PokerStars Hand #254708259228:  Hold'em No Limit ($0.50/$1.00 USD) - 2025/02/04 20:43:20 WET [2025/02/04 15:43:20 ET]
Table 'Lassell' 6-max Seat #1 is the button
Seat 3: Hansenmic ($40.90 in chips) is sitting out
Seat 1: joaquin612 ($100 in chips) 
Seat 4: sosatime96 ($100 in chips) 
joaquin612: posts small blind $0.50
sosatime96: posts big blind $1
*** HOLE CARDS ***
Hansenmic leaves the table
joaquin612: raises $1.50 to $2.50
sosatime96: calls $1.50
*** FLOP *** [3d 6h Qs]
sosatime96: checks 
joaquin612: bets $2.38
sosatime96: calls $2.38
*** TURN *** [3d 6h Qs] [4h]
sosatime96: checks 
joaquin612: checks 
*** RIVER *** [3d 6h Qs 4h] [6d]
sosatime96: bets $6.95
joaquin612: folds 
Uncalled bet ($6.95) returned to sosatime96
sosatime96 collected $9.27 from pot
sosatime96: doesn't show hand 
*** SUMMARY ***
Total pot $9.76 | Rake $0.49 
Board [3d 6h Qs 4h 6d]
Seat 3: Hansenmic
Seat 1: joaquin612 (button) (small blind) folded on the River
Seat 4: sosatime96 (big blind) collected ($9.27)



PokerStars Hand #254708280310:  Hold'em No Limit ($0.50/$1.00 USD) - 2025/02/04 20:44:27 WET [2025/02/04 15:44:27 ET]
Table 'Lassell' 6-max Seat #4 is the button
Seat 1: joaquin612 ($100 in chips) 
Seat 4: sosatime96 ($104.39 in chips) 
sosatime96: posts small blind $0.50
joaquin612: posts big blind $1
*** HOLE CARDS ***
sosatime96: raises $1.50 to $2.50
joaquin612: folds 
Uncalled bet ($1.50) returned to sosatime96
sosatime96 collected $2 from pot
sosatime96: doesn't show hand 
*** SUMMARY ***
Total pot $2 | Rake $0 
Seat 1: joaquin612 (big blind) folded before Flop
Seat 4: sosatime96 (button) (small blind) collected ($2)



