PokerStars Hand #254702315508:  Hold'em No Limit ($0.50/$1.00 USD) - 2025/02/04 14:04:52 WET [2025/02/04 9:04:52 ET]
Table 'Isolda' 6-max Seat #6 is the button
Seat 1: Andrewj1124 ($27.47 in chips) 
Seat 2: Burlica2013 ($100 in chips) 
Seat 3: easy_sarcasm ($108.72 in chips) 
Seat 4: Rysiff ($100 in chips) 
Seat 5: raketkasix ($100 in chips) 
Seat 6: AlexEliseev7 ($100 in chips) 
Andrewj1124: posts small blind $0.50
Burlica2013: posts big blind $1
*** HOLE CARDS ***
easy_sarcasm: folds 
Rysiff: folds 
raketkasix: folds 
AlexEliseev7: folds 
Andrewj1124: calls $0.50
Burlica2013: checks 
*** FLOP *** [4s 7s Js]
Andrewj1124: checks 
Burlica2013: checks 
*** TURN *** [4s 7s Js] [3d]
Andrewj1124: checks 
Burlica2013: bets $1.43
Andrewj1124: folds 
Uncalled bet ($1.43) returned to Burlica2013
Burlica2013 collected $1.90 from pot
Burlica2013: doesn't show hand 
*** SUMMARY ***
Total pot $2 | Rake $0.10 
Board [4s 7s Js 3d]
Seat 1: Andrewj1124 (small blind) folded on the Turn
Seat 2: Burlica2013 (big blind) collected ($1.90)
Seat 3: easy_sarcasm folded before Flop (didn't bet)
Seat 4: Rysiff folded before Flop (didn't bet)
Seat 5: raketkasix folded before Flop (didn't bet)
Seat 6: AlexEliseev7 (button) folded before Flop (didn't bet)



PokerStars Hand #254702321749:  Hold'em No Limit ($0.50/$1.00 USD) - 2025/02/04 14:05:29 WET [2025/02/04 9:05:29 ET]
Table 'Isolda' 6-max Seat #1 is the button
Seat 1: Andrewj1124 ($26.47 in chips) 
Seat 2: Burlica2013 ($100.90 in chips) 
Seat 3: easy_sarcasm ($108.72 in chips) 
Seat 4: Rysiff ($100 in chips) 
Seat 5: raketkasix ($100 in chips) 
Seat 6: AlexEliseev7 ($100 in chips) 
Burlica2013: posts small blind $0.50
easy_sarcasm: posts big blind $1
*** HOLE CARDS ***
Rysiff: folds 
raketkasix: folds 
AlexEliseev7: raises $1.50 to $2.50
Andrewj1124: folds 
Burlica2013: folds 
easy_sarcasm: folds 
Uncalled bet ($1.50) returned to AlexEliseev7
AlexEliseev7 collected $2.50 from pot
AlexEliseev7: doesn't show hand 
*** SUMMARY ***
Total pot $2.50 | Rake $0 
Seat 1: Andrewj1124 (button) folded before Flop (didn't bet)
Seat 2: Burlica2013 (small blind) folded before Flop
Seat 3: easy_sarcasm (big blind) folded before Flop
Seat 4: Rysiff folded before Flop (didn't bet)
Seat 5: raketkasix folded before Flop (didn't bet)
Seat 6: AlexEliseev7 collected ($2.50)



PokerStars Hand #254702325117:  Hold'em No Limit ($0.50/$1.00 USD) - 2025/02/04 14:05:49 WET [2025/02/04 9:05:49 ET]
Table 'Isolda' 6-max Seat #2 is the button
Seat 1: Andrewj1124 ($26.47 in chips) 
Seat 2: Burlica2013 ($100.40 in chips) 
Seat 3: easy_sarcasm ($107.72 in chips) 
Seat 4: Rysiff ($100 in chips) 
Seat 5: raketkasix ($100 in chips) 
Seat 6: AlexEliseev7 ($101.50 in chips) 
easy_sarcasm: posts small blind $0.50
Rysiff: posts big blind $1
*** HOLE CARDS ***
raketkasix: folds 
AlexEliseev7: folds 
Andrewj1124: folds 
Burlica2013: raises $1.45 to $2.45
easy_sarcasm: folds 
Rysiff: folds 
Uncalled bet ($1.45) returned to Burlica2013
Burlica2013 collected $2.50 from pot
Burlica2013: doesn't show hand 
*** SUMMARY ***
Total pot $2.50 | Rake $0 
Seat 1: Andrewj1124 folded before Flop (didn't bet)
Seat 2: Burlica2013 (button) collected ($2.50)
Seat 3: easy_sarcasm (small blind) folded before Flop
Seat 4: Rysiff (big blind) folded before Flop
Seat 5: raketkasix folded before Flop (didn't bet)
Seat 6: AlexEliseev7 folded before Flop (didn't bet)



PokerStars Hand #254702329596:  Hold'em No Limit ($0.50/$1.00 USD) - 2025/02/04 14:06:16 WET [2025/02/04 9:06:16 ET]
Table 'Isolda' 6-max Seat #3 is the button
Seat 1: Andrewj1124 ($26.47 in chips) 
Seat 2: Burlica2013 ($101.90 in chips) 
Seat 3: easy_sarcasm ($107.22 in chips) 
Seat 4: Rysiff ($100 in chips) 
Seat 5: raketkasix ($100 in chips) 
Seat 6: AlexEliseev7 ($101.50 in chips) 
Rysiff: posts small blind $0.50
raketkasix: posts big blind $1
*** HOLE CARDS ***
AlexEliseev7: folds 
Andrewj1124: calls $1
Burlica2013: raises $1.75 to $2.75
easy_sarcasm: folds 
Rysiff: raises $9.25 to $12
raketkasix: folds 
Andrewj1124: folds 
Burlica2013: folds 
Uncalled bet ($9.25) returned to Rysiff
Rysiff collected $7.50 from pot
Rysiff: doesn't show hand 
*** SUMMARY ***
Total pot $7.50 | Rake $0 
Seat 1: Andrewj1124 folded before Flop
Seat 2: Burlica2013 folded before Flop
Seat 3: easy_sarcasm (button) folded before Flop (didn't bet)
Seat 4: Rysiff (small blind) collected ($7.50)
Seat 5: raketkasix (big blind) folded before Flop
Seat 6: AlexEliseev7 folded before Flop (didn't bet)



PokerStars Hand #254702335602:  Hold'em No Limit ($0.50/$1.00 USD) - 2025/02/04 14:06:51 WET [2025/02/04 9:06:51 ET]
Table 'Isolda' 6-max Seat #4 is the button
Seat 1: Andrewj1124 ($25.47 in chips) 
Seat 2: Burlica2013 ($100 in chips) 
Seat 3: easy_sarcasm ($107.22 in chips) 
Seat 4: Rysiff ($104.75 in chips) 
Seat 5: raketkasix ($100 in chips) 
Seat 6: AlexEliseev7 ($101.50 in chips) 
raketkasix: posts small blind $0.50
AlexEliseev7: posts big blind $1
*** HOLE CARDS ***
Andrewj1124: folds 
Burlica2013: folds 
easy_sarcasm: folds 
Rysiff: raises $1.50 to $2.50
raketkasix: folds 
AlexEliseev7: folds 
Uncalled bet ($1.50) returned to Rysiff
Rysiff collected $2.50 from pot
Rysiff: doesn't show hand 
*** SUMMARY ***
Total pot $2.50 | Rake $0 
Seat 1: Andrewj1124 folded before Flop (didn't bet)
Seat 2: Burlica2013 folded before Flop (didn't bet)
Seat 3: easy_sarcasm folded before Flop (didn't bet)
Seat 4: Rysiff (button) collected ($2.50)
Seat 5: raketkasix (small blind) folded before Flop
Seat 6: AlexEliseev7 (big blind) folded before Flop



PokerStars Hand #254702340259:  Hold'em No Limit ($0.50/$1.00 USD) - 2025/02/04 14:07:18 WET [2025/02/04 9:07:18 ET]
Table 'Isolda' 6-max Seat #5 is the button
Seat 1: Andrewj1124 ($25.47 in chips) 
Seat 2: Burlica2013 ($100 in chips) 
Seat 3: easy_sarcasm ($107.22 in chips) 
Seat 4: Rysiff ($106.25 in chips) 
Seat 5: raketkasix ($100 in chips) 
Seat 6: AlexEliseev7 ($100.50 in chips) 
AlexEliseev7: posts small blind $0.50
Andrewj1124: posts big blind $1
*** HOLE CARDS ***
Burlica2013: folds 
easy_sarcasm: raises $2 to $3
Rysiff: folds 
raketkasix: folds 
AlexEliseev7: folds 
Andrewj1124: folds 
Uncalled bet ($2) returned to easy_sarcasm
easy_sarcasm collected $2.50 from pot
*** SUMMARY ***
Total pot $2.50 | Rake $0 
Seat 1: Andrewj1124 (big blind) folded before Flop
Seat 2: Burlica2013 folded before Flop (didn't bet)
Seat 3: easy_sarcasm collected ($2.50)
Seat 4: Rysiff folded before Flop (didn't bet)
Seat 5: raketkasix (button) folded before Flop (didn't bet)
Seat 6: AlexEliseev7 (small blind) folded before Flop



PokerStars Hand #254702343229:  Hold'em No Limit ($0.50/$1.00 USD) - 2025/02/04 14:07:35 WET [2025/02/04 9:07:35 ET]
Table 'Isolda' 6-max Seat #6 is the button
Seat 1: Andrewj1124 ($24.47 in chips) 
Seat 2: Burlica2013 ($100 in chips) 
Seat 3: easy_sarcasm ($108.72 in chips) 
Seat 4: Rysiff ($106.25 in chips) 
Seat 5: raketkasix ($100 in chips) 
Seat 6: AlexEliseev7 ($100 in chips) 
Andrewj1124: posts small blind $0.50
Burlica2013: posts big blind $1
*** HOLE CARDS ***
easy_sarcasm: folds 
Rysiff: folds 
raketkasix: folds 
AlexEliseev7: raises $1.50 to $2.50
Andrewj1124: folds 
Burlica2013: raises $9.50 to $12
AlexEliseev7: folds 
Uncalled bet ($9.50) returned to Burlica2013
Burlica2013 collected $5.50 from pot
Burlica2013: doesn't show hand 
*** SUMMARY ***
Total pot $5.50 | Rake $0 
Seat 1: Andrewj1124 (small blind) folded before Flop
Seat 2: Burlica2013 (big blind) collected ($5.50)
Seat 3: easy_sarcasm folded before Flop (didn't bet)
Seat 4: Rysiff folded before Flop (didn't bet)
Seat 5: raketkasix folded before Flop (didn't bet)
Seat 6: AlexEliseev7 (button) folded before Flop



PokerStars Hand #254702348205:  Hold'em No Limit ($0.50/$1.00 USD) - 2025/02/04 14:08:04 WET [2025/02/04 9:08:04 ET]
Table 'Isolda' 6-max Seat #1 is the button
Seat 1: Andrewj1124 ($23.97 in chips) 
Seat 2: Burlica2013 ($103 in chips) 
Seat 3: easy_sarcasm ($108.72 in chips) 
Seat 4: Rysiff ($106.25 in chips) 
Seat 5: raketkasix ($100 in chips) 
Seat 6: AlexEliseev7 ($100 in chips) 
Burlica2013: posts small blind $0.50
easy_sarcasm: posts big blind $1
*** HOLE CARDS ***
Rysiff: folds 
raketkasix: folds 
AlexEliseev7: folds 
Andrewj1124: folds 
Burlica2013: folds 
Uncalled bet ($0.50) returned to easy_sarcasm
easy_sarcasm collected $1 from pot
*** SUMMARY ***
Total pot $1 | Rake $0 
Seat 1: Andrewj1124 (button) folded before Flop (didn't bet)
Seat 2: Burlica2013 (small blind) folded before Flop
Seat 3: easy_sarcasm (big blind) collected ($1)
Seat 4: Rysiff folded before Flop (didn't bet)
Seat 5: raketkasix folded before Flop (didn't bet)
Seat 6: AlexEliseev7 folded before Flop (didn't bet)



PokerStars Hand #254702349480:  Hold'em No Limit ($0.50/$1.00 USD) - 2025/02/04 14:08:12 WET [2025/02/04 9:08:12 ET]
Table 'Isolda' 6-max Seat #2 is the button
Seat 1: Andrewj1124 ($23.97 in chips) 
Seat 2: Burlica2013 ($102.50 in chips) 
Seat 3: easy_sarcasm ($109.22 in chips) 
Seat 4: Rysiff ($106.25 in chips) 
Seat 5: raketkasix ($100 in chips) 
Seat 6: AlexEliseev7 ($100 in chips) 
easy_sarcasm: posts small blind $0.50
Rysiff: posts big blind $1
*** HOLE CARDS ***
raketkasix: folds 
AlexEliseev7: folds 
Andrewj1124: calls $1
Burlica2013: folds 
easy_sarcasm: folds 
Rysiff: checks 
*** FLOP *** [Qs Ks 7d]
Rysiff: checks 
Andrewj1124: checks 
*** TURN *** [Qs Ks 7d] [Kc]
Rysiff: checks 
Andrewj1124: checks 
*** RIVER *** [Qs Ks 7d Kc] [Jh]
Rysiff: checks 
Andrewj1124: checks 
*** SHOW DOWN ***
Rysiff: shows [8s Ad] (a pair of Kings)
Andrewj1124: shows [6d 7h] (two pair, Kings and Sevens)
Andrewj1124 collected $2.38 from pot
*** SUMMARY ***
Total pot $2.50 | Rake $0.12 
Board [Qs Ks 7d Kc Jh]
Seat 1: Andrewj1124 showed [6d 7h] and won ($2.38) with two pair, Kings and Sevens
Seat 2: Burlica2013 (button) folded before Flop (didn't bet)
Seat 3: easy_sarcasm (small blind) folded before Flop
Seat 4: Rysiff (big blind) showed [8s Ad] and lost with a pair of Kings
Seat 5: raketkasix folded before Flop (didn't bet)
Seat 6: AlexEliseev7 folded before Flop (didn't bet)



PokerStars Hand #254702358689:  Hold'em No Limit ($0.50/$1.00 USD) - 2025/02/04 14:09:06 WET [2025/02/04 9:09:06 ET]
Table 'Isolda' 6-max Seat #3 is the button
Seat 1: Andrewj1124 ($25.35 in chips) 
Seat 2: Burlica2013 ($102.50 in chips) 
Seat 3: easy_sarcasm ($108.72 in chips) 
Seat 4: Rysiff ($105.25 in chips) 
Seat 5: raketkasix ($100 in chips) 
Seat 6: AlexEliseev7 ($100 in chips) 
Rysiff: posts small blind $0.50
raketkasix: posts big blind $1
*** HOLE CARDS ***
AlexEliseev7: folds 
Andrewj1124: calls $1
Burlica2013: folds 
easy_sarcasm: folds 
Rysiff: folds 
raketkasix: checks 
*** FLOP *** [7s 8c 5h]
raketkasix: checks 
Andrewj1124: checks 
*** TURN *** [7s 8c 5h] [3s]
raketkasix: checks 
Andrewj1124: checks 
*** RIVER *** [7s 8c 5h 3s] [As]
raketkasix: checks 
Andrewj1124: bets $2
raketkasix: folds 
Uncalled bet ($2) returned to Andrewj1124
Andrewj1124 collected $2.38 from pot
*** SUMMARY ***
Total pot $2.50 | Rake $0.12 
Board [7s 8c 5h 3s As]
Seat 1: Andrewj1124 collected ($2.38)
Seat 2: Burlica2013 folded before Flop (didn't bet)
Seat 3: easy_sarcasm (button) folded before Flop (didn't bet)
Seat 4: Rysiff (small blind) folded before Flop
Seat 5: raketkasix (big blind) folded on the River
Seat 6: AlexEliseev7 folded before Flop (didn't bet)



PokerStars Hand #254702369560:  Hold'em No Limit ($0.50/$1.00 USD) - 2025/02/04 14:10:11 WET [2025/02/04 9:10:11 ET]
Table 'Isolda' 6-max Seat #4 is the button
Seat 1: Andrewj1124 ($26.73 in chips) 
Seat 2: Burlica2013 ($102.50 in chips) 
Seat 3: easy_sarcasm ($108.72 in chips) 
Seat 4: Rysiff ($104.75 in chips) 
Seat 5: raketkasix ($100 in chips) 
Seat 6: AlexEliseev7 ($100 in chips) 
raketkasix: posts small blind $0.50
AlexEliseev7: posts big blind $1
*** HOLE CARDS ***
Andrewj1124: calls $1
Burlica2013: folds 
easy_sarcasm: raises $3.50 to $4.50
Rysiff: folds 
raketkasix: folds 
AlexEliseev7: folds 
Andrewj1124: calls $3.50
*** FLOP *** [3s 6s 7d]
Andrewj1124: checks 
easy_sarcasm: checks 
*** TURN *** [3s 6s 7d] [7s]
Andrewj1124: checks 
easy_sarcasm: checks 
*** RIVER *** [3s 6s 7d 7s] [6h]
Andrewj1124: checks 
easy_sarcasm: checks 
*** SHOW DOWN ***
Andrewj1124: shows [As 3c] (two pair, Sevens and Sixes)
easy_sarcasm: shows [Ad Qs] (two pair, Sevens and Sixes)
Andrewj1124 collected $4.99 from pot
easy_sarcasm collected $4.99 from pot
*** SUMMARY ***
Total pot $10.50 | Rake $0.52 
Board [3s 6s 7d 7s 6h]
Seat 1: Andrewj1124 showed [As 3c] and won ($4.99) with two pair, Sevens and Sixes
Seat 2: Burlica2013 folded before Flop (didn't bet)
Seat 3: easy_sarcasm showed [Ad Qs] and won ($4.99) with two pair, Sevens and Sixes
Seat 4: Rysiff (button) folded before Flop (didn't bet)
Seat 5: raketkasix (small blind) folded before Flop
Seat 6: AlexEliseev7 (big blind) folded before Flop



PokerStars Hand #254702376508:  Hold'em No Limit ($0.50/$1.00 USD) - 2025/02/04 14:10:52 WET [2025/02/04 9:10:52 ET]
Table 'Isolda' 6-max Seat #5 is the button
Seat 1: Andrewj1124 ($27.22 in chips) 
Seat 2: Burlica2013 ($102.50 in chips) 
Seat 3: easy_sarcasm ($109.21 in chips) 
Seat 4: Rysiff ($104.75 in chips) 
Seat 5: raketkasix ($100 in chips) 
Seat 6: AlexEliseev7 ($100 in chips) 
AlexEliseev7: posts small blind $0.50
Andrewj1124: posts big blind $1
*** HOLE CARDS ***
Burlica2013: raises $1.20 to $2.20
easy_sarcasm: folds 
Rysiff: folds 
raketkasix: folds 
AlexEliseev7: folds 
Andrewj1124: calls $1.20
*** FLOP *** [8s Jc 7c]
Andrewj1124: checks 
Burlica2013: bets $6.99
Andrewj1124: folds 
Uncalled bet ($6.99) returned to Burlica2013
Burlica2013 collected $4.66 from pot
Burlica2013: doesn't show hand 
*** SUMMARY ***
Total pot $4.90 | Rake $0.24 
Board [8s Jc 7c]
Seat 1: Andrewj1124 (big blind) folded on the Flop
Seat 2: Burlica2013 collected ($4.66)
Seat 3: easy_sarcasm folded before Flop (didn't bet)
Seat 4: Rysiff folded before Flop (didn't bet)
Seat 5: raketkasix (button) folded before Flop (didn't bet)
Seat 6: AlexEliseev7 (small blind) folded before Flop



PokerStars Hand #254702383114:  Hold'em No Limit ($0.50/$1.00 USD) - 2025/02/04 14:11:31 WET [2025/02/04 9:11:31 ET]
Table 'Isolda' 6-max Seat #6 is the button
Seat 1: Andrewj1124 ($25.02 in chips) 
Seat 2: Burlica2013 ($104.96 in chips) 
Seat 3: easy_sarcasm ($109.21 in chips) 
Seat 4: Rysiff ($104.75 in chips) 
Seat 5: raketkasix ($100 in chips) 
Seat 6: AlexEliseev7 ($100 in chips) 
Andrewj1124: posts small blind $0.50
Burlica2013: posts big blind $1
*** HOLE CARDS ***
easy_sarcasm: folds 
Rysiff: folds 
raketkasix: raises $1.50 to $2.50
AlexEliseev7: folds 
Andrewj1124: calls $2
Burlica2013: folds 
*** FLOP *** [3d Kd 9c]
Andrewj1124: checks 
raketkasix: bets $3
Andrewj1124: folds 
Uncalled bet ($3) returned to raketkasix
raketkasix collected $5.70 from pot
raketkasix: doesn't show hand 
*** SUMMARY ***
Total pot $6 | Rake $0.30 
Board [3d Kd 9c]
Seat 1: Andrewj1124 (small blind) folded on the Flop
Seat 2: Burlica2013 (big blind) folded before Flop
Seat 3: easy_sarcasm folded before Flop (didn't bet)
Seat 4: Rysiff folded before Flop (didn't bet)
Seat 5: raketkasix collected ($5.70)
Seat 6: AlexEliseev7 (button) folded before Flop (didn't bet)



PokerStars Hand #254702389510:  Hold'em No Limit ($0.50/$1.00 USD) - 2025/02/04 14:12:10 WET [2025/02/04 9:12:10 ET]
Table 'Isolda' 6-max Seat #1 is the button
Seat 1: Andrewj1124 ($22.52 in chips) 
Seat 2: Burlica2013 ($103.96 in chips) 
Seat 3: easy_sarcasm ($109.21 in chips) 
Seat 4: Rysiff ($104.75 in chips) 
Seat 5: raketkasix ($103.20 in chips) 
Seat 6: AlexEliseev7 ($100 in chips) 
Burlica2013: posts small blind $0.50
easy_sarcasm: posts big blind $1
*** HOLE CARDS ***
Rysiff: folds 
raketkasix: folds 
AlexEliseev7: raises $1.50 to $2.50
Andrewj1124: folds 
Burlica2013: folds 
easy_sarcasm: folds 
Uncalled bet ($1.50) returned to AlexEliseev7
AlexEliseev7 collected $2.50 from pot
AlexEliseev7: doesn't show hand 
*** SUMMARY ***
Total pot $2.50 | Rake $0 
Seat 1: Andrewj1124 (button) folded before Flop (didn't bet)
Seat 2: Burlica2013 (small blind) folded before Flop
Seat 3: easy_sarcasm (big blind) folded before Flop
Seat 4: Rysiff folded before Flop (didn't bet)
Seat 5: raketkasix folded before Flop (didn't bet)
Seat 6: AlexEliseev7 collected ($2.50)



PokerStars Hand #254702392056:  Hold'em No Limit ($0.50/$1.00 USD) - 2025/02/04 14:12:25 WET [2025/02/04 9:12:25 ET]
Table 'Isolda' 6-max Seat #2 is the button
Seat 1: Andrewj1124 ($22.52 in chips) 
Seat 2: Burlica2013 ($103.46 in chips) 
Seat 3: easy_sarcasm ($108.21 in chips) 
Seat 4: Rysiff ($104.75 in chips) 
Seat 5: raketkasix ($103.20 in chips) 
Seat 6: AlexEliseev7 ($101.50 in chips) 
easy_sarcasm: posts small blind $0.50
Rysiff: posts big blind $1
*** HOLE CARDS ***
raketkasix: folds 
AlexEliseev7: folds 
Andrewj1124: folds 
Burlica2013: folds 
easy_sarcasm: folds 
Uncalled bet ($0.50) returned to Rysiff
Rysiff collected $1 from pot
Rysiff: doesn't show hand 
*** SUMMARY ***
Total pot $1 | Rake $0 
Seat 1: Andrewj1124 folded before Flop (didn't bet)
Seat 2: Burlica2013 (button) folded before Flop (didn't bet)
Seat 3: easy_sarcasm (small blind) folded before Flop
Seat 4: Rysiff (big blind) collected ($1)
Seat 5: raketkasix folded before Flop (didn't bet)
Seat 6: AlexEliseev7 folded before Flop (didn't bet)



PokerStars Hand #254702394222:  Hold'em No Limit ($0.50/$1.00 USD) - 2025/02/04 14:12:38 WET [2025/02/04 9:12:38 ET]
Table 'Isolda' 6-max Seat #3 is the button
Seat 1: Andrewj1124 ($22.52 in chips) 
Seat 2: Burlica2013 ($103.46 in chips) 
Seat 3: easy_sarcasm ($107.71 in chips) 
Seat 4: Rysiff ($105.25 in chips) 
Seat 5: raketkasix ($103.20 in chips) 
Seat 6: AlexEliseev7 ($101.50 in chips) 
Rysiff: posts small blind $0.50
raketkasix: posts big blind $1
*** HOLE CARDS ***
AlexEliseev7: folds 
Andrewj1124: calls $1
Burlica2013: folds 
easy_sarcasm: raises $2.50 to $3.50
Rysiff: folds 
raketkasix: folds 
Andrewj1124: calls $2.50
*** FLOP *** [Js 3d 5s]
Andrewj1124: checks 
easy_sarcasm: bets $4.50
Andrewj1124: folds 
Uncalled bet ($4.50) returned to easy_sarcasm
easy_sarcasm collected $8.08 from pot
*** SUMMARY ***
Total pot $8.50 | Rake $0.42 
Board [Js 3d 5s]
Seat 1: Andrewj1124 folded on the Flop
Seat 2: Burlica2013 folded before Flop (didn't bet)
Seat 3: easy_sarcasm (button) collected ($8.08)
Seat 4: Rysiff (small blind) folded before Flop
Seat 5: raketkasix (big blind) folded before Flop
Seat 6: AlexEliseev7 folded before Flop (didn't bet)



PokerStars Hand #254702398844:  Hold'em No Limit ($0.50/$1.00 USD) - 2025/02/04 14:13:06 WET [2025/02/04 9:13:06 ET]
Table 'Isolda' 6-max Seat #4 is the button
Seat 1: Andrewj1124 ($19.02 in chips) 
Seat 2: Burlica2013 ($103.46 in chips) 
Seat 3: easy_sarcasm ($112.29 in chips) 
Seat 4: Rysiff ($104.75 in chips) 
Seat 5: raketkasix ($102.20 in chips) 
Seat 6: AlexEliseev7 ($101.50 in chips) 
raketkasix: posts small blind $0.50
AlexEliseev7: posts big blind $1
*** HOLE CARDS ***
Andrewj1124: folds 
Burlica2013: folds 
easy_sarcasm: raises $2 to $3
Rysiff: folds 
raketkasix: folds 
AlexEliseev7: folds 
Uncalled bet ($2) returned to easy_sarcasm
easy_sarcasm collected $2.50 from pot
*** SUMMARY ***
Total pot $2.50 | Rake $0 
Seat 1: Andrewj1124 folded before Flop (didn't bet)
Seat 2: Burlica2013 folded before Flop (didn't bet)
Seat 3: easy_sarcasm collected ($2.50)
Seat 4: Rysiff (button) folded before Flop (didn't bet)
Seat 5: raketkasix (small blind) folded before Flop
Seat 6: AlexEliseev7 (big blind) folded before Flop



PokerStars Hand #254702402440:  Hold'em No Limit ($0.50/$1.00 USD) - 2025/02/04 14:13:27 WET [2025/02/04 9:13:27 ET]
Table 'Isolda' 6-max Seat #5 is the button
Seat 1: Andrewj1124 ($19.02 in chips) 
Seat 2: Burlica2013 ($103.46 in chips) 
Seat 3: easy_sarcasm ($113.79 in chips) 
Seat 4: Rysiff ($104.75 in chips) 
Seat 5: raketkasix ($101.70 in chips) 
Seat 6: AlexEliseev7 ($100.50 in chips) 
AlexEliseev7: posts small blind $0.50
Andrewj1124: posts big blind $1
*** HOLE CARDS ***
Burlica2013: folds 
easy_sarcasm: raises $2 to $3
Rysiff: folds 
raketkasix: folds 
AlexEliseev7: folds 
Andrewj1124: calls $2
*** FLOP *** [9s Jc 4c]
Andrewj1124: checks 
easy_sarcasm: bets $3.50
Andrewj1124: folds 
Uncalled bet ($3.50) returned to easy_sarcasm
easy_sarcasm collected $6.18 from pot
*** SUMMARY ***
Total pot $6.50 | Rake $0.32 
Board [9s Jc 4c]
Seat 1: Andrewj1124 (big blind) folded on the Flop
Seat 2: Burlica2013 folded before Flop (didn't bet)
Seat 3: easy_sarcasm collected ($6.18)
Seat 4: Rysiff folded before Flop (didn't bet)
Seat 5: raketkasix (button) folded before Flop (didn't bet)
Seat 6: AlexEliseev7 (small blind) folded before Flop



PokerStars Hand #254702406655:  Hold'em No Limit ($0.50/$1.00 USD) - 2025/02/04 14:13:52 WET [2025/02/04 9:13:52 ET]
Table 'Isolda' 6-max Seat #6 is the button
Seat 1: Andrewj1124 ($16.02 in chips) 
Seat 2: Burlica2013 ($103.46 in chips) 
Seat 3: easy_sarcasm ($116.97 in chips) 
Seat 4: Rysiff ($104.75 in chips) 
Seat 5: raketkasix ($101.70 in chips) 
Seat 6: AlexEliseev7 ($100 in chips) 
Andrewj1124: posts small blind $0.50
Burlica2013: posts big blind $1
*** HOLE CARDS ***
easy_sarcasm: folds 
Rysiff: raises $1.50 to $2.50
raketkasix: folds 
AlexEliseev7: folds 
Andrewj1124: calls $2
Burlica2013: folds 
*** FLOP *** [Ac Js Kc]
Andrewj1124: checks 
Rysiff: checks 
*** TURN *** [Ac Js Kc] [5d]
Andrewj1124: checks 
Rysiff: checks 
*** RIVER *** [Ac Js Kc 5d] [8h]
Andrewj1124: checks 
Rysiff: checks 
*** SHOW DOWN ***
Andrewj1124: shows [4c 3c] (high card Ace)
Rysiff: shows [Td Ts] (a pair of Tens)
Rysiff collected $5.70 from pot
*** SUMMARY ***
Total pot $6 | Rake $0.30 
Board [Ac Js Kc 5d 8h]
Seat 1: Andrewj1124 (small blind) showed [4c 3c] and lost with high card Ace
Seat 2: Burlica2013 (big blind) folded before Flop
Seat 3: easy_sarcasm folded before Flop (didn't bet)
Seat 4: Rysiff showed [Td Ts] and won ($5.70) with a pair of Tens
Seat 5: raketkasix folded before Flop (didn't bet)
Seat 6: AlexEliseev7 (button) folded before Flop (didn't bet)



PokerStars Hand #254702416146:  Hold'em No Limit ($0.50/$1.00 USD) - 2025/02/04 14:14:49 WET [2025/02/04 9:14:49 ET]
Table 'Isolda' 6-max Seat #1 is the button
Seat 1: Andrewj1124 ($13.52 in chips) 
Seat 2: Burlica2013 ($102.46 in chips) 
Seat 3: easy_sarcasm ($116.97 in chips) 
Seat 4: Rysiff ($107.95 in chips) 
Seat 5: raketkasix ($101.70 in chips) 
Seat 6: AlexEliseev7 ($100 in chips) 
Burlica2013: posts small blind $0.50
easy_sarcasm: posts big blind $1
*** HOLE CARDS ***
Rysiff has timed out
Rysiff: folds 
raketkasix: folds 
AlexEliseev7: raises $1.50 to $2.50
Andrewj1124: folds 
Burlica2013: calls $2
easy_sarcasm: folds 
*** FLOP *** [Qh Ad 9s]
Burlica2013: checks 
AlexEliseev7: bets $1.88
Burlica2013: calls $1.88
*** TURN *** [Qh Ad 9s] [5s]
Burlica2013: checks 
AlexEliseev7: checks 
*** RIVER *** [Qh Ad 9s 5s] [4d]
Burlica2013: bets $3.06
AlexEliseev7: folds 
Uncalled bet ($3.06) returned to Burlica2013
Burlica2013 collected $9.27 from pot
Burlica2013: doesn't show hand 
*** SUMMARY ***
Total pot $9.76 | Rake $0.49 
Board [Qh Ad 9s 5s 4d]
Seat 1: Andrewj1124 (button) folded before Flop (didn't bet)
Seat 2: Burlica2013 (small blind) collected ($9.27)
Seat 3: easy_sarcasm (big blind) folded before Flop
Seat 4: Rysiff folded before Flop (didn't bet)
Seat 5: raketkasix folded before Flop (didn't bet)
Seat 6: AlexEliseev7 folded on the River



PokerStars Hand #254702432223:  Hold'em No Limit ($0.50/$1.00 USD) - 2025/02/04 14:16:24 WET [2025/02/04 9:16:24 ET]
Table 'Isolda' 6-max Seat #2 is the button
Seat 1: Andrewj1124 ($13.52 in chips) 
Seat 2: Burlica2013 ($107.35 in chips) 
Seat 3: easy_sarcasm ($115.97 in chips) 
Seat 4: Rysiff ($107.95 in chips) 
Seat 5: raketkasix ($101.70 in chips) 
Seat 6: AlexEliseev7 ($100 in chips) 
easy_sarcasm: posts small blind $0.50
Rysiff: posts big blind $1
*** HOLE CARDS ***
raketkasix: folds 
AlexEliseev7: folds 
Andrewj1124: calls $1
Burlica2013: folds 
easy_sarcasm: folds 
Rysiff: checks 
*** FLOP *** [8h Ts Ks]
Rysiff: checks 
Andrewj1124: checks 
*** TURN *** [8h Ts Ks] [As]
Rysiff: checks 
Andrewj1124: checks 
*** RIVER *** [8h Ts Ks As] [Tc]
Rysiff: checks 
Andrewj1124: checks 
*** SHOW DOWN ***
Rysiff: shows [6s Qd] (a pair of Tens)
Andrewj1124: shows [4c Kc] (two pair, Kings and Tens)
Andrewj1124 collected $2.38 from pot
*** SUMMARY ***
Total pot $2.50 | Rake $0.12 
Board [8h Ts Ks As Tc]
Seat 1: Andrewj1124 showed [4c Kc] and won ($2.38) with two pair, Kings and Tens
Seat 2: Burlica2013 (button) folded before Flop (didn't bet)
Seat 3: easy_sarcasm (small blind) folded before Flop
Seat 4: Rysiff (big blind) showed [6s Qd] and lost with a pair of Tens
Seat 5: raketkasix folded before Flop (didn't bet)
Seat 6: AlexEliseev7 folded before Flop (didn't bet)



PokerStars Hand #254702442353:  Hold'em No Limit ($0.50/$1.00 USD) - 2025/02/04 14:17:23 WET [2025/02/04 9:17:23 ET]
Table 'Isolda' 6-max Seat #3 is the button
Seat 5: raketkasix ($101.70 in chips) is sitting out
Seat 1: Andrewj1124 ($14.90 in chips) 
Seat 2: Burlica2013 ($107.35 in chips) 
Seat 3: easy_sarcasm ($115.47 in chips) 
Seat 4: Rysiff ($106.95 in chips) 
Seat 6: AlexEliseev7 ($100 in chips) 
Rysiff: posts small blind $0.50
raketkasix: is sitting out 
AlexEliseev7: posts big blind $1
*** HOLE CARDS ***
Andrewj1124: folds 
raketkasix leaves the table
Burlica2013: raises $1.25 to $2.25
easy_sarcasm: folds 
Rysiff: raises $8.75 to $11
AlexEliseev7: folds 
Burlica2013: folds 
Uncalled bet ($8.75) returned to Rysiff
Rysiff collected $5.50 from pot
Rysiff: doesn't show hand 
*** SUMMARY ***
Total pot $5.50 | Rake $0 
Seat 5: raketkasix
Seat 1: Andrewj1124 folded before Flop (didn't bet)
Seat 2: Burlica2013 folded before Flop
Seat 3: easy_sarcasm (button) folded before Flop (didn't bet)
Seat 4: Rysiff (small blind) collected ($5.50)
Seat 6: AlexEliseev7 (big blind) folded before Flop



PokerStars Hand #254702447401:  Hold'em No Limit ($0.50/$1.00 USD) - 2025/02/04 14:17:53 WET [2025/02/04 9:17:53 ET]
Table 'Isolda' 6-max Seat #4 is the button
Seat 1: Andrewj1124 ($14.90 in chips) 
Seat 2: Burlica2013 ($105.10 in chips) 
Seat 3: easy_sarcasm ($115.47 in chips) 
Seat 4: Rysiff ($110.20 in chips) 
Seat 6: AlexEliseev7 ($100 in chips) 
AlexEliseev7: posts small blind $0.50
Andrewj1124: posts big blind $1
*** HOLE CARDS ***
Burlica2013: folds 
IREQO joins the table at seat #5 
easy_sarcasm: folds 
Rysiff: raises $1.50 to $2.50
AlexEliseev7: raises $9.50 to $12
Andrewj1124: folds 
Rysiff: folds 
Uncalled bet ($9.50) returned to AlexEliseev7
AlexEliseev7 collected $6 from pot
AlexEliseev7: doesn't show hand 
*** SUMMARY ***
Total pot $6 | Rake $0 
Seat 1: Andrewj1124 (big blind) folded before Flop
Seat 2: Burlica2013 folded before Flop (didn't bet)
Seat 3: easy_sarcasm folded before Flop (didn't bet)
Seat 4: Rysiff (button) folded before Flop
Seat 6: AlexEliseev7 (small blind) collected ($6)



PokerStars Hand #254702451369:  Hold'em No Limit ($0.50/$1.00 USD) - 2025/02/04 14:18:16 WET [2025/02/04 9:18:16 ET]
Table 'Isolda' 6-max Seat #6 is the button
Seat 5: IREQO ($76.33 in chips) is sitting out
Seat 1: Andrewj1124 ($13.90 in chips) 
Seat 2: Burlica2013 ($105.10 in chips) 
Seat 3: easy_sarcasm ($115.47 in chips) 
Seat 4: Rysiff ($107.70 in chips) 
Seat 6: AlexEliseev7 ($103.50 in chips) 
Andrewj1124: posts small blind $0.50
Burlica2013: posts big blind $1
IREQO: sits out 
*** HOLE CARDS ***
easy_sarcasm: raises $2 to $3
Rysiff: folds 
AlexEliseev7: folds 
Andrewj1124: calls $2.50
Burlica2013: folds 
*** FLOP *** [7s 2s 3h]
Andrewj1124: checks 
easy_sarcasm: checks 
*** TURN *** [7s 2s 3h] [8s]
Andrewj1124: checks 
easy_sarcasm: bets $3.33
Andrewj1124: folds 
Uncalled bet ($3.33) returned to easy_sarcasm
easy_sarcasm collected $6.65 from pot
*** SUMMARY ***
Total pot $7 | Rake $0.35 
Board [7s 2s 3h 8s]
Seat 5: IREQO
Seat 1: Andrewj1124 (small blind) folded on the Turn
Seat 2: Burlica2013 (big blind) folded before Flop
Seat 3: easy_sarcasm collected ($6.65)
Seat 4: Rysiff folded before Flop (didn't bet)
Seat 6: AlexEliseev7 (button) folded before Flop (didn't bet)



PokerStars Hand #254702457478:  Hold'em No Limit ($0.50/$1.00 USD) - 2025/02/04 14:18:53 WET [2025/02/04 9:18:53 ET]
Table 'Isolda' 6-max Seat #1 is the button
Seat 5: IREQO ($76.33 in chips) is sitting out
Seat 1: Andrewj1124 ($10.90 in chips) 
Seat 2: Burlica2013 ($104.10 in chips) 
Seat 3: easy_sarcasm ($119.12 in chips) 
Seat 4: Rysiff ($107.70 in chips) 
Seat 6: AlexEliseev7 ($103.50 in chips) 
Burlica2013: posts small blind $0.50
easy_sarcasm: posts big blind $1
IREQO: sits out 
*** HOLE CARDS ***
Rysiff: folds 
AlexEliseev7: folds 
Andrewj1124: folds 
Burlica2013: folds 
Uncalled bet ($0.50) returned to easy_sarcasm
easy_sarcasm collected $1 from pot
*** SUMMARY ***
Total pot $1 | Rake $0 
Seat 5: IREQO
Seat 1: Andrewj1124 (button) folded before Flop (didn't bet)
Seat 2: Burlica2013 (small blind) folded before Flop
Seat 3: easy_sarcasm (big blind) collected ($1)
Seat 4: Rysiff folded before Flop (didn't bet)
Seat 6: AlexEliseev7 folded before Flop (didn't bet)



PokerStars Hand #254702458889:  Hold'em No Limit ($0.50/$1.00 USD) - 2025/02/04 14:19:01 WET [2025/02/04 9:19:01 ET]
Table 'Isolda' 6-max Seat #2 is the button
Seat 5: IREQO ($76.33 in chips) is sitting out
Seat 1: Andrewj1124 ($10.90 in chips) 
Seat 2: Burlica2013 ($103.60 in chips) 
Seat 3: easy_sarcasm ($119.62 in chips) 
Seat 4: Rysiff ($107.70 in chips) 
Seat 6: AlexEliseev7 ($103.50 in chips) 
easy_sarcasm: posts small blind $0.50
Rysiff: posts big blind $1
IREQO: sits out 
*** HOLE CARDS ***
AlexEliseev7: folds 
Andrewj1124: calls $1
Burlica2013: raises $4 to $5
easy_sarcasm: folds 
Rysiff: folds 
Andrewj1124: raises $5.90 to $10.90 and is all-in
Burlica2013: calls $5.90
*** FLOP *** [Kc 9d Tc]
*** TURN *** [Kc 9d Tc] [Td]
*** RIVER *** [Kc 9d Tc Td] [Qd]
*** SHOW DOWN ***
Andrewj1124: shows [As 2d] (a pair of Tens)
Burlica2013: shows [Ac 9h] (two pair, Tens and Nines)
Burlica2013 collected $22.14 from pot
*** SUMMARY ***
Total pot $23.30 | Rake $1.16 
Board [Kc 9d Tc Td Qd]
Seat 5: IREQO
Seat 1: Andrewj1124 showed [As 2d] and lost with a pair of Tens
Seat 2: Burlica2013 (button) showed [Ac 9h] and won ($22.14) with two pair, Tens and Nines
Seat 3: easy_sarcasm (small blind) folded before Flop
Seat 4: Rysiff (big blind) folded before Flop
Seat 6: AlexEliseev7 folded before Flop (didn't bet)



PokerStars Hand #254702464092:  Hold'em No Limit ($0.50/$1.00 USD) - 2025/02/04 14:19:32 WET [2025/02/04 9:19:32 ET]
Table 'Isolda' 6-max Seat #3 is the button
Seat 1: Andrewj1124 ($0 in chips) is sitting out
Seat 2: Burlica2013 ($114.84 in chips) 
Seat 3: easy_sarcasm ($119.12 in chips) 
Seat 4: Rysiff ($106.70 in chips) 
Seat 5: IREQO ($76.33 in chips) 
Seat 6: AlexEliseev7 ($103.50 in chips) 
Rysiff: posts small blind $0.50
IREQO: posts big blind $1
*** HOLE CARDS ***
AlexEliseev7: folds 
Burlica2013: folds 
easy_sarcasm: folds 
Rysiff: raises $2 to $3
IREQO: folds 
Uncalled bet ($2) returned to Rysiff
Rysiff collected $2 from pot
Rysiff: doesn't show hand 
*** SUMMARY ***
Total pot $2 | Rake $0 
Seat 1: Andrewj1124
Seat 2: Burlica2013 folded before Flop (didn't bet)
Seat 3: easy_sarcasm (button) folded before Flop (didn't bet)
Seat 4: Rysiff (small blind) collected ($2)
Seat 5: IREQO (big blind) folded before Flop
Seat 6: AlexEliseev7 folded before Flop (didn't bet)



PokerStars Hand #254702467492:  Hold'em No Limit ($0.50/$1.00 USD) - 2025/02/04 14:19:52 WET [2025/02/04 9:19:52 ET]
Table 'Isolda' 6-max Seat #4 is the button
Seat 1: Andrewj1124 ($0 in chips) is sitting out
Seat 2: Burlica2013 ($114.84 in chips) 
Seat 3: easy_sarcasm ($119.12 in chips) 
Seat 4: Rysiff ($107.70 in chips) 
Seat 5: IREQO ($75.33 in chips) 
Seat 6: AlexEliseev7 ($103.50 in chips) 
IREQO: posts small blind $0.50
AlexEliseev7: posts big blind $1
*** HOLE CARDS ***
Burlica2013: folds 
easy_sarcasm: raises $2 to $3
Rysiff: folds 
IREQO: folds 
AlexEliseev7: folds 
Uncalled bet ($2) returned to easy_sarcasm
easy_sarcasm collected $2.50 from pot
*** SUMMARY ***
Total pot $2.50 | Rake $0 
Seat 1: Andrewj1124
Seat 2: Burlica2013 folded before Flop (didn't bet)
Seat 3: easy_sarcasm collected ($2.50)
Seat 4: Rysiff (button) folded before Flop (didn't bet)
Seat 5: IREQO (small blind) folded before Flop
Seat 6: AlexEliseev7 (big blind) folded before Flop



PokerStars Hand #254702470121:  Hold'em No Limit ($0.50/$1.00 USD) - 2025/02/04 14:20:08 WET [2025/02/04 9:20:08 ET]
Table 'Isolda' 6-max Seat #5 is the button
Seat 1: Andrewj1124 ($0 in chips) is sitting out
Seat 2: Burlica2013 ($114.84 in chips) is sitting out
Seat 3: easy_sarcasm ($120.62 in chips) 
Seat 4: Rysiff ($107.70 in chips) 
Seat 5: IREQO ($74.83 in chips) 
Seat 6: AlexEliseev7 ($102.50 in chips) 
AlexEliseev7: posts small blind $0.50
Burlica2013: is sitting out 
easy_sarcasm: posts big blind $1
*** HOLE CARDS ***
Rysiff: folds 
Burlica2013 leaves the table
IREQO: folds 
AlexEliseev7: folds 
Uncalled bet ($0.50) returned to easy_sarcasm
easy_sarcasm collected $1 from pot
*** SUMMARY ***
Total pot $1 | Rake $0 
Seat 1: Andrewj1124
Seat 2: Burlica2013
Seat 3: easy_sarcasm (big blind) collected ($1)
Seat 4: Rysiff folded before Flop (didn't bet)
Seat 5: IREQO (button) folded before Flop (didn't bet)
Seat 6: AlexEliseev7 (small blind) folded before Flop



PokerStars Hand #254702471962:  Hold'em No Limit ($0.50/$1.00 USD) - 2025/02/04 14:20:19 WET [2025/02/04 9:20:19 ET]
Table 'Isolda' 6-max Seat #6 is the button
Seat 1: Andrewj1124 ($0 in chips) is sitting out
Seat 3: easy_sarcasm ($121.12 in chips) 
Seat 4: Rysiff ($107.70 in chips) 
Seat 5: IREQO ($74.83 in chips) 
Seat 6: AlexEliseev7 ($102 in chips) 
easy_sarcasm: posts small blind $0.50
Rysiff: posts big blind $1
*** HOLE CARDS ***
IREQO: raises $1.50 to $2.50
AlexEliseev7: folds 
easy_sarcasm: folds 
Rysiff: calls $1.50
*** FLOP *** [6h Ac 6s]
Rysiff: checks 
IREQO: checks 
*** TURN *** [6h Ac 6s] [Qd]
socito joins the table at seat #2 
Rysiff: bets $1.72
IREQO: calls $1.72
*** RIVER *** [6h Ac 6s Qd] [4s]
Rysiff: bets $6.79
IREQO: calls $6.79
*** SHOW DOWN ***
Rysiff: shows [Th Kh] (a pair of Sixes)
IREQO: shows [9h Ah] (two pair, Aces and Sixes)
IREQO collected $21.52 from pot
*** SUMMARY ***
Total pot $22.52 | Rake $1 
Board [6h Ac 6s Qd 4s]
Seat 1: Andrewj1124
Seat 3: easy_sarcasm (small blind) folded before Flop
Seat 4: Rysiff (big blind) showed [Th Kh] and lost with a pair of Sixes
Seat 5: IREQO showed [9h Ah] and won ($21.52) with two pair, Aces and Sixes
Seat 6: AlexEliseev7 (button) folded before Flop (didn't bet)



PokerStars Hand #254702485580:  Hold'em No Limit ($0.50/$1.00 USD) - 2025/02/04 14:21:39 WET [2025/02/04 9:21:39 ET]
Table 'Isolda' 6-max Seat #3 is the button
Seat 1: Andrewj1124 ($0 in chips) is sitting out
Seat 2: socito ($100 in chips) is sitting out
Seat 5: IREQO ($85.34 in chips) is sitting out
Seat 3: easy_sarcasm ($120.62 in chips) 
Seat 4: Rysiff ($100 in chips) 
Seat 6: AlexEliseev7 ($102 in chips) 
Rysiff: posts small blind $0.50
IREQO: is sitting out 
AlexEliseev7: posts big blind $1
socito: sits out 
*** HOLE CARDS ***
easy_sarcasm: raises $1.20 to $2.20
Rysiff: folds 
AlexEliseev7: raises $10.80 to $13
easy_sarcasm: folds 
Uncalled bet ($10.80) returned to AlexEliseev7
AlexEliseev7 collected $4.90 from pot
AlexEliseev7: doesn't show hand 
*** SUMMARY ***
Total pot $4.90 | Rake $0 
Seat 1: Andrewj1124
Seat 2: socito
Seat 5: IREQO
Seat 3: easy_sarcasm (button) folded before Flop
Seat 4: Rysiff (small blind) folded before Flop
Seat 6: AlexEliseev7 (big blind) collected ($4.90)



PokerStars Hand #254702490631:  Hold'em No Limit ($0.50/$1.00 USD) - 2025/02/04 14:22:09 WET [2025/02/04 9:22:09 ET]
Table 'Isolda' 6-max Seat #4 is the button
Seat 1: Andrewj1124 ($0 in chips) is sitting out
Seat 5: IREQO ($85.34 in chips) is sitting out
Seat 2: socito ($100 in chips) 
Seat 3: easy_sarcasm ($118.42 in chips) 
Seat 4: Rysiff ($100 in chips) 
Seat 6: AlexEliseev7 ($104.70 in chips) 
AlexEliseev7: posts small blind $0.50
socito: posts big blind $1
*** HOLE CARDS ***
easy_sarcasm: folds 
Rysiff: folds 
Rysiff leaves the table
easy_sarcasm leaves the table
AlexEliseev7: raises $2 to $3
socito: folds 
Uncalled bet ($2) returned to AlexEliseev7
AlexEliseev7 collected $2 from pot
AlexEliseev7: doesn't show hand 
*** SUMMARY ***
Total pot $2 | Rake $0 
Seat 1: Andrewj1124
Seat 5: IREQO
Seat 2: socito (big blind) folded before Flop
Seat 3: easy_sarcasm folded before Flop (didn't bet)
Seat 4: Rysiff (button) folded before Flop (didn't bet)
Seat 6: AlexEliseev7 (small blind) collected ($2)



PokerStars Hand #254702493409:  Hold'em No Limit ($0.50/$1.00 USD) - 2025/02/04 14:22:25 WET [2025/02/04 9:22:25 ET]
Table 'Isolda' 6-max Seat #2 is the button
Seat 1: Andrewj1124 ($0 in chips) is sitting out
Seat 5: IREQO ($85.34 in chips) is sitting out
Seat 2: socito ($100 in chips) 
Seat 6: AlexEliseev7 ($105.70 in chips) 
socito: posts small blind $0.50
AlexEliseev7: posts big blind $1
*** HOLE CARDS ***
socito: raises $1.50 to $2.50
AlexEliseev7: calls $1.50
*** FLOP *** [7s 6d 5c]
AlexEliseev7: checks 
socito: checks 
*** TURN *** [7s 6d 5c] [7c]
varo46.es joins the table at seat #3 
AlexEliseev7: bets $1.57
socito: calls $1.57
*** RIVER *** [7s 6d 5c 7c] [Ks]
AlexEliseev7: checks 
BGS013 joins the table at seat #4 
socito: bets $5.80
AlexEliseev7: folds 
Uncalled bet ($5.80) returned to socito
socito collected $7.73 from pot
socito: doesn't show hand 
*** SUMMARY ***
Total pot $8.14 | Rake $0.41 
Board [7s 6d 5c 7c Ks]
Seat 1: Andrewj1124
Seat 5: IREQO
Seat 2: socito (button) (small blind) collected ($7.73)
Seat 6: AlexEliseev7 (big blind) folded on the River



PokerStars Hand #254702502494:  Hold'em No Limit ($0.50/$1.00 USD) - 2025/02/04 14:23:19 WET [2025/02/04 9:23:19 ET]
Table 'Isolda' 6-max Seat #3 is the button
Seat 1: Andrewj1124 ($0 in chips) is sitting out
Seat 3: varo46.es ($100 in chips) 
Seat 4: BGS013 ($100 in chips) 
Seat 5: IREQO ($85.34 in chips) 
Seat 6: AlexEliseev7 ($101.63 in chips) 
BGS013: posts small blind $0.50
IREQO: posts big blind $1
*** HOLE CARDS ***
AlexEliseev7: folds 
varo46.es: folds 
BGS013: raises $2 to $3
AlexEliseev7 leaves the table
IREQO: folds 
Uncalled bet ($2) returned to BGS013
BGS013 collected $2 from pot
BGS013: doesn't show hand 
*** SUMMARY ***
Total pot $2 | Rake $0 
Seat 1: Andrewj1124
Seat 3: varo46.es (button) folded before Flop (didn't bet)
Seat 4: BGS013 (small blind) collected ($2)
Seat 5: IREQO (big blind) folded before Flop
Seat 6: AlexEliseev7 folded before Flop (didn't bet)



PokerStars Hand #254702505136:  Hold'em No Limit ($0.50/$1.00 USD) - 2025/02/04 14:23:35 WET [2025/02/04 9:23:35 ET]
Table 'Isolda' 6-max Seat #4 is the button
Seat 1: Andrewj1124 ($0 in chips) is sitting out
Seat 3: varo46.es ($100 in chips) 
Seat 4: BGS013 ($101 in chips) 
Seat 5: IREQO ($84.34 in chips) 
IREQO: posts small blind $0.50
varo46.es: posts big blind $1
*** HOLE CARDS ***
BGS013: raises $1.50 to $2.50
treidei3 joins the table at seat #2 
IREQO: folds 
varo46.es: folds 
Uncalled bet ($1.50) returned to BGS013
BGS013 collected $2.50 from pot
BGS013: doesn't show hand 
*** SUMMARY ***
Total pot $2.50 | Rake $0 
Seat 1: Andrewj1124
Seat 3: varo46.es (big blind) folded before Flop
Seat 4: BGS013 (button) collected ($2.50)
Seat 5: IREQO (small blind) folded before Flop



PokerStars Hand #254702508379:  Hold'em No Limit ($0.50/$1.00 USD) - 2025/02/04 14:23:54 WET [2025/02/04 9:23:54 ET]
Table 'Isolda' 6-max Seat #5 is the button
Seat 1: Andrewj1124 ($0 in chips) is sitting out
Seat 2: treidei3 ($100 in chips) is sitting out
Seat 3: varo46.es ($100 in chips) 
Seat 4: BGS013 ($102.50 in chips) 
Seat 5: IREQO ($83.84 in chips) 
varo46.es: posts small blind $0.50
BGS013: posts big blind $1
*** HOLE CARDS ***
IREQO: folds 
varo46.es: folds 
Uncalled bet ($0.50) returned to BGS013
BGS013 collected $1 from pot
BGS013: doesn't show hand 
*** SUMMARY ***
Total pot $1 | Rake $0 
Seat 1: Andrewj1124
Seat 2: treidei3
Seat 3: varo46.es (small blind) folded before Flop
Seat 4: BGS013 (big blind) collected ($1)
Seat 5: IREQO (button) folded before Flop (didn't bet)



PokerStars Hand #254702512006:  Hold'em No Limit ($0.50/$1.00 USD) - 2025/02/04 14:24:15 WET [2025/02/04 9:24:15 ET]
Table 'Isolda' 6-max Seat #3 is the button
Seat 1: Andrewj1124 ($0 in chips) is sitting out
Seat 5: IREQO ($83.84 in chips) is sitting out
Seat 2: treidei3 ($100 in chips) 
Seat 3: varo46.es ($100 in chips) 
Seat 4: BGS013 ($103 in chips) 
BGS013: posts small blind $0.50
IREQO: is sitting out 
treidei3: posts big blind $1
*** HOLE CARDS ***
IREQO leaves the table
varo46.es: folds 
BGS013: raises $2 to $3
treidei3: folds 
Uncalled bet ($2) returned to BGS013
BGS013 collected $2 from pot
BGS013: doesn't show hand 
*** SUMMARY ***
Total pot $2 | Rake $0 
Seat 1: Andrewj1124
Seat 5: IREQO
Seat 2: treidei3 (big blind) folded before Flop
Seat 3: varo46.es (button) folded before Flop (didn't bet)
Seat 4: BGS013 (small blind) collected ($2)



PokerStars Hand #254702514930:  Hold'em No Limit ($0.50/$1.00 USD) - 2025/02/04 14:24:33 WET [2025/02/04 9:24:33 ET]
Table 'Isolda' 6-max Seat #4 is the button
Seat 1: Andrewj1124 ($0 in chips) is sitting out
Seat 2: treidei3 ($100 in chips) 
Seat 3: varo46.es ($100 in chips) 
Seat 4: BGS013 ($104 in chips) 
treidei3: posts small blind $0.50
varo46.es: posts big blind $1
*** HOLE CARDS ***
BGS013: raises $1.50 to $2.50
treidei3: folds 
varo46.es: folds 
Uncalled bet ($1.50) returned to BGS013
BGS013 collected $2.50 from pot
BGS013: doesn't show hand 
*** SUMMARY ***
Total pot $2.50 | Rake $0 
Seat 1: Andrewj1124
Seat 2: treidei3 (small blind) folded before Flop
Seat 3: varo46.es (big blind) folded before Flop
Seat 4: BGS013 (button) collected ($2.50)



PokerStars Hand #254702517440:  Hold'em No Limit ($0.50/$1.00 USD) - 2025/02/04 14:24:47 WET [2025/02/04 9:24:47 ET]
Table 'Isolda' 6-max Seat #2 is the button
Seat 1: Andrewj1124 ($0 in chips) is sitting out
Seat 2: treidei3 ($100 in chips) 
Seat 3: varo46.es ($100 in chips) 
Seat 4: BGS013 ($105.50 in chips) 
varo46.es: posts small blind $0.50
BGS013: posts big blind $1
*** HOLE CARDS ***
treidei3: raises $1.20 to $2.20
varo46.es: folds 
CashfishT joins the table at seat #5 
BGS013: folds 
Uncalled bet ($1.20) returned to treidei3
treidei3 collected $2.50 from pot
treidei3: doesn't show hand 
*** SUMMARY ***
Total pot $2.50 | Rake $0 
Seat 1: Andrewj1124
Seat 2: treidei3 (button) collected ($2.50)
Seat 3: varo46.es (small blind) folded before Flop
Seat 4: BGS013 (big blind) folded before Flop



PokerStars Hand #254702519915:  Hold'em No Limit ($0.50/$1.00 USD) - 2025/02/04 14:25:02 WET [2025/02/04 9:25:02 ET]
Table 'Isolda' 6-max Seat #3 is the button
Seat 1: Andrewj1124 ($0 in chips) is sitting out
Seat 2: treidei3 ($101.50 in chips) 
Seat 3: varo46.es ($100 in chips) 
Seat 4: BGS013 ($104.50 in chips) 
Seat 5: CashfishT ($100 in chips) 
BGS013: posts small blind $0.50
CashfishT: posts big blind $1
*** HOLE CARDS ***
treidei3: raises $1.20 to $2.20
varo46.es: folds 
BGS013: folds 
CashfishT: folds 
Uncalled bet ($1.20) returned to treidei3
treidei3 collected $2.50 from pot
treidei3: doesn't show hand 
*** SUMMARY ***
Total pot $2.50 | Rake $0 
Seat 1: Andrewj1124
Seat 2: treidei3 collected ($2.50)
Seat 3: varo46.es (button) folded before Flop (didn't bet)
Seat 4: BGS013 (small blind) folded before Flop
Seat 5: CashfishT (big blind) folded before Flop



PokerStars Hand #254702523606:  Hold'em No Limit ($0.50/$1.00 USD) - 2025/02/04 14:25:23 WET [2025/02/04 9:25:23 ET]
Table 'Isolda' 6-max Seat #4 is the button
Seat 1: Andrewj1124 ($0 in chips) is sitting out
Seat 2: treidei3 ($103 in chips) 
Seat 3: varo46.es ($100 in chips) 
Seat 4: BGS013 ($104 in chips) 
Seat 5: CashfishT ($100 in chips) 
CashfishT: posts small blind $0.50
treidei3: posts big blind $1
*** HOLE CARDS ***
varo46.es: folds 
BGS013: folds 
CashfishT: folds 
Uncalled bet ($0.50) returned to treidei3
treidei3 collected $1 from pot
treidei3: doesn't show hand 
*** SUMMARY ***
Total pot $1 | Rake $0 
Seat 1: Andrewj1124
Seat 2: treidei3 (big blind) collected ($1)
Seat 3: varo46.es folded before Flop (didn't bet)
Seat 4: BGS013 (button) folded before Flop (didn't bet)
Seat 5: CashfishT (small blind) folded before Flop



PokerStars Hand #254702525500:  Hold'em No Limit ($0.50/$1.00 USD) - 2025/02/04 14:25:35 WET [2025/02/04 9:25:35 ET]
Table 'Isolda' 6-max Seat #5 is the button
Seat 1: Andrewj1124 ($0 in chips) is sitting out
Seat 2: treidei3 ($103.50 in chips) 
Seat 3: varo46.es ($100 in chips) 
Seat 4: BGS013 ($104 in chips) 
Seat 5: CashfishT ($100 in chips) 
treidei3: posts small blind $0.50
varo46.es: posts big blind $1
*** HOLE CARDS ***
BGS013: folds 
CashfishT: folds 
treidei3: folds 
Uncalled bet ($0.50) returned to varo46.es
varo46.es collected $1 from pot
varo46.es: doesn't show hand 
*** SUMMARY ***
Total pot $1 | Rake $0 
Seat 1: Andrewj1124
Seat 2: treidei3 (small blind) folded before Flop
Seat 3: varo46.es (big blind) collected ($1)
Seat 4: BGS013 folded before Flop (didn't bet)
Seat 5: CashfishT (button) folded before Flop (didn't bet)



PokerStars Hand #254702528513:  Hold'em No Limit ($0.50/$1.00 USD) - 2025/02/04 14:25:52 WET [2025/02/04 9:25:52 ET]
Table 'Isolda' 6-max Seat #2 is the button
Seat 1: Andrewj1124 ($0 in chips) is sitting out
Seat 2: treidei3 ($103 in chips) 
Seat 3: varo46.es ($100.50 in chips) 
Seat 4: BGS013 ($104 in chips) 
Seat 5: CashfishT ($100 in chips) 
varo46.es: posts small blind $0.50
BGS013: posts big blind $1
*** HOLE CARDS ***
CashfishT: folds 
treidei3: raises $1.20 to $2.20
varo46.es: folds 
BGS013: calls $1.20
*** FLOP *** [5d 8d Qs]
BGS013: checks 
treidei3: bets $3.50
BGS013: calls $3.50
*** TURN *** [5d 8d Qs] [Ts]
BGS013: checks 
treidei3: bets $8.48
BGS013: calls $8.48
*** RIVER *** [5d 8d Qs Ts] [Ah]
BGS013: checks 
Felix9Kreuz joins the table at seat #6 
Felix9Kreuz is disconnected 
treidei3: bets $20.90
varo46.es leaves the table
tintin641 joins the table at seat #3 
BGS013: folds 
Uncalled bet ($20.90) returned to treidei3
treidei3 collected $27.86 from pot
treidei3: doesn't show hand 
*** SUMMARY ***
Total pot $28.86 | Rake $1 
Board [5d 8d Qs Ts Ah]
Seat 1: Andrewj1124
Seat 2: treidei3 (button) collected ($27.86)
Seat 3: varo46.es (small blind) folded before Flop
Seat 4: BGS013 (big blind) folded on the River
Seat 5: CashfishT folded before Flop (didn't bet)



PokerStars Hand #254702542695:  Hold'em No Limit ($0.50/$1.00 USD) - 2025/02/04 14:27:15 WET [2025/02/04 9:27:15 ET]
Table 'Isolda' 6-max Seat #4 is the button
Seat 1: Andrewj1124 ($0 in chips) is sitting out
Seat 3: tintin641 ($100 in chips) is sitting out
Seat 2: treidei3 ($116.68 in chips) 
Seat 4: BGS013 ($100 in chips) 
Seat 5: CashfishT ($100 in chips) 
Seat 6: Felix9Kreuz ($15.41 in chips) 
CashfishT: posts small blind $0.50
Felix9Kreuz: posts big blind $1
tintin641: sits out 
*** HOLE CARDS ***
treidei3: folds 
BGS013: folds 
CashfishT: folds 
Uncalled bet ($0.50) returned to Felix9Kreuz
Felix9Kreuz collected $1 from pot
*** SUMMARY ***
Total pot $1 | Rake $0 
Seat 1: Andrewj1124
Seat 3: tintin641
Seat 2: treidei3 folded before Flop (didn't bet)
Seat 4: BGS013 (button) folded before Flop (didn't bet)
Seat 5: CashfishT (small blind) folded before Flop
Seat 6: Felix9Kreuz (big blind) collected ($1)



PokerStars Hand #254702544929:  Hold'em No Limit ($0.50/$1.00 USD) - 2025/02/04 14:27:28 WET [2025/02/04 9:27:28 ET]
Table 'Isolda' 6-max Seat #5 is the button
Seat 1: Andrewj1124 ($0 in chips) is sitting out
Seat 3: tintin641 ($100 in chips) is sitting out
Seat 2: treidei3 ($116.68 in chips) 
Seat 4: BGS013 ($100 in chips) 
Seat 5: CashfishT ($100 in chips) 
Seat 6: Felix9Kreuz ($15.91 in chips) 
Felix9Kreuz: posts small blind $0.50
treidei3: posts big blind $1
tintin641: sits out 
*** HOLE CARDS ***
BGS013: folds 
CashfishT: raises $1.20 to $2.20
Felix9Kreuz: folds 
treidei3: folds 
Uncalled bet ($1.20) returned to CashfishT
CashfishT collected $2.50 from pot
Andrewj1124 leaves the table
CashfishT: doesn't show hand 
*** SUMMARY ***
Total pot $2.50 | Rake $0 
Seat 1: Andrewj1124
Seat 3: tintin641
Seat 2: treidei3 (big blind) folded before Flop
Seat 4: BGS013 folded before Flop (didn't bet)
Seat 5: CashfishT (button) collected ($2.50)
Seat 6: Felix9Kreuz (small blind) folded before Flop



PokerStars Hand #254702548423:  Hold'em No Limit ($0.50/$1.00 USD) - 2025/02/04 14:27:48 WET [2025/02/04 9:27:48 ET]
Table 'Isolda' 6-max Seat #6 is the button
Seat 2: treidei3 ($115.68 in chips) 
Seat 3: tintin641 ($100 in chips) 
Seat 4: BGS013 ($100 in chips) 
Seat 5: CashfishT ($101.50 in chips) 
Seat 6: Felix9Kreuz ($15.41 in chips) 
treidei3: posts small blind $0.50
tintin641: posts big blind $1
*** HOLE CARDS ***
BGS013: raises $1 to $2
CashfishT: folds 
Pon4uk.ua joins the table at seat #1 
Felix9Kreuz: calls $2
treidei3: folds 
tintin641: folds 
*** FLOP *** [9d Ts 6d]
BGS013: checks 
Felix9Kreuz: bets $5.22
BGS013: raises $34.28 to $39.50
Felix9Kreuz: calls $8.19 and is all-in
Uncalled bet ($26.09) returned to BGS013
*** TURN *** [9d Ts 6d] [Jc]
*** RIVER *** [9d Ts 6d Jc] [Kc]
*** SHOW DOWN ***
BGS013: shows [Qd Tc] (a straight, Nine to King)
Felix9Kreuz: shows [6h 9h] (two pair, Nines and Sixes)
BGS013 collected $30.70 from pot
*** SUMMARY ***
Total pot $32.32 | Rake $1.62 
Board [9d Ts 6d Jc Kc]
Seat 2: treidei3 (small blind) folded before Flop
Seat 3: tintin641 (big blind) folded before Flop
Seat 4: BGS013 showed [Qd Tc] and won ($30.70) with a straight, Nine to King
Seat 5: CashfishT folded before Flop (didn't bet)
Seat 6: Felix9Kreuz (button) showed [6h 9h] and lost with two pair, Nines and Sixes



PokerStars Hand #254702557250:  Hold'em No Limit ($0.50/$1.00 USD) - 2025/02/04 14:28:39 WET [2025/02/04 9:28:39 ET]
Table 'Isolda' 6-max Seat #2 is the button
Seat 1: Pon4uk.ua ($100 in chips) is sitting out
Seat 6: Felix9Kreuz ($0 in chips) is sitting out
Seat 2: treidei3 ($115.18 in chips) 
Seat 3: tintin641 ($100 in chips) 
Seat 4: BGS013 ($115.29 in chips) 
Seat 5: CashfishT ($101.50 in chips) 
tintin641: posts small blind $0.50
BGS013: posts big blind $1
Pon4uk.ua: sits out 
*** HOLE CARDS ***
CashfishT: folds 
Felix9Kreuz leaves the table
treidei3: folds 
tintin641: raises $2 to $3
BGS013: calls $2
*** FLOP *** [9c Jd 9s]
tintin641: bets $1.88
BGS013: calls $1.88
*** TURN *** [9c Jd 9s] [8h]
tintin641: bets $3.06
BGS013: calls $3.06
*** RIVER *** [9c Jd 9s 8h] [Ad]
tintin641: bets $4.98
BGS013: calls $4.98
*** SHOW DOWN ***
tintin641: shows [Ks Kh] (two pair, Kings and Nines)
BGS013: mucks hand 
tintin641 collected $24.84 from pot
*** SUMMARY ***
Total pot $25.84 | Rake $1 
Board [9c Jd 9s 8h Ad]
Seat 1: Pon4uk.ua
Seat 6: Felix9Kreuz
Seat 2: treidei3 (button) folded before Flop (didn't bet)
Seat 3: tintin641 (small blind) showed [Ks Kh] and won ($24.84) with two pair, Kings and Nines
Seat 4: BGS013 (big blind) mucked
Seat 5: CashfishT folded before Flop (didn't bet)



PokerStars Hand #254702570470:  Hold'em No Limit ($0.50/$1.00 USD) - 2025/02/04 14:29:56 WET [2025/02/04 9:29:56 ET]
Table 'Isolda' 6-max Seat #3 is the button
Seat 1: Pon4uk.ua ($100 in chips) is sitting out
Seat 2: treidei3 ($115.18 in chips) 
Seat 3: tintin641 ($111.92 in chips) 
Seat 4: BGS013 ($102.37 in chips) 
Seat 5: CashfishT ($101.50 in chips) 
BGS013: posts small blind $0.50
CashfishT: posts big blind $1
Pon4uk.ua: sits out 
*** HOLE CARDS ***
treidei3: folds 
tintin641: folds 
BGS013: folds 
Uncalled bet ($0.50) returned to CashfishT
CashfishT collected $1 from pot
CashfishT: doesn't show hand 
*** SUMMARY ***
Total pot $1 | Rake $0 
Seat 1: Pon4uk.ua
Seat 2: treidei3 folded before Flop (didn't bet)
Seat 3: tintin641 (button) folded before Flop (didn't bet)
Seat 4: BGS013 (small blind) folded before Flop
Seat 5: CashfishT (big blind) collected ($1)



PokerStars Hand #254702571791:  Hold'em No Limit ($0.50/$1.00 USD) - 2025/02/04 14:30:04 WET [2025/02/04 9:30:04 ET]
Table 'Isolda' 6-max Seat #4 is the button
Seat 1: Pon4uk.ua ($100 in chips) 
Seat 2: treidei3 ($115.18 in chips) 
Seat 3: tintin641 ($111.92 in chips) 
Seat 4: BGS013 ($101.87 in chips) 
Seat 5: CashfishT ($102 in chips) 
CashfishT: posts small blind $0.50
Pon4uk.ua: posts big blind $1
*** HOLE CARDS ***
Joe_Carlos joins the table at seat #6 
treidei3: folds 
tintin641: folds 
BGS013: raises $1.50 to $2.50
CashfishT: folds 
Pon4uk.ua: calls $1.50
*** FLOP *** [5s Jd Qh]
Pon4uk.ua: checks 
BGS013: bets $4.07
Pon4uk.ua: folds 
Uncalled bet ($4.07) returned to BGS013
BGS013 collected $5.22 from pot
BGS013: doesn't show hand 
*** SUMMARY ***
Total pot $5.50 | Rake $0.28 
Board [5s Jd Qh]
Seat 1: Pon4uk.ua (big blind) folded on the Flop
Seat 2: treidei3 folded before Flop (didn't bet)
Seat 3: tintin641 folded before Flop (didn't bet)
Seat 4: BGS013 (button) collected ($5.22)
Seat 5: CashfishT (small blind) folded before Flop



PokerStars Hand #254702578439:  Hold'em No Limit ($0.50/$1.00 USD) - 2025/02/04 14:30:42 WET [2025/02/04 9:30:42 ET]
Table 'Isolda' 6-max Seat #5 is the button
Seat 6: Joe_Carlos ($40 in chips) is sitting out
Seat 1: Pon4uk.ua ($100 in chips) 
Seat 2: treidei3 ($115.18 in chips) 
Seat 3: tintin641 ($111.92 in chips) 
Seat 4: BGS013 ($104.59 in chips) 
Seat 5: CashfishT ($101.50 in chips) 
Pon4uk.ua: posts small blind $0.50
treidei3: posts big blind $1
*** HOLE CARDS ***
tintin641: folds 
BGS013: folds 
CashfishT: raises $1.20 to $2.20
Pon4uk.ua: folds 
treidei3: calls $1.20
*** FLOP *** [Ah 4h 4d]
treidei3: checks 
CashfishT: bets $1.17
treidei3: raises $3.50 to $4.67
CashfishT: folds 
Uncalled bet ($3.50) returned to treidei3
treidei3 collected $6.88 from pot
treidei3: doesn't show hand 
*** SUMMARY ***
Total pot $7.24 | Rake $0.36 
Board [Ah 4h 4d]
Seat 6: Joe_Carlos
Seat 1: Pon4uk.ua (small blind) folded before Flop
Seat 2: treidei3 (big blind) collected ($6.88)
Seat 3: tintin641 folded before Flop (didn't bet)
Seat 4: BGS013 folded before Flop (didn't bet)
Seat 5: CashfishT (button) folded on the Flop



PokerStars Hand #254702585929:  Hold'em No Limit ($0.50/$1.00 USD) - 2025/02/04 14:31:26 WET [2025/02/04 9:31:26 ET]
Table 'Isolda' 6-max Seat #1 is the button
Seat 6: Joe_Carlos ($40 in chips) is sitting out
Seat 1: Pon4uk.ua ($100 in chips) 
Seat 2: treidei3 ($118.69 in chips) 
Seat 3: tintin641 ($111.92 in chips) 
Seat 4: BGS013 ($104.59 in chips) 
Seat 5: CashfishT ($100 in chips) 
treidei3: posts small blind $0.50
tintin641: posts big blind $1
Joe_Carlos: sits out 
*** HOLE CARDS ***
BGS013: raises $1 to $2
CashfishT: folds 
Pon4uk.ua: folds 
treidei3: folds 
tintin641: folds 
Uncalled bet ($1) returned to BGS013
BGS013 collected $2.50 from pot
BGS013: doesn't show hand 
*** SUMMARY ***
Total pot $2.50 | Rake $0 
Seat 6: Joe_Carlos
Seat 1: Pon4uk.ua (button) folded before Flop (didn't bet)
Seat 2: treidei3 (small blind) folded before Flop
Seat 3: tintin641 (big blind) folded before Flop
Seat 4: BGS013 collected ($2.50)
Seat 5: CashfishT folded before Flop (didn't bet)



PokerStars Hand #254702589485:  Hold'em No Limit ($0.50/$1.00 USD) - 2025/02/04 14:31:46 WET [2025/02/04 9:31:46 ET]
Table 'Isolda' 6-max Seat #2 is the button
Seat 6: Joe_Carlos ($40 in chips) is sitting out
Seat 1: Pon4uk.ua ($100 in chips) 
Seat 2: treidei3 ($118.19 in chips) 
Seat 3: tintin641 ($110.92 in chips) 
Seat 4: BGS013 ($106.09 in chips) 
Seat 5: CashfishT ($100 in chips) 
tintin641: posts small blind $0.50
BGS013: posts big blind $1
Joe_Carlos: sits out 
*** HOLE CARDS ***
CashfishT: folds 
Pon4uk.ua: folds 
treidei3: raises $1.20 to $2.20
tintin641: folds 
BGS013: raises $9.80 to $12
treidei3: folds 
Uncalled bet ($9.80) returned to BGS013
BGS013 collected $4.90 from pot
BGS013: doesn't show hand 
*** SUMMARY ***
Total pot $4.90 | Rake $0 
Seat 6: Joe_Carlos
Seat 1: Pon4uk.ua folded before Flop (didn't bet)
Seat 2: treidei3 (button) folded before Flop
Seat 3: tintin641 (small blind) folded before Flop
Seat 4: BGS013 (big blind) collected ($4.90)
Seat 5: CashfishT folded before Flop (didn't bet)



PokerStars Hand #254702592611:  Hold'em No Limit ($0.50/$1.00 USD) - 2025/02/04 14:32:04 WET [2025/02/04 9:32:04 ET]
Table 'Isolda' 6-max Seat #3 is the button
Seat 6: Joe_Carlos ($40 in chips) is sitting out
Seat 1: Pon4uk.ua ($100 in chips) 
Seat 2: treidei3 ($115.99 in chips) 
Seat 3: tintin641 ($110.42 in chips) 
Seat 4: BGS013 ($108.79 in chips) 
Seat 5: CashfishT ($100 in chips) 
BGS013: posts small blind $0.50
CashfishT: posts big blind $1
Joe_Carlos: sits out 
*** HOLE CARDS ***
Pon4uk.ua: raises $1 to $2
treidei3: folds 
tintin641: folds 
BGS013: folds 
CashfishT: folds 
Uncalled bet ($1) returned to Pon4uk.ua
Pon4uk.ua collected $2.50 from pot
Pon4uk.ua: doesn't show hand 
*** SUMMARY ***
Total pot $2.50 | Rake $0 
Seat 6: Joe_Carlos
Seat 1: Pon4uk.ua collected ($2.50)
Seat 2: treidei3 folded before Flop (didn't bet)
Seat 3: tintin641 (button) folded before Flop (didn't bet)
Seat 4: BGS013 (small blind) folded before Flop
Seat 5: CashfishT (big blind) folded before Flop



PokerStars Hand #254702594870:  Hold'em No Limit ($0.50/$1.00 USD) - 2025/02/04 14:32:17 WET [2025/02/04 9:32:17 ET]
Table 'Isolda' 6-max Seat #4 is the button
Seat 1: Pon4uk.ua ($101.50 in chips) 
Seat 2: treidei3 ($115.99 in chips) 
Seat 3: tintin641 ($110.42 in chips) 
Seat 4: BGS013 ($108.29 in chips) 
Seat 5: CashfishT ($100 in chips) 
Seat 6: Joe_Carlos ($40 in chips) 
CashfishT: posts small blind $0.50
Joe_Carlos: posts big blind $1
*** HOLE CARDS ***
Pon4uk.ua: raises $1 to $2
treidei3: folds 
tintin641: folds 
BGS013: folds 
CashfishT: folds 
Joe_Carlos: folds 
Uncalled bet ($1) returned to Pon4uk.ua
Pon4uk.ua collected $2.50 from pot
Pon4uk.ua: doesn't show hand 
*** SUMMARY ***
Total pot $2.50 | Rake $0 
Seat 1: Pon4uk.ua collected ($2.50)
Seat 2: treidei3 folded before Flop (didn't bet)
Seat 3: tintin641 folded before Flop (didn't bet)
Seat 4: BGS013 (button) folded before Flop (didn't bet)
Seat 5: CashfishT (small blind) folded before Flop
Seat 6: Joe_Carlos (big blind) folded before Flop



PokerStars Hand #254702599124:  Hold'em No Limit ($0.50/$1.00 USD) - 2025/02/04 14:32:41 WET [2025/02/04 9:32:41 ET]
Table 'Isolda' 6-max Seat #5 is the button
Seat 1: Pon4uk.ua ($103 in chips) 
Seat 2: treidei3 ($115.99 in chips) 
Seat 3: tintin641 ($110.42 in chips) 
Seat 4: BGS013 ($108.29 in chips) 
Seat 5: CashfishT ($100 in chips) 
Seat 6: Joe_Carlos ($39 in chips) 
Joe_Carlos: posts small blind $0.50
Pon4uk.ua: posts big blind $1
*** HOLE CARDS ***
treidei3: folds 
tintin641: raises $1.50 to $2.50
BGS013: folds 
CashfishT: folds 
Joe_Carlos: folds 
Pon4uk.ua: calls $1.50
*** FLOP *** [4s Th 5s]
Pon4uk.ua: checks 
tintin641: bets $2.61
Pon4uk.ua: raises $5.22 to $7.83
tintin641: folds 
Uncalled bet ($5.22) returned to Pon4uk.ua
Pon4uk.ua collected $10.18 from pot
Pon4uk.ua: doesn't show hand 
*** SUMMARY ***
Total pot $10.72 | Rake $0.54 
Board [4s Th 5s]
Seat 1: Pon4uk.ua (big blind) collected ($10.18)
Seat 2: treidei3 folded before Flop (didn't bet)
Seat 3: tintin641 folded on the Flop
Seat 4: BGS013 folded before Flop (didn't bet)
Seat 5: CashfishT (button) folded before Flop (didn't bet)
Seat 6: Joe_Carlos (small blind) folded before Flop



PokerStars Hand #254702608765:  Hold'em No Limit ($0.50/$1.00 USD) - 2025/02/04 14:33:36 WET [2025/02/04 9:33:36 ET]
Table 'Isolda' 6-max Seat #6 is the button
Seat 1: Pon4uk.ua ($108.07 in chips) 
Seat 2: treidei3 ($115.99 in chips) 
Seat 3: tintin641 ($105.31 in chips) 
Seat 4: BGS013 ($108.29 in chips) 
Seat 5: CashfishT ($100 in chips) 
Seat 6: Joe_Carlos ($38.50 in chips) 
Pon4uk.ua: posts small blind $0.50
treidei3: posts big blind $1
*** HOLE CARDS ***
tintin641: folds 
BGS013: folds 
CashfishT: folds 
Joe_Carlos has timed out
Joe_Carlos: folds 
Pon4uk.ua: raises $1.75 to $2.75
treidei3: folds 
Uncalled bet ($1.75) returned to Pon4uk.ua
Pon4uk.ua collected $2 from pot
Pon4uk.ua: doesn't show hand 
*** SUMMARY ***
Total pot $2 | Rake $0 
Seat 1: Pon4uk.ua (small blind) collected ($2)
Seat 2: treidei3 (big blind) folded before Flop
Seat 3: tintin641 folded before Flop (didn't bet)
Seat 4: BGS013 folded before Flop (didn't bet)
Seat 5: CashfishT folded before Flop (didn't bet)
Seat 6: Joe_Carlos (button) folded before Flop (didn't bet)



PokerStars Hand #254702616232:  Hold'em No Limit ($0.50/$1.00 USD) - 2025/02/04 14:34:19 WET [2025/02/04 9:34:19 ET]
Table 'Isolda' 6-max Seat #1 is the button
Seat 3: tintin641 ($105.31 in chips) is sitting out
Seat 1: Pon4uk.ua ($109.07 in chips) 
Seat 2: treidei3 ($114.99 in chips) 
Seat 4: BGS013 ($108.29 in chips) 
Seat 5: CashfishT ($100 in chips) 
Seat 6: Joe_Carlos ($38.50 in chips) 
treidei3: posts small blind $0.50
tintin641: is sitting out 
BGS013: posts big blind $1
*** HOLE CARDS ***
tintin641 leaves the table
CashfishT: folds 
Joe_Carlos: folds 
Pon4uk.ua: raises $1.50 to $2.50
treidei3: folds 
BGS013: folds 
Uncalled bet ($1.50) returned to Pon4uk.ua
Pon4uk.ua collected $2.50 from pot
Pon4uk.ua: doesn't show hand 
*** SUMMARY ***
Total pot $2.50 | Rake $0 
Seat 3: tintin641
Seat 1: Pon4uk.ua (button) collected ($2.50)
Seat 2: treidei3 (small blind) folded before Flop
Seat 4: BGS013 (big blind) folded before Flop
Seat 5: CashfishT folded before Flop (didn't bet)
Seat 6: Joe_Carlos folded before Flop (didn't bet)



PokerStars Hand #254702649518:  Hold'em No Limit ($0.50/$1.00 USD) - 2025/02/04 14:37:25 WET [2025/02/04 9:37:25 ET]
Table 'Isolda' 6-max Seat #5 is the button
Seat 1: Pon4uk.ua ($111.97 in chips) 
Seat 5: CashfishT ($100 in chips) 
Seat 6: Joe_Carlos ($37.50 in chips) 
Joe_Carlos: posts small blind $0.50
Pon4uk.ua: posts big blind $1
*** HOLE CARDS ***
CashfishT: folds 
Joe_Carlos: folds 
Uncalled bet ($0.50) returned to Pon4uk.ua
Pon4uk.ua collected $1 from pot
Pon4uk.ua: doesn't show hand 
*** SUMMARY ***
Total pot $1 | Rake $0 
Seat 1: Pon4uk.ua (big blind) collected ($1)
Seat 5: CashfishT (button) folded before Flop (didn't bet)
Seat 6: Joe_Carlos (small blind) folded before Flop



PokerStars Hand #254702652061:  Hold'em No Limit ($0.50/$1.00 USD) - 2025/02/04 14:37:39 WET [2025/02/04 9:37:39 ET]
Table 'Isolda' 6-max Seat #1 is the button
Seat 5: CashfishT ($100 in chips) is sitting out
Seat 1: Pon4uk.ua ($112.47 in chips) 
Seat 6: Joe_Carlos ($37 in chips) 
Pon4uk.ua: posts small blind $0.50
CashfishT: is sitting out 
Joe_Carlos: posts big blind $1
*** HOLE CARDS ***
CashfishT leaves the table
Pon4uk.ua: raises $1.50 to $2.50
Joe_Carlos: folds 
Uncalled bet ($1.50) returned to Pon4uk.ua
Pon4uk.ua collected $2 from pot
Pon4uk.ua: doesn't show hand 
*** SUMMARY ***
Total pot $2 | Rake $0 
Seat 5: CashfishT
Seat 1: Pon4uk.ua (button) (small blind) collected ($2)
Seat 6: Joe_Carlos (big blind) folded before Flop



PokerStars Hand #254702654487:  Hold'em No Limit ($0.50/$1.00 USD) - 2025/02/04 14:37:52 WET [2025/02/04 9:37:52 ET]
Table 'Isolda' 6-max Seat #6 is the button
Seat 1: Pon4uk.ua ($113.47 in chips) 
Seat 6: Joe_Carlos ($36 in chips) 
Joe_Carlos: posts small blind $0.50
Pon4uk.ua: posts big blind $1
*** HOLE CARDS ***
Trente666 joins the table at seat #4 
Trente666 is disconnected 
Joe_Carlos: folds 
Uncalled bet ($0.50) returned to Pon4uk.ua
Pon4uk.ua collected $1 from pot
Pon4uk.ua: doesn't show hand 
*** SUMMARY ***
Total pot $1 | Rake $0 
Seat 1: Pon4uk.ua (big blind) collected ($1)
Seat 6: Joe_Carlos (button) (small blind) folded before Flop



PokerStars Hand #254702656715:  Hold'em No Limit ($0.50/$1.00 USD) - 2025/02/04 14:38:05 WET [2025/02/04 9:38:05 ET]
Table 'Isolda' 6-max Seat #6 is the button
Seat 1: Pon4uk.ua ($113.97 in chips) 
Seat 4: Trente666 ($44.52 in chips) 
Seat 6: Joe_Carlos ($35.50 in chips) 
Pon4uk.ua: posts small blind $0.50
Trente666: posts big blind $1
*** HOLE CARDS ***
Joe_Carlos: folds 
Pon4uk.ua: raises $1.75 to $2.75
Trente666: folds 
Uncalled bet ($1.75) returned to Pon4uk.ua
Pon4uk.ua collected $2 from pot
Pon4uk.ua: doesn't show hand 
jayjay90 joins the table at seat #5 
*** SUMMARY ***
Total pot $2 | Rake $0 
Seat 1: Pon4uk.ua (small blind) collected ($2)
Seat 4: Trente666 (big blind) folded before Flop
Seat 6: Joe_Carlos (button) folded before Flop (didn't bet)



PokerStars Hand #254702658821:  Hold'em No Limit ($0.50/$1.00 USD) - 2025/02/04 14:38:17 WET [2025/02/04 9:38:17 ET]
Table 'Isolda' 6-max Seat #1 is the button
Seat 1: Pon4uk.ua ($114.97 in chips) 
Seat 4: Trente666 ($43.52 in chips) 
Seat 5: jayjay90 ($100 in chips) 
Seat 6: Joe_Carlos ($35.50 in chips) 
Trente666: posts small blind $0.50
jayjay90: posts big blind $1
*** HOLE CARDS ***
Joe_Carlos: folds 
Pon4uk.ua: raises $1.50 to $2.50
Trente666: folds 
whlzor joins the table at seat #3 
jayjay90: calls $1.50
*** FLOP *** [Td 5d As]
jayjay90: checks 
KarP93 joins the table at seat #2 
Pon4uk.ua: bets $1.72
jayjay90: calls $1.72
*** TURN *** [Td 5d As] [4h]
jayjay90: checks 
Pon4uk.ua: checks 
*** RIVER *** [Td 5d As 4h] [3h]
jayjay90: bets $2.80
Pon4uk.ua: calls $2.80
*** SHOW DOWN ***
jayjay90: shows [Ac 8d] (a pair of Aces)
Pon4uk.ua: mucks hand 
jayjay90 collected $13.81 from pot
*** SUMMARY ***
Total pot $14.54 | Rake $0.73 
Board [Td 5d As 4h 3h]
Seat 1: Pon4uk.ua (button) mucked
Seat 4: Trente666 (small blind) folded before Flop
Seat 5: jayjay90 (big blind) showed [Ac 8d] and won ($13.81) with a pair of Aces
Seat 6: Joe_Carlos folded before Flop (didn't bet)



PokerStars Hand #254702666417:  Hold'em No Limit ($0.50/$1.00 USD) - 2025/02/04 14:38:59 WET [2025/02/04 9:38:59 ET]
Table 'Isolda' 6-max Seat #4 is the button
Seat 2: KarP93 ($100 in chips) is sitting out
Seat 3: whlzor ($100 in chips) is sitting out
Seat 1: Pon4uk.ua ($107.95 in chips) 
Seat 4: Trente666 ($43.02 in chips) 
Seat 5: jayjay90 ($106.79 in chips) 
Seat 6: Joe_Carlos ($35.50 in chips) 
jayjay90: posts small blind $0.50
Joe_Carlos: posts big blind $1
KarP93: sits out 
whlzor: sits out 
*** HOLE CARDS ***
Pon4uk.ua: folds 
Trente666: calls $1
jayjay90: calls $0.50
Joe_Carlos: checks 
*** FLOP *** [3s Ts Qd]
jayjay90: bets $1.88
Joe_Carlos: raises $2.82 to $4.70
Trente666: folds 
jayjay90: calls $2.82
*** TURN *** [3s Ts Qd] [5h]
jayjay90: checks 
Pon4uk.ua leaves the table
Joe_Carlos: bets $5.90
jayjay90: calls $5.90
*** RIVER *** [3s Ts Qd 5h] [8d]
jayjay90: checks 
Pippa83 joins the table at seat #1 
Joe_Carlos: checks 
*** SHOW DOWN ***
jayjay90: shows [Qs 7s] (a pair of Queens)
Joe_Carlos: shows [Qc 9h] (a pair of Queens - Ten+Nine kicker)
Joe_Carlos collected $23.20 from pot
*** SUMMARY ***
Total pot $24.20 | Rake $1 
Board [3s Ts Qd 5h 8d]
Seat 2: KarP93
Seat 3: whlzor
Seat 1: Pon4uk.ua folded before Flop (didn't bet)
Seat 4: Trente666 (button) folded on the Flop
Seat 5: jayjay90 (small blind) showed [Qs 7s] and lost with a pair of Queens
Seat 6: Joe_Carlos (big blind) showed [Qc 9h] and won ($23.20) with a pair of Queens



PokerStars Hand #254702680656:  Hold'em No Limit ($0.50/$1.00 USD) - 2025/02/04 14:40:18 WET [2025/02/04 9:40:18 ET]
Table 'Isolda' 6-max Seat #5 is the button
Seat 2: KarP93 ($100 in chips) is sitting out
Seat 3: whlzor ($100 in chips) is sitting out
Seat 1: Pippa83 ($100 in chips) 
Seat 4: Trente666 ($42.02 in chips) 
Seat 5: jayjay90 ($95.19 in chips) 
Seat 6: Joe_Carlos ($47.10 in chips) 
Joe_Carlos: posts small blind $0.50
Pippa83: posts big blind $1
KarP93: sits out 
whlzor: sits out 
*** HOLE CARDS ***
Trente666: calls $1
jayjay90: folds 
Joe_Carlos: folds 
Pippa83: raises $3.50 to $4.50
Trente666: calls $3.50
*** FLOP *** [4h 9c 5d]
Pippa83: checks 
Trente666: checks 
*** TURN *** [4h 9c 5d] [Qh]
Pippa83: bets $4.50
Trente666: calls $4.50
*** RIVER *** [4h 9c 5d Qh] [5h]
Pippa83: checks 
Trente666: bets $8.79
Pippa83: folds 
Uncalled bet ($8.79) returned to Trente666
Trente666 collected $17.58 from pot
*** SUMMARY ***
Total pot $18.50 | Rake $0.92 
Board [4h 9c 5d Qh 5h]
Seat 2: KarP93
Seat 3: whlzor
Seat 1: Pippa83 (big blind) folded on the River
Seat 4: Trente666 collected ($17.58)
Seat 5: jayjay90 (button) folded before Flop (didn't bet)
Seat 6: Joe_Carlos (small blind) folded before Flop



PokerStars Hand #254702687200:  Hold'em No Limit ($0.50/$1.00 USD) - 2025/02/04 14:40:54 WET [2025/02/04 9:40:54 ET]
Table 'Isolda' 6-max Seat #6 is the button
Seat 3: whlzor ($100 in chips) is sitting out
Seat 1: Pippa83 ($100 in chips) 
Seat 2: KarP93 ($100 in chips) 
Seat 4: Trente666 ($50.60 in chips) 
Seat 5: jayjay90 ($95.19 in chips) 
Seat 6: Joe_Carlos ($46.60 in chips) 
Pippa83: posts small blind $0.50
KarP93: posts big blind $1
whlzor: sits out 
*** HOLE CARDS ***
Trente666: calls $1
jayjay90: folds 
Joe_Carlos has timed out
Joe_Carlos: folds 
Pippa83: raises $4 to $5
KarP93: calls $4
Trente666: calls $4
*** FLOP *** [3d 6c 8h]
Pippa83: checks 
KarP93: checks 
Trente666: checks 
*** TURN *** [3d 6c 8h] [7s]
Pippa83: checks 
KarP93: checks 
Trente666: bets $14.25
Pippa83: calls $14.25
KarP93: folds 
*** RIVER *** [3d 6c 8h 7s] [Kd]
Pippa83: bets $31.50
Trente666: folds 
Uncalled bet ($31.50) returned to Pippa83
Pippa83 collected $41.32 from pot
Pippa83: doesn't show hand 
*** SUMMARY ***
Total pot $43.50 | Rake $2.18 
Board [3d 6c 8h 7s Kd]
Seat 3: whlzor
Seat 1: Pippa83 (small blind) collected ($41.32)
Seat 2: KarP93 (big blind) folded on the Turn
Seat 4: Trente666 folded on the River
Seat 5: jayjay90 folded before Flop (didn't bet)
Seat 6: Joe_Carlos (button) folded before Flop (didn't bet)



PokerStars Hand #254702709839:  Hold'em No Limit ($0.50/$1.00 USD) - 2025/02/04 14:42:58 WET [2025/02/04 9:42:58 ET]
Table 'Isolda' 6-max Seat #1 is the button
Seat 1: Pippa83 ($122.07 in chips) 
Seat 2: KarP93 ($100 in chips) 
Seat 3: whlzor ($100 in chips) 
Seat 4: Trente666 ($31.35 in chips) 
Seat 5: jayjay90 ($95.19 in chips) 
Seat 6: Joe_Carlos ($46.60 in chips) 
KarP93: posts small blind $0.50
whlzor: posts big blind $1
*** HOLE CARDS ***
Trente666: folds 
jayjay90: folds 
Joe_Carlos: folds 
Pippa83: raises $1.50 to $2.50
KarP93: folds 
whlzor: folds 
Uncalled bet ($1.50) returned to Pippa83
Pippa83 collected $2.50 from pot
Pippa83: doesn't show hand 
*** SUMMARY ***
Total pot $2.50 | Rake $0 
Seat 1: Pippa83 (button) collected ($2.50)
Seat 2: KarP93 (small blind) folded before Flop
Seat 3: whlzor (big blind) folded before Flop
Seat 4: Trente666 folded before Flop (didn't bet)
Seat 5: jayjay90 folded before Flop (didn't bet)
Seat 6: Joe_Carlos folded before Flop (didn't bet)



PokerStars Hand #254702713911:  Hold'em No Limit ($0.50/$1.00 USD) - 2025/02/04 14:43:20 WET [2025/02/04 9:43:20 ET]
Table 'Isolda' 6-max Seat #2 is the button
Seat 1: Pippa83 ($123.57 in chips) 
Seat 2: KarP93 ($100 in chips) 
Seat 3: whlzor ($100 in chips) 
Seat 4: Trente666 ($31.35 in chips) 
Seat 5: jayjay90 ($95.19 in chips) 
Seat 6: Joe_Carlos ($46.60 in chips) 
whlzor: posts small blind $0.50
Trente666: posts big blind $1
*** HOLE CARDS ***
jayjay90: folds 
Joe_Carlos: raises $1.50 to $2.50
Pippa83: folds 
KarP93: folds 
whlzor: folds 
Trente666: folds 
Uncalled bet ($1.50) returned to Joe_Carlos
Joe_Carlos collected $2.50 from pot
Joe_Carlos: doesn't show hand 
*** SUMMARY ***
Total pot $2.50 | Rake $0 
Seat 1: Pippa83 folded before Flop (didn't bet)
Seat 2: KarP93 (button) folded before Flop (didn't bet)
Seat 3: whlzor (small blind) folded before Flop
Seat 4: Trente666 (big blind) folded before Flop
Seat 5: jayjay90 folded before Flop (didn't bet)
Seat 6: Joe_Carlos collected ($2.50)



PokerStars Hand #254702718484:  Hold'em No Limit ($0.50/$1.00 USD) - 2025/02/04 14:43:44 WET [2025/02/04 9:43:44 ET]
Table 'Isolda' 6-max Seat #3 is the button
Seat 1: Pippa83 ($123.57 in chips) 
Seat 2: KarP93 ($100 in chips) 
Seat 3: whlzor ($100 in chips) 
Seat 4: Trente666 ($30.35 in chips) 
Seat 5: jayjay90 ($95.19 in chips) 
Seat 6: Joe_Carlos ($48.10 in chips) 
Trente666: posts small blind $0.50
jayjay90: posts big blind $1
*** HOLE CARDS ***
Joe_Carlos: folds 
Pippa83: raises $1.20 to $2.20
KarP93: folds 
whlzor: folds 
Trente666: folds 
jayjay90: folds 
Uncalled bet ($1.20) returned to Pippa83
Pippa83 collected $2.50 from pot
Pippa83: doesn't show hand 
*** SUMMARY ***
Total pot $2.50 | Rake $0 
Seat 1: Pippa83 collected ($2.50)
Seat 2: KarP93 folded before Flop (didn't bet)
Seat 3: whlzor (button) folded before Flop (didn't bet)
Seat 4: Trente666 (small blind) folded before Flop
Seat 5: jayjay90 (big blind) folded before Flop
Seat 6: Joe_Carlos folded before Flop (didn't bet)



PokerStars Hand #254702722213:  Hold'em No Limit ($0.50/$1.00 USD) - 2025/02/04 14:44:04 WET [2025/02/04 9:44:04 ET]
Table 'Isolda' 6-max Seat #4 is the button
Seat 1: Pippa83 ($125.07 in chips) 
Seat 2: KarP93 ($100 in chips) 
Seat 3: whlzor ($100 in chips) 
Seat 4: Trente666 ($29.85 in chips) 
Seat 5: jayjay90 ($94.19 in chips) 
Seat 6: Joe_Carlos ($48.10 in chips) 
jayjay90: posts small blind $0.50
Joe_Carlos: posts big blind $1
*** HOLE CARDS ***
Pippa83: folds 
KarP93: folds 
whlzor: raises $2 to $3
Trente666: folds 
jayjay90: folds 
Joe_Carlos: calls $2
*** FLOP *** [9c 9h 7d]
Joe_Carlos: checks 
whlzor: bets $2.04
Joe_Carlos: folds 
Uncalled bet ($2.04) returned to whlzor
whlzor collected $6.18 from pot
whlzor: doesn't show hand 
*** SUMMARY ***
Total pot $6.50 | Rake $0.32 
Board [9c 9h 7d]
Seat 1: Pippa83 folded before Flop (didn't bet)
Seat 2: KarP93 folded before Flop (didn't bet)
Seat 3: whlzor collected ($6.18)
Seat 4: Trente666 (button) folded before Flop (didn't bet)
Seat 5: jayjay90 (small blind) folded before Flop
Seat 6: Joe_Carlos (big blind) folded on the Flop



PokerStars Hand #254702730728:  Hold'em No Limit ($0.50/$1.00 USD) - 2025/02/04 14:44:50 WET [2025/02/04 9:44:50 ET]
Table 'Isolda' 6-max Seat #5 is the button
Seat 1: Pippa83 ($125.07 in chips) 
Seat 2: KarP93 ($100 in chips) 
Seat 3: whlzor ($103.18 in chips) 
Seat 4: Trente666 ($29.85 in chips) 
Seat 5: jayjay90 ($93.69 in chips) 
Seat 6: Joe_Carlos ($45.10 in chips) 
Joe_Carlos: posts small blind $0.50
Pippa83: posts big blind $1
*** HOLE CARDS ***
KarP93: folds 
whlzor: folds 
Trente666: calls $1
jayjay90: folds 
Joe_Carlos: folds 
Pippa83: checks 
*** FLOP *** [7c 9h 9c]
Pippa83: checks 
Trente666: checks 
*** TURN *** [7c 9h 9c] [Jd]
Pippa83: checks 
Trente666: checks 
*** RIVER *** [7c 9h 9c Jd] [3d]
Pippa83: bets $1.50
Trente666: calls $1.50
*** SHOW DOWN ***
Pippa83: shows [6d 7d] (two pair, Nines and Sevens)
Trente666: mucks hand 
Pippa83 collected $5.22 from pot
*** SUMMARY ***
Total pot $5.50 | Rake $0.28 
Board [7c 9h 9c Jd 3d]
Seat 1: Pippa83 (big blind) showed [6d 7d] and won ($5.22) with two pair, Nines and Sevens
Seat 2: KarP93 folded before Flop (didn't bet)
Seat 3: whlzor folded before Flop (didn't bet)
Seat 4: Trente666 mucked
Seat 5: jayjay90 (button) folded before Flop (didn't bet)
Seat 6: Joe_Carlos (small blind) folded before Flop



PokerStars Hand #254702739998:  Hold'em No Limit ($0.50/$1.00 USD) - 2025/02/04 14:45:40 WET [2025/02/04 9:45:40 ET]
Table 'Isolda' 6-max Seat #6 is the button
Seat 1: Pippa83 ($127.79 in chips) 
Seat 2: KarP93 ($100 in chips) 
Seat 3: whlzor ($103.18 in chips) 
Seat 4: Trente666 ($27.35 in chips) 
Seat 5: jayjay90 ($93.69 in chips) 
Seat 6: Joe_Carlos ($44.60 in chips) 
Pippa83: posts small blind $0.50
KarP93: posts big blind $1
*** HOLE CARDS ***
whlzor: folds 
Trente666: calls $1
jayjay90: folds 
Joe_Carlos: folds 
Pippa83: calls $0.50
KarP93: raises $5 to $6
Trente666: calls $5
Pippa83: folds 
*** FLOP *** [9s 4d 8h]
KarP93: checks 
Trente666: checks 
*** TURN *** [9s 4d 8h] [Tc]
KarP93: bets $9.26
Trente666: raises $12.09 to $21.35 and is all-in
KarP93: calls $12.09
*** RIVER *** [9s 4d 8h Tc] [6h]
*** SHOW DOWN ***
KarP93: shows [Ac Th] (a pair of Tens)
Trente666: shows [7c 6c] (a straight, Six to Ten)
Trente666 collected $53.20 from pot
*** SUMMARY ***
Total pot $55.70 | Rake $2.50 
Board [9s 4d 8h Tc 6h]
Seat 1: Pippa83 (small blind) folded before Flop
Seat 2: KarP93 (big blind) showed [Ac Th] and lost with a pair of Tens
Seat 3: whlzor folded before Flop (didn't bet)
Seat 4: Trente666 showed [7c 6c] and won ($53.20) with a straight, Six to Ten
Seat 5: jayjay90 folded before Flop (didn't bet)
Seat 6: Joe_Carlos (button) folded before Flop (didn't bet)



PokerStars Hand #254702748401:  Hold'em No Limit ($0.50/$1.00 USD) - 2025/02/04 14:46:26 WET [2025/02/04 9:46:26 ET]
Table 'Isolda' 6-max Seat #1 is the button
Seat 1: Pippa83 ($126.79 in chips) 
Seat 2: KarP93 ($100 in chips) 
Seat 3: whlzor ($103.18 in chips) 
Seat 4: Trente666 ($53.20 in chips) 
Seat 5: jayjay90 ($93.69 in chips) 
Seat 6: Joe_Carlos ($44.60 in chips) 
KarP93: posts small blind $0.50
whlzor: posts big blind $1
*** HOLE CARDS ***
Trente666: calls $1
jayjay90: folds 
Joe_Carlos: folds 
Pippa83: raises $2.50 to $3.50
KarP93: folds 
whlzor: calls $2.50
Trente666: calls $2.50
*** FLOP *** [6s 3c 8s]
whlzor: checks 
Trente666: checks 
Pippa83: bets $5
whlzor: calls $5
Trente666: folds 
*** TURN *** [6s 3c 8s] [8h]
whlzor: checks 
Pippa83: checks 
*** RIVER *** [6s 3c 8s 8h] [Kd]
whlzor: bets $15
Pippa83: raises $30 to $45
whlzor: calls $30
*** SHOW DOWN ***
Pippa83: shows [Ac 8c] (three of a kind, Eights)
whlzor: shows [8d Ad] (three of a kind, Eights)
whlzor collected $54.25 from pot
Pippa83 collected $54.25 from pot
*** SUMMARY ***
Total pot $111 | Rake $2.50 
Board [6s 3c 8s 8h Kd]
Seat 1: Pippa83 (button) showed [Ac 8c] and won ($54.25) with three of a kind, Eights
Seat 2: KarP93 (small blind) folded before Flop
Seat 3: whlzor (big blind) showed [8d Ad] and won ($54.25) with three of a kind, Eights
Seat 4: Trente666 folded on the Flop
Seat 5: jayjay90 folded before Flop (didn't bet)
Seat 6: Joe_Carlos folded before Flop (didn't bet)



PokerStars Hand #254702767581:  Hold'em No Limit ($0.50/$1.00 USD) - 2025/02/04 14:48:10 WET [2025/02/04 9:48:10 ET]
Table 'Isolda' 6-max Seat #2 is the button
Seat 1: Pippa83 ($127.54 in chips) 
Seat 2: KarP93 ($100 in chips) 
Seat 3: whlzor ($103.93 in chips) 
Seat 4: Trente666 ($49.70 in chips) 
Seat 5: jayjay90 ($93.69 in chips) 
Seat 6: Joe_Carlos ($44.60 in chips) 
whlzor: posts small blind $0.50
Trente666: posts big blind $1
*** HOLE CARDS ***
jayjay90: folds 
Joe_Carlos: folds 
Pippa83: raises $1.50 to $2.50
KarP93: folds 
whlzor: raises $8.50 to $11
Trente666: folds 
Pippa83: folds 
Uncalled bet ($8.50) returned to whlzor
whlzor collected $6 from pot
whlzor: doesn't show hand 
*** SUMMARY ***
Total pot $6 | Rake $0 
Seat 1: Pippa83 folded before Flop
Seat 2: KarP93 (button) folded before Flop (didn't bet)
Seat 3: whlzor (small blind) collected ($6)
Seat 4: Trente666 (big blind) folded before Flop
Seat 5: jayjay90 folded before Flop (didn't bet)
Seat 6: Joe_Carlos folded before Flop (didn't bet)



PokerStars Hand #254702772398:  Hold'em No Limit ($0.50/$1.00 USD) - 2025/02/04 14:48:35 WET [2025/02/04 9:48:35 ET]
Table 'Isolda' 6-max Seat #3 is the button
Seat 1: Pippa83 ($125.04 in chips) 
Seat 2: KarP93 ($100 in chips) 
Seat 3: whlzor ($107.43 in chips) 
Seat 4: Trente666 ($48.70 in chips) 
Seat 5: jayjay90 ($93.69 in chips) 
Seat 6: Joe_Carlos ($44.60 in chips) 
Trente666: posts small blind $0.50
jayjay90: posts big blind $1
*** HOLE CARDS ***
Joe_Carlos: folds 
Pippa83: raises $1.20 to $2.20
KarP93: folds 
whlzor: folds 
Trente666: calls $1.70
jayjay90: folds 
*** FLOP *** [Js Ad 3c]
Trente666: checks 
Pippa83: bets $3.85
Trente666: calls $3.85
*** TURN *** [Js Ad 3c] [9s]
Trente666: checks 
Pippa83: bets $9.33
Trente666: folds 
Uncalled bet ($9.33) returned to Pippa83
Pippa83 collected $12.44 from pot
Pippa83: doesn't show hand 
*** SUMMARY ***
Total pot $13.10 | Rake $0.66 
Board [Js Ad 3c 9s]
Seat 1: Pippa83 collected ($12.44)
Seat 2: KarP93 folded before Flop (didn't bet)
Seat 3: whlzor (button) folded before Flop (didn't bet)
Seat 4: Trente666 (small blind) folded on the Turn
Seat 5: jayjay90 (big blind) folded before Flop
Seat 6: Joe_Carlos folded before Flop (didn't bet)



PokerStars Hand #254702781663:  Hold'em No Limit ($0.50/$1.00 USD) - 2025/02/04 14:49:25 WET [2025/02/04 9:49:25 ET]
Table 'Isolda' 6-max Seat #4 is the button
Seat 1: Pippa83 ($131.43 in chips) 
Seat 2: KarP93 ($100 in chips) 
Seat 3: whlzor ($107.43 in chips) 
Seat 4: Trente666 ($42.65 in chips) 
Seat 5: jayjay90 ($92.69 in chips) 
Seat 6: Joe_Carlos ($44.60 in chips) 
jayjay90: posts small blind $0.50
Joe_Carlos: posts big blind $1
*** HOLE CARDS ***
Pippa83: folds 
KarP93: folds 
whlzor: folds 
Trente666: folds 
jayjay90: raises $2 to $3
Joe_Carlos: folds 
Uncalled bet ($2) returned to jayjay90
jayjay90 collected $2 from pot
jayjay90: doesn't show hand 
*** SUMMARY ***
Total pot $2 | Rake $0 
Seat 1: Pippa83 folded before Flop (didn't bet)
Seat 2: KarP93 folded before Flop (didn't bet)
Seat 3: whlzor folded before Flop (didn't bet)
Seat 4: Trente666 (button) folded before Flop (didn't bet)
Seat 5: jayjay90 (small blind) collected ($2)
Seat 6: Joe_Carlos (big blind) folded before Flop



PokerStars Hand #254702787697:  Hold'em No Limit ($0.50/$1.00 USD) - 2025/02/04 14:49:57 WET [2025/02/04 9:49:57 ET]
Table 'Isolda' 6-max Seat #5 is the button
Seat 1: Pippa83 ($131.43 in chips) 
Seat 2: KarP93 ($100 in chips) 
Seat 3: whlzor ($107.43 in chips) 
Seat 4: Trente666 ($42.65 in chips) 
Seat 5: jayjay90 ($93.69 in chips) 
Seat 6: Joe_Carlos ($43.60 in chips) 
Joe_Carlos: posts small blind $0.50
Pippa83: posts big blind $1
*** HOLE CARDS ***
KarP93: folds 
whlzor: raises $1.50 to $2.50
Trente666: folds 
jayjay90: folds 
Joe_Carlos: folds 
Pippa83: folds 
Uncalled bet ($1.50) returned to whlzor
whlzor collected $2.50 from pot
whlzor: doesn't show hand 
*** SUMMARY ***
Total pot $2.50 | Rake $0 
Seat 1: Pippa83 (big blind) folded before Flop
Seat 2: KarP93 folded before Flop (didn't bet)
Seat 3: whlzor collected ($2.50)
Seat 4: Trente666 folded before Flop (didn't bet)
Seat 5: jayjay90 (button) folded before Flop (didn't bet)
Seat 6: Joe_Carlos (small blind) folded before Flop



PokerStars Hand #254702792209:  Hold'em No Limit ($0.50/$1.00 USD) - 2025/02/04 14:50:22 WET [2025/02/04 9:50:22 ET]
Table 'Isolda' 6-max Seat #6 is the button
Seat 1: Pippa83 ($130.43 in chips) 
Seat 2: KarP93 ($100 in chips) 
Seat 3: whlzor ($108.93 in chips) 
Seat 4: Trente666 ($42.65 in chips) 
Seat 5: jayjay90 ($100 in chips) 
Seat 6: Joe_Carlos ($43.10 in chips) 
Pippa83: posts small blind $0.50
KarP93: posts big blind $1
*** HOLE CARDS ***
whlzor: folds 
Trente666: calls $1
jayjay90: raises $1.25 to $2.25
Joe_Carlos: raises $4.50 to $6.75
Pippa83: folds 
KarP93: folds 
Trente666: calls $5.75
jayjay90: folds 
*** FLOP *** [9d Ad Jh]
Trente666: bets $35.90 and is all-in
Joe_Carlos: calls $35.90
*** TURN *** [9d Ad Jh] [Th]
*** RIVER *** [9d Ad Jh Th] [9c]
*** SHOW DOWN ***
Trente666: shows [Ac 5d] (two pair, Aces and Nines)
Joe_Carlos: shows [Qd Jd] (two pair, Jacks and Nines)
Trente666 collected $86.55 from pot
*** SUMMARY ***
Total pot $89.05 | Rake $2.50 
Board [9d Ad Jh Th 9c]
Seat 1: Pippa83 (small blind) folded before Flop
Seat 2: KarP93 (big blind) folded before Flop
Seat 3: whlzor folded before Flop (didn't bet)
Seat 4: Trente666 showed [Ac 5d] and won ($86.55) with two pair, Aces and Nines
Seat 5: jayjay90 folded before Flop
Seat 6: Joe_Carlos (button) showed [Qd Jd] and lost with two pair, Jacks and Nines



PokerStars Hand #254702803843:  Hold'em No Limit ($0.50/$1.00 USD) - 2025/02/04 14:51:23 WET [2025/02/04 9:51:23 ET]
Table 'Isolda' 6-max Seat #1 is the button
Seat 6: Joe_Carlos ($0.45 in chips) is sitting out
Seat 1: Pippa83 ($129.93 in chips) 
Seat 2: KarP93 ($100 in chips) 
Seat 3: whlzor ($108.93 in chips) 
Seat 4: Trente666 ($86.55 in chips) 
Seat 5: jayjay90 ($100 in chips) 
KarP93: posts small blind $0.50
whlzor: posts big blind $1
*** HOLE CARDS ***
Trente666: folds 
jayjay90: folds 
Pippa83: folds 
KarP93: folds 
Uncalled bet ($0.50) returned to whlzor
whlzor collected $1 from pot
whlzor: doesn't show hand 
*** SUMMARY ***
Total pot $1 | Rake $0 
Seat 6: Joe_Carlos
Seat 1: Pippa83 (button) folded before Flop (didn't bet)
Seat 2: KarP93 (small blind) folded before Flop
Seat 3: whlzor (big blind) collected ($1)
Seat 4: Trente666 folded before Flop (didn't bet)
Seat 5: jayjay90 folded before Flop (didn't bet)



PokerStars Hand #254702806055:  Hold'em No Limit ($0.50/$1.00 USD) - 2025/02/04 14:51:35 WET [2025/02/04 9:51:35 ET]
Table 'Isolda' 6-max Seat #2 is the button
Seat 1: Pippa83 ($129.93 in chips) 
Seat 2: KarP93 ($100 in chips) 
Seat 3: whlzor ($109.43 in chips) 
Seat 4: Trente666 ($86.55 in chips) 
Seat 5: jayjay90 ($100 in chips) 
Seat 6: Joe_Carlos ($40.45 in chips) 
whlzor: posts small blind $0.50
Trente666: posts big blind $1
*** HOLE CARDS ***
jayjay90: folds 
Joe_Carlos: raises $1.50 to $2.50
Pippa83: folds 
KarP93: folds 
whlzor: folds 
Trente666: calls $1.50
*** FLOP *** [6c Kd Kc]
Trente666: checks 
Joe_Carlos: checks 
*** TURN *** [6c Kd Kc] [Ts]
Trente666: checks 
Joe_Carlos: bets $3.92
Trente666: calls $3.92
*** RIVER *** [6c Kd Kc Ts] [Qs]
Trente666: checks 
Joe_Carlos: checks 
*** SHOW DOWN ***
Trente666: shows [2d 2h] (two pair, Kings and Deuces)
Joe_Carlos: mucks hand 
Trente666 collected $12.67 from pot
*** SUMMARY ***
Total pot $13.34 | Rake $0.67 
Board [6c Kd Kc Ts Qs]
Seat 1: Pippa83 folded before Flop (didn't bet)
Seat 2: KarP93 (button) folded before Flop (didn't bet)
Seat 3: whlzor (small blind) folded before Flop
Seat 4: Trente666 (big blind) showed [2d 2h] and won ($12.67) with two pair, Kings and Deuces
Seat 5: jayjay90 folded before Flop (didn't bet)
Seat 6: Joe_Carlos mucked



PokerStars Hand #254702814826:  Hold'em No Limit ($0.50/$1.00 USD) - 2025/02/04 14:52:22 WET [2025/02/04 9:52:22 ET]
Table 'Isolda' 6-max Seat #3 is the button
Seat 1: Pippa83 ($129.93 in chips) 
Seat 2: KarP93 ($100 in chips) 
Seat 3: whlzor ($108.93 in chips) 
Seat 4: Trente666 ($92.80 in chips) 
Seat 5: jayjay90 ($100 in chips) 
Seat 6: Joe_Carlos ($34.03 in chips) 
Trente666: posts small blind $0.50
jayjay90: posts big blind $1
*** HOLE CARDS ***
Joe_Carlos: folds 
Pippa83: folds 
KarP93: folds 
whlzor: folds 
Trente666: folds 
Uncalled bet ($0.50) returned to jayjay90
jayjay90 collected $1 from pot
jayjay90: doesn't show hand 
*** SUMMARY ***
Total pot $1 | Rake $0 
Seat 1: Pippa83 folded before Flop (didn't bet)
Seat 2: KarP93 folded before Flop (didn't bet)
Seat 3: whlzor (button) folded before Flop (didn't bet)
Seat 4: Trente666 (small blind) folded before Flop
Seat 5: jayjay90 (big blind) collected ($1)
Seat 6: Joe_Carlos folded before Flop (didn't bet)



PokerStars Hand #254702816877:  Hold'em No Limit ($0.50/$1.00 USD) - 2025/02/04 14:52:33 WET [2025/02/04 9:52:33 ET]
Table 'Isolda' 6-max Seat #4 is the button
Seat 1: Pippa83 ($129.93 in chips) 
Seat 2: KarP93 ($100 in chips) 
Seat 3: whlzor ($108.93 in chips) 
Seat 4: Trente666 ($92.30 in chips) 
Seat 5: jayjay90 ($100.50 in chips) 
Seat 6: Joe_Carlos ($34.03 in chips) 
jayjay90: posts small blind $0.50
Joe_Carlos: posts big blind $1
*** HOLE CARDS ***
Pippa83: folds 
KarP93: folds 
whlzor: raises $2 to $3
Trente666: folds 
jayjay90: folds 
Joe_Carlos: folds 
Uncalled bet ($2) returned to whlzor
whlzor collected $2.50 from pot
whlzor: doesn't show hand 
*** SUMMARY ***
Total pot $2.50 | Rake $0 
Seat 1: Pippa83 folded before Flop (didn't bet)
Seat 2: KarP93 folded before Flop (didn't bet)
Seat 3: whlzor collected ($2.50)
Seat 4: Trente666 (button) folded before Flop (didn't bet)
Seat 5: jayjay90 (small blind) folded before Flop
Seat 6: Joe_Carlos (big blind) folded before Flop



PokerStars Hand #254702820116:  Hold'em No Limit ($0.50/$1.00 USD) - 2025/02/04 14:52:50 WET [2025/02/04 9:52:50 ET]
Table 'Isolda' 6-max Seat #5 is the button
Seat 1: Pippa83 ($129.93 in chips) 
Seat 2: KarP93 ($100 in chips) 
Seat 3: whlzor ($110.43 in chips) 
Seat 4: Trente666 ($92.30 in chips) 
Seat 5: jayjay90 ($100 in chips) 
Seat 6: Joe_Carlos ($33.03 in chips) 
Joe_Carlos: posts small blind $0.50
Pippa83: posts big blind $1
*** HOLE CARDS ***
KarP93: folds 
whlzor: folds 
Trente666: folds 
jayjay90: folds 
Joe_Carlos: raises $2 to $3
Pippa83: folds 
Uncalled bet ($2) returned to Joe_Carlos
Trente666 leaves the table
Joe_Carlos collected $2 from pot
Joe_Carlos: doesn't show hand 
*** SUMMARY ***
Total pot $2 | Rake $0 
Seat 1: Pippa83 (big blind) folded before Flop
Seat 2: KarP93 folded before Flop (didn't bet)
Seat 3: whlzor folded before Flop (didn't bet)
Seat 4: Trente666 folded before Flop (didn't bet)
Seat 5: jayjay90 (button) folded before Flop (didn't bet)
Seat 6: Joe_Carlos (small blind) collected ($2)



PokerStars Hand #254702619555:  Hold'em No Limit ($0.50/$1.00 USD) - 2025/02/04 14:34:37 WET [2025/02/04 9:34:37 ET]
Table 'Isolda' 6-max Seat #2 is the button
Seat 1: Pon4uk.ua ($110.57 in chips) 
Seat 2: treidei3 ($114.49 in chips) 
Seat 4: BGS013 ($107.29 in chips) 
Seat 5: CashfishT ($100 in chips) 
Seat 6: Joe_Carlos ($38.50 in chips) 
BGS013: posts small blind $0.50
CashfishT: posts big blind $1
*** HOLE CARDS ***
Joe_Carlos: folds 
Pon4uk.ua: folds 
treidei3: raises $1.20 to $2.20
BGS013: folds 
CashfishT: calls $1.20
*** FLOP *** [Ts Qd Kd]
CashfishT: checks 
treidei3: bets $1.54
CashfishT: calls $1.54
*** TURN *** [Ts Qd Kd] [8d]
CashfishT: checks 
treidei3: bets $5.69
CashfishT: folds 
Uncalled bet ($5.69) returned to treidei3
treidei3 collected $7.58 from pot
treidei3: doesn't show hand 
*** SUMMARY ***
Total pot $7.98 | Rake $0.40 
Board [Ts Qd Kd 8d]
Seat 1: Pon4uk.ua folded before Flop (didn't bet)
Seat 2: treidei3 (button) collected ($7.58)
Seat 4: BGS013 (small blind) folded before Flop
Seat 5: CashfishT (big blind) folded on the Turn
Seat 6: Joe_Carlos folded before Flop (didn't bet)



PokerStars Hand #254702637798:  Hold'em No Limit ($0.50/$1.00 USD) - 2025/02/04 14:36:20 WET [2025/02/04 9:36:20 ET]
Table 'Isolda' 6-max Seat #4 is the button
Seat 1: Pon4uk.ua ($110.57 in chips) 
Seat 2: treidei3 ($118.33 in chips) 
Seat 4: BGS013 ($106.79 in chips) 
Seat 5: CashfishT ($100 in chips) 
Seat 6: Joe_Carlos ($38.50 in chips) 
CashfishT: posts small blind $0.50
Joe_Carlos: posts big blind $1
*** HOLE CARDS ***
Pon4uk.ua: folds 
treidei3: raises $1.20 to $2.20
BGS013: folds 
CashfishT: folds 
Joe_Carlos: folds 
Uncalled bet ($1.20) returned to treidei3
treidei3 collected $2.50 from pot
treidei3: doesn't show hand 
*** SUMMARY ***
Total pot $2.50 | Rake $0 
Seat 1: Pon4uk.ua folded before Flop (didn't bet)
Seat 2: treidei3 collected ($2.50)
Seat 4: BGS013 (button) folded before Flop (didn't bet)
Seat 5: CashfishT (small blind) folded before Flop
Seat 6: Joe_Carlos (big blind) folded before Flop



PokerStars Hand #254702641764:  Hold'em No Limit ($0.50/$1.00 USD) - 2025/02/04 14:36:42 WET [2025/02/04 9:36:42 ET]
Table 'Isolda' 6-max Seat #5 is the button
Seat 1: Pon4uk.ua ($110.57 in chips) 
Seat 2: treidei3 ($119.83 in chips) 
Seat 4: BGS013 ($106.79 in chips) 
Seat 5: CashfishT ($100 in chips) 
Seat 6: Joe_Carlos ($37.50 in chips) 
Joe_Carlos: posts small blind $0.50
Pon4uk.ua: posts big blind $1
*** HOLE CARDS ***
treidei3: folds 
BGS013: folds 
CashfishT: folds 
BGS013 leaves the table
Joe_Carlos: folds 
Uncalled bet ($0.50) returned to Pon4uk.ua
Pon4uk.ua collected $1 from pot
Pon4uk.ua: doesn't show hand 
*** SUMMARY ***
Total pot $1 | Rake $0 
Seat 1: Pon4uk.ua (big blind) collected ($1)
Seat 2: treidei3 folded before Flop (didn't bet)
Seat 4: BGS013 folded before Flop (didn't bet)
Seat 5: CashfishT (button) folded before Flop (didn't bet)
Seat 6: Joe_Carlos (small blind) folded before Flop



PokerStars Hand #254702643702:  Hold'em No Limit ($0.50/$1.00 USD) - 2025/02/04 14:36:53 WET [2025/02/04 9:36:53 ET]
Table 'Isolda' 6-max Seat #6 is the button
Seat 2: treidei3 ($119.83 in chips) is sitting out
Seat 1: Pon4uk.ua ($111.07 in chips) 
Seat 5: CashfishT ($100 in chips) 
Seat 6: Joe_Carlos ($37 in chips) 
Pon4uk.ua: posts small blind $0.50
treidei3: is sitting out 
CashfishT: posts big blind $1
*** HOLE CARDS ***
Joe_Carlos: folds 
treidei3 leaves the table
Pon4uk.ua: calls $0.50
CashfishT: checks 
*** FLOP *** [Kh 4s 6h]
Pon4uk.ua: bets $1
CashfishT: folds 
Uncalled bet ($1) returned to Pon4uk.ua
Pon4uk.ua collected $1.90 from pot
Pon4uk.ua: doesn't show hand 
*** SUMMARY ***
Total pot $2 | Rake $0.10 
Board [Kh 4s 6h]
Seat 2: treidei3
Seat 1: Pon4uk.ua (small blind) collected ($1.90)
Seat 5: CashfishT (big blind) folded on the Flop
Seat 6: Joe_Carlos (button) folded before Flop (didn't bet)



PokerStars Hand #254702647122:  Hold'em No Limit ($0.50/$1.00 USD) - 2025/02/04 14:37:11 WET [2025/02/04 9:37:11 ET]
Table 'Isolda' 6-max Seat #1 is the button
Seat 1: Pon4uk.ua ($111.97 in chips) 
Seat 5: CashfishT ($100 in chips) 
Seat 6: Joe_Carlos ($37 in chips) 
CashfishT: posts small blind $0.50
Joe_Carlos: posts big blind $1
*** HOLE CARDS ***
Pon4uk.ua: folds 
CashfishT: folds 
Uncalled bet ($0.50) returned to Joe_Carlos
Joe_Carlos collected $1 from pot
Joe_Carlos: doesn't show hand 
*** SUMMARY ***
Total pot $1 | Rake $0 
Seat 1: Pon4uk.ua (button) folded before Flop (didn't bet)
Seat 5: CashfishT (small blind) folded before Flop
Seat 6: Joe_Carlos (big blind) collected ($1)



PokerStars Hand #254702847546:  Hold'em No Limit ($0.50/$1.00 USD) - 2025/02/04 14:55:17 WET [2025/02/04 9:55:17 ET]
Table 'Isolda' 6-max Seat #4 is the button
Seat 3: Pon4uk.ua ($107.95 in chips) is sitting out
Seat 1: Pippa83 ($129.93 in chips) 
Seat 2: KarP93 ($100 in chips) 
Seat 4: XKTTBOBV11 ($8.50 in chips) 
Seat 5: jayjay90 ($99 in chips) 
Seat 6: Joe_Carlos ($49.27 in chips) 
jayjay90: posts small blind $0.50
Joe_Carlos: posts big blind $1
Pon4uk.ua: sits out 
*** HOLE CARDS ***
Pippa83: raises $1.20 to $2.20
KarP93: folds 
XKTTBOBV11: folds 
jayjay90: raises $9.40 to $11.60
Joe_Carlos: folds 
Pippa83: calls $9.40
*** FLOP *** [Jc 2s Kc]
jayjay90: bets $7.59
Pippa83: calls $7.59
*** TURN *** [Jc 2s Kc] [6d]
jayjay90: bets $18.71
Pippa83: calls $18.71
*** RIVER *** [Jc 2s Kc 6d] [Qh]
jayjay90: bets $61.10 and is all-in
Pippa83: folds 
Uncalled bet ($61.10) returned to jayjay90
jayjay90 collected $74.30 from pot
jayjay90: doesn't show hand 
*** SUMMARY ***
Total pot $76.80 | Rake $2.50 
Board [Jc 2s Kc 6d Qh]
Seat 3: Pon4uk.ua
Seat 1: Pippa83 folded on the River
Seat 2: KarP93 folded before Flop (didn't bet)
Seat 4: XKTTBOBV11 (button) folded before Flop (didn't bet)
Seat 5: jayjay90 (small blind) collected ($74.30)
Seat 6: Joe_Carlos (big blind) folded before Flop



PokerStars Hand #254702861675:  Hold'em No Limit ($0.50/$1.00 USD) - 2025/02/04 14:56:51 WET [2025/02/04 9:56:51 ET]
Table 'Isolda' 6-max Seat #5 is the button
Seat 3: Pon4uk.ua ($107.95 in chips) is sitting out
Seat 1: Pippa83 ($100 in chips) 
Seat 2: KarP93 ($100 in chips) 
Seat 4: XKTTBOBV11 ($20.50 in chips) 
Seat 5: jayjay90 ($135.40 in chips) 
Seat 6: Joe_Carlos ($48.27 in chips) 
Joe_Carlos: posts small blind $0.50
Pippa83: posts big blind $1
Pon4uk.ua: sits out 
*** HOLE CARDS ***
KarP93: folds 
XKTTBOBV11: folds 
jayjay90: folds 
Joe_Carlos: folds 
Uncalled bet ($0.50) returned to Pippa83
Pippa83 collected $1 from pot
Pippa83: doesn't show hand 
*** SUMMARY ***
Total pot $1 | Rake $0 
Seat 3: Pon4uk.ua
Seat 1: Pippa83 (big blind) collected ($1)
Seat 2: KarP93 folded before Flop (didn't bet)
Seat 4: XKTTBOBV11 folded before Flop (didn't bet)
Seat 5: jayjay90 (button) folded before Flop (didn't bet)
Seat 6: Joe_Carlos (small blind) folded before Flop



PokerStars Hand #254702865393:  Hold'em No Limit ($0.50/$1.00 USD) - 2025/02/04 14:57:15 WET [2025/02/04 9:57:15 ET]
Table 'Isolda' 6-max Seat #6 is the button
Seat 3: Pon4uk.ua ($107.95 in chips) is sitting out
Seat 1: Pippa83 ($100.50 in chips) 
Seat 2: KarP93 ($100 in chips) 
Seat 4: XKTTBOBV11 ($20.50 in chips) 
Seat 5: jayjay90 ($135.40 in chips) 
Seat 6: Joe_Carlos ($47.77 in chips) 
Pippa83: posts small blind $0.50
KarP93: posts big blind $1
Pon4uk.ua: sits out 
*** HOLE CARDS ***
XKTTBOBV11: folds 
jayjay90: folds 
Joe_Carlos: raises $1.50 to $2.50
Pippa83: folds 
KarP93: calls $1.50
*** FLOP *** [5d 9s 3s]
KarP93: checks 
Joe_Carlos: bets $1.72
KarP93: calls $1.72
*** TURN *** [5d 9s 3s] [3c]
KarP93: checks 
Joe_Carlos: bets $6.37
KarP93: folds 
Uncalled bet ($6.37) returned to Joe_Carlos
Joe_Carlos collected $8.49 from pot
Joe_Carlos: doesn't show hand 
*** SUMMARY ***
Total pot $8.94 | Rake $0.45 
Board [5d 9s 3s 3c]
Seat 3: Pon4uk.ua
Seat 1: Pippa83 (small blind) folded before Flop
Seat 2: KarP93 (big blind) folded on the Turn
Seat 4: XKTTBOBV11 folded before Flop (didn't bet)
Seat 5: jayjay90 folded before Flop (didn't bet)
Seat 6: Joe_Carlos (button) collected ($8.49)



PokerStars Hand #254702872388:  Hold'em No Limit ($0.50/$1.00 USD) - 2025/02/04 14:58:01 WET [2025/02/04 9:58:01 ET]
Table 'Isolda' 6-max Seat #1 is the button
Seat 1: Pippa83 ($100 in chips) 
Seat 2: KarP93 ($100 in chips) 
Seat 3: Pon4uk.ua ($107.95 in chips) 
Seat 4: XKTTBOBV11 ($20.50 in chips) 
Seat 5: jayjay90 ($135.40 in chips) 
Seat 6: Joe_Carlos ($52.04 in chips) 
KarP93: posts small blind $0.50
Pon4uk.ua: posts big blind $1
*** HOLE CARDS ***
XKTTBOBV11: folds 
jayjay90: folds 
Joe_Carlos: folds 
Pippa83: raises $1.50 to $2.50
KarP93: folds 
Pon4uk.ua: folds 
Uncalled bet ($1.50) returned to Pippa83
Pippa83 collected $2.50 from pot
Pippa83: doesn't show hand 
*** SUMMARY ***
Total pot $2.50 | Rake $0 
Seat 1: Pippa83 (button) collected ($2.50)
Seat 2: KarP93 (small blind) folded before Flop
Seat 3: Pon4uk.ua (big blind) folded before Flop
Seat 4: XKTTBOBV11 folded before Flop (didn't bet)
Seat 5: jayjay90 folded before Flop (didn't bet)
Seat 6: Joe_Carlos folded before Flop (didn't bet)



PokerStars Hand #254702874783:  Hold'em No Limit ($0.50/$1.00 USD) - 2025/02/04 14:58:16 WET [2025/02/04 9:58:16 ET]
Table 'Isolda' 6-max Seat #2 is the button
Seat 1: Pippa83 ($101.50 in chips) 
Seat 2: KarP93 ($100 in chips) 
Seat 3: Pon4uk.ua ($106.95 in chips) 
Seat 4: XKTTBOBV11 ($20.50 in chips) 
Seat 5: jayjay90 ($135.40 in chips) 
Seat 6: Joe_Carlos ($52.04 in chips) 
Pon4uk.ua: posts small blind $0.50
XKTTBOBV11: posts big blind $1
*** HOLE CARDS ***
jayjay90: folds 
Joe_Carlos: folds 
Pippa83: folds 
KarP93: raises $1.50 to $2.50
Pon4uk.ua: folds 
XKTTBOBV11: folds 
Uncalled bet ($1.50) returned to KarP93
KarP93 collected $2.50 from pot
KarP93: doesn't show hand 
*** SUMMARY ***
Total pot $2.50 | Rake $0 
Seat 1: Pippa83 folded before Flop (didn't bet)
Seat 2: KarP93 (button) collected ($2.50)
Seat 3: Pon4uk.ua (small blind) folded before Flop
Seat 4: XKTTBOBV11 (big blind) folded before Flop
Seat 5: jayjay90 folded before Flop (didn't bet)
Seat 6: Joe_Carlos folded before Flop (didn't bet)



PokerStars Hand #254702879658:  Hold'em No Limit ($0.50/$1.00 USD) - 2025/02/04 14:58:48 WET [2025/02/04 9:58:48 ET]
Table 'Isolda' 6-max Seat #3 is the button
Seat 1: Pippa83 ($101.50 in chips) 
Seat 2: KarP93 ($101.50 in chips) 
Seat 3: Pon4uk.ua ($106.45 in chips) 
Seat 4: XKTTBOBV11 ($19.50 in chips) 
Seat 5: jayjay90 ($135.40 in chips) 
Seat 6: Joe_Carlos ($52.04 in chips) 
XKTTBOBV11: posts small blind $0.50
jayjay90: posts big blind $1
*** HOLE CARDS ***
Joe_Carlos: raises $1.50 to $2.50
Pippa83: folds 
KarP93: folds 
Pon4uk.ua: folds 
XKTTBOBV11: raises $17 to $19.50 and is all-in
jayjay90: folds 
Joe_Carlos: calls $17
*** FLOP *** [3d Qs 4h]
*** TURN *** [3d Qs 4h] [Qc]
*** RIVER *** [3d Qs 4h Qc] [4c]
*** SHOW DOWN ***
XKTTBOBV11: shows [Jd Jh] (two pair, Queens and Jacks)
Joe_Carlos: shows [Qh Ah] (a full house, Queens full of Fours)
Joe_Carlos collected $38 from pot
XKTTBOBV11 cashed out the hand for $20.22 | Cash Out Fee $0.41
*** SUMMARY ***
Total pot $40 | Rake $2 
Board [3d Qs 4h Qc 4c]
Seat 1: Pippa83 folded before Flop (didn't bet)
Seat 2: KarP93 folded before Flop (didn't bet)
Seat 3: Pon4uk.ua (button) folded before Flop (didn't bet)
Seat 4: XKTTBOBV11 (small blind) showed [Jd Jh] and lost with two pair, Queens and Jacks (cashed out).
Seat 5: jayjay90 (big blind) folded before Flop
Seat 6: Joe_Carlos showed [Qh Ah] and won ($38) with a full house, Queens full of Fours



PokerStars Hand #254702889329:  Hold'em No Limit ($0.50/$1.00 USD) - 2025/02/04 14:59:50 WET [2025/02/04 9:59:50 ET]
Table 'Isolda' 6-max Seat #4 is the button
Seat 1: Pippa83 ($101.50 in chips) 
Seat 2: KarP93 ($101.50 in chips) 
Seat 3: Pon4uk.ua ($106.45 in chips) 
Seat 4: XKTTBOBV11 ($20.22 in chips) 
Seat 5: jayjay90 ($134.40 in chips) 
Seat 6: Joe_Carlos ($70.54 in chips) 
jayjay90: posts small blind $0.50
Joe_Carlos: posts big blind $1
*** HOLE CARDS ***
Pippa83: folds 
KarP93: folds 
Pon4uk.ua: folds 
XKTTBOBV11: raises $1 to $2
jayjay90: folds 
Joe_Carlos: folds 
Uncalled bet ($1) returned to XKTTBOBV11
XKTTBOBV11 collected $2.50 from pot
XKTTBOBV11: doesn't show hand 
*** SUMMARY ***
Total pot $2.50 | Rake $0 
Seat 1: Pippa83 folded before Flop (didn't bet)
Seat 2: KarP93 folded before Flop (didn't bet)
Seat 3: Pon4uk.ua folded before Flop (didn't bet)
Seat 4: XKTTBOBV11 (button) collected ($2.50)
Seat 5: jayjay90 (small blind) folded before Flop
Seat 6: Joe_Carlos (big blind) folded before Flop



PokerStars Hand #254702892383:  Hold'em No Limit ($0.50/$1.00 USD) - 2025/02/04 15:00:10 WET [2025/02/04 10:00:10 ET]
Table 'Isolda' 6-max Seat #5 is the button
Seat 1: Pippa83 ($101.50 in chips) 
Seat 2: KarP93 ($101.50 in chips) 
Seat 3: Pon4uk.ua ($106.45 in chips) 
Seat 4: XKTTBOBV11 ($21.72 in chips) 
Seat 5: jayjay90 ($133.90 in chips) 
Seat 6: Joe_Carlos ($69.54 in chips) 
Joe_Carlos: posts small blind $0.50
Pippa83: posts big blind $1
*** HOLE CARDS ***
KarP93: folds 
Pon4uk.ua: folds 
XKTTBOBV11: folds 
jayjay90: folds 
Joe_Carlos: folds 
Uncalled bet ($0.50) returned to Pippa83
Pippa83 collected $1 from pot
Pippa83: doesn't show hand 
*** SUMMARY ***
Total pot $1 | Rake $0 
Seat 1: Pippa83 (big blind) collected ($1)
Seat 2: KarP93 folded before Flop (didn't bet)
Seat 3: Pon4uk.ua folded before Flop (didn't bet)
Seat 4: XKTTBOBV11 folded before Flop (didn't bet)
Seat 5: jayjay90 (button) folded before Flop (didn't bet)
Seat 6: Joe_Carlos (small blind) folded before Flop



PokerStars Hand #254702894238:  Hold'em No Limit ($0.50/$1.00 USD) - 2025/02/04 15:00:21 WET [2025/02/04 10:00:21 ET]
Table 'Isolda' 6-max Seat #6 is the button
Seat 1: Pippa83 ($102 in chips) 
Seat 2: KarP93 ($101.50 in chips) 
Seat 3: Pon4uk.ua ($106.45 in chips) 
Seat 4: XKTTBOBV11 ($21.72 in chips) 
Seat 5: jayjay90 ($133.90 in chips) 
Seat 6: Joe_Carlos ($69.04 in chips) 
Pippa83: posts small blind $0.50
KarP93: posts big blind $1
*** HOLE CARDS ***
Pon4uk.ua: folds 
XKTTBOBV11: folds 
jayjay90: folds 
Joe_Carlos: folds 
Pippa83: folds 
Uncalled bet ($0.50) returned to KarP93
KarP93 collected $1 from pot
KarP93: doesn't show hand 
*** SUMMARY ***
Total pot $1 | Rake $0 
Seat 1: Pippa83 (small blind) folded before Flop
Seat 2: KarP93 (big blind) collected ($1)
Seat 3: Pon4uk.ua folded before Flop (didn't bet)
Seat 4: XKTTBOBV11 folded before Flop (didn't bet)
Seat 5: jayjay90 folded before Flop (didn't bet)
Seat 6: Joe_Carlos (button) folded before Flop (didn't bet)



PokerStars Hand #254702896296:  Hold'em No Limit ($0.50/$1.00 USD) - 2025/02/04 15:00:34 WET [2025/02/04 10:00:34 ET]
Table 'Isolda' 6-max Seat #1 is the button
Seat 1: Pippa83 ($101.50 in chips) 
Seat 2: KarP93 ($102 in chips) 
Seat 3: Pon4uk.ua ($106.45 in chips) 
Seat 4: XKTTBOBV11 ($21.72 in chips) 
Seat 5: jayjay90 ($133.90 in chips) 
Seat 6: Joe_Carlos ($69.04 in chips) 
KarP93: posts small blind $0.50
Pon4uk.ua: posts big blind $1
*** HOLE CARDS ***
XKTTBOBV11: folds 
jayjay90: raises $1.25 to $2.25
Joe_Carlos: folds 
Pippa83: raises $4.75 to $7
KarP93: folds 
Pon4uk.ua: raises $13 to $20
jayjay90: folds 
Pippa83: folds 
Uncalled bet ($13) returned to Pon4uk.ua
Pon4uk.ua collected $16.75 from pot
Pon4uk.ua: doesn't show hand 
*** SUMMARY ***
Total pot $16.75 | Rake $0 
Seat 1: Pippa83 (button) folded before Flop
Seat 2: KarP93 (small blind) folded before Flop
Seat 3: Pon4uk.ua (big blind) collected ($16.75)
Seat 4: XKTTBOBV11 folded before Flop (didn't bet)
Seat 5: jayjay90 folded before Flop
Seat 6: Joe_Carlos folded before Flop (didn't bet)



PokerStars Hand #254702903606:  Hold'em No Limit ($0.50/$1.00 USD) - 2025/02/04 15:01:15 WET [2025/02/04 10:01:15 ET]
Table 'Isolda' 6-max Seat #2 is the button
Seat 1: Pippa83 ($100 in chips) 
Seat 2: KarP93 ($101.50 in chips) 
Seat 3: Pon4uk.ua ($116.20 in chips) 
Seat 4: XKTTBOBV11 ($21.72 in chips) 
Seat 5: jayjay90 ($131.65 in chips) 
Seat 6: Joe_Carlos ($69.04 in chips) 
Pon4uk.ua: posts small blind $0.50
XKTTBOBV11: posts big blind $1
*** HOLE CARDS ***
jayjay90: folds 
Joe_Carlos: folds 
Pippa83: raises $1.50 to $2.50
KarP93: folds 
Pon4uk.ua: folds 
XKTTBOBV11: folds 
Uncalled bet ($1.50) returned to Pippa83
Pippa83 collected $2.50 from pot
Pippa83: doesn't show hand 
*** SUMMARY ***
Total pot $2.50 | Rake $0 
Seat 1: Pippa83 collected ($2.50)
Seat 2: KarP93 (button) folded before Flop (didn't bet)
Seat 3: Pon4uk.ua (small blind) folded before Flop
Seat 4: XKTTBOBV11 (big blind) folded before Flop
Seat 5: jayjay90 folded before Flop (didn't bet)
Seat 6: Joe_Carlos folded before Flop (didn't bet)



PokerStars Hand #254702908065:  Hold'em No Limit ($0.50/$1.00 USD) - 2025/02/04 15:01:40 WET [2025/02/04 10:01:40 ET]
Table 'Isolda' 6-max Seat #3 is the button
Seat 1: Pippa83 ($101.50 in chips) 
Seat 2: KarP93 ($101.50 in chips) 
Seat 3: Pon4uk.ua ($115.70 in chips) 
Seat 4: XKTTBOBV11 ($20.72 in chips) 
Seat 5: jayjay90 ($131.65 in chips) 
Seat 6: Joe_Carlos ($69.04 in chips) 
XKTTBOBV11: posts small blind $0.50
jayjay90: posts big blind $1
*** HOLE CARDS ***
Joe_Carlos: folds 
Pippa83: folds 
KarP93: raises $1.50 to $2.50
Pon4uk.ua: folds 
XKTTBOBV11: folds 
jayjay90: calls $1.50
*** FLOP *** [8d 2c 3d]
jayjay90: checks 
KarP93: bets $3.92
jayjay90: folds 
Uncalled bet ($3.92) returned to KarP93
KarP93 collected $5.22 from pot
KarP93: doesn't show hand 
*** SUMMARY ***
Total pot $5.50 | Rake $0.28 
Board [8d 2c 3d]
Seat 1: Pippa83 folded before Flop (didn't bet)
Seat 2: KarP93 collected ($5.22)
Seat 3: Pon4uk.ua (button) folded before Flop (didn't bet)
Seat 4: XKTTBOBV11 (small blind) folded before Flop
Seat 5: jayjay90 (big blind) folded on the Flop
Seat 6: Joe_Carlos folded before Flop (didn't bet)



PokerStars Hand #254702913151:  Hold'em No Limit ($0.50/$1.00 USD) - 2025/02/04 15:02:07 WET [2025/02/04 10:02:07 ET]
Table 'Isolda' 6-max Seat #4 is the button
Seat 1: Pippa83 ($101.50 in chips) 
Seat 2: KarP93 ($104.22 in chips) 
Seat 3: Pon4uk.ua ($115.70 in chips) 
Seat 4: XKTTBOBV11 ($20.22 in chips) 
Seat 5: jayjay90 ($129.15 in chips) 
Seat 6: Joe_Carlos ($69.04 in chips) 
jayjay90: posts small blind $0.50
Joe_Carlos: posts big blind $1
*** HOLE CARDS ***
Pippa83: folds 
KarP93: folds 
Pon4uk.ua: folds 
XKTTBOBV11: folds 
jayjay90: raises $2 to $3
Joe_Carlos: folds 
Uncalled bet ($2) returned to jayjay90
jayjay90 collected $2 from pot
jayjay90: doesn't show hand 
*** SUMMARY ***
Total pot $2 | Rake $0 
Seat 1: Pippa83 folded before Flop (didn't bet)
Seat 2: KarP93 folded before Flop (didn't bet)
Seat 3: Pon4uk.ua folded before Flop (didn't bet)
Seat 4: XKTTBOBV11 (button) folded before Flop (didn't bet)
Seat 5: jayjay90 (small blind) collected ($2)
Seat 6: Joe_Carlos (big blind) folded before Flop



PokerStars Hand #254702916748:  Hold'em No Limit ($0.50/$1.00 USD) - 2025/02/04 15:02:27 WET [2025/02/04 10:02:27 ET]
Table 'Isolda' 6-max Seat #5 is the button
Seat 1: Pippa83 ($101.50 in chips) 
Seat 2: KarP93 ($104.22 in chips) 
Seat 3: Pon4uk.ua ($115.70 in chips) 
Seat 4: XKTTBOBV11 ($20.22 in chips) 
Seat 5: jayjay90 ($130.15 in chips) 
Seat 6: Joe_Carlos ($68.04 in chips) 
Joe_Carlos: posts small blind $0.50
Pippa83: posts big blind $1
*** HOLE CARDS ***
KarP93: raises $1.50 to $2.50
Pon4uk.ua: folds 
XKTTBOBV11: folds 
jayjay90: folds 
Joe_Carlos: folds 
Pippa83: folds 
Uncalled bet ($1.50) returned to KarP93
KarP93 collected $2.50 from pot
KarP93: doesn't show hand 
*** SUMMARY ***
Total pot $2.50 | Rake $0 
Seat 1: Pippa83 (big blind) folded before Flop
Seat 2: KarP93 collected ($2.50)
Seat 3: Pon4uk.ua folded before Flop (didn't bet)
Seat 4: XKTTBOBV11 folded before Flop (didn't bet)
Seat 5: jayjay90 (button) folded before Flop (didn't bet)
Seat 6: Joe_Carlos (small blind) folded before Flop



PokerStars Hand #254702919295:  Hold'em No Limit ($0.50/$1.00 USD) - 2025/02/04 15:02:41 WET [2025/02/04 10:02:41 ET]
Table 'Isolda' 6-max Seat #6 is the button
Seat 1: Pippa83 ($100.50 in chips) 
Seat 2: KarP93 ($105.72 in chips) 
Seat 3: Pon4uk.ua ($115.70 in chips) 
Seat 4: XKTTBOBV11 ($20.22 in chips) 
Seat 5: jayjay90 ($130.15 in chips) 
Seat 6: Joe_Carlos ($67.54 in chips) 
Pippa83: posts small blind $0.50
KarP93: posts big blind $1
*** HOLE CARDS ***
Pon4uk.ua: folds 
XKTTBOBV11: folds 
jayjay90: folds 
Joe_Carlos: folds 
Pippa83: folds 
Uncalled bet ($0.50) returned to KarP93
KarP93 collected $1 from pot
KarP93: doesn't show hand 
*** SUMMARY ***
Total pot $1 | Rake $0 
Seat 1: Pippa83 (small blind) folded before Flop
Seat 2: KarP93 (big blind) collected ($1)
Seat 3: Pon4uk.ua folded before Flop (didn't bet)
Seat 4: XKTTBOBV11 folded before Flop (didn't bet)
Seat 5: jayjay90 folded before Flop (didn't bet)
Seat 6: Joe_Carlos (button) folded before Flop (didn't bet)



PokerStars Hand #254702924398:  Hold'em No Limit ($0.50/$1.00 USD) - 2025/02/04 15:03:08 WET [2025/02/04 10:03:08 ET]
Table 'Isolda' 6-max Seat #1 is the button
Seat 1: Pippa83 ($100 in chips) 
Seat 2: KarP93 ($106.22 in chips) 
Seat 3: Pon4uk.ua ($115.70 in chips) 
Seat 4: XKTTBOBV11 ($20.22 in chips) 
Seat 5: jayjay90 ($130.15 in chips) 
Seat 6: Joe_Carlos ($67.54 in chips) 
KarP93: posts small blind $0.50
Pon4uk.ua: posts big blind $1
*** HOLE CARDS ***
XKTTBOBV11: folds 
jayjay90: folds 
Joe_Carlos has timed out
Joe_Carlos: folds 
Pippa83: raises $1.50 to $2.50
KarP93: folds 
Pon4uk.ua: raises $8.50 to $11
XKTTBOBV11 leaves the table
Pippa83: folds 
Uncalled bet ($8.50) returned to Pon4uk.ua
Pon4uk.ua collected $5.50 from pot
Pon4uk.ua: doesn't show hand 
*** SUMMARY ***
Total pot $5.50 | Rake $0 
Seat 1: Pippa83 (button) folded before Flop
Seat 2: KarP93 (small blind) folded before Flop
Seat 3: Pon4uk.ua (big blind) collected ($5.50)
Seat 4: XKTTBOBV11 folded before Flop (didn't bet)
Seat 5: jayjay90 folded before Flop (didn't bet)
Seat 6: Joe_Carlos folded before Flop (didn't bet)



PokerStars Hand #254702931291:  Hold'em No Limit ($0.50/$1.00 USD) - 2025/02/04 15:03:45 WET [2025/02/04 10:03:45 ET]
Table 'Isolda' 6-max Seat #2 is the button
Seat 6: Joe_Carlos ($67.54 in chips) is sitting out
Seat 1: Pippa83 ($100 in chips) 
Seat 2: KarP93 ($105.72 in chips) 
Seat 3: Pon4uk.ua ($118.70 in chips) 
Seat 5: jayjay90 ($130.15 in chips) 
Pon4uk.ua: posts small blind $0.50
jayjay90: posts big blind $1
*** HOLE CARDS ***
Pippa83: folds 
KarP93: folds 
Pon4uk.ua: raises $1.75 to $2.75
jayjay90: calls $1.75
*** FLOP *** [7s 7c 7d]
Pon4uk.ua: bets $1.72
jayjay90: calls $1.72
*** TURN *** [7s 7c 7d] [2d]
Pon4uk.ua: checks 
jayjay90: checks 
*** RIVER *** [7s 7c 7d 2d] [8d]
Pon4uk.ua: checks 
jayjay90: checks 
*** SHOW DOWN ***
Pon4uk.ua: shows [Ac 4c] (three of a kind, Sevens)
jayjay90: shows [Ah 9s] (three of a kind, Sevens - Ace+Nine kicker)
jayjay90 collected $8.49 from pot
*** SUMMARY ***
Total pot $8.94 | Rake $0.45 
Board [7s 7c 7d 2d 8d]
Seat 6: Joe_Carlos
Seat 1: Pippa83 folded before Flop (didn't bet)
Seat 2: KarP93 (button) folded before Flop (didn't bet)
Seat 3: Pon4uk.ua (small blind) showed [Ac 4c] and lost with three of a kind, Sevens
Seat 5: jayjay90 (big blind) showed [Ah 9s] and won ($8.49) with three of a kind, Sevens



PokerStars Hand #254702938775:  Hold'em No Limit ($0.50/$1.00 USD) - 2025/02/04 15:04:25 WET [2025/02/04 10:04:25 ET]
Table 'Isolda' 6-max Seat #3 is the button
Seat 6: Joe_Carlos ($67.54 in chips) is sitting out
Seat 1: Pippa83 ($100 in chips) 
Seat 2: KarP93 ($105.72 in chips) 
Seat 3: Pon4uk.ua ($114.23 in chips) 
Seat 5: jayjay90 ($134.17 in chips) 
jayjay90: posts small blind $0.50
Pippa83: posts big blind $1
*** HOLE CARDS ***
KarP93: folds 
Pon4uk.ua: raises $1.50 to $2.50
jayjay90: raises $9.50 to $12
Pippa83: folds 
Pon4uk.ua: folds 
Uncalled bet ($9.50) returned to jayjay90
ka100pka527 joins the table at seat #4 
jayjay90 collected $6 from pot
jayjay90: doesn't show hand 
*** SUMMARY ***
Total pot $6 | Rake $0 
Seat 6: Joe_Carlos
Seat 1: Pippa83 (big blind) folded before Flop
Seat 2: KarP93 folded before Flop (didn't bet)
Seat 3: Pon4uk.ua (button) folded before Flop
Seat 5: jayjay90 (small blind) collected ($6)



PokerStars Hand #254702946534:  Hold'em No Limit ($0.50/$1.00 USD) - 2025/02/04 15:05:07 WET [2025/02/04 10:05:07 ET]
Table 'Isolda' 6-max Seat #5 is the button
Seat 4: ka100pka527 ($100 in chips) is sitting out
Seat 6: Joe_Carlos ($67.54 in chips) is sitting out
Seat 1: Pippa83 ($100 in chips) 
Seat 2: KarP93 ($105.72 in chips) 
Seat 3: Pon4uk.ua ($111.73 in chips) 
Seat 5: jayjay90 ($137.67 in chips) 
Pippa83: posts small blind $0.50
KarP93: posts big blind $1
ka100pka527: sits out 
*** HOLE CARDS ***
Pon4uk.ua: raises $1.50 to $2.50
jayjay90: folds 
Pippa83: folds 
KarP93: calls $1.50
*** FLOP *** [2h 9s Ad]
KarP93: checks 
Pon4uk.ua: bets $1.72
KarP93: raises $6.50 to $8.22
Pon4uk.ua: folds 
Uncalled bet ($6.50) returned to KarP93
Pon4uk.ua leaves the table
KarP93 collected $8.49 from pot
KarP93: doesn't show hand 
*** SUMMARY ***
Total pot $8.94 | Rake $0.45 
Board [2h 9s Ad]
Seat 4: ka100pka527
Seat 6: Joe_Carlos
Seat 1: Pippa83 (small blind) folded before Flop
Seat 2: KarP93 (big blind) collected ($8.49)
Seat 3: Pon4uk.ua folded on the Flop
Seat 5: jayjay90 (button) folded before Flop (didn't bet)



PokerStars Hand #254702953837:  Hold'em No Limit ($0.50/$1.00 USD) - 2025/02/04 15:05:46 WET [2025/02/04 10:05:46 ET]
Table 'Isolda' 6-max Seat #1 is the button
Seat 6: Joe_Carlos ($67.54 in chips) is sitting out
Seat 1: Pippa83 ($100 in chips) 
Seat 2: KarP93 ($109.99 in chips) 
Seat 4: ka100pka527 ($100 in chips) 
Seat 5: jayjay90 ($137.67 in chips) 
KarP93: posts small blind $0.50
ka100pka527: posts big blind $1
*** HOLE CARDS ***
Mr_Dick666 joins the table at seat #3 
jayjay90: folds 
Pippa83: folds 
KarP93: folds 
Uncalled bet ($0.50) returned to ka100pka527
ka100pka527 collected $1 from pot
ka100pka527: doesn't show hand 
*** SUMMARY ***
Total pot $1 | Rake $0 
Seat 6: Joe_Carlos
Seat 1: Pippa83 (button) folded before Flop (didn't bet)
Seat 2: KarP93 (small blind) folded before Flop
Seat 4: ka100pka527 (big blind) collected ($1)
Seat 5: jayjay90 folded before Flop (didn't bet)



PokerStars Hand #254702958068:  Hold'em No Limit ($0.50/$1.00 USD) - 2025/02/04 15:06:08 WET [2025/02/04 10:06:08 ET]
Table 'Isolda' 6-max Seat #2 is the button
Seat 3: Mr_Dick666 ($100 in chips) is sitting out
Seat 6: Joe_Carlos ($67.54 in chips) is sitting out
Seat 1: Pippa83 ($100 in chips) 
Seat 2: KarP93 ($109.49 in chips) 
Seat 4: ka100pka527 ($100.50 in chips) 
Seat 5: jayjay90 ($137.67 in chips) 
ka100pka527: posts small blind $0.50
jayjay90: posts big blind $1
*** HOLE CARDS ***
Pippa83: raises $1.50 to $2.50
KarP93: folds 
ka100pka527: folds 
jayjay90: raises $10.50 to $13
Pippa83: folds 
Uncalled bet ($10.50) returned to jayjay90
jayjay90 collected $5.50 from pot
jayjay90: doesn't show hand 
*** SUMMARY ***
Total pot $5.50 | Rake $0 
Seat 3: Mr_Dick666
Seat 6: Joe_Carlos
Seat 1: Pippa83 folded before Flop
Seat 2: KarP93 (button) folded before Flop (didn't bet)
Seat 4: ka100pka527 (small blind) folded before Flop
Seat 5: jayjay90 (big blind) collected ($5.50)



PokerStars Hand #254702963287:  Hold'em No Limit ($0.50/$1.00 USD) - 2025/02/04 15:06:37 WET [2025/02/04 10:06:37 ET]
Table 'Isolda' 6-max Seat #4 is the button
Seat 3: Mr_Dick666 ($100 in chips) is sitting out
Seat 1: Pippa83 ($100 in chips) 
Seat 2: KarP93 ($109.49 in chips) 
Seat 4: ka100pka527 ($100 in chips) 
Seat 5: jayjay90 ($140.67 in chips) 
Seat 6: Joe_Carlos ($67.54 in chips) 
jayjay90: posts small blind $0.50
Joe_Carlos: posts big blind $1
Mr_Dick666: sits out 
*** HOLE CARDS ***
Pippa83: folds 
Pippa83 leaves the table
KarP93: raises $1.50 to $2.50
ka100pka527: raises $5 to $7.50
jayjay90: folds 
Joe_Carlos: folds 
KarP93: calls $5
*** FLOP *** [Ah 4s Qd]
KarP93: checks 
ka100pka527: bets $5.17
socito joins the table at seat #1 
KarP93: folds 
Uncalled bet ($5.17) returned to ka100pka527
ka100pka527 collected $15.68 from pot
ka100pka527: doesn't show hand 
*** SUMMARY ***
Total pot $16.50 | Rake $0.82 
Board [Ah 4s Qd]
Seat 3: Mr_Dick666
Seat 1: Pippa83 folded before Flop (didn't bet)
Seat 2: KarP93 folded on the Flop
Seat 4: ka100pka527 (button) collected ($15.68)
Seat 5: jayjay90 (small blind) folded before Flop
Seat 6: Joe_Carlos (big blind) folded before Flop



PokerStars Hand #254702970743:  Hold'em No Limit ($0.50/$1.00 USD) - 2025/02/04 15:07:16 WET [2025/02/04 10:07:16 ET]
Table 'Isolda' 6-max Seat #5 is the button
Seat 3: Mr_Dick666 ($100 in chips) is sitting out
Seat 1: socito ($103.66 in chips) 
Seat 2: KarP93 ($101.99 in chips) 
Seat 4: ka100pka527 ($108.18 in chips) 
Seat 5: jayjay90 ($140.17 in chips) 
Seat 6: Joe_Carlos ($66.54 in chips) 
Joe_Carlos: posts small blind $0.50
socito: posts big blind $1
Mr_Dick666: sits out 
*** HOLE CARDS ***
KarP93: folds 
ka100pka527: folds 
jayjay90: folds 
Joe_Carlos: folds 
Uncalled bet ($0.50) returned to socito
socito collected $1 from pot
socito: doesn't show hand 
*** SUMMARY ***
Total pot $1 | Rake $0 
Seat 3: Mr_Dick666
Seat 1: socito (big blind) collected ($1)
Seat 2: KarP93 folded before Flop (didn't bet)
Seat 4: ka100pka527 folded before Flop (didn't bet)
Seat 5: jayjay90 (button) folded before Flop (didn't bet)
Seat 6: Joe_Carlos (small blind) folded before Flop



PokerStars Hand #254702974337:  Hold'em No Limit ($0.50/$1.00 USD) - 2025/02/04 15:07:36 WET [2025/02/04 10:07:36 ET]
Table 'Isolda' 6-max Seat #6 is the button
Seat 3: Mr_Dick666 ($100 in chips) is sitting out
Seat 1: socito ($104.16 in chips) 
Seat 2: KarP93 ($101.99 in chips) 
Seat 4: ka100pka527 ($108.18 in chips) 
Seat 5: jayjay90 ($140.17 in chips) 
Seat 6: Joe_Carlos ($66.04 in chips) 
socito: posts small blind $0.50
KarP93: posts big blind $1
Mr_Dick666: sits out 
*** HOLE CARDS ***
ka100pka527: folds 
jayjay90: folds 
Joe_Carlos: raises $1.50 to $2.50
socito: folds 
KarP93: calls $1.50
*** FLOP *** [Th Td 2h]
KarP93: checks 
Joe_Carlos: bets $1.72
KarP93: raises $6.50 to $8.22
Joe_Carlos: folds 
Uncalled bet ($6.50) returned to KarP93
KarP93 collected $8.49 from pot
KarP93: doesn't show hand 
*** SUMMARY ***
Total pot $8.94 | Rake $0.45 
Board [Th Td 2h]
Seat 3: Mr_Dick666
Seat 1: socito (small blind) folded before Flop
Seat 2: KarP93 (big blind) collected ($8.49)
Seat 4: ka100pka527 folded before Flop (didn't bet)
Seat 5: jayjay90 folded before Flop (didn't bet)
Seat 6: Joe_Carlos (button) folded on the Flop



PokerStars Hand #254702986162:  Hold'em No Limit ($0.50/$1.00 USD) - 2025/02/04 15:08:39 WET [2025/02/04 10:08:39 ET]
Table 'Isolda' 6-max Seat #1 is the button
Seat 1: socito ($103.66 in chips) 
Seat 2: KarP93 ($106.26 in chips) 
Seat 3: Mr_Dick666 ($100 in chips) 
Seat 4: ka100pka527 ($108.18 in chips) 
Seat 5: jayjay90 ($140.17 in chips) 
Seat 6: Joe_Carlos ($61.82 in chips) 
KarP93: posts small blind $0.50
Mr_Dick666: posts big blind $1
*** HOLE CARDS ***
ka100pka527: folds 
jayjay90: raises $1.25 to $2.25
Joe_Carlos: calls $2.25
socito: folds 
KarP93: raises $10.25 to $12.50
Mr_Dick666: folds 
jayjay90: folds 
Joe_Carlos: calls $10.25
*** FLOP *** [3s 4s Tc]
KarP93: checks 
Joe_Carlos: bets $13.40
KarP93: folds 
Uncalled bet ($13.40) returned to Joe_Carlos
Joe_Carlos collected $26.84 from pot
Joe_Carlos: doesn't show hand 
*** SUMMARY ***
Total pot $28.25 | Rake $1.41 
Board [3s 4s Tc]
Seat 1: socito (button) folded before Flop (didn't bet)
Seat 2: KarP93 (small blind) folded on the Flop
Seat 3: Mr_Dick666 (big blind) folded before Flop
Seat 4: ka100pka527 folded before Flop (didn't bet)
Seat 5: jayjay90 folded before Flop
Seat 6: Joe_Carlos collected ($26.84)



PokerStars Hand #254703002065:  Hold'em No Limit ($0.50/$1.00 USD) - 2025/02/04 15:10:06 WET [2025/02/04 10:10:06 ET]
Table 'Isolda' 6-max Seat #2 is the button
Seat 1: socito ($103.66 in chips) 
Seat 2: KarP93 ($100 in chips) 
Seat 3: Mr_Dick666 ($100 in chips) 
Seat 4: ka100pka527 ($108.18 in chips) 
Seat 5: jayjay90 ($137.92 in chips) 
Seat 6: Joe_Carlos ($76.16 in chips) 
Mr_Dick666: posts small blind $0.50
ka100pka527: posts big blind $1
*** HOLE CARDS ***
jayjay90: folds 
Joe_Carlos: raises $1.50 to $2.50
socito: folds 
KarP93: folds 
Mr_Dick666: folds 
ka100pka527: folds 
Uncalled bet ($1.50) returned to Joe_Carlos
Joe_Carlos collected $2.50 from pot
Joe_Carlos: doesn't show hand 
*** SUMMARY ***
Total pot $2.50 | Rake $0 
Seat 1: socito folded before Flop (didn't bet)
Seat 2: KarP93 (button) folded before Flop (didn't bet)
Seat 3: Mr_Dick666 (small blind) folded before Flop
Seat 4: ka100pka527 (big blind) folded before Flop
Seat 5: jayjay90 folded before Flop (didn't bet)
Seat 6: Joe_Carlos collected ($2.50)



PokerStars Hand #254703007411:  Hold'em No Limit ($0.50/$1.00 USD) - 2025/02/04 15:10:34 WET [2025/02/04 10:10:34 ET]
Table 'Isolda' 6-max Seat #3 is the button
Seat 1: socito ($103.66 in chips) 
Seat 2: KarP93 ($100 in chips) 
Seat 3: Mr_Dick666 ($100 in chips) 
Seat 4: ka100pka527 ($107.18 in chips) 
Seat 5: jayjay90 ($137.92 in chips) 
Seat 6: Joe_Carlos ($77.66 in chips) 
ka100pka527: posts small blind $0.50
jayjay90: posts big blind $1
*** HOLE CARDS ***
Joe_Carlos: folds 
socito: folds 
KarP93: folds 
Mr_Dick666: folds 
ka100pka527: raises $1.50 to $2.50
jayjay90: raises $5.50 to $8
ka100pka527: folds 
Uncalled bet ($5.50) returned to jayjay90
jayjay90 collected $5 from pot
jayjay90: doesn't show hand 
*** SUMMARY ***
Total pot $5 | Rake $0 
Seat 1: socito folded before Flop (didn't bet)
Seat 2: KarP93 folded before Flop (didn't bet)
Seat 3: Mr_Dick666 (button) folded before Flop (didn't bet)
Seat 4: ka100pka527 (small blind) folded before Flop
Seat 5: jayjay90 (big blind) collected ($5)
Seat 6: Joe_Carlos folded before Flop (didn't bet)



PokerStars Hand #254703013554:  Hold'em No Limit ($0.50/$1.00 USD) - 2025/02/04 15:11:07 WET [2025/02/04 10:11:07 ET]
Table 'Isolda' 6-max Seat #4 is the button
Seat 1: socito ($103.66 in chips) 
Seat 2: KarP93 ($100 in chips) 
Seat 3: Mr_Dick666 ($100 in chips) 
Seat 4: ka100pka527 ($104.68 in chips) 
Seat 5: jayjay90 ($140.42 in chips) 
Seat 6: Joe_Carlos ($77.66 in chips) 
jayjay90: posts small blind $0.50
Joe_Carlos: posts big blind $1
*** HOLE CARDS ***
socito: folds 
KarP93: raises $1.50 to $2.50
Mr_Dick666: raises $5 to $7.50
ka100pka527: folds 
jayjay90: folds 
Joe_Carlos: folds 
KarP93: folds 
Uncalled bet ($5) returned to Mr_Dick666
Mr_Dick666 collected $6.50 from pot
Mr_Dick666: doesn't show hand 
*** SUMMARY ***
Total pot $6.50 | Rake $0 
Seat 1: socito folded before Flop (didn't bet)
Seat 2: KarP93 folded before Flop
Seat 3: Mr_Dick666 collected ($6.50)
Seat 4: ka100pka527 (button) folded before Flop (didn't bet)
Seat 5: jayjay90 (small blind) folded before Flop
Seat 6: Joe_Carlos (big blind) folded before Flop



PokerStars Hand #254703018461:  Hold'em No Limit ($0.50/$1.00 USD) - 2025/02/04 15:11:34 WET [2025/02/04 10:11:34 ET]
Table 'Isolda' 6-max Seat #5 is the button
Seat 1: socito ($103.66 in chips) 
Seat 2: KarP93 ($100 in chips) 
Seat 3: Mr_Dick666 ($104 in chips) 
Seat 4: ka100pka527 ($104.68 in chips) 
Seat 5: jayjay90 ($139.92 in chips) 
Seat 6: Joe_Carlos ($76.66 in chips) 
Joe_Carlos: posts small blind $0.50
socito: posts big blind $1
*** HOLE CARDS ***
KarP93: folds 
Mr_Dick666: raises $1 to $2
ka100pka527: folds 
jayjay90: folds 
Joe_Carlos: folds 
socito: folds 
Uncalled bet ($1) returned to Mr_Dick666
Mr_Dick666 collected $2.50 from pot
Mr_Dick666: doesn't show hand 
*** SUMMARY ***
Total pot $2.50 | Rake $0 
Seat 1: socito (big blind) folded before Flop
Seat 2: KarP93 folded before Flop (didn't bet)
Seat 3: Mr_Dick666 collected ($2.50)
Seat 4: ka100pka527 folded before Flop (didn't bet)
Seat 5: jayjay90 (button) folded before Flop (didn't bet)
Seat 6: Joe_Carlos (small blind) folded before Flop



PokerStars Hand #254703022726:  Hold'em No Limit ($0.50/$1.00 USD) - 2025/02/04 15:11:57 WET [2025/02/04 10:11:57 ET]
Table 'Isolda' 6-max Seat #6 is the button
Seat 2: KarP93 ($100 in chips) is sitting out
Seat 1: socito ($102.66 in chips) 
Seat 3: Mr_Dick666 ($105.50 in chips) 
Seat 4: ka100pka527 ($104.68 in chips) 
Seat 5: jayjay90 ($139.92 in chips) 
Seat 6: Joe_Carlos ($76.16 in chips) 
socito: posts small blind $0.50
KarP93: is sitting out 
Mr_Dick666: posts big blind $1
*** HOLE CARDS ***
ka100pka527: folds 
jayjay90: raises $1.25 to $2.25
Joe_Carlos: folds 
KarP93 leaves the table
socito: folds 
Mr_Dick666: raises $9.75 to $12
BGS013 joins the table at seat #2 
jayjay90: calls $9.75
*** FLOP *** [Qs Qh 4d]
Mr_Dick666: bets $7.68
jayjay90: folds 
Uncalled bet ($7.68) returned to Mr_Dick666
Mr_Dick666 collected $23.28 from pot
Mr_Dick666: doesn't show hand 
*** SUMMARY ***
Total pot $24.50 | Rake $1.22 
Board [Qs Qh 4d]
Seat 2: KarP93
Seat 1: socito (small blind) folded before Flop
Seat 3: Mr_Dick666 (big blind) collected ($23.28)
Seat 4: ka100pka527 folded before Flop (didn't bet)
Seat 5: jayjay90 folded on the Flop
Seat 6: Joe_Carlos (button) folded before Flop (didn't bet)



PokerStars Hand #254703030447:  Hold'em No Limit ($0.50/$1.00 USD) - 2025/02/04 15:12:38 WET [2025/02/04 10:12:38 ET]
Table 'Isolda' 6-max Seat #1 is the button
Seat 2: BGS013 ($106.79 in chips) is sitting out
Seat 1: socito ($102.16 in chips) 
Seat 3: Mr_Dick666 ($116.78 in chips) 
Seat 4: ka100pka527 ($104.68 in chips) 
Seat 5: jayjay90 ($127.92 in chips) 
Seat 6: Joe_Carlos ($76.16 in chips) 
Mr_Dick666: posts small blind $0.50
ka100pka527: posts big blind $1
*** HOLE CARDS ***
jayjay90: folds 
Joe_Carlos: folds 
socito: folds 
Mr_Dick666: folds 
Uncalled bet ($0.50) returned to ka100pka527
ka100pka527 collected $1 from pot
ka100pka527: doesn't show hand 
*** SUMMARY ***
Total pot $1 | Rake $0 
Seat 2: BGS013
Seat 1: socito (button) folded before Flop (didn't bet)
Seat 3: Mr_Dick666 (small blind) folded before Flop
Seat 4: ka100pka527 (big blind) collected ($1)
Seat 5: jayjay90 folded before Flop (didn't bet)
Seat 6: Joe_Carlos folded before Flop (didn't bet)



PokerStars Hand #254703032952:  Hold'em No Limit ($0.50/$1.00 USD) - 2025/02/04 15:12:52 WET [2025/02/04 10:12:52 ET]
Table 'Isolda' 6-max Seat #3 is the button
Seat 2: BGS013 ($106.79 in chips) is sitting out
Seat 1: socito ($102.16 in chips) 
Seat 3: Mr_Dick666 ($116.28 in chips) 
Seat 4: ka100pka527 ($105.18 in chips) 
Seat 5: jayjay90 ($127.92 in chips) 
Seat 6: Joe_Carlos ($76.16 in chips) 
ka100pka527: posts small blind $0.50
jayjay90: posts big blind $1
BGS013: sits out 
*** HOLE CARDS ***
Joe_Carlos: folds 
socito: raises $1.50 to $2.50
Mr_Dick666: folds 
ka100pka527: folds 
jayjay90: folds 
Uncalled bet ($1.50) returned to socito
socito collected $2.50 from pot
socito: doesn't show hand 
*** SUMMARY ***
Total pot $2.50 | Rake $0 
Seat 2: BGS013
Seat 1: socito collected ($2.50)
Seat 3: Mr_Dick666 (button) folded before Flop (didn't bet)
Seat 4: ka100pka527 (small blind) folded before Flop
Seat 5: jayjay90 (big blind) folded before Flop
Seat 6: Joe_Carlos folded before Flop (didn't bet)



PokerStars Hand #254703037173:  Hold'em No Limit ($0.50/$1.00 USD) - 2025/02/04 15:13:15 WET [2025/02/04 10:13:15 ET]
Table 'Isolda' 6-max Seat #4 is the button
Seat 2: BGS013 ($106.79 in chips) is sitting out
Seat 1: socito ($103.66 in chips) 
Seat 3: Mr_Dick666 ($116.28 in chips) 
Seat 4: ka100pka527 ($104.68 in chips) 
Seat 5: jayjay90 ($126.92 in chips) 
Seat 6: Joe_Carlos ($76.16 in chips) 
jayjay90: posts small blind $0.50
Joe_Carlos: posts big blind $1
BGS013: sits out 
*** HOLE CARDS ***
socito: folds 
Mr_Dick666: raises $1.50 to $2.50
ka100pka527: folds 
jayjay90: folds 
Joe_Carlos: folds 
Uncalled bet ($1.50) returned to Mr_Dick666
Mr_Dick666 collected $2.50 from pot
Mr_Dick666: doesn't show hand 
*** SUMMARY ***
Total pot $2.50 | Rake $0 
Seat 2: BGS013
Seat 1: socito folded before Flop (didn't bet)
Seat 3: Mr_Dick666 collected ($2.50)
Seat 4: ka100pka527 (button) folded before Flop (didn't bet)
Seat 5: jayjay90 (small blind) folded before Flop
Seat 6: Joe_Carlos (big blind) folded before Flop



PokerStars Hand #254703041385:  Hold'em No Limit ($0.50/$1.00 USD) - 2025/02/04 15:13:37 WET [2025/02/04 10:13:37 ET]
Table 'Isolda' 6-max Seat #5 is the button
Seat 2: BGS013 ($106.79 in chips) is sitting out
Seat 1: socito ($103.66 in chips) 
Seat 3: Mr_Dick666 ($117.78 in chips) 
Seat 4: ka100pka527 ($104.68 in chips) 
Seat 5: jayjay90 ($126.42 in chips) 
Seat 6: Joe_Carlos ($75.16 in chips) 
Joe_Carlos: posts small blind $0.50
socito: posts big blind $1
BGS013: sits out 
*** HOLE CARDS ***
Mr_Dick666: folds 
ka100pka527: folds 
jayjay90: folds 
Joe_Carlos: folds 
Uncalled bet ($0.50) returned to socito
socito collected $1 from pot
socito: doesn't show hand 
*** SUMMARY ***
Total pot $1 | Rake $0 
Seat 2: BGS013
Seat 1: socito (big blind) collected ($1)
Seat 3: Mr_Dick666 folded before Flop (didn't bet)
Seat 4: ka100pka527 folded before Flop (didn't bet)
Seat 5: jayjay90 (button) folded before Flop (didn't bet)
Seat 6: Joe_Carlos (small blind) folded before Flop



PokerStars Hand #254703046130:  Hold'em No Limit ($0.50/$1.00 USD) - 2025/02/04 15:14:03 WET [2025/02/04 10:14:03 ET]
Table 'Isolda' 6-max Seat #6 is the button
Seat 1: socito ($104.16 in chips) 
Seat 2: BGS013 ($106.79 in chips) 
Seat 3: Mr_Dick666 ($117.78 in chips) 
Seat 4: ka100pka527 ($104.68 in chips) 
Seat 5: jayjay90 ($126.42 in chips) 
Seat 6: Joe_Carlos ($74.66 in chips) 
socito: posts small blind $0.50
BGS013: posts big blind $1
*** HOLE CARDS ***
Mr_Dick666: folds 
ka100pka527: folds 
jayjay90: folds 
Joe_Carlos: folds 
socito: raises $2 to $3
BGS013: calls $2
*** FLOP *** [Ks 9d Jh]
socito: bets $1.88
BGS013: calls $1.88
*** TURN *** [Ks 9d Jh] [7h]
socito: bets $6.95
BGS013: calls $6.95
*** RIVER *** [Ks 9d Jh 7h] [5s]
socito: bets $33.72
BGS013: raises $61.24 to $94.96 and is all-in
socito: folds 
Uncalled bet ($61.24) returned to BGS013
BGS013 collected $88.60 from pot
BGS013: doesn't show hand 
*** SUMMARY ***
Total pot $91.10 | Rake $2.50 
Board [Ks 9d Jh 7h 5s]
Seat 1: socito (small blind) folded on the River
Seat 2: BGS013 (big blind) collected ($88.60)
Seat 3: Mr_Dick666 folded before Flop (didn't bet)
Seat 4: ka100pka527 folded before Flop (didn't bet)
Seat 5: jayjay90 folded before Flop (didn't bet)
Seat 6: Joe_Carlos (button) folded before Flop (didn't bet)



PokerStars Hand #254703070258:  Hold'em No Limit ($0.50/$1.00 USD) - 2025/02/04 15:16:09 WET [2025/02/04 10:16:09 ET]
Table 'Isolda' 6-max Seat #1 is the button
Seat 1: socito ($100 in chips) 
Seat 2: BGS013 ($149.84 in chips) 
Seat 3: Mr_Dick666 ($117.78 in chips) 
Seat 4: ka100pka527 ($104.68 in chips) 
Seat 5: jayjay90 ($126.42 in chips) 
Seat 6: Joe_Carlos ($74.66 in chips) 
BGS013: posts small blind $0.50
Mr_Dick666: posts big blind $1
*** HOLE CARDS ***
ka100pka527: folds 
jayjay90: folds 
Joe_Carlos: raises $1.50 to $2.50
socito: calls $2.50
BGS013: folds 
Mr_Dick666: calls $1.50
*** FLOP *** [Jd As 4s]
Mr_Dick666: checks 
Joe_Carlos: bets $3.80
socito: folds 
Mr_Dick666: folds 
Uncalled bet ($3.80) returned to Joe_Carlos
Joe_Carlos collected $7.60 from pot
Joe_Carlos: doesn't show hand 
*** SUMMARY ***
Total pot $8 | Rake $0.40 
Board [Jd As 4s]
Seat 1: socito (button) folded on the Flop
Seat 2: BGS013 (small blind) folded before Flop
Seat 3: Mr_Dick666 (big blind) folded on the Flop
Seat 4: ka100pka527 folded before Flop (didn't bet)
Seat 5: jayjay90 folded before Flop (didn't bet)
Seat 6: Joe_Carlos collected ($7.60)



PokerStars Hand #254703080944:  Hold'em No Limit ($0.50/$1.00 USD) - 2025/02/04 15:17:04 WET [2025/02/04 10:17:04 ET]
Table 'Isolda' 6-max Seat #2 is the button
Seat 1: socito ($100 in chips) 
Seat 2: BGS013 ($149.34 in chips) 
Seat 3: Mr_Dick666 ($115.28 in chips) 
Seat 4: ka100pka527 ($104.68 in chips) 
Seat 5: jayjay90 ($126.42 in chips) 
Seat 6: Joe_Carlos ($79.76 in chips) 
Mr_Dick666: posts small blind $0.50
ka100pka527: posts big blind $1
*** HOLE CARDS ***
jayjay90: folds 
Joe_Carlos: folds 
socito: raises $1.50 to $2.50
BGS013: raises $5.50 to $8
Mr_Dick666: folds 
ka100pka527: folds 
socito: folds 
Uncalled bet ($5.50) returned to BGS013
BGS013 collected $6.50 from pot
BGS013: doesn't show hand 
*** SUMMARY ***
Total pot $6.50 | Rake $0 
Seat 1: socito folded before Flop
Seat 2: BGS013 (button) collected ($6.50)
Seat 3: Mr_Dick666 (small blind) folded before Flop
Seat 4: ka100pka527 (big blind) folded before Flop
Seat 5: jayjay90 folded before Flop (didn't bet)
Seat 6: Joe_Carlos folded before Flop (didn't bet)



PokerStars Hand #254703084858:  Hold'em No Limit ($0.50/$1.00 USD) - 2025/02/04 15:17:24 WET [2025/02/04 10:17:24 ET]
Table 'Isolda' 6-max Seat #3 is the button
Seat 1: socito ($100 in chips) 
Seat 2: BGS013 ($153.34 in chips) 
Seat 3: Mr_Dick666 ($114.78 in chips) 
Seat 4: ka100pka527 ($103.68 in chips) 
Seat 5: jayjay90 ($126.42 in chips) 
Seat 6: Joe_Carlos ($79.76 in chips) 
ka100pka527: posts small blind $0.50
jayjay90: posts big blind $1
*** HOLE CARDS ***
Joe_Carlos: folds 
socito: raises $1.50 to $2.50
BGS013: folds 
Mr_Dick666: folds 
ka100pka527: folds 
jayjay90: folds 
Uncalled bet ($1.50) returned to socito
socito collected $2.50 from pot
socito: doesn't show hand 
*** SUMMARY ***
Total pot $2.50 | Rake $0 
Seat 1: socito collected ($2.50)
Seat 2: BGS013 folded before Flop (didn't bet)
Seat 3: Mr_Dick666 (button) folded before Flop (didn't bet)
Seat 4: ka100pka527 (small blind) folded before Flop
Seat 5: jayjay90 (big blind) folded before Flop
Seat 6: Joe_Carlos folded before Flop (didn't bet)



PokerStars Hand #254703092005:  Hold'em No Limit ($0.50/$1.00 USD) - 2025/02/04 15:18:01 WET [2025/02/04 10:18:01 ET]
Table 'Isolda' 6-max Seat #4 is the button
Seat 1: socito ($101.50 in chips) 
Seat 2: BGS013 ($153.34 in chips) 
Seat 3: Mr_Dick666 ($114.78 in chips) 
Seat 4: ka100pka527 ($103.18 in chips) 
Seat 5: jayjay90 ($125.42 in chips) 
Seat 6: Joe_Carlos ($79.76 in chips) 
jayjay90: posts small blind $0.50
Joe_Carlos: posts big blind $1
*** HOLE CARDS ***
socito: folds 
BGS013 has timed out
BGS013: folds 
Mr_Dick666: folds 
ka100pka527: folds 
jayjay90: folds 
Uncalled bet ($0.50) returned to Joe_Carlos
Joe_Carlos collected $1 from pot
Joe_Carlos: doesn't show hand 
*** SUMMARY ***
Total pot $1 | Rake $0 
Seat 1: socito folded before Flop (didn't bet)
Seat 2: BGS013 folded before Flop (didn't bet)
Seat 3: Mr_Dick666 folded before Flop (didn't bet)
Seat 4: ka100pka527 (button) folded before Flop (didn't bet)
Seat 5: jayjay90 (small blind) folded before Flop
Seat 6: Joe_Carlos (big blind) collected ($1)



PokerStars Hand #254703097390:  Hold'em No Limit ($0.50/$1.00 USD) - 2025/02/04 15:18:28 WET [2025/02/04 10:18:28 ET]
Table 'Isolda' 6-max Seat #5 is the button
Seat 1: socito ($101.50 in chips) 
Seat 2: BGS013 ($153.34 in chips) 
Seat 3: Mr_Dick666 ($114.78 in chips) 
Seat 4: ka100pka527 ($103.18 in chips) 
Seat 5: jayjay90 ($124.92 in chips) 
Seat 6: Joe_Carlos ($80.26 in chips) 
Joe_Carlos: posts small blind $0.50
socito: posts big blind $1
*** HOLE CARDS ***
BGS013: folds 
Mr_Dick666: raises $1 to $2
ka100pka527: folds 
jayjay90: folds 
Joe_Carlos: folds 
socito: folds 
Uncalled bet ($1) returned to Mr_Dick666
Mr_Dick666 collected $2.50 from pot
Mr_Dick666: doesn't show hand 
*** SUMMARY ***
Total pot $2.50 | Rake $0 
Seat 1: socito (big blind) folded before Flop
Seat 2: BGS013 folded before Flop (didn't bet)
Seat 3: Mr_Dick666 collected ($2.50)
Seat 4: ka100pka527 folded before Flop (didn't bet)
Seat 5: jayjay90 (button) folded before Flop (didn't bet)
Seat 6: Joe_Carlos (small blind) folded before Flop



PokerStars Hand #254703102194:  Hold'em No Limit ($0.50/$1.00 USD) - 2025/02/04 15:18:52 WET [2025/02/04 10:18:52 ET]
Table 'Isolda' 6-max Seat #6 is the button
Seat 1: socito ($100.50 in chips) 
Seat 2: BGS013 ($153.34 in chips) 
Seat 3: Mr_Dick666 ($116.28 in chips) 
Seat 4: ka100pka527 ($103.18 in chips) 
Seat 5: jayjay90 ($124.92 in chips) 
Seat 6: Joe_Carlos ($79.76 in chips) 
socito: posts small blind $0.50
BGS013: posts big blind $1
*** HOLE CARDS ***
Mr_Dick666: folds 
ka100pka527: folds 
jayjay90: folds 
Joe_Carlos: folds 
socito: folds 
Uncalled bet ($0.50) returned to BGS013
BGS013 collected $1 from pot
BGS013: doesn't show hand 
*** SUMMARY ***
Total pot $1 | Rake $0 
Seat 1: socito (small blind) folded before Flop
Seat 2: BGS013 (big blind) collected ($1)
Seat 3: Mr_Dick666 folded before Flop (didn't bet)
Seat 4: ka100pka527 folded before Flop (didn't bet)
Seat 5: jayjay90 folded before Flop (didn't bet)
Seat 6: Joe_Carlos (button) folded before Flop (didn't bet)



PokerStars Hand #254703106404:  Hold'em No Limit ($0.50/$1.00 USD) - 2025/02/04 15:19:14 WET [2025/02/04 10:19:14 ET]
Table 'Isolda' 6-max Seat #1 is the button
Seat 1: socito ($100 in chips) 
Seat 2: BGS013 ($153.84 in chips) 
Seat 3: Mr_Dick666 ($116.28 in chips) 
Seat 4: ka100pka527 ($103.18 in chips) 
Seat 5: jayjay90 ($124.92 in chips) 
Seat 6: Joe_Carlos ($79.76 in chips) 
BGS013: posts small blind $0.50
Mr_Dick666: posts big blind $1
*** HOLE CARDS ***
ka100pka527: folds 
jayjay90: folds 
Joe_Carlos: folds 
socito: folds 
BGS013: raises $2 to $3
Mr_Dick666: folds 
Uncalled bet ($2) returned to BGS013
BGS013 collected $2 from pot
BGS013: doesn't show hand 
*** SUMMARY ***
Total pot $2 | Rake $0 
Seat 1: socito (button) folded before Flop (didn't bet)
Seat 2: BGS013 (small blind) collected ($2)
Seat 3: Mr_Dick666 (big blind) folded before Flop
Seat 4: ka100pka527 folded before Flop (didn't bet)
Seat 5: jayjay90 folded before Flop (didn't bet)
Seat 6: Joe_Carlos folded before Flop (didn't bet)



PokerStars Hand #254703110404:  Hold'em No Limit ($0.50/$1.00 USD) - 2025/02/04 15:19:34 WET [2025/02/04 10:19:34 ET]
Table 'Isolda' 6-max Seat #2 is the button
Seat 1: socito ($100 in chips) 
Seat 2: BGS013 ($154.84 in chips) 
Seat 3: Mr_Dick666 ($115.28 in chips) 
Seat 4: ka100pka527 ($103.18 in chips) 
Seat 5: jayjay90 ($124.92 in chips) 
Seat 6: Joe_Carlos ($79.76 in chips) 
Mr_Dick666: posts small blind $0.50
ka100pka527: posts big blind $1
*** HOLE CARDS ***
jayjay90: folds 
Joe_Carlos: folds 
socito: folds 
BGS013: raises $1.50 to $2.50
Mr_Dick666: raises $9.50 to $12
ka100pka527: raises $14 to $26
BGS013: folds 
Mr_Dick666: raises $89.28 to $115.28 and is all-in
ka100pka527: folds 
Uncalled bet ($89.28) returned to Mr_Dick666
Mr_Dick666 collected $54.50 from pot
Mr_Dick666: doesn't show hand 
*** SUMMARY ***
Total pot $54.50 | Rake $0 
Seat 1: socito folded before Flop (didn't bet)
Seat 2: BGS013 (button) folded before Flop
Seat 3: Mr_Dick666 (small blind) collected ($54.50)
Seat 4: ka100pka527 (big blind) folded before Flop
Seat 5: jayjay90 folded before Flop (didn't bet)
Seat 6: Joe_Carlos folded before Flop (didn't bet)



PokerStars Hand #254703122754:  Hold'em No Limit ($0.50/$1.00 USD) - 2025/02/04 15:20:37 WET [2025/02/04 10:20:37 ET]
Table 'Isolda' 6-max Seat #3 is the button
Seat 1: socito ($100 in chips) 
Seat 2: BGS013 ($152.34 in chips) 
Seat 3: Mr_Dick666 ($143.78 in chips) 
Seat 4: ka100pka527 ($100 in chips) 
Seat 5: jayjay90 ($124.92 in chips) 
Seat 6: Joe_Carlos ($79.76 in chips) 
ka100pka527: posts small blind $0.50
jayjay90: posts big blind $1
*** HOLE CARDS ***
Joe_Carlos has timed out
Joe_Carlos: folds 
socito: folds 
BGS013: folds 
Mr_Dick666: raises $1.50 to $2.50
ka100pka527: folds 
jayjay90: folds 
Uncalled bet ($1.50) returned to Mr_Dick666
Mr_Dick666 collected $2.50 from pot
Mr_Dick666: doesn't show hand 
*** SUMMARY ***
Total pot $2.50 | Rake $0 
Seat 1: socito folded before Flop (didn't bet)
Seat 2: BGS013 folded before Flop (didn't bet)
Seat 3: Mr_Dick666 (button) collected ($2.50)
Seat 4: ka100pka527 (small blind) folded before Flop
Seat 5: jayjay90 (big blind) folded before Flop
Seat 6: Joe_Carlos folded before Flop (didn't bet)



PokerStars Hand #254703132131:  Hold'em No Limit ($0.50/$1.00 USD) - 2025/02/04 15:21:25 WET [2025/02/04 10:21:25 ET]
Table 'Isolda' 6-max Seat #4 is the button
Seat 6: Joe_Carlos ($79.76 in chips) is sitting out
Seat 1: socito ($100 in chips) 
Seat 2: BGS013 ($152.34 in chips) 
Seat 3: Mr_Dick666 ($145.28 in chips) 
Seat 4: ka100pka527 ($100 in chips) 
Seat 5: jayjay90 ($123.92 in chips) 
jayjay90: posts small blind $0.50
socito: posts big blind $1
*** HOLE CARDS ***
BGS013: folds 
Mr_Dick666: folds 
ka100pka527: raises $1.50 to $2.50
jayjay90: folds 
socito: raises $9 to $11.50
ka100pka527: raises $88.50 to $100 and is all-in
socito: folds 
Uncalled bet ($88.50) returned to ka100pka527
ka100pka527 collected $23.50 from pot
ka100pka527: doesn't show hand 
*** SUMMARY ***
Total pot $23.50 | Rake $0 
Seat 6: Joe_Carlos
Seat 1: socito (big blind) folded before Flop
Seat 2: BGS013 folded before Flop (didn't bet)
Seat 3: Mr_Dick666 folded before Flop (didn't bet)
Seat 4: ka100pka527 (button) collected ($23.50)
Seat 5: jayjay90 (small blind) folded before Flop



PokerStars Hand #254703142095:  Hold'em No Limit ($0.50/$1.00 USD) - 2025/02/04 15:22:15 WET [2025/02/04 10:22:15 ET]
Table 'Isolda' 6-max Seat #5 is the button
Seat 6: Joe_Carlos ($79.76 in chips) is sitting out
Seat 1: socito ($100 in chips) 
Seat 2: BGS013 ($152.34 in chips) 
Seat 3: Mr_Dick666 ($145.28 in chips) 
Seat 4: ka100pka527 ($112 in chips) 
Seat 5: jayjay90 ($123.42 in chips) 
socito: posts small blind $0.50
BGS013: posts big blind $1
*** HOLE CARDS ***
Mr_Dick666: folds 
ka100pka527: raises $1.50 to $2.50
jayjay90: folds 
socito: folds 
BGS013: calls $1.50
*** FLOP *** [Jc Kd Qd]
BGS013: checks 
ka100pka527: bets $1.72
BGS013: calls $1.72
*** TURN *** [Jc Kd Qd] [Ah]
BGS013: bets $4.67
ka100pka527: folds 
Uncalled bet ($4.67) returned to BGS013
BGS013 collected $8.49 from pot
BGS013: doesn't show hand 
*** SUMMARY ***
Total pot $8.94 | Rake $0.45 
Board [Jc Kd Qd Ah]
Seat 6: Joe_Carlos
Seat 1: socito (small blind) folded before Flop
Seat 2: BGS013 (big blind) collected ($8.49)
Seat 3: Mr_Dick666 folded before Flop (didn't bet)
Seat 4: ka100pka527 folded on the Turn
Seat 5: jayjay90 (button) folded before Flop (didn't bet)



PokerStars Hand #254703151782:  Hold'em No Limit ($0.50/$1.00 USD) - 2025/02/04 15:23:04 WET [2025/02/04 10:23:04 ET]
Table 'Isolda' 6-max Seat #1 is the button
Seat 6: Joe_Carlos ($79.76 in chips) is sitting out
Seat 1: socito ($100 in chips) 
Seat 2: BGS013 ($156.61 in chips) 
Seat 3: Mr_Dick666 ($145.28 in chips) 
Seat 4: ka100pka527 ($107.78 in chips) 
Seat 5: jayjay90 ($123.42 in chips) 
BGS013: posts small blind $0.50
Mr_Dick666: posts big blind $1
*** HOLE CARDS ***
ka100pka527: folds 
jayjay90: folds 
socito: raises $1.50 to $2.50
BGS013: folds 
Mr_Dick666: folds 
Uncalled bet ($1.50) returned to socito
socito collected $2.50 from pot
socito: doesn't show hand 
*** SUMMARY ***
Total pot $2.50 | Rake $0 
Seat 6: Joe_Carlos
Seat 1: socito (button) collected ($2.50)
Seat 2: BGS013 (small blind) folded before Flop
Seat 3: Mr_Dick666 (big blind) folded before Flop
Seat 4: ka100pka527 folded before Flop (didn't bet)
Seat 5: jayjay90 folded before Flop (didn't bet)



PokerStars Hand #254703155986:  Hold'em No Limit ($0.50/$1.00 USD) - 2025/02/04 15:23:25 WET [2025/02/04 10:23:25 ET]
Table 'Isolda' 6-max Seat #2 is the button
Seat 6: Joe_Carlos ($79.76 in chips) is sitting out
Seat 1: socito ($101.50 in chips) 
Seat 2: BGS013 ($156.11 in chips) 
Seat 3: Mr_Dick666 ($144.28 in chips) 
Seat 4: ka100pka527 ($107.78 in chips) 
Seat 5: jayjay90 ($123.42 in chips) 
Mr_Dick666: posts small blind $0.50
ka100pka527: posts big blind $1
*** HOLE CARDS ***
jayjay90: raises $1.25 to $2.25
socito: folds 
BGS013: raises $5.75 to $8
Mr_Dick666: raises $13 to $21
ka100pka527: folds 
jayjay90: folds 
BGS013: folds 
Uncalled bet ($13) returned to Mr_Dick666
Mr_Dick666 collected $19.25 from pot
Mr_Dick666: doesn't show hand 
*** SUMMARY ***
Total pot $19.25 | Rake $0 
Seat 6: Joe_Carlos
Seat 1: socito folded before Flop (didn't bet)
Seat 2: BGS013 (button) folded before Flop
Seat 3: Mr_Dick666 (small blind) collected ($19.25)
Seat 4: ka100pka527 (big blind) folded before Flop
Seat 5: jayjay90 folded before Flop



PokerStars Hand #254703161861:  Hold'em No Limit ($0.50/$1.00 USD) - 2025/02/04 15:23:54 WET [2025/02/04 10:23:54 ET]
Table 'Isolda' 6-max Seat #3 is the button
Seat 6: Joe_Carlos ($79.76 in chips) is sitting out
Seat 1: socito ($101.50 in chips) 
Seat 2: BGS013 ($148.11 in chips) 
Seat 3: Mr_Dick666 ($155.53 in chips) 
Seat 4: ka100pka527 ($106.78 in chips) 
Seat 5: jayjay90 ($121.17 in chips) 
ka100pka527: posts small blind $0.50
jayjay90: posts big blind $1
*** HOLE CARDS ***
socito: folds 
BGS013: folds 
Mr_Dick666: folds 
ka100pka527: raises $1.50 to $2.50
jayjay90: folds 
Uncalled bet ($1.50) returned to ka100pka527
ka100pka527 collected $2 from pot
ka100pka527: doesn't show hand 
*** SUMMARY ***
Total pot $2 | Rake $0 
Seat 6: Joe_Carlos
Seat 1: socito folded before Flop (didn't bet)
Seat 2: BGS013 folded before Flop (didn't bet)
Seat 3: Mr_Dick666 (button) folded before Flop (didn't bet)
Seat 4: ka100pka527 (small blind) collected ($2)
Seat 5: jayjay90 (big blind) folded before Flop



PokerStars Hand #254703168680:  Hold'em No Limit ($0.50/$1.00 USD) - 2025/02/04 15:24:28 WET [2025/02/04 10:24:28 ET]
Table 'Isolda' 6-max Seat #4 is the button
Seat 6: Joe_Carlos ($79.76 in chips) is sitting out
Seat 1: socito ($101.50 in chips) 
Seat 2: BGS013 ($148.11 in chips) 
Seat 3: Mr_Dick666 ($155.53 in chips) 
Seat 4: ka100pka527 ($107.78 in chips) 
Seat 5: jayjay90 ($120.17 in chips) 
jayjay90: posts small blind $0.50
socito: posts big blind $1
*** HOLE CARDS ***
BGS013: raises $1 to $2
Mr_Dick666: calls $2
ka100pka527: folds 
jayjay90: folds 
socito: folds 
*** FLOP *** [3s Th Kh]
BGS013: checks 
Mr_Dick666: checks 
*** TURN *** [3s Th Kh] [Ad]
BGS013: checks 
Mr_Dick666: checks 
*** RIVER *** [3s Th Kh Ad] [4d]
BGS013: bets $1
Mr_Dick666: raises $2 to $3
BGS013: folds 
Uncalled bet ($2) returned to Mr_Dick666
Mr_Dick666 collected $7.12 from pot
Mr_Dick666: doesn't show hand 
*** SUMMARY ***
Total pot $7.50 | Rake $0.38 
Board [3s Th Kh Ad 4d]
Seat 6: Joe_Carlos
Seat 1: socito (big blind) folded before Flop
Seat 2: BGS013 folded on the River
Seat 3: Mr_Dick666 collected ($7.12)
Seat 4: ka100pka527 (button) folded before Flop (didn't bet)
Seat 5: jayjay90 (small blind) folded before Flop



PokerStars Hand #254703180768:  Hold'em No Limit ($0.50/$1.00 USD) - 2025/02/04 15:25:28 WET [2025/02/04 10:25:28 ET]
Table 'Isolda' 6-max Seat #5 is the button
Seat 6: Joe_Carlos ($79.76 in chips) is sitting out
Seat 1: socito ($100.50 in chips) 
Seat 2: BGS013 ($145.11 in chips) 
Seat 3: Mr_Dick666 ($159.65 in chips) 
Seat 4: ka100pka527 ($107.78 in chips) 
Seat 5: jayjay90 ($119.67 in chips) 
socito: posts small blind $0.50
BGS013: posts big blind $1
*** HOLE CARDS ***
Mr_Dick666: folds 
ka100pka527: folds 
jayjay90: folds 
socito: folds 
Uncalled bet ($0.50) returned to BGS013
BGS013 collected $1 from pot
BGS013: doesn't show hand 
*** SUMMARY ***
Total pot $1 | Rake $0 
Seat 6: Joe_Carlos
Seat 1: socito (small blind) folded before Flop
Seat 2: BGS013 (big blind) collected ($1)
Seat 3: Mr_Dick666 folded before Flop (didn't bet)
Seat 4: ka100pka527 folded before Flop (didn't bet)
Seat 5: jayjay90 (button) folded before Flop (didn't bet)



PokerStars Hand #254703184032:  Hold'em No Limit ($0.50/$1.00 USD) - 2025/02/04 15:25:43 WET [2025/02/04 10:25:43 ET]
Table 'Isolda' 6-max Seat #1 is the button
Seat 6: Joe_Carlos ($79.76 in chips) is sitting out
Seat 1: socito ($100 in chips) 
Seat 2: BGS013 ($145.61 in chips) 
Seat 3: Mr_Dick666 ($159.65 in chips) 
Seat 4: ka100pka527 ($107.78 in chips) 
Seat 5: jayjay90 ($119.67 in chips) 
BGS013: posts small blind $0.50
Mr_Dick666: posts big blind $1
Joe_Carlos: sits out 
*** HOLE CARDS ***
ka100pka527: folds 
jayjay90: folds 
socito: folds 
BGS013: folds 
Uncalled bet ($0.50) returned to Mr_Dick666
Mr_Dick666 collected $1 from pot
Mr_Dick666: doesn't show hand 
*** SUMMARY ***
Total pot $1 | Rake $0 
Seat 6: Joe_Carlos
Seat 1: socito (button) folded before Flop (didn't bet)
Seat 2: BGS013 (small blind) folded before Flop
Seat 3: Mr_Dick666 (big blind) collected ($1)
Seat 4: ka100pka527 folded before Flop (didn't bet)
Seat 5: jayjay90 folded before Flop (didn't bet)



PokerStars Hand #254703186154:  Hold'em No Limit ($0.50/$1.00 USD) - 2025/02/04 15:25:54 WET [2025/02/04 10:25:54 ET]
Table 'Isolda' 6-max Seat #2 is the button
Seat 6: Joe_Carlos ($79.76 in chips) is sitting out
Seat 1: socito ($100 in chips) 
Seat 2: BGS013 ($145.11 in chips) 
Seat 3: Mr_Dick666 ($160.15 in chips) 
Seat 4: ka100pka527 ($107.78 in chips) 
Seat 5: jayjay90 ($119.67 in chips) 
Mr_Dick666: posts small blind $0.50
ka100pka527: posts big blind $1
Joe_Carlos: sits out 
*** HOLE CARDS ***
jayjay90: folds 
socito: raises $1.50 to $2.50
BGS013: folds 
Mr_Dick666: folds 
ka100pka527: folds 
Uncalled bet ($1.50) returned to socito
socito collected $2.50 from pot
socito: doesn't show hand 
*** SUMMARY ***
Total pot $2.50 | Rake $0 
Seat 6: Joe_Carlos
Seat 1: socito collected ($2.50)
Seat 2: BGS013 (button) folded before Flop (didn't bet)
Seat 3: Mr_Dick666 (small blind) folded before Flop
Seat 4: ka100pka527 (big blind) folded before Flop
Seat 5: jayjay90 folded before Flop (didn't bet)



PokerStars Hand #254703191681:  Hold'em No Limit ($0.50/$1.00 USD) - 2025/02/04 15:26:22 WET [2025/02/04 10:26:22 ET]
Table 'Isolda' 6-max Seat #3 is the button
Seat 6: Joe_Carlos ($79.76 in chips) is sitting out
Seat 1: socito ($101.50 in chips) 
Seat 2: BGS013 ($145.11 in chips) 
Seat 3: Mr_Dick666 ($159.65 in chips) 
Seat 4: ka100pka527 ($106.78 in chips) 
Seat 5: jayjay90 ($119.67 in chips) 
ka100pka527: posts small blind $0.50
jayjay90: posts big blind $1
Joe_Carlos: sits out 
*** HOLE CARDS ***
socito: folds 
BGS013: folds 
Mr_Dick666: folds 
ka100pka527: raises $1.50 to $2.50
jayjay90: folds 
Uncalled bet ($1.50) returned to ka100pka527
ka100pka527 collected $2 from pot
ka100pka527: doesn't show hand 
*** SUMMARY ***
Total pot $2 | Rake $0 
Seat 6: Joe_Carlos
Seat 1: socito folded before Flop (didn't bet)
Seat 2: BGS013 folded before Flop (didn't bet)
Seat 3: Mr_Dick666 (button) folded before Flop (didn't bet)
Seat 4: ka100pka527 (small blind) collected ($2)
Seat 5: jayjay90 (big blind) folded before Flop



PokerStars Hand #254703197710:  Hold'em No Limit ($0.50/$1.00 USD) - 2025/02/04 15:26:52 WET [2025/02/04 10:26:52 ET]
Table 'Isolda' 6-max Seat #4 is the button
Seat 1: socito ($101.50 in chips) 
Seat 2: BGS013 ($145.11 in chips) 
Seat 3: Mr_Dick666 ($159.65 in chips) 
Seat 4: ka100pka527 ($107.78 in chips) 
Seat 5: jayjay90 ($118.67 in chips) 
Seat 6: Joe_Carlos ($79.76 in chips) 
jayjay90: posts small blind $0.50
Joe_Carlos: posts big blind $1
*** HOLE CARDS ***
socito: folds 
BGS013: folds 
Mr_Dick666: folds 
ka100pka527: folds 
jayjay90: raises $2 to $3
Joe_Carlos: folds 
Uncalled bet ($2) returned to jayjay90
jayjay90 collected $2 from pot
jayjay90: doesn't show hand 
*** SUMMARY ***
Total pot $2 | Rake $0 
Seat 1: socito folded before Flop (didn't bet)
Seat 2: BGS013 folded before Flop (didn't bet)
Seat 3: Mr_Dick666 folded before Flop (didn't bet)
Seat 4: ka100pka527 (button) folded before Flop (didn't bet)
Seat 5: jayjay90 (small blind) collected ($2)
Seat 6: Joe_Carlos (big blind) folded before Flop



PokerStars Hand #254703201890:  Hold'em No Limit ($0.50/$1.00 USD) - 2025/02/04 15:27:13 WET [2025/02/04 10:27:13 ET]
Table 'Isolda' 6-max Seat #5 is the button
Seat 1: socito ($101.50 in chips) 
Seat 2: BGS013 ($145.11 in chips) 
Seat 3: Mr_Dick666 ($159.65 in chips) 
Seat 4: ka100pka527 ($107.78 in chips) 
Seat 5: jayjay90 ($119.67 in chips) 
Seat 6: Joe_Carlos ($78.76 in chips) 
Joe_Carlos: posts small blind $0.50
socito: posts big blind $1
*** HOLE CARDS ***
BGS013: raises $1 to $2
Mr_Dick666: folds 
ka100pka527: folds 
jayjay90: folds 
Joe_Carlos: folds 
socito: raises $8 to $10
BGS013: folds 
Uncalled bet ($8) returned to socito
socito collected $4.50 from pot
socito: doesn't show hand 
*** SUMMARY ***
Total pot $4.50 | Rake $0 
Seat 1: socito (big blind) collected ($4.50)
Seat 2: BGS013 folded before Flop
Seat 3: Mr_Dick666 folded before Flop (didn't bet)
Seat 4: ka100pka527 folded before Flop (didn't bet)
Seat 5: jayjay90 (button) folded before Flop (didn't bet)
Seat 6: Joe_Carlos (small blind) folded before Flop



PokerStars Hand #254703205288:  Hold'em No Limit ($0.50/$1.00 USD) - 2025/02/04 15:27:30 WET [2025/02/04 10:27:30 ET]
Table 'Isolda' 6-max Seat #6 is the button
Seat 1: socito ($104 in chips) 
Seat 2: BGS013 ($143.11 in chips) 
Seat 3: Mr_Dick666 ($159.65 in chips) 
Seat 4: ka100pka527 ($107.78 in chips) 
Seat 5: jayjay90 ($119.67 in chips) 
Seat 6: Joe_Carlos ($78.26 in chips) 
socito: posts small blind $0.50
BGS013: posts big blind $1
*** HOLE CARDS ***
Mr_Dick666: folds 
ka100pka527: folds 
jayjay90: raises $1.25 to $2.25
Joe_Carlos: calls $2.25
socito: folds 
BGS013: calls $1.25
*** FLOP *** [9c 2h 3s]
BGS013: checks 
jayjay90: checks 
Joe_Carlos: checks 
*** TURN *** [9c 2h 3s] [3d]
BGS013: bets $3.79
jayjay90: folds 
Joe_Carlos: folds 
Uncalled bet ($3.79) returned to BGS013
BGS013 collected $6.89 from pot
BGS013: doesn't show hand 
*** SUMMARY ***
Total pot $7.25 | Rake $0.36 
Board [9c 2h 3s 3d]
Seat 1: socito (small blind) folded before Flop
Seat 2: BGS013 (big blind) collected ($6.89)
Seat 3: Mr_Dick666 folded before Flop (didn't bet)
Seat 4: ka100pka527 folded before Flop (didn't bet)
Seat 5: jayjay90 folded on the Turn
Seat 6: Joe_Carlos (button) folded on the Turn



PokerStars Hand #254703213795:  Hold'em No Limit ($0.50/$1.00 USD) - 2025/02/04 15:28:12 WET [2025/02/04 10:28:12 ET]
Table 'Isolda' 6-max Seat #1 is the button
Seat 1: socito ($103.50 in chips) 
Seat 2: BGS013 ($147.75 in chips) 
Seat 3: Mr_Dick666 ($159.65 in chips) 
Seat 4: ka100pka527 ($107.78 in chips) 
Seat 5: jayjay90 ($117.42 in chips) 
Seat 6: Joe_Carlos ($76.01 in chips) 
BGS013: posts small blind $0.50
Mr_Dick666: posts big blind $1
*** HOLE CARDS ***
ka100pka527: folds 
jayjay90: folds 
Joe_Carlos: raises $1.50 to $2.50
socito: folds 
BGS013: folds 
Mr_Dick666: folds 
Uncalled bet ($1.50) returned to Joe_Carlos
Joe_Carlos collected $2.50 from pot
Joe_Carlos: doesn't show hand 
*** SUMMARY ***
Total pot $2.50 | Rake $0 
Seat 1: socito (button) folded before Flop (didn't bet)
Seat 2: BGS013 (small blind) folded before Flop
Seat 3: Mr_Dick666 (big blind) folded before Flop
Seat 4: ka100pka527 folded before Flop (didn't bet)
Seat 5: jayjay90 folded before Flop (didn't bet)
Seat 6: Joe_Carlos collected ($2.50)



PokerStars Hand #254703218328:  Hold'em No Limit ($0.50/$1.00 USD) - 2025/02/04 15:28:35 WET [2025/02/04 10:28:35 ET]
Table 'Isolda' 6-max Seat #2 is the button
Seat 1: socito ($103.50 in chips) 
Seat 2: BGS013 ($147.25 in chips) 
Seat 3: Mr_Dick666 ($158.65 in chips) 
Seat 4: ka100pka527 ($107.78 in chips) 
Seat 5: jayjay90 ($117.42 in chips) 
Seat 6: Joe_Carlos ($77.51 in chips) 
Mr_Dick666: posts small blind $0.50
ka100pka527: posts big blind $1
*** HOLE CARDS ***
jayjay90: raises $1.25 to $2.25
Joe_Carlos: calls $2.25
socito: folds 
BGS013: folds 
Mr_Dick666: folds 
ka100pka527: folds 
*** FLOP *** [Js Kh 7d]
jayjay90: checks 
Joe_Carlos: bets $1.88
jayjay90: calls $1.88
*** TURN *** [Js Kh 7d] [8c]
jayjay90: checks 
Joe_Carlos: bets $6.95
jayjay90: folds 
Uncalled bet ($6.95) returned to Joe_Carlos
Joe_Carlos collected $9.27 from pot
Joe_Carlos: doesn't show hand 
*** SUMMARY ***
Total pot $9.76 | Rake $0.49 
Board [Js Kh 7d 8c]
Seat 1: socito folded before Flop (didn't bet)
Seat 2: BGS013 (button) folded before Flop (didn't bet)
Seat 3: Mr_Dick666 (small blind) folded before Flop
Seat 4: ka100pka527 (big blind) folded before Flop
Seat 5: jayjay90 folded on the Turn
Seat 6: Joe_Carlos collected ($9.27)



PokerStars Hand #254703229122:  Hold'em No Limit ($0.50/$1.00 USD) - 2025/02/04 15:29:28 WET [2025/02/04 10:29:28 ET]
Table 'Isolda' 6-max Seat #3 is the button
Seat 5: jayjay90 ($113.29 in chips) is sitting out
Seat 1: socito ($103.50 in chips) 
Seat 2: BGS013 ($147.25 in chips) 
Seat 3: Mr_Dick666 ($158.15 in chips) 
Seat 4: ka100pka527 ($106.78 in chips) 
Seat 6: Joe_Carlos ($82.65 in chips) 
ka100pka527: posts small blind $0.50
jayjay90: is sitting out 
Joe_Carlos: posts big blind $1
*** HOLE CARDS ***
socito: raises $1.50 to $2.50
BGS013: folds 
Mr_Dick666: folds 
ka100pka527: folds 
Joe_Carlos: calls $1.50
*** FLOP *** [7c Kc As]
Joe_Carlos: checks 
socito: bets $3.92
Joe_Carlos: folds 
Uncalled bet ($3.92) returned to socito
socito collected $5.22 from pot
socito: doesn't show hand 
*** SUMMARY ***
Total pot $5.50 | Rake $0.28 
Board [7c Kc As]
Seat 5: jayjay90
Seat 1: socito collected ($5.22)
Seat 2: BGS013 folded before Flop (didn't bet)
Seat 3: Mr_Dick666 (button) folded before Flop (didn't bet)
Seat 4: ka100pka527 (small blind) folded before Flop
Seat 6: Joe_Carlos (big blind) folded on the Flop



PokerStars Hand #254703236706:  Hold'em No Limit ($0.50/$1.00 USD) - 2025/02/04 15:30:05 WET [2025/02/04 10:30:05 ET]
Table 'Isolda' 6-max Seat #4 is the button
Seat 5: jayjay90 ($113.29 in chips) is sitting out
Seat 1: socito ($106.22 in chips) 
Seat 2: BGS013 ($147.25 in chips) 
Seat 3: Mr_Dick666 ($158.15 in chips) 
Seat 4: ka100pka527 ($106.28 in chips) 
Seat 6: Joe_Carlos ($80.15 in chips) 
Joe_Carlos: posts small blind $0.50
socito: posts big blind $1
*** HOLE CARDS ***
BGS013: folds 
Mr_Dick666: folds 
ka100pka527: folds 
Joe_Carlos: folds 
Uncalled bet ($0.50) returned to socito
socito collected $1 from pot
socito: doesn't show hand 
*** SUMMARY ***
Total pot $1 | Rake $0 
Seat 5: jayjay90
Seat 1: socito (big blind) collected ($1)
Seat 2: BGS013 folded before Flop (didn't bet)
Seat 3: Mr_Dick666 folded before Flop (didn't bet)
Seat 4: ka100pka527 (button) folded before Flop (didn't bet)
Seat 6: Joe_Carlos (small blind) folded before Flop



PokerStars Hand #254703239059:  Hold'em No Limit ($0.50/$1.00 USD) - 2025/02/04 15:30:16 WET [2025/02/04 10:30:16 ET]
Table 'Isolda' 6-max Seat #6 is the button
Seat 5: jayjay90 ($113.29 in chips) is sitting out
Seat 1: socito ($106.72 in chips) 
Seat 2: BGS013 ($147.25 in chips) 
Seat 3: Mr_Dick666 ($158.15 in chips) 
Seat 4: ka100pka527 ($106.28 in chips) 
Seat 6: Joe_Carlos ($79.65 in chips) 
socito: posts small blind $0.50
BGS013: posts big blind $1
*** HOLE CARDS ***
Mr_Dick666: folds 
ka100pka527: raises $1.50 to $2.50
Joe_Carlos: folds 
socito: folds 
BGS013: folds 
Uncalled bet ($1.50) returned to ka100pka527
ka100pka527 collected $2.50 from pot
ka100pka527: doesn't show hand 
*** SUMMARY ***
Total pot $2.50 | Rake $0 
Seat 5: jayjay90
Seat 1: socito (small blind) folded before Flop
Seat 2: BGS013 (big blind) folded before Flop
Seat 3: Mr_Dick666 folded before Flop (didn't bet)
Seat 4: ka100pka527 collected ($2.50)
Seat 6: Joe_Carlos (button) folded before Flop (didn't bet)



PokerStars Hand #254703241948:  Hold'em No Limit ($0.50/$1.00 USD) - 2025/02/04 15:30:31 WET [2025/02/04 10:30:31 ET]
Table 'Isolda' 6-max Seat #1 is the button
Seat 5: jayjay90 ($113.29 in chips) is sitting out
Seat 1: socito ($106.22 in chips) 
Seat 2: BGS013 ($146.25 in chips) 
Seat 3: Mr_Dick666 ($158.15 in chips) 
Seat 4: ka100pka527 ($107.78 in chips) 
Seat 6: Joe_Carlos ($79.65 in chips) 
BGS013: posts small blind $0.50
Mr_Dick666: posts big blind $1
*** HOLE CARDS ***
ka100pka527: folds 
Joe_Carlos: folds 
socito: folds 
BGS013: raises $2 to $3
Mr_Dick666: folds 
Uncalled bet ($2) returned to BGS013
BGS013 collected $2 from pot
BGS013: doesn't show hand 
*** SUMMARY ***
Total pot $2 | Rake $0 
Seat 5: jayjay90
Seat 1: socito (button) folded before Flop (didn't bet)
Seat 2: BGS013 (small blind) collected ($2)
Seat 3: Mr_Dick666 (big blind) folded before Flop
Seat 4: ka100pka527 folded before Flop (didn't bet)
Seat 6: Joe_Carlos folded before Flop (didn't bet)



PokerStars Hand #254703246740:  Hold'em No Limit ($0.50/$1.00 USD) - 2025/02/04 15:30:53 WET [2025/02/04 10:30:53 ET]
Table 'Isolda' 6-max Seat #2 is the button
Seat 5: jayjay90 ($113.29 in chips) is sitting out
Seat 1: socito ($106.22 in chips) 
Seat 2: BGS013 ($147.25 in chips) 
Seat 3: Mr_Dick666 ($157.15 in chips) 
Seat 4: ka100pka527 ($107.78 in chips) 
Seat 6: Joe_Carlos ($79.65 in chips) 
Mr_Dick666: posts small blind $0.50
ka100pka527: posts big blind $1
*** HOLE CARDS ***
Joe_Carlos: raises $1.50 to $2.50
socito: folds 
BGS013: folds 
Mr_Dick666: folds 
ka100pka527: folds 
Uncalled bet ($1.50) returned to Joe_Carlos
Joe_Carlos collected $2.50 from pot
Joe_Carlos: doesn't show hand 
*** SUMMARY ***
Total pot $2.50 | Rake $0 
Seat 5: jayjay90
Seat 1: socito folded before Flop (didn't bet)
Seat 2: BGS013 (button) folded before Flop (didn't bet)
Seat 3: Mr_Dick666 (small blind) folded before Flop
Seat 4: ka100pka527 (big blind) folded before Flop
Seat 6: Joe_Carlos collected ($2.50)



PokerStars Hand #254703251974:  Hold'em No Limit ($0.50/$1.00 USD) - 2025/02/04 15:31:19 WET [2025/02/04 10:31:19 ET]
Table 'Isolda' 6-max Seat #3 is the button
Seat 5: jayjay90 ($113.29 in chips) is sitting out
Seat 1: socito ($106.22 in chips) 
Seat 2: BGS013 ($147.25 in chips) 
Seat 3: Mr_Dick666 ($156.65 in chips) 
Seat 4: ka100pka527 ($106.78 in chips) 
Seat 6: Joe_Carlos ($81.15 in chips) 
ka100pka527: posts small blind $0.50
Joe_Carlos: posts big blind $1
*** HOLE CARDS ***
socito: raises $1.50 to $2.50
BGS013: folds 
Mr_Dick666: raises $5 to $7.50
ka100pka527: folds 
Joe_Carlos: folds 
socito: calls $5
*** FLOP *** [Kc 9d 9c]
socito: checks 
Mr_Dick666: bets $3.92
socito: folds 
Uncalled bet ($3.92) returned to Mr_Dick666
Mr_Dick666 collected $15.68 from pot
Mr_Dick666: doesn't show hand 
*** SUMMARY ***
Total pot $16.50 | Rake $0.82 
Board [Kc 9d 9c]
Seat 5: jayjay90
Seat 1: socito folded on the Flop
Seat 2: BGS013 folded before Flop (didn't bet)
Seat 3: Mr_Dick666 (button) collected ($15.68)
Seat 4: ka100pka527 (small blind) folded before Flop
Seat 6: Joe_Carlos (big blind) folded before Flop



PokerStars Hand #254703262957:  Hold'em No Limit ($0.50/$1.00 USD) - 2025/02/04 15:32:12 WET [2025/02/04 10:32:12 ET]
Table 'Isolda' 6-max Seat #4 is the button
Seat 5: jayjay90 ($113.29 in chips) is sitting out
Seat 1: socito ($100 in chips) 
Seat 2: BGS013 ($147.25 in chips) 
Seat 3: Mr_Dick666 ($164.83 in chips) 
Seat 4: ka100pka527 ($106.28 in chips) 
Seat 6: Joe_Carlos ($80.15 in chips) 
Joe_Carlos: posts small blind $0.50
socito: posts big blind $1
*** HOLE CARDS ***
BGS013: folds 
Mr_Dick666: folds 
ka100pka527: folds 
Joe_Carlos: folds 
Uncalled bet ($0.50) returned to socito
socito collected $1 from pot
socito: doesn't show hand 
*** SUMMARY ***
Total pot $1 | Rake $0 
Seat 5: jayjay90
Seat 1: socito (big blind) collected ($1)
Seat 2: BGS013 folded before Flop (didn't bet)
Seat 3: Mr_Dick666 folded before Flop (didn't bet)
Seat 4: ka100pka527 (button) folded before Flop (didn't bet)
Seat 6: Joe_Carlos (small blind) folded before Flop



PokerStars Hand #254703268282:  Hold'em No Limit ($0.50/$1.00 USD) - 2025/02/04 15:32:39 WET [2025/02/04 10:32:39 ET]
Table 'Isolda' 6-max Seat #6 is the button
Seat 5: jayjay90 ($113.29 in chips) is sitting out
Seat 1: socito ($100.50 in chips) 
Seat 2: BGS013 ($147.25 in chips) 
Seat 3: Mr_Dick666 ($164.83 in chips) 
Seat 4: ka100pka527 ($106.28 in chips) 
Seat 6: Joe_Carlos ($79.65 in chips) 
socito: posts small blind $0.50
BGS013: posts big blind $1
*** HOLE CARDS ***
Mr_Dick666: folds 
ka100pka527: folds 
Joe_Carlos: folds 
socito: folds 
Uncalled bet ($0.50) returned to BGS013
BGS013 collected $1 from pot
BGS013: doesn't show hand 
*** SUMMARY ***
Total pot $1 | Rake $0 
Seat 5: jayjay90
Seat 1: socito (small blind) folded before Flop
Seat 2: BGS013 (big blind) collected ($1)
Seat 3: Mr_Dick666 folded before Flop (didn't bet)
Seat 4: ka100pka527 folded before Flop (didn't bet)
Seat 6: Joe_Carlos (button) folded before Flop (didn't bet)



PokerStars Hand #254703270355:  Hold'em No Limit ($0.50/$1.00 USD) - 2025/02/04 15:32:49 WET [2025/02/04 10:32:49 ET]
Table 'Isolda' 6-max Seat #1 is the button
Seat 5: jayjay90 ($113.29 in chips) is sitting out
Seat 1: socito ($100 in chips) 
Seat 2: BGS013 ($147.75 in chips) 
Seat 3: Mr_Dick666 ($164.83 in chips) 
Seat 4: ka100pka527 ($106.28 in chips) 
Seat 6: Joe_Carlos ($79.65 in chips) 
BGS013: posts small blind $0.50
Mr_Dick666: posts big blind $1
*** HOLE CARDS ***
ka100pka527: folds 
Joe_Carlos: folds 
socito: folds 
BGS013: folds 
Uncalled bet ($0.50) returned to Mr_Dick666
Mr_Dick666 collected $1 from pot
Mr_Dick666: doesn't show hand 
*** SUMMARY ***
Total pot $1 | Rake $0 
Seat 5: jayjay90
Seat 1: socito (button) folded before Flop (didn't bet)
Seat 2: BGS013 (small blind) folded before Flop
Seat 3: Mr_Dick666 (big blind) collected ($1)
Seat 4: ka100pka527 folded before Flop (didn't bet)
Seat 6: Joe_Carlos folded before Flop (didn't bet)



PokerStars Hand #254703274395:  Hold'em No Limit ($0.50/$1.00 USD) - 2025/02/04 15:33:08 WET [2025/02/04 10:33:08 ET]
Table 'Isolda' 6-max Seat #2 is the button
Seat 5: jayjay90 ($113.29 in chips) is sitting out
Seat 1: socito ($100 in chips) 
Seat 2: BGS013 ($147.25 in chips) 
Seat 3: Mr_Dick666 ($165.33 in chips) 
Seat 4: ka100pka527 ($106.28 in chips) 
Seat 6: Joe_Carlos ($79.65 in chips) 
Mr_Dick666: posts small blind $0.50
ka100pka527: posts big blind $1
*** HOLE CARDS ***
Joe_Carlos: folds 
socito: folds 
BGS013: folds 
Mr_Dick666: raises $2 to $3
ka100pka527: calls $2
*** FLOP *** [3c Tc Qs]
Mr_Dick666: checks 
ka100pka527: checks 
*** TURN *** [3c Tc Qs] [7c]
Mr_Dick666: bets $2.85
ka100pka527: folds 
Uncalled bet ($2.85) returned to Mr_Dick666
Mr_Dick666 collected $5.70 from pot
Mr_Dick666: doesn't show hand 
*** SUMMARY ***
Total pot $6 | Rake $0.30 
Board [3c Tc Qs 7c]
Seat 5: jayjay90
Seat 1: socito folded before Flop (didn't bet)
Seat 2: BGS013 (button) folded before Flop (didn't bet)
Seat 3: Mr_Dick666 (small blind) collected ($5.70)
Seat 4: ka100pka527 (big blind) folded on the Turn
Seat 6: Joe_Carlos folded before Flop (didn't bet)



PokerStars Hand #254703287569:  Hold'em No Limit ($0.50/$1.00 USD) - 2025/02/04 15:34:13 WET [2025/02/04 10:34:13 ET]
Table 'Isolda' 6-max Seat #3 is the button
Seat 5: jayjay90 ($113.29 in chips) is sitting out
Seat 1: socito ($100 in chips) 
Seat 2: BGS013 ($147.25 in chips) 
Seat 3: Mr_Dick666 ($168.03 in chips) 
Seat 4: ka100pka527 ($103.28 in chips) 
Seat 6: Joe_Carlos ($79.65 in chips) 
ka100pka527: posts small blind $0.50
Joe_Carlos: posts big blind $1
*** HOLE CARDS ***
socito: folds 
BGS013: folds 
Mr_Dick666: folds 
ka100pka527: folds 
Uncalled bet ($0.50) returned to Joe_Carlos
Joe_Carlos collected $1 from pot
Joe_Carlos: doesn't show hand 
*** SUMMARY ***
Total pot $1 | Rake $0 
Seat 5: jayjay90
Seat 1: socito folded before Flop (didn't bet)
Seat 2: BGS013 folded before Flop (didn't bet)
Seat 3: Mr_Dick666 (button) folded before Flop (didn't bet)
Seat 4: ka100pka527 (small blind) folded before Flop
Seat 6: Joe_Carlos (big blind) collected ($1)



PokerStars Hand #254703289668:  Hold'em No Limit ($0.50/$1.00 USD) - 2025/02/04 15:34:24 WET [2025/02/04 10:34:24 ET]
Table 'Isolda' 6-max Seat #4 is the button
Seat 5: jayjay90 ($113.29 in chips) is sitting out
Seat 1: socito ($100 in chips) 
Seat 2: BGS013 ($147.25 in chips) 
Seat 3: Mr_Dick666 ($168.03 in chips) 
Seat 4: ka100pka527 ($102.78 in chips) 
Seat 6: Joe_Carlos ($80.15 in chips) 
Joe_Carlos: posts small blind $0.50
socito: posts big blind $1
*** HOLE CARDS ***
BGS013: folds 
Mr_Dick666: folds 
ka100pka527: folds 
Joe_Carlos: folds 
Uncalled bet ($0.50) returned to socito
socito collected $1 from pot
socito: doesn't show hand 
*** SUMMARY ***
Total pot $1 | Rake $0 
Seat 5: jayjay90
Seat 1: socito (big blind) collected ($1)
Seat 2: BGS013 folded before Flop (didn't bet)
Seat 3: Mr_Dick666 folded before Flop (didn't bet)
Seat 4: ka100pka527 (button) folded before Flop (didn't bet)
Seat 6: Joe_Carlos (small blind) folded before Flop



PokerStars Hand #254703292699:  Hold'em No Limit ($0.50/$1.00 USD) - 2025/02/04 15:34:38 WET [2025/02/04 10:34:38 ET]
Table 'Isolda' 6-max Seat #6 is the button
Seat 5: jayjay90 ($113.29 in chips) is sitting out
Seat 1: socito ($100.50 in chips) 
Seat 2: BGS013 ($147.25 in chips) 
Seat 3: Mr_Dick666 ($168.03 in chips) 
Seat 4: ka100pka527 ($102.78 in chips) 
Seat 6: Joe_Carlos ($79.65 in chips) 
socito: posts small blind $0.50
BGS013: posts big blind $1
*** HOLE CARDS ***
Mr_Dick666: folds 
ka100pka527: folds 
Joe_Carlos: raises $1.50 to $2.50
socito: folds 
BGS013: calls $1.50
*** FLOP *** [2d Ad 6c]
BGS013: checks 
Joe_Carlos: checks 
*** TURN *** [2d Ad 6c] [Ks]
BGS013: checks 
Joe_Carlos: bets $3.92
BGS013: folds 
Uncalled bet ($3.92) returned to Joe_Carlos
Joe_Carlos collected $5.22 from pot
Joe_Carlos: doesn't show hand 
*** SUMMARY ***
Total pot $5.50 | Rake $0.28 
Board [2d Ad 6c Ks]
Seat 5: jayjay90
Seat 1: socito (small blind) folded before Flop
Seat 2: BGS013 (big blind) folded on the Turn
Seat 3: Mr_Dick666 folded before Flop (didn't bet)
Seat 4: ka100pka527 folded before Flop (didn't bet)
Seat 6: Joe_Carlos (button) collected ($5.22)



PokerStars Hand #254703303243:  Hold'em No Limit ($0.50/$1.00 USD) - 2025/02/04 15:35:30 WET [2025/02/04 10:35:30 ET]
Table 'Isolda' 6-max Seat #1 is the button
Seat 3: Mr_Dick666 ($168.03 in chips) is sitting out
Seat 5: jayjay90 ($113.29 in chips) is sitting out
Seat 1: socito ($100 in chips) 
Seat 2: BGS013 ($144.75 in chips) 
Seat 4: ka100pka527 ($102.78 in chips) 
Seat 6: Joe_Carlos ($82.37 in chips) 
BGS013: posts small blind $0.50
Mr_Dick666: is sitting out 
ka100pka527: posts big blind $1
*** HOLE CARDS ***
Mr_Dick666 leaves the table
Joe_Carlos: folds 
socito: folds 
BGS013: folds 
Uncalled bet ($0.50) returned to ka100pka527
ka100pka527 collected $1 from pot
ka100pka527: doesn't show hand 
*** SUMMARY ***
Total pot $1 | Rake $0 
Seat 3: Mr_Dick666
Seat 5: jayjay90
Seat 1: socito (button) folded before Flop (didn't bet)
Seat 2: BGS013 (small blind) folded before Flop
Seat 4: ka100pka527 (big blind) collected ($1)
Seat 6: Joe_Carlos folded before Flop (didn't bet)



PokerStars Hand #254703305223:  Hold'em No Limit ($0.50/$1.00 USD) - 2025/02/04 15:35:40 WET [2025/02/04 10:35:40 ET]
Table 'Isolda' 6-max Seat #2 is the button
Seat 5: jayjay90 ($113.29 in chips) is sitting out
Seat 1: socito ($100 in chips) 
Seat 2: BGS013 ($144.25 in chips) 
Seat 4: ka100pka527 ($103.28 in chips) 
Seat 6: Joe_Carlos ($82.37 in chips) 
ka100pka527: posts small blind $0.50
Joe_Carlos: posts big blind $1
*** HOLE CARDS ***
socito: folds 
treidei3 joins the table at seat #3 
BGS013: folds 
ka100pka527: folds 
Uncalled bet ($0.50) returned to Joe_Carlos
Joe_Carlos collected $1 from pot
jayjay90 leaves the table
Joe_Carlos: doesn't show hand 
*** SUMMARY ***
Total pot $1 | Rake $0 
Seat 5: jayjay90
Seat 1: socito folded before Flop (didn't bet)
Seat 2: BGS013 (button) folded before Flop (didn't bet)
Seat 4: ka100pka527 (small blind) folded before Flop
Seat 6: Joe_Carlos (big blind) collected ($1)



PokerStars Hand #254703308554:  Hold'em No Limit ($0.50/$1.00 USD) - 2025/02/04 15:35:56 WET [2025/02/04 10:35:56 ET]
Table 'Isolda' 6-max Seat #4 is the button
Seat 3: treidei3 ($119.83 in chips) is sitting out
Seat 1: socito ($100 in chips) 
Seat 2: BGS013 ($144.25 in chips) 
Seat 4: ka100pka527 ($102.78 in chips) 
Seat 6: Joe_Carlos ($82.87 in chips) 
Joe_Carlos: posts small blind $0.50
socito: posts big blind $1
treidei3: sits out 
*** HOLE CARDS ***
BGS013: folds 
jayjay90 joins the table at seat #5 
BGS013 leaves the table
ka100pka527: raises $1.50 to $2.50
Joe_Carlos: folds 
tintin641 joins the table at seat #2 
socito: calls $1.50
*** FLOP *** [5d 4s 2h]
socito: checks 
ka100pka527: bets $1.72
socito: folds 
Uncalled bet ($1.72) returned to ka100pka527
ka100pka527 collected $5.22 from pot
ka100pka527: doesn't show hand 
*** SUMMARY ***
Total pot $5.50 | Rake $0.28 
Board [5d 4s 2h]
Seat 3: treidei3
Seat 1: socito (big blind) folded on the Flop
Seat 2: BGS013 folded before Flop (didn't bet)
Seat 4: ka100pka527 (button) collected ($5.22)
Seat 6: Joe_Carlos (small blind) folded before Flop



PokerStars Hand #254703315852:  Hold'em No Limit ($0.50/$1.00 USD) - 2025/02/04 15:36:32 WET [2025/02/04 10:36:32 ET]
Table 'Isolda' 6-max Seat #6 is the button
Seat 3: treidei3 ($119.83 in chips) is sitting out
Seat 5: jayjay90 ($113.29 in chips) is sitting out
Seat 1: socito ($100 in chips) 
Seat 2: tintin641 ($105.31 in chips) 
Seat 4: ka100pka527 ($105.50 in chips) 
Seat 6: Joe_Carlos ($82.37 in chips) 
socito: posts small blind $0.50
tintin641: posts big blind $1
treidei3: sits out 
*** HOLE CARDS ***
ka100pka527: folds 
Joe_Carlos: folds 
socito: raises $2 to $3
tintin641: calls $2
*** FLOP *** [Kh 4c 6d]
socito: bets $1.88
ka100pka527 leaves the table
tintin641: raises $4.73 to $6.61
socito: folds 
Uncalled bet ($4.73) returned to tintin641
tintin641 collected $9.27 from pot
tintin641: doesn't show hand 
*** SUMMARY ***
Total pot $9.76 | Rake $0.49 
Board [Kh 4c 6d]
Seat 3: treidei3
Seat 5: jayjay90
Seat 1: socito (small blind) folded on the Flop
Seat 2: tintin641 (big blind) collected ($9.27)
Seat 4: ka100pka527 folded before Flop (didn't bet)
Seat 6: Joe_Carlos (button) folded before Flop (didn't bet)



