PokerStars Hand #254705777637:  Hold'em No Limit ($0.50/$1.00 USD) - 2025/02/04 18:31:07 WET [2025/02/04 13:31:07 ET]
Table 'Juliet II' 6-max Seat #4 is the button
Seat 1: EBoshered ($100.22 in chips) 
Seat 2: MAO_DZEDYN_S ($102.98 in chips) 
Seat 3: michasia ($103.50 in chips) 
Seat 4: paramourx ($108.90 in chips) 
Seat 5: AlexEliseev7 ($102.72 in chips) 
Seat 6: CarsonBoy121 ($52.44 in chips) 
AlexEliseev7: posts small blind $0.50
CarsonBoy121: posts big blind $1
*** HOLE CARDS ***
EBoshered: folds 
MAO_DZEDYN_S: folds 
michasia: folds 
paramourx: folds 
AlexEliseev7: raises $2 to $3
CarsonBoy121: calls $2
*** FLOP *** [3h Ac Kc]
AlexEliseev7: bets $1.88
CarsonBoy121: raises $2.88 to $4.76
AlexEliseev7: folds 
Uncalled bet ($2.88) returned to CarsonBoy121
CarsonBoy121 collected $9.27 from pot
*** SUMMARY ***
Total pot $9.76 | Rake $0.49 
Board [3h Ac Kc]
Seat 1: EBoshered folded before Flop (didn't bet)
Seat 2: MAO_DZEDYN_S folded before Flop (didn't bet)
Seat 3: michasia folded before Flop (didn't bet)
Seat 4: paramourx (button) folded before Flop (didn't bet)
Seat 5: AlexEliseev7 (small blind) folded on the Flop
Seat 6: CarsonBoy121 (big blind) collected ($9.27)



PokerStars Hand #254705789655:  Hold'em No Limit ($0.50/$1.00 USD) - 2025/02/04 18:31:50 WET [2025/02/04 13:31:50 ET]
Table 'Juliet II' 6-max Seat #5 is the button
Seat 1: EBoshered ($100.22 in chips) 
Seat 2: MAO_DZEDYN_S ($102.98 in chips) 
Seat 3: michasia ($103.50 in chips) 
Seat 4: paramourx ($108.90 in chips) 
Seat 5: AlexEliseev7 ($100 in chips) 
Seat 6: CarsonBoy121 ($56.83 in chips) 
CarsonBoy121: posts small blind $0.50
EBoshered: posts big blind $1
*** HOLE CARDS ***
MAO_DZEDYN_S: folds 
michasia: folds 
paramourx: folds 
AlexEliseev7: folds 
CarsonBoy121: folds 
Uncalled bet ($0.50) returned to EBoshered
EBoshered collected $1 from pot
EBoshered: doesn't show hand 
*** SUMMARY ***
Total pot $1 | Rake $0 
Seat 1: EBoshered (big blind) collected ($1)
Seat 2: MAO_DZEDYN_S folded before Flop (didn't bet)
Seat 3: michasia folded before Flop (didn't bet)
Seat 4: paramourx folded before Flop (didn't bet)
Seat 5: AlexEliseev7 (button) folded before Flop (didn't bet)
Seat 6: CarsonBoy121 (small blind) folded before Flop



PokerStars Hand #254705793840:  Hold'em No Limit ($0.50/$1.00 USD) - 2025/02/04 18:32:05 WET [2025/02/04 13:32:05 ET]
Table 'Juliet II' 6-max Seat #6 is the button
Seat 1: EBoshered ($100.72 in chips) 
Seat 2: MAO_DZEDYN_S ($102.98 in chips) 
Seat 3: michasia ($103.50 in chips) 
Seat 4: paramourx ($108.90 in chips) 
Seat 5: AlexEliseev7 ($100 in chips) 
Seat 6: CarsonBoy121 ($56.33 in chips) 
EBoshered: posts small blind $0.50
MAO_DZEDYN_S: posts big blind $1
*** HOLE CARDS ***
michasia: folds 
paramourx: folds 
AlexEliseev7: folds 
CarsonBoy121: folds 
EBoshered: folds 
Uncalled bet ($0.50) returned to MAO_DZEDYN_S
MAO_DZEDYN_S collected $1 from pot
MAO_DZEDYN_S: doesn't show hand 
*** SUMMARY ***
Total pot $1 | Rake $0 
Seat 1: EBoshered (small blind) folded before Flop
Seat 2: MAO_DZEDYN_S (big blind) collected ($1)
Seat 3: michasia folded before Flop (didn't bet)
Seat 4: paramourx folded before Flop (didn't bet)
Seat 5: AlexEliseev7 folded before Flop (didn't bet)
Seat 6: CarsonBoy121 (button) folded before Flop (didn't bet)



PokerStars Hand #254705796961:  Hold'em No Limit ($0.50/$1.00 USD) - 2025/02/04 18:32:16 WET [2025/02/04 13:32:16 ET]
Table 'Juliet II' 6-max Seat #1 is the button
Seat 1: EBoshered ($100.22 in chips) 
Seat 2: MAO_DZEDYN_S ($103.48 in chips) 
Seat 3: michasia ($103.50 in chips) 
Seat 4: paramourx ($108.90 in chips) 
Seat 5: AlexEliseev7 ($100 in chips) 
Seat 6: CarsonBoy121 ($56.33 in chips) 
MAO_DZEDYN_S: posts small blind $0.50
michasia: posts big blind $1
*** HOLE CARDS ***
paramourx: folds 
AlexEliseev7: folds 
CarsonBoy121: calls $1
EBoshered: folds 
MAO_DZEDYN_S: folds 
michasia: checks 
*** FLOP *** [2d Ac Ah]
michasia: checks 
CarsonBoy121: bets $3
michasia: folds 
Uncalled bet ($3) returned to CarsonBoy121
CarsonBoy121 collected $2.38 from pot
*** SUMMARY ***
Total pot $2.50 | Rake $0.12 
Board [2d Ac Ah]
Seat 1: EBoshered (button) folded before Flop (didn't bet)
Seat 2: MAO_DZEDYN_S (small blind) folded before Flop
Seat 3: michasia (big blind) folded on the Flop
Seat 4: paramourx folded before Flop (didn't bet)
Seat 5: AlexEliseev7 folded before Flop (didn't bet)
Seat 6: CarsonBoy121 collected ($2.38)



PokerStars Hand #254705804532:  Hold'em No Limit ($0.50/$1.00 USD) - 2025/02/04 18:32:43 WET [2025/02/04 13:32:43 ET]
Table 'Juliet II' 6-max Seat #2 is the button
Seat 1: EBoshered ($100.22 in chips) 
Seat 2: MAO_DZEDYN_S ($102.98 in chips) 
Seat 3: michasia ($102.50 in chips) 
Seat 4: paramourx ($108.90 in chips) 
Seat 5: AlexEliseev7 ($100 in chips) 
Seat 6: CarsonBoy121 ($57.71 in chips) 
michasia: posts small blind $0.50
paramourx: posts big blind $1
*** HOLE CARDS ***
AlexEliseev7: folds 
CarsonBoy121: folds 
EBoshered: folds 
MAO_DZEDYN_S: folds 
michasia: raises $2 to $3
paramourx: calls $2
*** FLOP *** [6d 3d 8d]
michasia: bets $1
paramourx: calls $1
*** TURN *** [6d 3d 8d] [7c]
michasia: bets $11.40
paramourx: calls $11.40
*** RIVER *** [6d 3d 8d 7c] [8s]
michasia: bets $19.51
paramourx: raises $73.99 to $93.50 and is all-in
michasia: folds 
Uncalled bet ($73.99) returned to paramourx
paramourx collected $67.32 from pot
paramourx: doesn't show hand 
*** SUMMARY ***
Total pot $69.82 | Rake $2.50 
Board [6d 3d 8d 7c 8s]
Seat 1: EBoshered folded before Flop (didn't bet)
Seat 2: MAO_DZEDYN_S (button) folded before Flop (didn't bet)
Seat 3: michasia (small blind) folded on the River
Seat 4: paramourx (big blind) collected ($67.32)
Seat 5: AlexEliseev7 folded before Flop (didn't bet)
Seat 6: CarsonBoy121 folded before Flop (didn't bet)



PokerStars Hand #254705831071:  Hold'em No Limit ($0.50/$1.00 USD) - 2025/02/04 18:34:17 WET [2025/02/04 13:34:17 ET]
Table 'Juliet II' 6-max Seat #3 is the button
Seat 1: EBoshered ($100.22 in chips) 
Seat 2: MAO_DZEDYN_S ($102.98 in chips) 
Seat 3: michasia ($100 in chips) 
Seat 4: paramourx ($141.31 in chips) 
Seat 5: AlexEliseev7 ($100 in chips) 
Seat 6: CarsonBoy121 ($57.71 in chips) 
paramourx: posts small blind $0.50
AlexEliseev7: posts big blind $1
*** HOLE CARDS ***
CarsonBoy121: raises $2 to $3
EBoshered: raises $5 to $8
MAO_DZEDYN_S: folds 
michasia: folds 
paramourx: folds 
AlexEliseev7: folds 
CarsonBoy121: calls $5
*** FLOP *** [Qh Jc 3h]
CarsonBoy121: checks 
EBoshered: checks 
*** TURN *** [Qh Jc 3h] [3c]
CarsonBoy121: bets $6
EBoshered: folds 
Uncalled bet ($6) returned to CarsonBoy121
CarsonBoy121 collected $16.62 from pot
*** SUMMARY ***
Total pot $17.50 | Rake $0.88 
Board [Qh Jc 3h 3c]
Seat 1: EBoshered folded on the Turn
Seat 2: MAO_DZEDYN_S folded before Flop (didn't bet)
Seat 3: michasia (button) folded before Flop (didn't bet)
Seat 4: paramourx (small blind) folded before Flop
Seat 5: AlexEliseev7 (big blind) folded before Flop
Seat 6: CarsonBoy121 collected ($16.62)



PokerStars Hand #254705853666:  Hold'em No Limit ($0.50/$1.00 USD) - 2025/02/04 18:35:37 WET [2025/02/04 13:35:37 ET]
Table 'Juliet II' 6-max Seat #4 is the button
Seat 1: EBoshered ($100 in chips) 
Seat 2: MAO_DZEDYN_S ($102.98 in chips) 
Seat 3: michasia ($100 in chips) 
Seat 4: paramourx ($140.81 in chips) 
Seat 5: AlexEliseev7 ($100 in chips) 
Seat 6: CarsonBoy121 ($66.33 in chips) 
AlexEliseev7: posts small blind $0.50
CarsonBoy121: posts big blind $1
*** HOLE CARDS ***
EBoshered: folds 
MAO_DZEDYN_S: raises $1.25 to $2.25
michasia: folds 
paramourx: raises $5.25 to $7.50
AlexEliseev7: folds 
CarsonBoy121: calls $6.50
MAO_DZEDYN_S: folds 
*** FLOP *** [8s 2s 6s]
CarsonBoy121: checks 
paramourx: bets $5.23
CarsonBoy121: raises $10.23 to $15.46
paramourx: raises $117.85 to $133.31 and is all-in
CarsonBoy121: calls $43.37 and is all-in
Uncalled bet ($74.48) returned to paramourx
*** TURN *** [8s 2s 6s] [3h]
*** RIVER *** [8s 2s 6s 3h] [5d]
*** SHOW DOWN ***
CarsonBoy121: shows [Ts 9s] (a flush, Ten high)
paramourx: shows [Qs Qh] (a pair of Queens)
CarsonBoy121 collected $132.91 from pot
*** SUMMARY ***
Total pot $135.41 | Rake $2.50 
Board [8s 2s 6s 3h 5d]
Seat 1: EBoshered folded before Flop (didn't bet)
Seat 2: MAO_DZEDYN_S folded before Flop
Seat 3: michasia folded before Flop (didn't bet)
Seat 4: paramourx (button) showed [Qs Qh] and lost with a pair of Queens
Seat 5: AlexEliseev7 (small blind) folded before Flop
Seat 6: CarsonBoy121 (big blind) showed [Ts 9s] and won ($132.91) with a flush, Ten high



PokerStars Hand #254705887396:  Hold'em No Limit ($0.50/$1.00 USD) - 2025/02/04 18:37:35 WET [2025/02/04 13:37:35 ET]
Table 'Juliet II' 6-max Seat #5 is the button
Seat 1: EBoshered ($100 in chips) is sitting out
Seat 2: MAO_DZEDYN_S ($100.73 in chips) 
Seat 3: michasia ($100 in chips) 
Seat 4: paramourx ($100 in chips) 
Seat 5: AlexEliseev7 ($100 in chips) 
Seat 6: CarsonBoy121 ($132.91 in chips) 
CarsonBoy121: posts small blind $0.50
EBoshered: is sitting out 
MAO_DZEDYN_S: posts big blind $1
*** HOLE CARDS ***
michasia: folds 
paramourx: folds 
EBoshered leaves the table
AlexEliseev7: raises $1.50 to $2.50
CarsonBoy121: folds 
BoyLoc0 joins the table at seat #1 
MAO_DZEDYN_S: calls $1.50
*** FLOP *** [4d 7s 5c]
MAO_DZEDYN_S: bets $1.57
AlexEliseev7: calls $1.57
*** TURN *** [4d 7s 5c] [8h]
MAO_DZEDYN_S: bets $2.46
AlexEliseev7: calls $2.46
*** RIVER *** [4d 7s 5c 8h] [Jc]
MAO_DZEDYN_S: bets $14.85
AlexEliseev7: calls $14.85
*** SHOW DOWN ***
MAO_DZEDYN_S: shows [Tc 9d] (a straight, Seven to Jack)
AlexEliseev7: mucks hand 
MAO_DZEDYN_S collected $41.10 from pot
*** SUMMARY ***
Total pot $43.26 | Rake $2.16 
Board [4d 7s 5c 8h Jc]
Seat 1: EBoshered
Seat 2: MAO_DZEDYN_S (big blind) showed [Tc 9d] and won ($41.10) with a straight, Seven to Jack
Seat 3: michasia folded before Flop (didn't bet)
Seat 4: paramourx folded before Flop (didn't bet)
Seat 5: AlexEliseev7 (button) mucked
Seat 6: CarsonBoy121 (small blind) folded before Flop



PokerStars Hand #254705911792:  Hold'em No Limit ($0.50/$1.00 USD) - 2025/02/04 18:39:00 WET [2025/02/04 13:39:00 ET]
Table 'Juliet II' 6-max Seat #6 is the button
Seat 1: BoyLoc0 ($100 in chips) is sitting out
Seat 2: MAO_DZEDYN_S ($120.45 in chips) 
Seat 3: michasia ($100 in chips) 
Seat 4: paramourx ($100 in chips) 
Seat 5: AlexEliseev7 ($100 in chips) 
Seat 6: CarsonBoy121 ($132.41 in chips) 
MAO_DZEDYN_S: posts small blind $0.50
michasia: posts big blind $1
*** HOLE CARDS ***
paramourx: folds 
AlexEliseev7: folds 
CarsonBoy121: raises $1 to $2
MAO_DZEDYN_S: folds 
michasia: calls $1
*** FLOP *** [Kd Js 7c]
michasia: checks 
CarsonBoy121: checks 
*** TURN *** [Kd Js 7c] [Th]
michasia: checks 
CarsonBoy121: checks 
*** RIVER *** [Kd Js 7c Th] [5c]
michasia: checks 
CarsonBoy121: bets $5
michasia: folds 
Uncalled bet ($5) returned to CarsonBoy121
CarsonBoy121 collected $4.28 from pot
*** SUMMARY ***
Total pot $4.50 | Rake $0.22 
Board [Kd Js 7c Th 5c]
Seat 1: BoyLoc0
Seat 2: MAO_DZEDYN_S (small blind) folded before Flop
Seat 3: michasia (big blind) folded on the River
Seat 4: paramourx folded before Flop (didn't bet)
Seat 5: AlexEliseev7 folded before Flop (didn't bet)
Seat 6: CarsonBoy121 (button) collected ($4.28)



PokerStars Hand #254705919006:  Hold'em No Limit ($0.50/$1.00 USD) - 2025/02/04 18:39:25 WET [2025/02/04 13:39:25 ET]
Table 'Juliet II' 6-max Seat #2 is the button
Seat 1: BoyLoc0 ($100 in chips) is sitting out
Seat 2: MAO_DZEDYN_S ($119.95 in chips) 
Seat 3: michasia ($100 in chips) 
Seat 4: paramourx ($100 in chips) 
Seat 5: AlexEliseev7 ($100 in chips) 
Seat 6: CarsonBoy121 ($134.69 in chips) 
michasia: posts small blind $0.50
paramourx: posts big blind $1
BoyLoc0: sits out 
*** HOLE CARDS ***
AlexEliseev7: folds 
CarsonBoy121: folds 
MAO_DZEDYN_S: folds 
michasia: folds 
Uncalled bet ($0.50) returned to paramourx
paramourx collected $1 from pot
paramourx: doesn't show hand 
*** SUMMARY ***
Total pot $1 | Rake $0 
Seat 1: BoyLoc0
Seat 2: MAO_DZEDYN_S (button) folded before Flop (didn't bet)
Seat 3: michasia (small blind) folded before Flop
Seat 4: paramourx (big blind) collected ($1)
Seat 5: AlexEliseev7 folded before Flop (didn't bet)
Seat 6: CarsonBoy121 folded before Flop (didn't bet)



PokerStars Hand #254705922273:  Hold'em No Limit ($0.50/$1.00 USD) - 2025/02/04 18:39:36 WET [2025/02/04 13:39:36 ET]
Table 'Juliet II' 6-max Seat #3 is the button
Seat 1: BoyLoc0 ($100 in chips) is sitting out
Seat 5: AlexEliseev7 ($100 in chips) is sitting out
Seat 2: MAO_DZEDYN_S ($119.95 in chips) 
Seat 3: michasia ($100 in chips) 
Seat 4: paramourx ($100.50 in chips) 
Seat 6: CarsonBoy121 ($134.69 in chips) 
paramourx: posts small blind $0.50
AlexEliseev7: is sitting out 
AlexEliseev7 leaves the table
CarsonBoy121: posts big blind $1
BoyLoc0: sits out 
*** HOLE CARDS ***
MAO_DZEDYN_S: raises $1.25 to $2.25
michasia: folds 
paramourx: folds 
CarsonBoy121: raises $2.25 to $4.50
MAO_DZEDYN_S: calls $2.25
*** FLOP *** [4c 6c Jc]
martin b504 joins the table at seat #5 
CarsonBoy121: checks 
MAO_DZEDYN_S: checks 
*** TURN *** [4c 6c Jc] [2h]
CarsonBoy121: bets $6.51
MAO_DZEDYN_S: folds 
Uncalled bet ($6.51) returned to CarsonBoy121
CarsonBoy121 collected $9.02 from pot
*** SUMMARY ***
Total pot $9.50 | Rake $0.48 
Board [4c 6c Jc 2h]
Seat 1: BoyLoc0
Seat 5: AlexEliseev7
Seat 2: MAO_DZEDYN_S folded on the Turn
Seat 3: michasia (button) folded before Flop (didn't bet)
Seat 4: paramourx (small blind) folded before Flop
Seat 6: CarsonBoy121 (big blind) collected ($9.02)



PokerStars Hand #254705938785:  Hold'em No Limit ($0.50/$1.00 USD) - 2025/02/04 18:40:34 WET [2025/02/04 13:40:34 ET]
Table 'Juliet II' 6-max Seat #4 is the button
Seat 3: michasia ($100 in chips) is sitting out
Seat 5: martin b504 ($100 in chips) is sitting out
Seat 1: BoyLoc0 ($100 in chips) 
Seat 2: MAO_DZEDYN_S ($115.45 in chips) 
Seat 4: paramourx ($100 in chips) 
Seat 6: CarsonBoy121 ($139.21 in chips) 
CarsonBoy121: posts small blind $0.50
BoyLoc0: posts big blind $1
*** HOLE CARDS ***
MAO_DZEDYN_S: folds 
paramourx: folds 
CarsonBoy121: folds 
Uncalled bet ($0.50) returned to BoyLoc0
BoyLoc0 collected $1 from pot
BoyLoc0: doesn't show hand 
*** SUMMARY ***
Total pot $1 | Rake $0 
Seat 3: michasia
Seat 5: martin b504
Seat 1: BoyLoc0 (big blind) collected ($1)
Seat 2: MAO_DZEDYN_S folded before Flop (didn't bet)
Seat 4: paramourx (button) folded before Flop (didn't bet)
Seat 6: CarsonBoy121 (small blind) folded before Flop



PokerStars Hand #254705941118:  Hold'em No Limit ($0.50/$1.00 USD) - 2025/02/04 18:40:42 WET [2025/02/04 13:40:42 ET]
Table 'Juliet II' 6-max Seat #6 is the button
Seat 3: michasia ($100 in chips) is sitting out
Seat 5: martin b504 ($100 in chips) is sitting out
Seat 1: BoyLoc0 ($100.50 in chips) 
Seat 2: MAO_DZEDYN_S ($115.45 in chips) 
Seat 4: paramourx ($100 in chips) 
Seat 6: CarsonBoy121 ($138.71 in chips) 
BoyLoc0: posts small blind $0.50
MAO_DZEDYN_S: posts big blind $1
martin b504: sits out 
*** HOLE CARDS ***
paramourx: folds 
CarsonBoy121: calls $1
BoyLoc0: folds 
MAO_DZEDYN_S: checks 
*** FLOP *** [Td 5s Ah]
MAO_DZEDYN_S: checks 
CarsonBoy121: bets $2
MAO_DZEDYN_S: calls $2
*** TURN *** [Td 5s Ah] [8s]
MAO_DZEDYN_S: checks 
CarsonBoy121: bets $3
MAO_DZEDYN_S: folds 
Uncalled bet ($3) returned to CarsonBoy121
CarsonBoy121 collected $6.18 from pot
*** SUMMARY ***
Total pot $6.50 | Rake $0.32 
Board [Td 5s Ah 8s]
Seat 3: michasia
Seat 5: martin b504
Seat 1: BoyLoc0 (small blind) folded before Flop
Seat 2: MAO_DZEDYN_S (big blind) folded on the Turn
Seat 4: paramourx folded before Flop (didn't bet)
Seat 6: CarsonBoy121 (button) collected ($6.18)



PokerStars Hand #254705965358:  Hold'em No Limit ($0.50/$1.00 USD) - 2025/02/04 18:42:06 WET [2025/02/04 13:42:06 ET]
Table 'Juliet II' 6-max Seat #1 is the button
Seat 3: michasia ($100 in chips) is sitting out
Seat 5: martin b504 ($100 in chips) is sitting out
Seat 1: BoyLoc0 ($100 in chips) 
Seat 2: MAO_DZEDYN_S ($112.45 in chips) 
Seat 4: paramourx ($100 in chips) 
Seat 6: CarsonBoy121 ($141.89 in chips) 
MAO_DZEDYN_S: posts small blind $0.50
paramourx: posts big blind $1
martin b504: sits out 
*** HOLE CARDS ***
CarsonBoy121: calls $1
BoyLoc0: raises $3 to $4
MAO_DZEDYN_S: folds 
paramourx: folds 
CarsonBoy121: calls $3
*** FLOP *** [Kd 6h 9h]
CarsonBoy121: checks 
BoyLoc0: checks 
*** TURN *** [Kd 6h 9h] [7s]
CarsonBoy121: bets $4
BoyLoc0: calls $4
*** RIVER *** [Kd 6h 9h 7s] [Jd]
CarsonBoy121: checks 
BoyLoc0: checks 
*** SHOW DOWN ***
CarsonBoy121: shows [2s 2c] (a pair of Deuces)
BoyLoc0: shows [6c Ac] (a pair of Sixes)
BoyLoc0 collected $16.62 from pot
martin b504 leaves the table
*** SUMMARY ***
Total pot $17.50 | Rake $0.88 
Board [Kd 6h 9h 7s Jd]
Seat 3: michasia
Seat 5: martin b504
Seat 1: BoyLoc0 (button) showed [6c Ac] and won ($16.62) with a pair of Sixes
Seat 2: MAO_DZEDYN_S (small blind) folded before Flop
Seat 4: paramourx (big blind) folded before Flop
Seat 6: CarsonBoy121 showed [2s 2c] and lost with a pair of Deuces



PokerStars Hand #254705973409:  Hold'em No Limit ($0.50/$1.00 USD) - 2025/02/04 18:42:34 WET [2025/02/04 13:42:34 ET]
Table 'Juliet II' 6-max Seat #2 is the button
Seat 3: michasia ($100 in chips) is sitting out
Seat 1: BoyLoc0 ($108.62 in chips) 
Seat 2: MAO_DZEDYN_S ($111.95 in chips) 
Seat 4: paramourx ($100 in chips) 
Seat 6: CarsonBoy121 ($133.89 in chips) 
paramourx: posts small blind $0.50
CarsonBoy121: posts big blind $1
*** HOLE CARDS ***
BoyLoc0: folds 
MAO_DZEDYN_S: raises $1.50 to $2.50
reiyser joins the table at seat #5 
paramourx: folds 
CarsonBoy121: calls $1.50
*** FLOP *** [Qs 8c Kc]
CarsonBoy121: checks 
MAO_DZEDYN_S: checks 
*** TURN *** [Qs 8c Kc] [9h]
CarsonBoy121: bets $2
MAO_DZEDYN_S: calls $2
*** RIVER *** [Qs 8c Kc 9h] [Kh]
CarsonBoy121: checks 
MAO_DZEDYN_S: bets $4.69
CarsonBoy121: raises $10.69 to $15.38
MAO_DZEDYN_S: folds 
Uncalled bet ($10.69) returned to CarsonBoy121
CarsonBoy121 collected $17.94 from pot
*** SUMMARY ***
Total pot $18.88 | Rake $0.94 
Board [Qs 8c Kc 9h Kh]
Seat 3: michasia
Seat 1: BoyLoc0 folded before Flop (didn't bet)
Seat 2: MAO_DZEDYN_S (button) folded on the River
Seat 4: paramourx (small blind) folded before Flop
Seat 6: CarsonBoy121 (big blind) collected ($17.94)



PokerStars Hand #254706001417:  Hold'em No Limit ($0.50/$1.00 USD) - 2025/02/04 18:44:12 WET [2025/02/04 13:44:12 ET]
Table 'Juliet II' 6-max Seat #4 is the button
Seat 3: michasia ($100 in chips) is sitting out
Seat 5: reiyser ($100 in chips) is sitting out
Seat 1: BoyLoc0 ($108.62 in chips) 
Seat 2: MAO_DZEDYN_S ($102.76 in chips) 
Seat 4: paramourx ($100 in chips) 
Seat 6: CarsonBoy121 ($142.64 in chips) 
CarsonBoy121: posts small blind $0.50
BoyLoc0: posts big blind $1
*** HOLE CARDS ***
MAO_DZEDYN_S: folds 
paramourx: folds 
CarsonBoy121: raises $2 to $3
BoyLoc0: calls $2
*** FLOP *** [Tc 2h 4h]
CarsonBoy121: checks 
BoyLoc0: checks 
*** TURN *** [Tc 2h 4h] [7c]
CarsonBoy121: checks 
BoyLoc0: checks 
*** RIVER *** [Tc 2h 4h 7c] [2c]
CarsonBoy121: checks 
BoyLoc0: checks 
*** SHOW DOWN ***
CarsonBoy121: shows [Kh Qs] (a pair of Deuces)
BoyLoc0: shows [6s Ac] (a pair of Deuces - Ace kicker)
BoyLoc0 collected $5.70 from pot
*** SUMMARY ***
Total pot $6 | Rake $0.30 
Board [Tc 2h 4h 7c 2c]
Seat 3: michasia
Seat 5: reiyser
Seat 1: BoyLoc0 (big blind) showed [6s Ac] and won ($5.70) with a pair of Deuces
Seat 2: MAO_DZEDYN_S folded before Flop (didn't bet)
Seat 4: paramourx (button) folded before Flop (didn't bet)
Seat 6: CarsonBoy121 (small blind) showed [Kh Qs] and lost with a pair of Deuces



PokerStars Hand #254706009658:  Hold'em No Limit ($0.50/$1.00 USD) - 2025/02/04 18:44:41 WET [2025/02/04 13:44:41 ET]
Table 'Juliet II' 6-max Seat #6 is the button
Seat 3: michasia ($100 in chips) is sitting out
Seat 5: reiyser ($100 in chips) is sitting out
Seat 1: BoyLoc0 ($111.32 in chips) 
Seat 2: MAO_DZEDYN_S ($102.76 in chips) 
Seat 4: paramourx ($100 in chips) 
Seat 6: CarsonBoy121 ($139.64 in chips) 
BoyLoc0: posts small blind $0.50
MAO_DZEDYN_S: posts big blind $1
michasia: sits out 
reiyser: sits out 
*** HOLE CARDS ***
paramourx: folds 
CarsonBoy121: folds 
BoyLoc0: raises $2 to $3
MAO_DZEDYN_S: folds 
Uncalled bet ($2) returned to BoyLoc0
BoyLoc0 collected $2 from pot
BoyLoc0: doesn't show hand 
*** SUMMARY ***
Total pot $2 | Rake $0 
Seat 3: michasia
Seat 5: reiyser
Seat 1: BoyLoc0 (small blind) collected ($2)
Seat 2: MAO_DZEDYN_S (big blind) folded before Flop
Seat 4: paramourx folded before Flop (didn't bet)
Seat 6: CarsonBoy121 (button) folded before Flop (didn't bet)



PokerStars Hand #254706017977:  Hold'em No Limit ($0.50/$1.00 USD) - 2025/02/04 18:45:10 WET [2025/02/04 13:45:10 ET]
Table 'Juliet II' 6-max Seat #1 is the button
Seat 5: reiyser ($100 in chips) is sitting out
Seat 1: BoyLoc0 ($112.32 in chips) 
Seat 2: MAO_DZEDYN_S ($101.76 in chips) 
Seat 3: michasia ($100 in chips) 
Seat 4: paramourx ($100 in chips) 
Seat 6: CarsonBoy121 ($139.64 in chips) 
MAO_DZEDYN_S: posts small blind $0.50
michasia: posts big blind $1
reiyser: sits out 
*** HOLE CARDS ***
paramourx: folds 
CarsonBoy121: folds 
BoyLoc0: raises $1.50 to $2.50
MAO_DZEDYN_S: folds 
michasia: folds 
Uncalled bet ($1.50) returned to BoyLoc0
BoyLoc0 collected $2.50 from pot
BoyLoc0: doesn't show hand 
*** SUMMARY ***
Total pot $2.50 | Rake $0 
Seat 5: reiyser
Seat 1: BoyLoc0 (button) collected ($2.50)
Seat 2: MAO_DZEDYN_S (small blind) folded before Flop
Seat 3: michasia (big blind) folded before Flop
Seat 4: paramourx folded before Flop (didn't bet)
Seat 6: CarsonBoy121 folded before Flop (didn't bet)



PokerStars Hand #254706025490:  Hold'em No Limit ($0.50/$1.00 USD) - 2025/02/04 18:45:36 WET [2025/02/04 13:45:36 ET]
Table 'Juliet II' 6-max Seat #2 is the button
Seat 5: reiyser ($100 in chips) is sitting out
Seat 1: BoyLoc0 ($113.82 in chips) 
Seat 2: MAO_DZEDYN_S ($101.26 in chips) 
Seat 3: michasia ($100 in chips) 
Seat 4: paramourx ($100 in chips) 
Seat 6: CarsonBoy121 ($139.64 in chips) 
michasia: posts small blind $0.50
paramourx: posts big blind $1
reiyser: sits out 
*** HOLE CARDS ***
CarsonBoy121: calls $1
BoyLoc0: folds 
MAO_DZEDYN_S: raises $2.50 to $3.50
michasia: folds 
paramourx: folds 
CarsonBoy121: calls $2.50
*** FLOP *** [4c Tc 8d]
CarsonBoy121: checks 
MAO_DZEDYN_S: bets $6.06
CarsonBoy121: folds 
Uncalled bet ($6.06) returned to MAO_DZEDYN_S
MAO_DZEDYN_S collected $8.08 from pot
MAO_DZEDYN_S: doesn't show hand 
*** SUMMARY ***
Total pot $8.50 | Rake $0.42 
Board [4c Tc 8d]
Seat 5: reiyser
Seat 1: BoyLoc0 folded before Flop (didn't bet)
Seat 2: MAO_DZEDYN_S (button) collected ($8.08)
Seat 3: michasia (small blind) folded before Flop
Seat 4: paramourx (big blind) folded before Flop
Seat 6: CarsonBoy121 folded on the Flop



PokerStars Hand #254706037135:  Hold'em No Limit ($0.50/$1.00 USD) - 2025/02/04 18:46:16 WET [2025/02/04 13:46:16 ET]
Table 'Juliet II' 6-max Seat #3 is the button
Seat 1: BoyLoc0 ($113.82 in chips) 
Seat 2: MAO_DZEDYN_S ($105.84 in chips) 
Seat 3: michasia ($100 in chips) 
Seat 4: paramourx ($100 in chips) 
Seat 5: reiyser ($100 in chips) 
Seat 6: CarsonBoy121 ($136.14 in chips) 
paramourx: posts small blind $0.50
reiyser: posts big blind $1
*** HOLE CARDS ***
CarsonBoy121: folds 
BoyLoc0: folds 
MAO_DZEDYN_S: folds 
michasia: folds 
paramourx: raises $2 to $3
reiyser: calls $2
*** FLOP *** [8h 6d Jh]
paramourx: bets $2.85
reiyser: raises $5.93 to $8.78
paramourx: calls $5.93
*** TURN *** [8h 6d Jh] [Tc]
paramourx: checks 
reiyser: bets $17.60
paramourx: calls $17.60
*** RIVER *** [8h 6d Jh Tc] [Qs]
paramourx: checks 
reiyser: checks 
*** SHOW DOWN ***
paramourx: shows [8s 6s] (two pair, Eights and Sixes)
reiyser: mucks hand 
paramourx collected $56.26 from pot
*** SUMMARY ***
Total pot $58.76 | Rake $2.50 
Board [8h 6d Jh Tc Qs]
Seat 1: BoyLoc0 folded before Flop (didn't bet)
Seat 2: MAO_DZEDYN_S folded before Flop (didn't bet)
Seat 3: michasia (button) folded before Flop (didn't bet)
Seat 4: paramourx (small blind) showed [8s 6s] and won ($56.26) with two pair, Eights and Sixes
Seat 5: reiyser (big blind) mucked
Seat 6: CarsonBoy121 folded before Flop (didn't bet)



PokerStars Hand #254706068707:  Hold'em No Limit ($0.50/$1.00 USD) - 2025/02/04 18:48:05 WET [2025/02/04 13:48:05 ET]
Table 'Juliet II' 6-max Seat #4 is the button
Seat 1: BoyLoc0 ($113.82 in chips) 
Seat 2: MAO_DZEDYN_S ($105.84 in chips) 
Seat 3: michasia ($100 in chips) 
Seat 4: paramourx ($126.88 in chips) 
Seat 5: reiyser ($100 in chips) 
Seat 6: CarsonBoy121 ($136.14 in chips) 
reiyser: posts small blind $0.50
CarsonBoy121: posts big blind $1
*** HOLE CARDS ***
BoyLoc0: raises $1.50 to $2.50
MAO_DZEDYN_S: folds 
michasia: folds 
paramourx: folds 
reiyser: folds 
CarsonBoy121: calls $1.50
*** FLOP *** [9h 7h Qc]
CarsonBoy121: checks 
BoyLoc0: checks 
*** TURN *** [9h 7h Qc] [4c]
CarsonBoy121: bets $3
BoyLoc0: calls $3
*** RIVER *** [9h 7h Qc 4c] [Qd]
CarsonBoy121: bets $6
BoyLoc0: calls $6
*** SHOW DOWN ***
CarsonBoy121: shows [2d Js] (a pair of Queens)
BoyLoc0: shows [8s 7s] (two pair, Queens and Sevens)
BoyLoc0 collected $22.32 from pot
*** SUMMARY ***
Total pot $23.50 | Rake $1.18 
Board [9h 7h Qc 4c Qd]
Seat 1: BoyLoc0 showed [8s 7s] and won ($22.32) with two pair, Queens and Sevens
Seat 2: MAO_DZEDYN_S folded before Flop (didn't bet)
Seat 3: michasia folded before Flop (didn't bet)
Seat 4: paramourx (button) folded before Flop (didn't bet)
Seat 5: reiyser (small blind) folded before Flop
Seat 6: CarsonBoy121 (big blind) showed [2d Js] and lost with a pair of Queens



PokerStars Hand #254706085923:  Hold'em No Limit ($0.50/$1.00 USD) - 2025/02/04 18:49:06 WET [2025/02/04 13:49:06 ET]
Table 'Juliet II' 6-max Seat #5 is the button
Seat 1: BoyLoc0 ($124.64 in chips) 
Seat 2: MAO_DZEDYN_S ($105.84 in chips) 
Seat 3: michasia ($100 in chips) 
Seat 4: paramourx ($126.88 in chips) 
Seat 5: reiyser ($100 in chips) 
Seat 6: CarsonBoy121 ($124.64 in chips) 
CarsonBoy121: posts small blind $0.50
BoyLoc0: posts big blind $1
*** HOLE CARDS ***
MAO_DZEDYN_S: folds 
michasia: folds 
paramourx: raises $2 to $3
reiyser: raises $6 to $9
CarsonBoy121: folds 
BoyLoc0: folds 
paramourx: folds 
Uncalled bet ($6) returned to reiyser
reiyser collected $7.50 from pot
reiyser: doesn't show hand 
*** SUMMARY ***
Total pot $7.50 | Rake $0 
Seat 1: BoyLoc0 (big blind) folded before Flop
Seat 2: MAO_DZEDYN_S folded before Flop (didn't bet)
Seat 3: michasia folded before Flop (didn't bet)
Seat 4: paramourx folded before Flop
Seat 5: reiyser (button) collected ($7.50)
Seat 6: CarsonBoy121 (small blind) folded before Flop



PokerStars Hand #254706091479:  Hold'em No Limit ($0.50/$1.00 USD) - 2025/02/04 18:49:25 WET [2025/02/04 13:49:25 ET]
Table 'Juliet II' 6-max Seat #6 is the button
Seat 1: BoyLoc0 ($123.64 in chips) 
Seat 2: MAO_DZEDYN_S ($105.84 in chips) 
Seat 3: michasia ($100 in chips) 
Seat 4: paramourx ($123.88 in chips) 
Seat 5: reiyser ($104.50 in chips) 
Seat 6: CarsonBoy121 ($124.14 in chips) 
BoyLoc0: posts small blind $0.50
MAO_DZEDYN_S: posts big blind $1
*** HOLE CARDS ***
michasia: raises $1.60 to $2.60
paramourx: raises $5.40 to $8
reiyser: folds 
CarsonBoy121: folds 
BoyLoc0: folds 
MAO_DZEDYN_S: folds 
michasia: folds 
Uncalled bet ($5.40) returned to paramourx
paramourx collected $6.70 from pot
paramourx: doesn't show hand 
*** SUMMARY ***
Total pot $6.70 | Rake $0 
Seat 1: BoyLoc0 (small blind) folded before Flop
Seat 2: MAO_DZEDYN_S (big blind) folded before Flop
Seat 3: michasia folded before Flop
Seat 4: paramourx collected ($6.70)
Seat 5: reiyser folded before Flop (didn't bet)
Seat 6: CarsonBoy121 (button) folded before Flop (didn't bet)



PokerStars Hand #254706100967:  Hold'em No Limit ($0.50/$1.00 USD) - 2025/02/04 18:49:59 WET [2025/02/04 13:49:59 ET]
Table 'Juliet II' 6-max Seat #1 is the button
Seat 1: BoyLoc0 ($123.14 in chips) 
Seat 2: MAO_DZEDYN_S ($104.84 in chips) 
Seat 3: michasia ($100 in chips) 
Seat 4: paramourx ($127.98 in chips) 
Seat 5: reiyser ($104.50 in chips) 
Seat 6: CarsonBoy121 ($124.14 in chips) 
MAO_DZEDYN_S: posts small blind $0.50
michasia: posts big blind $1
*** HOLE CARDS ***
paramourx: folds 
reiyser: folds 
CarsonBoy121: raises $2 to $3
BoyLoc0: folds 
MAO_DZEDYN_S: folds 
michasia: folds 
Uncalled bet ($2) returned to CarsonBoy121
CarsonBoy121 collected $2.50 from pot
*** SUMMARY ***
Total pot $2.50 | Rake $0 
Seat 1: BoyLoc0 (button) folded before Flop (didn't bet)
Seat 2: MAO_DZEDYN_S (small blind) folded before Flop
Seat 3: michasia (big blind) folded before Flop
Seat 4: paramourx folded before Flop (didn't bet)
Seat 5: reiyser folded before Flop (didn't bet)
Seat 6: CarsonBoy121 collected ($2.50)



PokerStars Hand #254706108638:  Hold'em No Limit ($0.50/$1.00 USD) - 2025/02/04 18:50:27 WET [2025/02/04 13:50:27 ET]
Table 'Juliet II' 6-max Seat #2 is the button
Seat 1: BoyLoc0 ($123.14 in chips) 
Seat 2: MAO_DZEDYN_S ($104.34 in chips) 
Seat 3: michasia ($100 in chips) 
Seat 4: paramourx ($127.98 in chips) 
Seat 5: reiyser ($104.50 in chips) 
Seat 6: CarsonBoy121 ($125.64 in chips) 
michasia: posts small blind $0.50
paramourx: posts big blind $1
*** HOLE CARDS ***
reiyser: raises $1.23 to $2.23
CarsonBoy121: folds 
BoyLoc0: raises $5.27 to $7.50
MAO_DZEDYN_S: raises $11.12 to $18.62
michasia: folds 
paramourx: folds 
reiyser: folds 
BoyLoc0: folds 
Uncalled bet ($11.12) returned to MAO_DZEDYN_S
MAO_DZEDYN_S collected $18.73 from pot
MAO_DZEDYN_S: doesn't show hand 
*** SUMMARY ***
Total pot $18.73 | Rake $0 
Seat 1: BoyLoc0 folded before Flop
Seat 2: MAO_DZEDYN_S (button) collected ($18.73)
Seat 3: michasia (small blind) folded before Flop
Seat 4: paramourx (big blind) folded before Flop
Seat 5: reiyser folded before Flop
Seat 6: CarsonBoy121 folded before Flop (didn't bet)



PokerStars Hand #254706119546:  Hold'em No Limit ($0.50/$1.00 USD) - 2025/02/04 18:51:05 WET [2025/02/04 13:51:05 ET]
Table 'Juliet II' 6-max Seat #3 is the button
Seat 1: BoyLoc0 ($115.64 in chips) 
Seat 2: MAO_DZEDYN_S ($115.57 in chips) 
Seat 3: michasia ($100 in chips) 
Seat 4: paramourx ($126.98 in chips) 
Seat 5: reiyser ($102.27 in chips) 
Seat 6: CarsonBoy121 ($125.64 in chips) 
paramourx: posts small blind $0.50
reiyser: posts big blind $1
*** HOLE CARDS ***
CarsonBoy121: folds 
BoyLoc0: folds 
MAO_DZEDYN_S: folds 
michasia: folds 
paramourx: folds 
Uncalled bet ($0.50) returned to reiyser
reiyser collected $1 from pot
reiyser: doesn't show hand 
*** SUMMARY ***
Total pot $1 | Rake $0 
Seat 1: BoyLoc0 folded before Flop (didn't bet)
Seat 2: MAO_DZEDYN_S folded before Flop (didn't bet)
Seat 3: michasia (button) folded before Flop (didn't bet)
Seat 4: paramourx (small blind) folded before Flop
Seat 5: reiyser (big blind) collected ($1)
Seat 6: CarsonBoy121 folded before Flop (didn't bet)



PokerStars Hand #254706121538:  Hold'em No Limit ($0.50/$1.00 USD) - 2025/02/04 18:51:13 WET [2025/02/04 13:51:13 ET]
Table 'Juliet II' 6-max Seat #4 is the button
Seat 1: BoyLoc0 ($115.64 in chips) 
Seat 2: MAO_DZEDYN_S ($115.57 in chips) 
Seat 3: michasia ($100 in chips) 
Seat 4: paramourx ($126.48 in chips) 
Seat 5: reiyser ($102.77 in chips) 
Seat 6: CarsonBoy121 ($125.64 in chips) 
reiyser: posts small blind $0.50
CarsonBoy121: posts big blind $1
*** HOLE CARDS ***
BoyLoc0: raises $1.50 to $2.50
MAO_DZEDYN_S: folds 
michasia: folds 
paramourx: folds 
reiyser: folds 
CarsonBoy121: folds 
Uncalled bet ($1.50) returned to BoyLoc0
BoyLoc0 collected $2.50 from pot
BoyLoc0: doesn't show hand 
*** SUMMARY ***
Total pot $2.50 | Rake $0 
Seat 1: BoyLoc0 collected ($2.50)
Seat 2: MAO_DZEDYN_S folded before Flop (didn't bet)
Seat 3: michasia folded before Flop (didn't bet)
Seat 4: paramourx (button) folded before Flop (didn't bet)
Seat 5: reiyser (small blind) folded before Flop
Seat 6: CarsonBoy121 (big blind) folded before Flop



PokerStars Hand #254706125429:  Hold'em No Limit ($0.50/$1.00 USD) - 2025/02/04 18:51:26 WET [2025/02/04 13:51:26 ET]
Table 'Juliet II' 6-max Seat #5 is the button
Seat 1: BoyLoc0 ($117.14 in chips) 
Seat 2: MAO_DZEDYN_S ($115.57 in chips) 
Seat 3: michasia ($100 in chips) 
Seat 4: paramourx ($126.48 in chips) 
Seat 5: reiyser ($102.27 in chips) 
Seat 6: CarsonBoy121 ($124.64 in chips) 
CarsonBoy121: posts small blind $0.50
BoyLoc0: posts big blind $1
*** HOLE CARDS ***
MAO_DZEDYN_S: raises $1.25 to $2.25
michasia: folds 
paramourx: folds 
reiyser: folds 
CarsonBoy121: folds 
BoyLoc0: folds 
Uncalled bet ($1.25) returned to MAO_DZEDYN_S
MAO_DZEDYN_S collected $2.50 from pot
MAO_DZEDYN_S: doesn't show hand 
*** SUMMARY ***
Total pot $2.50 | Rake $0 
Seat 1: BoyLoc0 (big blind) folded before Flop
Seat 2: MAO_DZEDYN_S collected ($2.50)
Seat 3: michasia folded before Flop (didn't bet)
Seat 4: paramourx folded before Flop (didn't bet)
Seat 5: reiyser (button) folded before Flop (didn't bet)
Seat 6: CarsonBoy121 (small blind) folded before Flop



PokerStars Hand #254706129300:  Hold'em No Limit ($0.50/$1.00 USD) - 2025/02/04 18:51:40 WET [2025/02/04 13:51:40 ET]
Table 'Juliet II' 6-max Seat #6 is the button
Seat 1: BoyLoc0 ($116.14 in chips) 
Seat 2: MAO_DZEDYN_S ($117.07 in chips) 
Seat 3: michasia ($100 in chips) 
Seat 4: paramourx ($126.48 in chips) 
Seat 5: reiyser ($102.27 in chips) 
Seat 6: CarsonBoy121 ($124.14 in chips) 
BoyLoc0: posts small blind $0.50
MAO_DZEDYN_S: posts big blind $1
*** HOLE CARDS ***
michasia: raises $1.60 to $2.60
paramourx: folds 
reiyser: folds 
CarsonBoy121: folds 
BoyLoc0: folds 
MAO_DZEDYN_S: folds 
Uncalled bet ($1.60) returned to michasia
michasia collected $2.50 from pot
michasia: doesn't show hand 
*** SUMMARY ***
Total pot $2.50 | Rake $0 
Seat 1: BoyLoc0 (small blind) folded before Flop
Seat 2: MAO_DZEDYN_S (big blind) folded before Flop
Seat 3: michasia collected ($2.50)
Seat 4: paramourx folded before Flop (didn't bet)
Seat 5: reiyser folded before Flop (didn't bet)
Seat 6: CarsonBoy121 (button) folded before Flop (didn't bet)



PokerStars Hand #254706136630:  Hold'em No Limit ($0.50/$1.00 USD) - 2025/02/04 18:52:06 WET [2025/02/04 13:52:06 ET]
Table 'Juliet II' 6-max Seat #1 is the button
Seat 1: BoyLoc0 ($115.64 in chips) 
Seat 2: MAO_DZEDYN_S ($116.07 in chips) 
Seat 3: michasia ($101.50 in chips) 
Seat 4: paramourx ($126.48 in chips) 
Seat 5: reiyser ($102.27 in chips) 
Seat 6: CarsonBoy121 ($124.14 in chips) 
MAO_DZEDYN_S: posts small blind $0.50
michasia: posts big blind $1
*** HOLE CARDS ***
paramourx: raises $2 to $3
reiyser: folds 
CarsonBoy121 has timed out
CarsonBoy121: folds 
BoyLoc0: folds 
MAO_DZEDYN_S: folds 
michasia: folds 
Uncalled bet ($2) returned to paramourx
paramourx collected $2.50 from pot
paramourx: doesn't show hand 
*** SUMMARY ***
Total pot $2.50 | Rake $0 
Seat 1: BoyLoc0 (button) folded before Flop (didn't bet)
Seat 2: MAO_DZEDYN_S (small blind) folded before Flop
Seat 3: michasia (big blind) folded before Flop
Seat 4: paramourx collected ($2.50)
Seat 5: reiyser folded before Flop (didn't bet)
Seat 6: CarsonBoy121 folded before Flop (didn't bet)



PokerStars Hand #254706147699:  Hold'em No Limit ($0.50/$1.00 USD) - 2025/02/04 18:52:45 WET [2025/02/04 13:52:45 ET]
Table 'Juliet II' 6-max Seat #2 is the button
Seat 6: CarsonBoy121 ($124.14 in chips) is sitting out
Seat 1: BoyLoc0 ($115.64 in chips) 
Seat 2: MAO_DZEDYN_S ($115.57 in chips) 
Seat 3: michasia ($100.50 in chips) 
Seat 4: paramourx ($127.98 in chips) 
Seat 5: reiyser ($102.27 in chips) 
michasia: posts small blind $0.50
CarsonBoy121 is disconnected 
paramourx: posts big blind $1
*** HOLE CARDS ***
reiyser: folds 
BoyLoc0: folds 
MAO_DZEDYN_S: folds 
michasia: raises $2 to $3
CarsonBoy121 is disconnected 
paramourx: calls $2
*** FLOP *** [3s Ks 4c]
michasia: bets $1.88
paramourx: calls $1.88
*** TURN *** [3s Ks 4c] [3c]
michasia: bets $13.90
paramourx: calls $13.90
*** RIVER *** [3s Ks 4c 3c] [6h]
michasia: checks 
paramourx: checks 
*** SHOW DOWN ***
michasia: shows [Qs 4s] (two pair, Fours and Threes)
paramourx: shows [Kd Jc] (two pair, Kings and Threes)
paramourx collected $35.68 from pot
*** SUMMARY ***
Total pot $37.56 | Rake $1.88 
Board [3s Ks 4c 3c 6h]
Seat 6: CarsonBoy121
Seat 1: BoyLoc0 folded before Flop (didn't bet)
Seat 2: MAO_DZEDYN_S (button) folded before Flop (didn't bet)
Seat 3: michasia (small blind) showed [Qs 4s] and lost with two pair, Fours and Threes
Seat 4: paramourx (big blind) showed [Kd Jc] and won ($35.68) with two pair, Kings and Threes
Seat 5: reiyser folded before Flop (didn't bet)



PokerStars Hand #254706168035:  Hold'em No Limit ($0.50/$1.00 USD) - 2025/02/04 18:53:56 WET [2025/02/04 13:53:56 ET]
Table 'Juliet II' 6-max Seat #3 is the button
Seat 6: CarsonBoy121 ($124.14 in chips) is sitting out
Seat 1: BoyLoc0 ($115.64 in chips) 
Seat 2: MAO_DZEDYN_S ($115.57 in chips) 
Seat 3: michasia ($100 in chips) 
Seat 4: paramourx ($144.88 in chips) 
Seat 5: reiyser ($102.27 in chips) 
paramourx: posts small blind $0.50
reiyser: posts big blind $1
*** HOLE CARDS ***
BoyLoc0: folds 
MAO_DZEDYN_S: folds 
michasia: raises $1.80 to $2.80
paramourx: folds 
reiyser: folds 
Uncalled bet ($1.80) returned to michasia
michasia collected $2.50 from pot
michasia: doesn't show hand 
*** SUMMARY ***
Total pot $2.50 | Rake $0 
Seat 6: CarsonBoy121
Seat 1: BoyLoc0 folded before Flop (didn't bet)
Seat 2: MAO_DZEDYN_S folded before Flop (didn't bet)
Seat 3: michasia (button) collected ($2.50)
Seat 4: paramourx (small blind) folded before Flop
Seat 5: reiyser (big blind) folded before Flop



PokerStars Hand #254706173919:  Hold'em No Limit ($0.50/$1.00 USD) - 2025/02/04 18:54:17 WET [2025/02/04 13:54:17 ET]
Table 'Juliet II' 6-max Seat #4 is the button
Seat 6: CarsonBoy121 ($124.14 in chips) is sitting out
Seat 1: BoyLoc0 ($115.64 in chips) 
Seat 2: MAO_DZEDYN_S ($115.57 in chips) 
Seat 3: michasia ($101.50 in chips) 
Seat 4: paramourx ($144.38 in chips) 
Seat 5: reiyser ($101.27 in chips) 
reiyser: posts small blind $0.50
BoyLoc0: posts big blind $1
*** HOLE CARDS ***
MAO_DZEDYN_S: folds 
michasia: raises $1.80 to $2.80
paramourx: folds 
reiyser: folds 
BoyLoc0: calls $1.80
*** FLOP *** [3h Kd 3s]
BoyLoc0: checks 
michasia: checks 
*** TURN *** [3h Kd 3s] [Qs]
BoyLoc0: checks 
michasia: bets $3.87
BoyLoc0: folds 
Uncalled bet ($3.87) returned to michasia
michasia collected $5.80 from pot
michasia: doesn't show hand 
*** SUMMARY ***
Total pot $6.10 | Rake $0.30 
Board [3h Kd 3s Qs]
Seat 6: CarsonBoy121
Seat 1: BoyLoc0 (big blind) folded on the Turn
Seat 2: MAO_DZEDYN_S folded before Flop (didn't bet)
Seat 3: michasia collected ($5.80)
Seat 4: paramourx (button) folded before Flop (didn't bet)
Seat 5: reiyser (small blind) folded before Flop



PokerStars Hand #254706185996:  Hold'em No Limit ($0.50/$1.00 USD) - 2025/02/04 18:54:59 WET [2025/02/04 13:54:59 ET]
Table 'Juliet II' 6-max Seat #5 is the button
Seat 6: CarsonBoy121 ($124.14 in chips) is sitting out
Seat 1: BoyLoc0 ($112.84 in chips) 
Seat 2: MAO_DZEDYN_S ($115.57 in chips) 
Seat 3: michasia ($104.50 in chips) 
Seat 4: paramourx ($144.38 in chips) 
Seat 5: reiyser ($100.77 in chips) 
BoyLoc0: posts small blind $0.50
MAO_DZEDYN_S: posts big blind $1
*** HOLE CARDS ***
michasia: raises $1.60 to $2.60
paramourx: folds 
reiyser: folds 
BoyLoc0: folds 
MAO_DZEDYN_S: folds 
Uncalled bet ($1.60) returned to michasia
michasia collected $2.50 from pot
michasia: doesn't show hand 
*** SUMMARY ***
Total pot $2.50 | Rake $0 
Seat 6: CarsonBoy121
Seat 1: BoyLoc0 (small blind) folded before Flop
Seat 2: MAO_DZEDYN_S (big blind) folded before Flop
Seat 3: michasia collected ($2.50)
Seat 4: paramourx folded before Flop (didn't bet)
Seat 5: reiyser (button) folded before Flop (didn't bet)



PokerStars Hand #254706191453:  Hold'em No Limit ($0.50/$1.00 USD) - 2025/02/04 18:55:22 WET [2025/02/04 13:55:22 ET]
Table 'Juliet II' 6-max Seat #1 is the button
Seat 6: CarsonBoy121 ($124.14 in chips) is sitting out
Seat 1: BoyLoc0 ($112.34 in chips) 
Seat 2: MAO_DZEDYN_S ($114.57 in chips) 
Seat 3: michasia ($106 in chips) 
Seat 4: paramourx ($144.38 in chips) 
Seat 5: reiyser ($100.77 in chips) 
MAO_DZEDYN_S: posts small blind $0.50
michasia: posts big blind $1
*** HOLE CARDS ***
paramourx: folds 
reiyser: folds 
BoyLoc0: folds 
MAO_DZEDYN_S: folds 
Uncalled bet ($0.50) returned to michasia
michasia collected $1 from pot
michasia: doesn't show hand 
*** SUMMARY ***
Total pot $1 | Rake $0 
Seat 6: CarsonBoy121
Seat 1: BoyLoc0 (button) folded before Flop (didn't bet)
Seat 2: MAO_DZEDYN_S (small blind) folded before Flop
Seat 3: michasia (big blind) collected ($1)
Seat 4: paramourx folded before Flop (didn't bet)
Seat 5: reiyser folded before Flop (didn't bet)



PokerStars Hand #254706195196:  Hold'em No Limit ($0.50/$1.00 USD) - 2025/02/04 18:55:41 WET [2025/02/04 13:55:41 ET]
Table 'Juliet II' 6-max Seat #2 is the button
Seat 4: paramourx ($144.38 in chips) is sitting out
Seat 6: CarsonBoy121 ($124.14 in chips) is sitting out
Seat 1: BoyLoc0 ($112.34 in chips) 
Seat 2: MAO_DZEDYN_S ($114.07 in chips) 
Seat 3: michasia ($106.50 in chips) 
Seat 5: reiyser ($100.77 in chips) 
michasia: posts small blind $0.50
paramourx: is sitting out 
reiyser: posts big blind $1
*** HOLE CARDS ***
BoyLoc0: folds 
MAO_DZEDYN_S: folds 
michasia: folds 
Uncalled bet ($0.50) returned to reiyser
paramourx leaves the table
reiyser collected $1 from pot
reiyser: doesn't show hand 
*** SUMMARY ***
Total pot $1 | Rake $0 
Seat 4: paramourx
Seat 6: CarsonBoy121
Seat 1: BoyLoc0 folded before Flop (didn't bet)
Seat 2: MAO_DZEDYN_S (button) folded before Flop (didn't bet)
Seat 3: michasia (small blind) folded before Flop
Seat 5: reiyser (big blind) collected ($1)



PokerStars Hand #254706197271:  Hold'em No Limit ($0.50/$1.00 USD) - 2025/02/04 18:55:51 WET [2025/02/04 13:55:51 ET]
Table 'Juliet II' 6-max Seat #3 is the button
Seat 6: CarsonBoy121 ($124.14 in chips) is sitting out
Seat 1: BoyLoc0 ($112.34 in chips) 
Seat 2: MAO_DZEDYN_S ($114.07 in chips) 
Seat 3: michasia ($106 in chips) 
Seat 5: reiyser ($101.27 in chips) 
reiyser: posts small blind $0.50
BoyLoc0: posts big blind $1
*** HOLE CARDS ***
MAO_DZEDYN_S: folds 
michasia: raises $1.80 to $2.80
reiyser: folds 
BoyLoc0: calls $1.80
*** FLOP *** [Td Tc Ah]
BoyLoc0: checks 
michasia: bets $3.87
BoyLoc0: folds 
Uncalled bet ($3.87) returned to michasia
michasia collected $5.80 from pot
michasia: doesn't show hand 
*** SUMMARY ***
Total pot $6.10 | Rake $0.30 
Board [Td Tc Ah]
Seat 6: CarsonBoy121
Seat 1: BoyLoc0 (big blind) folded on the Flop
Seat 2: MAO_DZEDYN_S folded before Flop (didn't bet)
Seat 3: michasia (button) collected ($5.80)
Seat 5: reiyser (small blind) folded before Flop



PokerStars Hand #254706203073:  Hold'em No Limit ($0.50/$1.00 USD) - 2025/02/04 18:56:19 WET [2025/02/04 13:56:19 ET]
Table 'Juliet II' 6-max Seat #5 is the button
Seat 2: MAO_DZEDYN_S ($114.07 in chips) is sitting out
Seat 6: CarsonBoy121 ($124.14 in chips) is sitting out
Seat 1: BoyLoc0 ($109.54 in chips) 
Seat 3: michasia ($109 in chips) 
Seat 5: reiyser ($100.77 in chips) 
BoyLoc0: posts small blind $0.50
MAO_DZEDYN_S: is sitting out 
michasia: posts big blind $1
*** HOLE CARDS ***
reiyser: raises $1.23 to $2.23
MAO_DZEDYN_S leaves the table
BoyLoc0: folds 
raketkasix joins the table at seat #2 
michasia: calls $1.23
*** FLOP *** [Kc Ad 3d]
michasia: checks 
raketkasix leaves the table
reiyser: bets $3.58
michasia: calls $3.58
*** TURN *** [Kc Ad 3d] [6d]
michasia: checks 
reiyser: checks 
*** RIVER *** [Kc Ad 3d 6d] [Qs]
michasia: checks 
reiyser: bets $5.99
michasia: raises $23.49 to $29.48
reiyser: calls $23.49
*** SHOW DOWN ***
michasia: shows [Qd 5d] (a flush, Ace high)
reiyser: mucks hand 
michasia collected $70.08 from pot
*** SUMMARY ***
Total pot $71.08 | Rake $1 
Board [Kc Ad 3d 6d Qs]
Seat 2: MAO_DZEDYN_S
Seat 6: CarsonBoy121
Seat 1: BoyLoc0 (small blind) folded before Flop
Seat 3: michasia (big blind) showed [Qd 5d] and won ($70.08) with a flush, Ace high
Seat 5: reiyser (button) mucked



PokerStars Hand #254706220046:  Hold'em No Limit ($0.50/$1.00 USD) - 2025/02/04 18:57:42 WET [2025/02/04 13:57:42 ET]
Table 'Juliet II' 6-max Seat #3 is the button
Seat 5: reiyser ($100 in chips) is sitting out
Seat 6: CarsonBoy121 ($124.14 in chips) is sitting out
Seat 1: BoyLoc0 ($109.04 in chips) 
Seat 3: michasia ($143.79 in chips) 
michasia: posts small blind $0.50
reiyser: is sitting out 
BoyLoc0: posts big blind $1
*** HOLE CARDS ***
reiyser leaves the table
michasia: folds 
Uncalled bet ($0.50) returned to BoyLoc0
BoyLoc0 collected $1 from pot
BoyLoc0: doesn't show hand 
*** SUMMARY ***
Total pot $1 | Rake $0 
Seat 5: reiyser
Seat 6: CarsonBoy121
Seat 1: BoyLoc0 (big blind) collected ($1)
Seat 3: michasia (button) (small blind) folded before Flop



PokerStars Hand #254706221785:  Hold'em No Limit ($0.50/$1.00 USD) - 2025/02/04 18:57:50 WET [2025/02/04 13:57:50 ET]
Table 'Juliet II' 6-max Seat #1 is the button
Seat 6: CarsonBoy121 ($124.14 in chips) is sitting out
Seat 1: BoyLoc0 ($109.54 in chips) 
Seat 3: michasia ($143.29 in chips) 
BoyLoc0: posts small blind $0.50
michasia: posts big blind $1
*** HOLE CARDS ***
BoyLoc0: raises $1.50 to $2.50
michasia: raises $9.50 to $12
BoyLoc0: calls $9.50
*** FLOP *** [9d 3c 8c]
michasia: checks 
BoyLoc0: bets $7.59
michasia: folds 
Uncalled bet ($7.59) returned to BoyLoc0
BoyLoc0 collected $23 from pot
BoyLoc0: doesn't show hand 
*** SUMMARY ***
Total pot $24 | Rake $1 
Board [9d 3c 8c]
Seat 6: CarsonBoy121
Seat 1: BoyLoc0 (button) (small blind) collected ($23)
Seat 3: michasia (big blind) folded on the Flop



PokerStars Hand #254706227463:  Hold'em No Limit ($0.50/$1.00 USD) - 2025/02/04 18:58:18 WET [2025/02/04 13:58:18 ET]
Table 'Juliet II' 6-max Seat #3 is the button
Seat 6: CarsonBoy121 ($124.14 in chips) is sitting out
Seat 1: BoyLoc0 ($120.54 in chips) 
Seat 3: michasia ($131.29 in chips) 
michasia: posts small blind $0.50
BoyLoc0: posts big blind $1
*** HOLE CARDS ***
michasia: raises $1.80 to $2.80
raketkasix joins the table at seat #2 
BoyLoc0: calls $1.80
*** FLOP *** [Qd 5s 7s]
raketkasix leaves the table
BoyLoc0: checks 
michasia: bets $1.76
BoyLoc0: calls $1.76
*** TURN *** [Qd 5s 7s] [5h]
BoyLoc0: checks 
michasia: checks 
*** RIVER *** [Qd 5s 7s 5h] [Ts]
BoyLoc0: bets $4.33
michasia: folds 
Uncalled bet ($4.33) returned to BoyLoc0
BoyLoc0 collected $8.66 from pot
CarsonBoy121 leaves the table
BoyLoc0: doesn't show hand 
*** SUMMARY ***
Total pot $9.12 | Rake $0.46 
Board [Qd 5s 7s 5h Ts]
Seat 6: CarsonBoy121
Seat 1: BoyLoc0 (big blind) collected ($8.66)
Seat 3: michasia (button) (small blind) folded on the River



PokerStars Hand #254706244866:  Hold'em No Limit ($0.50/$1.00 USD) - 2025/02/04 18:59:43 WET [2025/02/04 13:59:43 ET]
Table 'Juliet II' 6-max Seat #4 is the button
Seat 1: dollypem ($24.55 in chips) 
Seat 2: paramourx ($144.38 in chips) 
Seat 3: MAO_DZEDYN_S ($114.07 in chips) 
Seat 4: easy_sarcasm ($100 in chips) 
Seat 5: sta$igk ($100 in chips) 
Seat 6: reiyser ($100 in chips) 
sta$igk: posts small blind $0.50
reiyser: posts big blind $1
*** HOLE CARDS ***
dollypem: folds 
paramourx: folds 
MAO_DZEDYN_S: raises $1.25 to $2.25
easy_sarcasm: raises $5.75 to $8
sta$igk: folds 
reiyser: folds 
MAO_DZEDYN_S: folds 
Uncalled bet ($5.75) returned to easy_sarcasm
easy_sarcasm collected $6 from pot
*** SUMMARY ***
Total pot $6 | Rake $0 
Seat 1: dollypem folded before Flop (didn't bet)
Seat 2: paramourx folded before Flop (didn't bet)
Seat 3: MAO_DZEDYN_S folded before Flop
Seat 4: easy_sarcasm (button) collected ($6)
Seat 5: sta$igk (small blind) folded before Flop
Seat 6: reiyser (big blind) folded before Flop



PokerStars Hand #254706256356:  Hold'em No Limit ($0.50/$1.00 USD) - 2025/02/04 19:00:25 WET [2025/02/04 14:00:25 ET]
Table 'Juliet II' 6-max Seat #5 is the button
Seat 1: dollypem ($24.55 in chips) 
Seat 2: paramourx ($144.38 in chips) 
Seat 3: MAO_DZEDYN_S ($111.82 in chips) 
Seat 4: easy_sarcasm ($103.75 in chips) 
Seat 5: sta$igk ($100 in chips) 
Seat 6: reiyser ($100 in chips) 
reiyser: posts small blind $0.50
dollypem: posts big blind $1
*** HOLE CARDS ***
paramourx: folds 
MAO_DZEDYN_S: raises $1.25 to $2.25
easy_sarcasm: folds 
sta$igk: folds 
reiyser: calls $1.75
dollypem: calls $1.25
*** FLOP *** [3c 3d 4c]
reiyser: checks 
dollypem: checks 
MAO_DZEDYN_S: checks 
*** TURN *** [3c 3d 4c] [Ks]
reiyser: checks 
dollypem: bets $5.21
MAO_DZEDYN_S: folds 
reiyser: calls $5.21
*** RIVER *** [3c 3d 4c Ks] [Ac]
reiyser: checks 
dollypem: checks 
*** SHOW DOWN ***
reiyser: shows [Qh Kh] (two pair, Kings and Threes)
dollypem: mucks hand 
reiyser collected $16.31 from pot
*** SUMMARY ***
Total pot $17.17 | Rake $0.86 
Board [3c 3d 4c Ks Ac]
Seat 1: dollypem (big blind) mucked
Seat 2: paramourx folded before Flop (didn't bet)
Seat 3: MAO_DZEDYN_S folded on the Turn
Seat 4: easy_sarcasm folded before Flop (didn't bet)
Seat 5: sta$igk (button) folded before Flop (didn't bet)
Seat 6: reiyser (small blind) showed [Qh Kh] and won ($16.31) with two pair, Kings and Threes



PokerStars Hand #254706280316:  Hold'em No Limit ($0.50/$1.00 USD) - 2025/02/04 19:01:26 WET [2025/02/04 14:01:26 ET]
Table 'Juliet II' 6-max Seat #6 is the button
Seat 1: dollypem ($17.09 in chips) 
Seat 2: paramourx ($144.38 in chips) 
Seat 3: MAO_DZEDYN_S ($109.57 in chips) 
Seat 4: easy_sarcasm ($103.75 in chips) 
Seat 5: sta$igk ($100 in chips) 
Seat 6: reiyser ($108.85 in chips) 
dollypem: posts small blind $0.50
paramourx: posts big blind $1
*** HOLE CARDS ***
MAO_DZEDYN_S: folds 
easy_sarcasm: raises $2 to $3
sta$igk: folds 
reiyser: folds 
dollypem: folds 
paramourx: folds 
Uncalled bet ($2) returned to easy_sarcasm
easy_sarcasm collected $2.50 from pot
*** SUMMARY ***
Total pot $2.50 | Rake $0 
Seat 1: dollypem (small blind) folded before Flop
Seat 2: paramourx (big blind) folded before Flop
Seat 3: MAO_DZEDYN_S folded before Flop (didn't bet)
Seat 4: easy_sarcasm collected ($2.50)
Seat 5: sta$igk folded before Flop (didn't bet)
Seat 6: reiyser (button) folded before Flop (didn't bet)



PokerStars Hand #254706291716:  Hold'em No Limit ($0.50/$1.00 USD) - 2025/02/04 19:01:52 WET [2025/02/04 14:01:52 ET]
Table 'Juliet II' 6-max Seat #1 is the button
Seat 1: dollypem ($16.59 in chips) 
Seat 2: paramourx ($143.38 in chips) 
Seat 3: MAO_DZEDYN_S ($109.57 in chips) 
Seat 4: easy_sarcasm ($105.25 in chips) 
Seat 5: sta$igk ($100 in chips) 
Seat 6: reiyser ($108.85 in chips) 
paramourx: posts small blind $0.50
MAO_DZEDYN_S: posts big blind $1
*** HOLE CARDS ***
easy_sarcasm: folds 
sta$igk: folds 
reiyser: folds 
dollypem: raises $3 to $4
paramourx: folds 
MAO_DZEDYN_S: folds 
Uncalled bet ($3) returned to dollypem
dollypem collected $2.50 from pot
*** SUMMARY ***
Total pot $2.50 | Rake $0 
Seat 1: dollypem (button) collected ($2.50)
Seat 2: paramourx (small blind) folded before Flop
Seat 3: MAO_DZEDYN_S (big blind) folded before Flop
Seat 4: easy_sarcasm folded before Flop (didn't bet)
Seat 5: sta$igk folded before Flop (didn't bet)
Seat 6: reiyser folded before Flop (didn't bet)



PokerStars Hand #254706299226:  Hold'em No Limit ($0.50/$1.00 USD) - 2025/02/04 19:02:08 WET [2025/02/04 14:02:08 ET]
Table 'Juliet II' 6-max Seat #2 is the button
Seat 1: dollypem ($18.09 in chips) 
Seat 2: paramourx ($142.88 in chips) 
Seat 3: MAO_DZEDYN_S ($108.57 in chips) 
Seat 4: easy_sarcasm ($105.25 in chips) 
Seat 5: sta$igk ($100 in chips) 
Seat 6: reiyser ($108.85 in chips) 
MAO_DZEDYN_S: posts small blind $0.50
easy_sarcasm: posts big blind $1
*** HOLE CARDS ***
sta$igk: folds 
reiyser: folds 
dollypem: raises $2 to $3
paramourx: folds 
MAO_DZEDYN_S: folds 
easy_sarcasm: folds 
Uncalled bet ($2) returned to dollypem
dollypem collected $2.50 from pot
*** SUMMARY ***
Total pot $2.50 | Rake $0 
Seat 1: dollypem collected ($2.50)
Seat 2: paramourx (button) folded before Flop (didn't bet)
Seat 3: MAO_DZEDYN_S (small blind) folded before Flop
Seat 4: easy_sarcasm (big blind) folded before Flop
Seat 5: sta$igk folded before Flop (didn't bet)
Seat 6: reiyser folded before Flop (didn't bet)



PokerStars Hand #254706307388:  Hold'em No Limit ($0.50/$1.00 USD) - 2025/02/04 19:02:26 WET [2025/02/04 14:02:26 ET]
Table 'Juliet II' 6-max Seat #3 is the button
Seat 1: dollypem ($19.59 in chips) 
Seat 2: paramourx ($142.88 in chips) 
Seat 3: MAO_DZEDYN_S ($108.07 in chips) 
Seat 4: easy_sarcasm ($104.25 in chips) 
Seat 5: sta$igk ($100 in chips) 
Seat 6: reiyser ($108.85 in chips) 
easy_sarcasm: posts small blind $0.50
sta$igk: posts big blind $1
*** HOLE CARDS ***
reiyser: folds 
dollypem: folds 
paramourx: raises $2 to $3
MAO_DZEDYN_S: raises $6 to $9
easy_sarcasm: folds 
sta$igk: folds 
paramourx: folds 
Uncalled bet ($6) returned to MAO_DZEDYN_S
MAO_DZEDYN_S collected $7.50 from pot
MAO_DZEDYN_S: doesn't show hand 
*** SUMMARY ***
Total pot $7.50 | Rake $0 
Seat 1: dollypem folded before Flop (didn't bet)
Seat 2: paramourx folded before Flop
Seat 3: MAO_DZEDYN_S (button) collected ($7.50)
Seat 4: easy_sarcasm (small blind) folded before Flop
Seat 5: sta$igk (big blind) folded before Flop
Seat 6: reiyser folded before Flop (didn't bet)



PokerStars Hand #254706329841:  Hold'em No Limit ($0.50/$1.00 USD) - 2025/02/04 19:03:14 WET [2025/02/04 14:03:14 ET]
Table 'Juliet II' 6-max Seat #4 is the button
Seat 1: dollypem ($19.59 in chips) 
Seat 2: paramourx ($139.88 in chips) 
Seat 3: MAO_DZEDYN_S ($112.57 in chips) 
Seat 4: easy_sarcasm ($103.75 in chips) 
Seat 5: sta$igk ($100 in chips) 
Seat 6: reiyser ($108.85 in chips) 
sta$igk: posts small blind $0.50
reiyser: posts big blind $1
*** HOLE CARDS ***
dollypem: folds 
paramourx: folds 
MAO_DZEDYN_S: folds 
easy_sarcasm: folds 
sta$igk: raises $2 to $3
reiyser: calls $2
*** FLOP *** [5h Jd 8h]
sta$igk: checks 
reiyser: checks 
*** TURN *** [5h Jd 8h] [5s]
sta$igk: checks 
reiyser: bets $4.33
sta$igk: folds 
Uncalled bet ($4.33) returned to reiyser
reiyser collected $5.70 from pot
reiyser: doesn't show hand 
*** SUMMARY ***
Total pot $6 | Rake $0.30 
Board [5h Jd 8h 5s]
Seat 1: dollypem folded before Flop (didn't bet)
Seat 2: paramourx folded before Flop (didn't bet)
Seat 3: MAO_DZEDYN_S folded before Flop (didn't bet)
Seat 4: easy_sarcasm (button) folded before Flop (didn't bet)
Seat 5: sta$igk (small blind) folded on the Turn
Seat 6: reiyser (big blind) collected ($5.70)



PokerStars Hand #254706353082:  Hold'em No Limit ($0.50/$1.00 USD) - 2025/02/04 19:04:04 WET [2025/02/04 14:04:04 ET]
Table 'Juliet II' 6-max Seat #5 is the button
Seat 1: dollypem ($19.59 in chips) 
Seat 2: paramourx ($139.88 in chips) 
Seat 3: MAO_DZEDYN_S ($112.57 in chips) 
Seat 4: easy_sarcasm ($103.75 in chips) 
Seat 5: sta$igk ($100 in chips) 
Seat 6: reiyser ($111.55 in chips) 
reiyser: posts small blind $0.50
dollypem: posts big blind $1
*** HOLE CARDS ***
paramourx: folds 
MAO_DZEDYN_S: folds 
easy_sarcasm: raises $2 to $3
sta$igk: folds 
reiyser: folds 
dollypem: folds 
Uncalled bet ($2) returned to easy_sarcasm
easy_sarcasm collected $2.50 from pot
*** SUMMARY ***
Total pot $2.50 | Rake $0 
Seat 1: dollypem (big blind) folded before Flop
Seat 2: paramourx folded before Flop (didn't bet)
Seat 3: MAO_DZEDYN_S folded before Flop (didn't bet)
Seat 4: easy_sarcasm collected ($2.50)
Seat 5: sta$igk (button) folded before Flop (didn't bet)
Seat 6: reiyser (small blind) folded before Flop



PokerStars Hand #254706359979:  Hold'em No Limit ($0.50/$1.00 USD) - 2025/02/04 19:04:18 WET [2025/02/04 14:04:18 ET]
Table 'Juliet II' 6-max Seat #6 is the button
Seat 1: dollypem ($18.59 in chips) 
Seat 2: paramourx ($139.88 in chips) 
Seat 3: MAO_DZEDYN_S ($112.57 in chips) 
Seat 4: easy_sarcasm ($105.25 in chips) 
Seat 5: sta$igk ($100 in chips) 
Seat 6: reiyser ($111.05 in chips) 
dollypem: posts small blind $0.50
paramourx: posts big blind $1
*** HOLE CARDS ***
MAO_DZEDYN_S: folds 
easy_sarcasm: raises $2 to $3
sta$igk: folds 
MAO_DZEDYN_S leaves the table
reiyser: folds 
dollypem: folds 
paramourx: folds 
Uncalled bet ($2) returned to easy_sarcasm
easy_sarcasm collected $2.50 from pot
*** SUMMARY ***
Total pot $2.50 | Rake $0 
Seat 1: dollypem (small blind) folded before Flop
Seat 2: paramourx (big blind) folded before Flop
Seat 3: MAO_DZEDYN_S folded before Flop (didn't bet)
Seat 4: easy_sarcasm collected ($2.50)
Seat 5: sta$igk folded before Flop (didn't bet)
Seat 6: reiyser (button) folded before Flop (didn't bet)



PokerStars Hand #254706366955:  Hold'em No Limit ($0.50/$1.00 USD) - 2025/02/04 19:04:33 WET [2025/02/04 14:04:33 ET]
Table 'Juliet II' 6-max Seat #1 is the button
Seat 1: dollypem ($18.09 in chips) 
Seat 2: paramourx ($138.88 in chips) 
Seat 4: easy_sarcasm ($106.75 in chips) 
Seat 5: sta$igk ($100 in chips) 
Seat 6: reiyser ($111.05 in chips) 
IREQO joins the table at seat #3 
paramourx: posts small blind $0.50
easy_sarcasm: posts big blind $1
*** HOLE CARDS ***
sta$igk: folds 
reiyser: folds 
dollypem: raises $1 to $2
paramourx: folds 
easy_sarcasm: raises $9 to $11
dollypem: folds 
Uncalled bet ($9) returned to easy_sarcasm
easy_sarcasm collected $4.50 from pot
*** SUMMARY ***
Total pot $4.50 | Rake $0 
Seat 1: dollypem (button) folded before Flop
Seat 2: paramourx (small blind) folded before Flop
Seat 4: easy_sarcasm (big blind) collected ($4.50)
Seat 5: sta$igk folded before Flop (didn't bet)
Seat 6: reiyser folded before Flop (didn't bet)



PokerStars Hand #254706376296:  Hold'em No Limit ($0.50/$1.00 USD) - 2025/02/04 19:04:53 WET [2025/02/04 14:04:53 ET]
Table 'Juliet II' 6-max Seat #2 is the button
Seat 3: IREQO ($100 in chips) is sitting out
Seat 1: dollypem ($16.09 in chips) 
Seat 2: paramourx ($138.38 in chips) 
Seat 4: easy_sarcasm ($109.25 in chips) 
Seat 5: sta$igk ($100 in chips) 
Seat 6: reiyser ($111.05 in chips) 
easy_sarcasm: posts small blind $0.50
sta$igk: posts big blind $1
*** HOLE CARDS ***
reiyser: folds 
dollypem: folds 
paramourx: folds 
easy_sarcasm: folds 
Uncalled bet ($0.50) returned to sta$igk
sta$igk collected $1 from pot
sta$igk: doesn't show hand 
*** SUMMARY ***
Total pot $1 | Rake $0 
Seat 3: IREQO
Seat 1: dollypem folded before Flop (didn't bet)
Seat 2: paramourx (button) folded before Flop (didn't bet)
Seat 4: easy_sarcasm (small blind) folded before Flop
Seat 5: sta$igk (big blind) collected ($1)
Seat 6: reiyser folded before Flop (didn't bet)



PokerStars Hand #254706379728:  Hold'em No Limit ($0.50/$1.00 USD) - 2025/02/04 19:05:00 WET [2025/02/04 14:05:00 ET]
Table 'Juliet II' 6-max Seat #4 is the button
Seat 3: IREQO ($100 in chips) is sitting out
Seat 1: dollypem ($16.09 in chips) 
Seat 2: paramourx ($138.38 in chips) 
Seat 4: easy_sarcasm ($108.75 in chips) 
Seat 5: sta$igk ($100.50 in chips) 
Seat 6: reiyser ($111.05 in chips) 
sta$igk: posts small blind $0.50
reiyser: posts big blind $1
IREQO: sits out 
*** HOLE CARDS ***
dollypem: folds 
paramourx: folds 
easy_sarcasm: folds 
sta$igk: folds 
Uncalled bet ($0.50) returned to reiyser
reiyser collected $1 from pot
reiyser: doesn't show hand 
*** SUMMARY ***
Total pot $1 | Rake $0 
Seat 3: IREQO
Seat 1: dollypem folded before Flop (didn't bet)
Seat 2: paramourx folded before Flop (didn't bet)
Seat 4: easy_sarcasm (button) folded before Flop (didn't bet)
Seat 5: sta$igk (small blind) folded before Flop
Seat 6: reiyser (big blind) collected ($1)



PokerStars Hand #254706383653:  Hold'em No Limit ($0.50/$1.00 USD) - 2025/02/04 19:05:08 WET [2025/02/04 14:05:08 ET]
Table 'Juliet II' 6-max Seat #5 is the button
Seat 3: IREQO ($100 in chips) is sitting out
Seat 1: dollypem ($16.09 in chips) 
Seat 2: paramourx ($138.38 in chips) 
Seat 4: easy_sarcasm ($108.75 in chips) 
Seat 5: sta$igk ($100 in chips) 
Seat 6: reiyser ($111.55 in chips) 
reiyser: posts small blind $0.50
dollypem: posts big blind $1
IREQO: sits out 
*** HOLE CARDS ***
paramourx: folds 
easy_sarcasm: folds 
sta$igk: raises $1 to $2
reiyser: folds 
dollypem: calls $1
*** FLOP *** [3d Ac 7c]
dollypem: checks 
sta$igk: bets $1.41
dollypem: folds 
Uncalled bet ($1.41) returned to sta$igk
sta$igk collected $4.28 from pot
sta$igk: doesn't show hand 
*** SUMMARY ***
Total pot $4.50 | Rake $0.22 
Board [3d Ac 7c]
Seat 3: IREQO
Seat 1: dollypem (big blind) folded on the Flop
Seat 2: paramourx folded before Flop (didn't bet)
Seat 4: easy_sarcasm folded before Flop (didn't bet)
Seat 5: sta$igk (button) collected ($4.28)
Seat 6: reiyser (small blind) folded before Flop



PokerStars Hand #254706392923:  Hold'em No Limit ($0.50/$1.00 USD) - 2025/02/04 19:05:28 WET [2025/02/04 14:05:28 ET]
Table 'Juliet II' 6-max Seat #6 is the button
Seat 3: IREQO ($100 in chips) is sitting out
Seat 1: dollypem ($14.09 in chips) 
Seat 2: paramourx ($138.38 in chips) 
Seat 4: easy_sarcasm ($108.75 in chips) 
Seat 5: sta$igk ($102.28 in chips) 
Seat 6: reiyser ($111.05 in chips) 
dollypem: posts small blind $0.50
paramourx: posts big blind $1
IREQO: sits out 
*** HOLE CARDS ***
easy_sarcasm: folds 
sta$igk: folds 
reiyser: folds 
dollypem: raises $1 to $2
paramourx: calls $1
*** FLOP *** [Jh Kc 5h]
dollypem: checks 
paramourx: checks 
*** TURN *** [Jh Kc 5h] [3d]
dollypem: checks 
paramourx: bets $1
dollypem: calls $1
*** RIVER *** [Jh Kc 5h 3d] [Ah]
dollypem: checks 
paramourx: checks 
*** SHOW DOWN ***
dollypem: shows [Qd Th] (a straight, Ten to Ace)
paramourx: mucks hand 
dollypem collected $5.70 from pot
*** SUMMARY ***
Total pot $6 | Rake $0.30 
Board [Jh Kc 5h 3d Ah]
Seat 3: IREQO
Seat 1: dollypem (small blind) showed [Qd Th] and won ($5.70) with a straight, Ten to Ace
Seat 2: paramourx (big blind) mucked
Seat 4: easy_sarcasm folded before Flop (didn't bet)
Seat 5: sta$igk folded before Flop (didn't bet)
Seat 6: reiyser (button) folded before Flop (didn't bet)



PokerStars Hand #254706403550:  Hold'em No Limit ($0.50/$1.00 USD) - 2025/02/04 19:05:51 WET [2025/02/04 14:05:51 ET]
Table 'Juliet II' 6-max Seat #1 is the button
Seat 1: dollypem ($16.79 in chips) 
Seat 2: paramourx ($135.38 in chips) 
Seat 3: IREQO ($100 in chips) 
Seat 4: easy_sarcasm ($108.75 in chips) 
Seat 5: sta$igk ($102.28 in chips) 
Seat 6: reiyser ($111.05 in chips) 
paramourx: posts small blind $0.50
IREQO: posts big blind $1
*** HOLE CARDS ***
easy_sarcasm: folds 
sta$igk: folds 
reiyser: folds 
dollypem: raises $15.79 to $16.79 and is all-in
paramourx: folds 
IREQO: folds 
Uncalled bet ($15.79) returned to dollypem
dollypem collected $2.50 from pot
*** SUMMARY ***
Total pot $2.50 | Rake $0 
Seat 1: dollypem (button) collected ($2.50)
Seat 2: paramourx (small blind) folded before Flop
Seat 3: IREQO (big blind) folded before Flop
Seat 4: easy_sarcasm folded before Flop (didn't bet)
Seat 5: sta$igk folded before Flop (didn't bet)
Seat 6: reiyser folded before Flop (didn't bet)



PokerStars Hand #254706410599:  Hold'em No Limit ($0.50/$1.00 USD) - 2025/02/04 19:06:06 WET [2025/02/04 14:06:06 ET]
Table 'Juliet II' 6-max Seat #2 is the button
Seat 1: dollypem ($18.29 in chips) 
Seat 2: paramourx ($134.88 in chips) 
Seat 3: IREQO ($100 in chips) 
Seat 4: easy_sarcasm ($108.75 in chips) 
Seat 5: sta$igk ($102.28 in chips) 
Seat 6: reiyser ($111.05 in chips) 
IREQO: posts small blind $0.50
easy_sarcasm: posts big blind $1
*** HOLE CARDS ***
sta$igk: raises $1.50 to $2.50
reiyser: folds 
dollypem: raises $15.79 to $18.29 and is all-in
paramourx: folds 
IREQO: folds 
easy_sarcasm: folds 
sta$igk: calls $15.79
*** FLOP *** [6h 7s 2h]
*** TURN *** [6h 7s 2h] [7d]
*** RIVER *** [6h 7s 2h 7d] [8c]
*** SHOW DOWN ***
sta$igk: shows [4s 4h] (two pair, Sevens and Fours)
dollypem: shows [8s 8d] (a full house, Eights full of Sevens)
dollypem collected $36.18 from pot
*** SUMMARY ***
Total pot $38.08 | Rake $1.90 
Board [6h 7s 2h 7d 8c]
Seat 1: dollypem showed [8s 8d] and won ($36.18) with a full house, Eights full of Sevens
Seat 2: paramourx (button) folded before Flop (didn't bet)
Seat 3: IREQO (small blind) folded before Flop
Seat 4: easy_sarcasm (big blind) folded before Flop
Seat 5: sta$igk showed [4s 4h] and lost with two pair, Sevens and Fours
Seat 6: reiyser folded before Flop (didn't bet)



PokerStars Hand #254706423683:  Hold'em No Limit ($0.50/$1.00 USD) - 2025/02/04 19:06:35 WET [2025/02/04 14:06:35 ET]
Table 'Juliet II' 6-max Seat #3 is the button
Seat 1: dollypem ($36.18 in chips) 
Seat 2: paramourx ($134.88 in chips) 
Seat 3: IREQO ($100 in chips) 
Seat 4: easy_sarcasm ($107.75 in chips) 
Seat 5: sta$igk ($100 in chips) 
Seat 6: reiyser ($111.05 in chips) 
easy_sarcasm: posts small blind $0.50
sta$igk: posts big blind $1
*** HOLE CARDS ***
reiyser: folds 
dollypem: folds 
paramourx: folds 
IREQO: folds 
easy_sarcasm: raises $2 to $3
sta$igk: calls $2
*** FLOP *** [3h 3d Ts]
easy_sarcasm: checks 
sta$igk: bets $1.88
easy_sarcasm: calls $1.88
*** TURN *** [3h 3d Ts] [As]
easy_sarcasm: checks 
sta$igk: bets $4.64
easy_sarcasm: raises $12.86 to $17.50
sta$igk: folds 
Uncalled bet ($12.86) returned to easy_sarcasm
easy_sarcasm collected $18.09 from pot
*** SUMMARY ***
Total pot $19.04 | Rake $0.95 
Board [3h 3d Ts As]
Seat 1: dollypem folded before Flop (didn't bet)
Seat 2: paramourx folded before Flop (didn't bet)
Seat 3: IREQO (button) folded before Flop (didn't bet)
Seat 4: easy_sarcasm (small blind) collected ($18.09)
Seat 5: sta$igk (big blind) folded on the Turn
Seat 6: reiyser folded before Flop (didn't bet)



PokerStars Hand #254706554278:  Hold'em No Limit ($0.50/$1.00 USD) - 2025/02/04 19:11:30 WET [2025/02/04 14:11:30 ET]
Table 'Juliet II' 6-max Seat #5 is the button
Seat 1: dollypem ($42.08 in chips) 
Seat 2: paramourx ($137.88 in chips) 
Seat 3: IREQO ($100 in chips) 
Seat 4: easy_sarcasm ($136.82 in chips) 
Seat 5: sta$igk ($102.89 in chips) 
Seat 6: reiyser ($100 in chips) 
reiyser: posts small blind $0.50
dollypem: posts big blind $1
*** HOLE CARDS ***
paramourx: folds 
IREQO: raises $1.50 to $2.50
easy_sarcasm: folds 
sta$igk: folds 
reiyser: folds 
dollypem: folds 
Uncalled bet ($1.50) returned to IREQO
IREQO collected $2.50 from pot
IREQO: doesn't show hand 
*** SUMMARY ***
Total pot $2.50 | Rake $0 
Seat 1: dollypem (big blind) folded before Flop
Seat 2: paramourx folded before Flop (didn't bet)
Seat 3: IREQO collected ($2.50)
Seat 4: easy_sarcasm folded before Flop (didn't bet)
Seat 5: sta$igk (button) folded before Flop (didn't bet)
Seat 6: reiyser (small blind) folded before Flop



PokerStars Hand #254706560279:  Hold'em No Limit ($0.50/$1.00 USD) - 2025/02/04 19:11:45 WET [2025/02/04 14:11:45 ET]
Table 'Juliet II' 6-max Seat #6 is the button
Seat 1: dollypem ($41.08 in chips) 
Seat 2: paramourx ($137.88 in chips) 
Seat 3: IREQO ($101.50 in chips) 
Seat 4: easy_sarcasm ($136.82 in chips) 
Seat 5: sta$igk ($102.89 in chips) 
Seat 6: reiyser ($100 in chips) 
dollypem: posts small blind $0.50
paramourx: posts big blind $1
*** HOLE CARDS ***
IREQO: folds 
easy_sarcasm: folds 
sta$igk: folds 
reiyser: raises $1.23 to $2.23
dollypem: folds 
paramourx: calls $1.23
*** FLOP *** [Jd 7d Ac]
paramourx: checks 
reiyser: bets $2.45
paramourx: folds 
Uncalled bet ($2.45) returned to reiyser
reiyser collected $4.71 from pot
reiyser: doesn't show hand 
*** SUMMARY ***
Total pot $4.96 | Rake $0.25 
Board [Jd 7d Ac]
Seat 1: dollypem (small blind) folded before Flop
Seat 2: paramourx (big blind) folded on the Flop
Seat 3: IREQO folded before Flop (didn't bet)
Seat 4: easy_sarcasm folded before Flop (didn't bet)
Seat 5: sta$igk folded before Flop (didn't bet)
Seat 6: reiyser (button) collected ($4.71)



PokerStars Hand #254706570515:  Hold'em No Limit ($0.50/$1.00 USD) - 2025/02/04 19:12:09 WET [2025/02/04 14:12:09 ET]
Table 'Juliet II' 6-max Seat #1 is the button
Seat 1: dollypem ($40.58 in chips) 
Seat 2: paramourx ($135.65 in chips) 
Seat 3: IREQO ($101.50 in chips) 
Seat 4: easy_sarcasm ($136.82 in chips) 
Seat 5: sta$igk ($102.89 in chips) 
Seat 6: reiyser ($102.48 in chips) 
paramourx: posts small blind $0.50
IREQO: posts big blind $1
*** HOLE CARDS ***
easy_sarcasm: raises $2 to $3
sta$igk: folds 
reiyser: folds 
dollypem: calls $3
paramourx: folds 
IREQO: folds 
*** FLOP *** [5h 3h 9h]
easy_sarcasm: bets $3.50
dollypem: calls $3.50
*** TURN *** [5h 3h 9h] [3c]
easy_sarcasm: checks 
dollypem: bets $6.89
easy_sarcasm: folds 
Uncalled bet ($6.89) returned to dollypem
dollypem collected $13.78 from pot
*** SUMMARY ***
Total pot $14.50 | Rake $0.72 
Board [5h 3h 9h 3c]
Seat 1: dollypem (button) collected ($13.78)
Seat 2: paramourx (small blind) folded before Flop
Seat 3: IREQO (big blind) folded before Flop
Seat 4: easy_sarcasm folded on the Turn
Seat 5: sta$igk folded before Flop (didn't bet)
Seat 6: reiyser folded before Flop (didn't bet)



PokerStars Hand #254706584754:  Hold'em No Limit ($0.50/$1.00 USD) - 2025/02/04 19:12:45 WET [2025/02/04 14:12:45 ET]
Table 'Juliet II' 6-max Seat #2 is the button
Seat 1: dollypem ($47.86 in chips) 
Seat 2: paramourx ($135.15 in chips) 
Seat 3: IREQO ($100.50 in chips) 
Seat 4: easy_sarcasm ($130.32 in chips) 
Seat 5: sta$igk ($102.89 in chips) 
Seat 6: reiyser ($102.48 in chips) 
IREQO: posts small blind $0.50
easy_sarcasm: posts big blind $1
*** HOLE CARDS ***
sta$igk: folds 
reiyser: folds 
dollypem: folds 
paramourx: folds 
IREQO: raises $1.50 to $2.50
easy_sarcasm: folds 
Uncalled bet ($1.50) returned to IREQO
IREQO collected $2 from pot
IREQO: doesn't show hand 
*** SUMMARY ***
Total pot $2 | Rake $0 
Seat 1: dollypem folded before Flop (didn't bet)
Seat 2: paramourx (button) folded before Flop (didn't bet)
Seat 3: IREQO (small blind) collected ($2)
Seat 4: easy_sarcasm (big blind) folded before Flop
Seat 5: sta$igk folded before Flop (didn't bet)
Seat 6: reiyser folded before Flop (didn't bet)



PokerStars Hand #254706591132:  Hold'em No Limit ($0.50/$1.00 USD) - 2025/02/04 19:13:01 WET [2025/02/04 14:13:01 ET]
Table 'Juliet II' 6-max Seat #3 is the button
Seat 1: dollypem ($47.86 in chips) 
Seat 2: paramourx ($135.15 in chips) 
Seat 3: IREQO ($101.50 in chips) 
Seat 4: easy_sarcasm ($129.32 in chips) 
Seat 5: sta$igk ($102.89 in chips) 
Seat 6: reiyser ($102.48 in chips) 
easy_sarcasm: posts small blind $0.50
sta$igk: posts big blind $1
*** HOLE CARDS ***
reiyser: folds 
dollypem: folds 
paramourx: folds 
IREQO: raises $1.50 to $2.50
easy_sarcasm: folds 
sta$igk: folds 
Uncalled bet ($1.50) returned to IREQO
IREQO collected $2.50 from pot
IREQO: doesn't show hand 
*** SUMMARY ***
Total pot $2.50 | Rake $0 
Seat 1: dollypem folded before Flop (didn't bet)
Seat 2: paramourx folded before Flop (didn't bet)
Seat 3: IREQO (button) collected ($2.50)
Seat 4: easy_sarcasm (small blind) folded before Flop
Seat 5: sta$igk (big blind) folded before Flop
Seat 6: reiyser folded before Flop (didn't bet)



PokerStars Hand #254706599707:  Hold'em No Limit ($0.50/$1.00 USD) - 2025/02/04 19:13:23 WET [2025/02/04 14:13:23 ET]
Table 'Juliet II' 6-max Seat #4 is the button
Seat 1: dollypem ($47.86 in chips) 
Seat 2: paramourx ($135.15 in chips) 
Seat 3: IREQO ($103 in chips) 
Seat 4: easy_sarcasm ($128.82 in chips) 
Seat 5: sta$igk ($101.89 in chips) 
Seat 6: reiyser ($102.48 in chips) 
sta$igk: posts small blind $0.50
reiyser: posts big blind $1
*** HOLE CARDS ***
dollypem: folds 
paramourx: raises $2 to $3
IREQO: folds 
easy_sarcasm: raises $5 to $8
sta$igk: folds 
reiyser: folds 
paramourx: calls $5
*** FLOP *** [Qc 6c 9h]
paramourx: checks 
easy_sarcasm: bets $8.50
paramourx: calls $8.50
*** TURN *** [Qc 6c 9h] [7c]
paramourx: checks 
easy_sarcasm: checks 
*** RIVER *** [Qc 6c 9h 7c] [Ah]
paramourx: bets $25.57
easy_sarcasm: calls $25.57
*** SHOW DOWN ***
paramourx: shows [Kc Tc] (a flush, King high)
easy_sarcasm: mucks hand 
paramourx collected $83.14 from pot
*** SUMMARY ***
Total pot $85.64 | Rake $2.50 
Board [Qc 6c 9h 7c Ah]
Seat 1: dollypem folded before Flop (didn't bet)
Seat 2: paramourx showed [Kc Tc] and won ($83.14) with a flush, King high
Seat 3: IREQO folded before Flop (didn't bet)
Seat 4: easy_sarcasm (button) mucked
Seat 5: sta$igk (small blind) folded before Flop
Seat 6: reiyser (big blind) folded before Flop



PokerStars Hand #254706630804:  Hold'em No Limit ($0.50/$1.00 USD) - 2025/02/04 19:14:50 WET [2025/02/04 14:14:50 ET]
Table 'Juliet II' 6-max Seat #5 is the button
Seat 1: dollypem ($47.86 in chips) 
Seat 2: paramourx ($176.22 in chips) 
Seat 3: IREQO ($103 in chips) 
Seat 4: easy_sarcasm ($100 in chips) 
Seat 5: sta$igk ($101.39 in chips) 
Seat 6: reiyser ($101.48 in chips) 
reiyser: posts small blind $0.50
dollypem: posts big blind $1
*** HOLE CARDS ***
paramourx: folds 
IREQO: folds 
easy_sarcasm: raises $2 to $3
sta$igk: folds 
reiyser: folds 
dollypem: folds 
Uncalled bet ($2) returned to easy_sarcasm
easy_sarcasm collected $2.50 from pot
*** SUMMARY ***
Total pot $2.50 | Rake $0 
Seat 1: dollypem (big blind) folded before Flop
Seat 2: paramourx folded before Flop (didn't bet)
Seat 3: IREQO folded before Flop (didn't bet)
Seat 4: easy_sarcasm collected ($2.50)
Seat 5: sta$igk (button) folded before Flop (didn't bet)
Seat 6: reiyser (small blind) folded before Flop



PokerStars Hand #254706636680:  Hold'em No Limit ($0.50/$1.00 USD) - 2025/02/04 19:15:05 WET [2025/02/04 14:15:05 ET]
Table 'Juliet II' 6-max Seat #6 is the button
Seat 1: dollypem ($46.86 in chips) 
Seat 2: paramourx ($176.22 in chips) 
Seat 3: IREQO ($103 in chips) 
Seat 4: easy_sarcasm ($101.50 in chips) 
Seat 5: sta$igk ($101.39 in chips) 
Seat 6: reiyser ($100.98 in chips) 
dollypem: posts small blind $0.50
paramourx: posts big blind $1
*** HOLE CARDS ***
IREQO: raises $1.50 to $2.50
easy_sarcasm: folds 
sta$igk: folds 
reiyser: folds 
dollypem: calls $2
paramourx: folds 
*** FLOP *** [Ts 3s 2s]
dollypem: checks 
IREQO: bets $1.88
dollypem: calls $1.88
*** TURN *** [Ts 3s 2s] [Qc]
dollypem: checks 
IREQO: checks 
*** RIVER *** [Ts 3s 2s Qc] [Ac]
dollypem: bets $4.64
IREQO: folds 
Uncalled bet ($4.64) returned to dollypem
dollypem collected $9.27 from pot
*** SUMMARY ***
Total pot $9.76 | Rake $0.49 
Board [Ts 3s 2s Qc Ac]
Seat 1: dollypem (small blind) collected ($9.27)
Seat 2: paramourx (big blind) folded before Flop
Seat 3: IREQO folded on the River
Seat 4: easy_sarcasm folded before Flop (didn't bet)
Seat 5: sta$igk folded before Flop (didn't bet)
Seat 6: reiyser (button) folded before Flop (didn't bet)



PokerStars Hand #254706659330:  Hold'em No Limit ($0.50/$1.00 USD) - 2025/02/04 19:16:08 WET [2025/02/04 14:16:08 ET]
Table 'Juliet II' 6-max Seat #1 is the button
Seat 1: dollypem ($51.75 in chips) 
Seat 2: paramourx ($175.22 in chips) 
Seat 3: IREQO ($98.62 in chips) 
Seat 4: easy_sarcasm ($101.50 in chips) 
Seat 5: sta$igk ($101.39 in chips) 
Seat 6: reiyser ($100.98 in chips) 
paramourx: posts small blind $0.50
IREQO: posts big blind $1
*** HOLE CARDS ***
easy_sarcasm: folds 
sta$igk: folds 
reiyser: folds 
dollypem: folds 
paramourx: raises $2 to $3
IREQO: calls $2
*** FLOP *** [5s 6d Qc]
paramourx: bets $2.85
IREQO: folds 
Uncalled bet ($2.85) returned to paramourx
paramourx collected $5.70 from pot
paramourx: doesn't show hand 
*** SUMMARY ***
Total pot $6 | Rake $0.30 
Board [5s 6d Qc]
Seat 1: dollypem (button) folded before Flop (didn't bet)
Seat 2: paramourx (small blind) collected ($5.70)
Seat 3: IREQO (big blind) folded on the Flop
Seat 4: easy_sarcasm folded before Flop (didn't bet)
Seat 5: sta$igk folded before Flop (didn't bet)
Seat 6: reiyser folded before Flop (didn't bet)



PokerStars Hand #254706675594:  Hold'em No Limit ($0.50/$1.00 USD) - 2025/02/04 19:16:53 WET [2025/02/04 14:16:53 ET]
Table 'Juliet II' 6-max Seat #2 is the button
Seat 1: dollypem ($51.75 in chips) 
Seat 2: paramourx ($177.92 in chips) 
Seat 3: IREQO ($95.62 in chips) 
Seat 4: easy_sarcasm ($101.50 in chips) 
Seat 5: sta$igk ($101.39 in chips) 
Seat 6: reiyser ($100.98 in chips) 
IREQO: posts small blind $0.50
easy_sarcasm: posts big blind $1
*** HOLE CARDS ***
sta$igk: folds 
reiyser: folds 
dollypem: folds 
paramourx: raises $2 to $3
IREQO: folds 
easy_sarcasm: folds 
Uncalled bet ($2) returned to paramourx
dollypem leaves the table
paramourx collected $2.50 from pot
paramourx: doesn't show hand 
*** SUMMARY ***
Total pot $2.50 | Rake $0 
Seat 1: dollypem folded before Flop (didn't bet)
Seat 2: paramourx (button) collected ($2.50)
Seat 3: IREQO (small blind) folded before Flop
Seat 4: easy_sarcasm (big blind) folded before Flop
Seat 5: sta$igk folded before Flop (didn't bet)
Seat 6: reiyser folded before Flop (didn't bet)



PokerStars Hand #254706680897:  Hold'em No Limit ($0.50/$1.00 USD) - 2025/02/04 19:17:08 WET [2025/02/04 14:17:08 ET]
Table 'Juliet II' 6-max Seat #3 is the button
Seat 2: paramourx ($179.42 in chips) 
Seat 3: IREQO ($95.12 in chips) 
Seat 4: easy_sarcasm ($100.50 in chips) 
Seat 5: sta$igk ($101.39 in chips) 
Seat 6: reiyser ($100.98 in chips) 
easy_sarcasm: posts small blind $0.50
sta$igk: posts big blind $1
*** HOLE CARDS ***
reiyser: folds 
reiyser leaves the table
paramourx: folds 
IREQO: folds 
easy_sarcasm: raises $2 to $3
sta$igk: calls $2
*** FLOP *** [8d 2h Ah]
easy_sarcasm: bets $2
sta$igk: folds 
Uncalled bet ($2) returned to easy_sarcasm
easy_sarcasm collected $5.70 from pot
*** SUMMARY ***
Total pot $6 | Rake $0.30 
Board [8d 2h Ah]
Seat 2: paramourx folded before Flop (didn't bet)
Seat 3: IREQO (button) folded before Flop (didn't bet)
Seat 4: easy_sarcasm (small blind) collected ($5.70)
Seat 5: sta$igk (big blind) folded on the Flop
Seat 6: reiyser folded before Flop (didn't bet)



PokerStars Hand #254706691445:  Hold'em No Limit ($0.50/$1.00 USD) - 2025/02/04 19:17:38 WET [2025/02/04 14:17:38 ET]
Table 'Juliet II' 6-max Seat #4 is the button
Seat 2: paramourx ($179.42 in chips) 
Seat 3: IREQO ($95.12 in chips) 
Seat 4: easy_sarcasm ($103.20 in chips) 
Seat 5: sta$igk ($100 in chips) 
sta$igk: posts small blind $0.50
paramourx: posts big blind $1
*** HOLE CARDS ***
IREQO: folds 
easy_sarcasm: folds 
sta$igk: folds 
Uncalled bet ($0.50) returned to paramourx
paramourx collected $1 from pot
paramourx: doesn't show hand 
*** SUMMARY ***
Total pot $1 | Rake $0 
Seat 2: paramourx (big blind) collected ($1)
Seat 3: IREQO folded before Flop (didn't bet)
Seat 4: easy_sarcasm (button) folded before Flop (didn't bet)
Seat 5: sta$igk (small blind) folded before Flop



