PokerStars Hand #254706909356:  Hold'em No Limit ($0.50/$1.00 USD) - 2025/02/04 19:29:03 WET [2025/02/04 14:29:03 ET]
Table 'Tolosa II' 6-max Seat #3 is the button
Seat 3: treidei3 ($100 in chips) 
Seat 4: LucasTo90 ($10 in chips) 
Seat 5: EasyGamerrr ($100 in chips) 
Seat 6: MAO_DZEDYN_S ($100 in chips) 
LucasTo90: posts small blind $0.50
EasyGamerrr: posts big blind $1
*** HOLE CARDS ***
chinokevin13 joins the table at seat #2 
MAO_DZEDYN_S: folds 
treidei3: raises $1.20 to $2.20
LucasTo90: raises $7.80 to $10 and is all-in
EasyGamerrr: folds 
treidei3: calls $7.80
*** FLOP *** [7d 4s Ad]
*** TURN *** [7d 4s Ad] [3c]
*** RIVER *** [7d 4s Ad 3c] [Qs]
*** SHOW DOWN ***
LucasTo90: shows [As Ah] (three of a kind, Aces)
treidei3: shows [Jd Kd] (high card Ace)
LucasTo90 collected $20 from pot
*** SUMMARY ***
Total pot $21 | Rake $1 
Board [7d 4s Ad 3c Qs]
Seat 3: treidei3 (button) showed [Jd Kd] and lost with high card Ace
Seat 4: LucasTo90 (small blind) showed [As Ah] and won ($20) with three of a kind, Aces
Seat 5: EasyGamerrr (big blind) folded before Flop
Seat 6: MAO_DZEDYN_S folded before Flop (didn't bet)



PokerStars Hand #254706917159:  Hold'em No Limit ($0.50/$1.00 USD) - 2025/02/04 19:29:28 WET [2025/02/04 14:29:28 ET]
Table 'Tolosa II' 6-max Seat #4 is the button
Seat 2: chinokevin13 ($100 in chips) is sitting out
Seat 3: treidei3 ($100 in chips) 
Seat 4: LucasTo90 ($20 in chips) 
Seat 5: EasyGamerrr ($100 in chips) 
Seat 6: MAO_DZEDYN_S ($100 in chips) 
EasyGamerrr: posts small blind $0.50
MAO_DZEDYN_S: posts big blind $1
chinokevin13: sits out 
*** HOLE CARDS ***
treidei3: folds 
LucasTo90: folds 
EasyGamerrr: folds 
Uncalled bet ($0.50) returned to MAO_DZEDYN_S
MAO_DZEDYN_S collected $1 from pot
MAO_DZEDYN_S: doesn't show hand 
*** SUMMARY ***
Total pot $1 | Rake $0 
Seat 2: chinokevin13
Seat 3: treidei3 folded before Flop (didn't bet)
Seat 4: LucasTo90 (button) folded before Flop (didn't bet)
Seat 5: EasyGamerrr (small blind) folded before Flop
Seat 6: MAO_DZEDYN_S (big blind) collected ($1)



PokerStars Hand #254706919006:  Hold'em No Limit ($0.50/$1.00 USD) - 2025/02/04 19:29:35 WET [2025/02/04 14:29:35 ET]
Table 'Tolosa II' 6-max Seat #5 is the button
Seat 2: chinokevin13 ($100 in chips) 
Seat 3: treidei3 ($100 in chips) 
Seat 4: LucasTo90 ($20 in chips) 
Seat 5: EasyGamerrr ($100 in chips) 
Seat 6: MAO_DZEDYN_S ($100.50 in chips) 
MAO_DZEDYN_S: posts small blind $0.50
michasia joins the table at seat #1 
chinokevin13: posts big blind $1
*** HOLE CARDS ***
treidei3: folds 
LucasTo90: raises $2 to $3
EasyGamerrr: folds 
MAO_DZEDYN_S: folds 
chinokevin13: calls $2
*** FLOP *** [2d 5h 7c]
chinokevin13: checks 
LucasTo90: bets $5
chinokevin13: folds 
Uncalled bet ($5) returned to LucasTo90
LucasTo90 collected $6.18 from pot
LucasTo90: doesn't show hand 
*** SUMMARY ***
Total pot $6.50 | Rake $0.32 
Board [2d 5h 7c]
Seat 2: chinokevin13 (big blind) folded on the Flop
Seat 3: treidei3 folded before Flop (didn't bet)
Seat 4: LucasTo90 collected ($6.18)
Seat 5: EasyGamerrr (button) folded before Flop (didn't bet)
Seat 6: MAO_DZEDYN_S (small blind) folded before Flop



PokerStars Hand #254706929767:  Hold'em No Limit ($0.50/$1.00 USD) - 2025/02/04 19:30:09 WET [2025/02/04 14:30:09 ET]
Table 'Tolosa II' 6-max Seat #6 is the button
Seat 1: michasia ($100 in chips) is sitting out
Seat 3: treidei3 ($100 in chips) is sitting out
Seat 2: chinokevin13 ($100 in chips) 
Seat 4: LucasTo90 ($23.18 in chips) 
Seat 5: EasyGamerrr ($100 in chips) 
Seat 6: MAO_DZEDYN_S ($100 in chips) 
chinokevin13: posts small blind $0.50
treidei3: is sitting out 
LucasTo90: posts big blind $1
*** HOLE CARDS ***
EasyGamerrr: folds 
MAO_DZEDYN_S: folds 
treidei3 leaves the table
chinokevin13: folds 
Uncalled bet ($0.50) returned to LucasTo90
LucasTo90 collected $1 from pot
LucasTo90: doesn't show hand 
*** SUMMARY ***
Total pot $1 | Rake $0 
Seat 1: michasia
Seat 3: treidei3
Seat 2: chinokevin13 (small blind) folded before Flop
Seat 4: LucasTo90 (big blind) collected ($1)
Seat 5: EasyGamerrr folded before Flop (didn't bet)
Seat 6: MAO_DZEDYN_S (button) folded before Flop (didn't bet)



PokerStars Hand #254706934566:  Hold'em No Limit ($0.50/$1.00 USD) - 2025/02/04 19:30:25 WET [2025/02/04 14:30:25 ET]
Table 'Tolosa II' 6-max Seat #2 is the button
Seat 1: michasia ($100 in chips) is sitting out
Seat 2: chinokevin13 ($100 in chips) 
Seat 4: LucasTo90 ($23.68 in chips) 
Seat 5: EasyGamerrr ($100 in chips) 
Seat 6: MAO_DZEDYN_S ($100 in chips) 
LucasTo90: posts small blind $0.50
EasyGamerrr: posts big blind $1
michasia: sits out 
*** HOLE CARDS ***
MAO_DZEDYN_S: raises $1.25 to $2.25
chinokevin13: folds 
LucasTo90: folds 
EasyGamerrr: calls $1.25
*** FLOP *** [Th 8d 2c]
EasyGamerrr: checks 
MAO_DZEDYN_S: bets $1.43
EasyGamerrr: calls $1.43
*** TURN *** [Th 8d 2c] [3h]
EasyGamerrr: checks 
MAO_DZEDYN_S: bets $7.17
hoksupoksu joins the table at seat #3 
EasyGamerrr: raises $12.33 to $19.50
hoksupoksu is disconnected 
MAO_DZEDYN_S: folds 
Uncalled bet ($12.33) returned to EasyGamerrr
EasyGamerrr collected $21.20 from pot
EasyGamerrr: doesn't show hand 
*** SUMMARY ***
Total pot $22.20 | Rake $1 
Board [Th 8d 2c 3h]
Seat 1: michasia
Seat 2: chinokevin13 (button) folded before Flop (didn't bet)
Seat 4: LucasTo90 (small blind) folded before Flop
Seat 5: EasyGamerrr (big blind) collected ($21.20)
Seat 6: MAO_DZEDYN_S folded on the Turn



PokerStars Hand #254706964323:  Hold'em No Limit ($0.50/$1.00 USD) - 2025/02/04 19:32:02 WET [2025/02/04 14:32:02 ET]
Table 'Tolosa II' 6-max Seat #4 is the button
Seat 1: michasia ($100 in chips) is sitting out
Seat 3: hoksupoksu ($32.57 in chips) is sitting out
Seat 2: chinokevin13 ($100 in chips) 
Seat 4: LucasTo90 ($23.18 in chips) 
Seat 5: EasyGamerrr ($110.35 in chips) 
Seat 6: MAO_DZEDYN_S ($100 in chips) 
EasyGamerrr: posts small blind $0.50
MAO_DZEDYN_S: posts big blind $1
michasia: sits out 
hoksupoksu: sits out 
*** HOLE CARDS ***
chinokevin13: folds 
LucasTo90: folds 
EasyGamerrr: folds 
Uncalled bet ($0.50) returned to MAO_DZEDYN_S
MAO_DZEDYN_S collected $1 from pot
MAO_DZEDYN_S: doesn't show hand 
*** SUMMARY ***
Total pot $1 | Rake $0 
Seat 1: michasia
Seat 3: hoksupoksu
Seat 2: chinokevin13 folded before Flop (didn't bet)
Seat 4: LucasTo90 (button) folded before Flop (didn't bet)
Seat 5: EasyGamerrr (small blind) folded before Flop
Seat 6: MAO_DZEDYN_S (big blind) collected ($1)



PokerStars Hand #254706967271:  Hold'em No Limit ($0.50/$1.00 USD) - 2025/02/04 19:32:11 WET [2025/02/04 14:32:11 ET]
Table 'Tolosa II' 6-max Seat #5 is the button
Seat 3: hoksupoksu ($32.57 in chips) is sitting out
Seat 1: michasia ($100 in chips) 
Seat 2: chinokevin13 ($100 in chips) 
Seat 4: LucasTo90 ($23.18 in chips) 
Seat 5: EasyGamerrr ($109.85 in chips) 
Seat 6: MAO_DZEDYN_S ($100.50 in chips) 
MAO_DZEDYN_S: posts small blind $0.50
michasia: posts big blind $1
hoksupoksu: sits out 
*** HOLE CARDS ***
chinokevin13: folds 
LucasTo90: folds 
EasyGamerrr: raises $1.50 to $2.50
MAO_DZEDYN_S: folds 
michasia: raises $9.50 to $12
EasyGamerrr: raises $13 to $25
michasia: folds 
Uncalled bet ($13) returned to EasyGamerrr
EasyGamerrr collected $24.50 from pot
EasyGamerrr: doesn't show hand 
*** SUMMARY ***
Total pot $24.50 | Rake $0 
Seat 3: hoksupoksu
Seat 1: michasia (big blind) folded before Flop
Seat 2: chinokevin13 folded before Flop (didn't bet)
Seat 4: LucasTo90 folded before Flop (didn't bet)
Seat 5: EasyGamerrr (button) collected ($24.50)
Seat 6: MAO_DZEDYN_S (small blind) folded before Flop



PokerStars Hand #254706976899:  Hold'em No Limit ($0.50/$1.00 USD) - 2025/02/04 19:32:43 WET [2025/02/04 14:32:43 ET]
Table 'Tolosa II' 6-max Seat #6 is the button
Seat 3: hoksupoksu ($32.57 in chips) is sitting out
Seat 1: michasia ($100 in chips) 
Seat 2: chinokevin13 ($100 in chips) 
Seat 4: LucasTo90 ($23.18 in chips) 
Seat 5: EasyGamerrr ($122.35 in chips) 
Seat 6: MAO_DZEDYN_S ($100 in chips) 
michasia: posts small blind $0.50
chinokevin13: posts big blind $1
hoksupoksu: sits out 
*** HOLE CARDS ***
LucasTo90: folds 
EasyGamerrr: folds 
MAO_DZEDYN_S: folds 
michasia: raises $2 to $3
chinokevin13: folds 
Uncalled bet ($2) returned to michasia
michasia collected $2 from pot
michasia: doesn't show hand 
*** SUMMARY ***
Total pot $2 | Rake $0 
Seat 3: hoksupoksu
Seat 1: michasia (small blind) collected ($2)
Seat 2: chinokevin13 (big blind) folded before Flop
Seat 4: LucasTo90 folded before Flop (didn't bet)
Seat 5: EasyGamerrr folded before Flop (didn't bet)
Seat 6: MAO_DZEDYN_S (button) folded before Flop (didn't bet)



PokerStars Hand #254706981025:  Hold'em No Limit ($0.50/$1.00 USD) - 2025/02/04 19:32:57 WET [2025/02/04 14:32:57 ET]
Table 'Tolosa II' 6-max Seat #1 is the button
Seat 1: michasia ($101 in chips) 
Seat 2: chinokevin13 ($100 in chips) 
Seat 3: hoksupoksu ($32.57 in chips) 
Seat 4: LucasTo90 ($23.18 in chips) 
Seat 5: EasyGamerrr ($122.35 in chips) 
Seat 6: MAO_DZEDYN_S ($100 in chips) 
chinokevin13: posts small blind $0.50
hoksupoksu: posts big blind $1
*** HOLE CARDS ***
LucasTo90: folds 
EasyGamerrr: folds 
LucasTo90 leaves the table
MAO_DZEDYN_S: raises $1.75 to $2.75
michasia: folds 
sta$igk joins the table at seat #4 
chinokevin13: folds 
hoksupoksu: calls $1.75
*** FLOP *** [5h 5d Jc]
hoksupoksu: checks 
MAO_DZEDYN_S: bets $1.71
hoksupoksu: calls $1.71
*** TURN *** [5h 5d Jc] [Ac]
hoksupoksu: checks 
MAO_DZEDYN_S: bets $7.21
hoksupoksu: calls $7.21
*** RIVER *** [5h 5d Jc Ac] [4h]
hoksupoksu: checks 
MAO_DZEDYN_S: checks 
*** SHOW DOWN ***
hoksupoksu: shows [Jh 3h] (two pair, Jacks and Fives)
MAO_DZEDYN_S: mucks hand 
hoksupoksu collected $22.65 from pot
*** SUMMARY ***
Total pot $23.84 | Rake $1.19 
Board [5h 5d Jc Ac 4h]
Seat 1: michasia (button) folded before Flop (didn't bet)
Seat 2: chinokevin13 (small blind) folded before Flop
Seat 3: hoksupoksu (big blind) showed [Jh 3h] and won ($22.65) with two pair, Jacks and Fives
Seat 4: LucasTo90 folded before Flop (didn't bet)
Seat 5: EasyGamerrr folded before Flop (didn't bet)
Seat 6: MAO_DZEDYN_S mucked



PokerStars Hand #254707005378:  Hold'em No Limit ($0.50/$1.00 USD) - 2025/02/04 19:34:17 WET [2025/02/04 14:34:17 ET]
Table 'Tolosa II' 6-max Seat #2 is the button
Seat 1: michasia ($101 in chips) 
Seat 2: chinokevin13 ($100 in chips) 
Seat 3: hoksupoksu ($43.55 in chips) 
Seat 4: sta$igk ($100 in chips) 
Seat 5: EasyGamerrr ($122.35 in chips) 
Seat 6: MAO_DZEDYN_S ($100 in chips) 
hoksupoksu: posts small blind $0.50
sta$igk: posts big blind $1
*** HOLE CARDS ***
EasyGamerrr: folds 
MAO_DZEDYN_S: folds 
michasia: folds 
chinokevin13: raises $1.50 to $2.50
hoksupoksu: calls $2
sta$igk: folds 
*** FLOP *** [4d Qh Kc]
hoksupoksu: checks 
chinokevin13: bets $1.88
hoksupoksu: calls $1.88
*** TURN *** [4d Qh Kc] [Qd]
hoksupoksu: checks 
chinokevin13: bets $6.95
hoksupoksu: folds 
Uncalled bet ($6.95) returned to chinokevin13
chinokevin13 collected $9.27 from pot
chinokevin13: doesn't show hand 
*** SUMMARY ***
Total pot $9.76 | Rake $0.49 
Board [4d Qh Kc Qd]
Seat 1: michasia folded before Flop (didn't bet)
Seat 2: chinokevin13 (button) collected ($9.27)
Seat 3: hoksupoksu (small blind) folded on the Turn
Seat 4: sta$igk (big blind) folded before Flop
Seat 5: EasyGamerrr folded before Flop (didn't bet)
Seat 6: MAO_DZEDYN_S folded before Flop (didn't bet)



PokerStars Hand #254707021582:  Hold'em No Limit ($0.50/$1.00 USD) - 2025/02/04 19:35:10 WET [2025/02/04 14:35:10 ET]
Table 'Tolosa II' 6-max Seat #3 is the button
Seat 5: EasyGamerrr ($122.35 in chips) is sitting out
Seat 6: MAO_DZEDYN_S ($100 in chips) is sitting out
Seat 1: michasia ($101 in chips) 
Seat 2: chinokevin13 ($104.89 in chips) 
Seat 3: hoksupoksu ($39.17 in chips) 
Seat 4: sta$igk ($100 in chips) 
sta$igk: posts small blind $0.50
EasyGamerrr: is sitting out 
MAO_DZEDYN_S: is sitting out 
michasia: posts big blind $1
*** HOLE CARDS ***
chinokevin13: folds 
hoksupoksu: folds 
EasyGamerrr leaves the table
MAO_DZEDYN_S leaves the table
sta$igk: raises $2 to $3
michasia: folds 
Uncalled bet ($2) returned to sta$igk
sta$igk collected $2 from pot
sta$igk: doesn't show hand 
*** SUMMARY ***
Total pot $2 | Rake $0 
Seat 5: EasyGamerrr
Seat 6: MAO_DZEDYN_S
Seat 1: michasia (big blind) folded before Flop
Seat 2: chinokevin13 folded before Flop (didn't bet)
Seat 3: hoksupoksu (button) folded before Flop (didn't bet)
Seat 4: sta$igk (small blind) collected ($2)



PokerStars Hand #254707024584:  Hold'em No Limit ($0.50/$1.00 USD) - 2025/02/04 19:35:20 WET [2025/02/04 14:35:20 ET]
Table 'Tolosa II' 6-max Seat #4 is the button
Seat 1: michasia ($100 in chips) 
Seat 2: chinokevin13 ($104.89 in chips) 
Seat 3: hoksupoksu ($39.17 in chips) 
Seat 4: sta$igk ($101 in chips) 
michasia: posts small blind $0.50
chinokevin13: posts big blind $1
*** HOLE CARDS ***
hoksupoksu: folds 
sta$igk: raises $1.50 to $2.50
michasia: folds 
chinokevin13: folds 
Uncalled bet ($1.50) returned to sta$igk
sta$igk collected $2.50 from pot
sta$igk: doesn't show hand 
*** SUMMARY ***
Total pot $2.50 | Rake $0 
Seat 1: michasia (small blind) folded before Flop
Seat 2: chinokevin13 (big blind) folded before Flop
Seat 3: hoksupoksu folded before Flop (didn't bet)
Seat 4: sta$igk (button) collected ($2.50)



PokerStars Hand #254707030808:  Hold'em No Limit ($0.50/$1.00 USD) - 2025/02/04 19:35:40 WET [2025/02/04 14:35:40 ET]
Table 'Tolosa II' 6-max Seat #1 is the button
Seat 1: michasia ($100 in chips) 
Seat 2: chinokevin13 ($103.89 in chips) 
Seat 3: hoksupoksu ($39.17 in chips) 
Seat 4: sta$igk ($102.50 in chips) 
chinokevin13: posts small blind $0.50
hoksupoksu: posts big blind $1
*** HOLE CARDS ***
sta$igk: folds 
michasia: folds 
chinokevin13: raises $2 to $3
hoksupoksu: calls $2
*** FLOP *** [6c 3c 2h]
chinokevin13: bets $1.88
hoksupoksu: folds 
Uncalled bet ($1.88) returned to chinokevin13
chinokevin13 collected $5.70 from pot
chinokevin13: doesn't show hand 
*** SUMMARY ***
Total pot $6 | Rake $0.30 
Board [6c 3c 2h]
Seat 1: michasia (button) folded before Flop (didn't bet)
Seat 2: chinokevin13 (small blind) collected ($5.70)
Seat 3: hoksupoksu (big blind) folded on the Flop
Seat 4: sta$igk folded before Flop (didn't bet)



PokerStars Hand #254707040940:  Hold'em No Limit ($0.50/$1.00 USD) - 2025/02/04 19:36:14 WET [2025/02/04 14:36:14 ET]
Table 'Tolosa II' 6-max Seat #2 is the button
Seat 4: sta$igk ($102.50 in chips) is sitting out
Seat 1: michasia ($100 in chips) 
Seat 2: chinokevin13 ($106.59 in chips) 
Seat 3: hoksupoksu ($36.17 in chips) 
hoksupoksu: posts small blind $0.50
sta$igk: is sitting out 
michasia: posts big blind $1
*** HOLE CARDS ***
chinokevin13: raises $1.50 to $2.50
sta$igk leaves the table
hoksupoksu: folds 
michasia: raises $9.50 to $12
chinokevin13: folds 
Uncalled bet ($9.50) returned to michasia
michasia collected $5.50 from pot
michasia: doesn't show hand 
*** SUMMARY ***
Total pot $5.50 | Rake $0 
Seat 4: sta$igk
Seat 1: michasia (big blind) collected ($5.50)
Seat 2: chinokevin13 (button) folded before Flop
Seat 3: hoksupoksu (small blind) folded before Flop



PokerStars Hand #254707047430:  Hold'em No Limit ($0.50/$1.00 USD) - 2025/02/04 19:36:35 WET [2025/02/04 14:36:35 ET]
Table 'Tolosa II' 6-max Seat #3 is the button
Seat 1: michasia ($103 in chips) 
Seat 2: chinokevin13 ($104.09 in chips) 
Seat 3: hoksupoksu ($35.67 in chips) 
michasia: posts small blind $0.50
chinokevin13: posts big blind $1
*** HOLE CARDS ***
hoksupoksu: calls $1
michasia: folds 
chinokevin13: raises $3 to $4
Quahrino joins the table at seat #5 
hoksupoksu: calls $3
*** FLOP *** [As Js Qd]
chinokevin13: checks 
hoksupoksu: bets $1
chinokevin13: calls $1
*** TURN *** [As Js Qd] [Jd]
chinokevin13: checks 
hoksupoksu: bets $2
dzsovanni404 joins the table at seat #6 
dzsovanni404 is disconnected 
chinokevin13: calls $2
*** RIVER *** [As Js Qd Jd] [Jh]
K.Antagonist joins the table at seat #4 
chinokevin13: checks 
hoksupoksu: checks 
*** SHOW DOWN ***
chinokevin13: shows [Th Qh] (a full house, Jacks full of Queens)
hoksupoksu: mucks hand 
chinokevin13 collected $13.78 from pot
*** SUMMARY ***
Total pot $14.50 | Rake $0.72 
Board [As Js Qd Jd Jh]
Seat 1: michasia (small blind) folded before Flop
Seat 2: chinokevin13 (big blind) showed [Th Qh] and won ($13.78) with a full house, Jacks full of Queens
Seat 3: hoksupoksu (button) mucked



PokerStars Hand #254707075499:  Hold'em No Limit ($0.50/$1.00 USD) - 2025/02/04 19:38:08 WET [2025/02/04 14:38:08 ET]
Table 'Tolosa II' 6-max Seat #1 is the button
Seat 4: K.Antagonist ($100 in chips) is sitting out
Seat 5: Quahrino ($100 in chips) is sitting out
Seat 1: michasia ($102.50 in chips) 
Seat 2: chinokevin13 ($110.87 in chips) 
Seat 3: hoksupoksu ($28.67 in chips) 
Seat 6: dzsovanni404 ($24.33 in chips) 
chinokevin13: posts small blind $0.50
hoksupoksu: posts big blind $1
K.Antagonist: sits out 
Quahrino: sits out 
dzsovanni404: posts big blind $1
*** HOLE CARDS ***
dzsovanni404: checks 
michasia: folds 
chinokevin13: folds 
hoksupoksu: checks 
*** FLOP *** [Kc 7d Td]
hoksupoksu: checks 
dzsovanni404: bets $1
hoksupoksu: folds 
Uncalled bet ($1) returned to dzsovanni404
dzsovanni404 collected $2.38 from pot
*** SUMMARY ***
Total pot $2.50 | Rake $0.12 
Board [Kc 7d Td]
Seat 4: K.Antagonist
Seat 5: Quahrino
Seat 1: michasia (button) folded before Flop (didn't bet)
Seat 2: chinokevin13 (small blind) folded before Flop
Seat 3: hoksupoksu (big blind) folded on the Flop
Seat 6: dzsovanni404 collected ($2.38)



PokerStars Hand #254707085586:  Hold'em No Limit ($0.50/$1.00 USD) - 2025/02/04 19:38:41 WET [2025/02/04 14:38:41 ET]
Table 'Tolosa II' 6-max Seat #2 is the button
Seat 5: Quahrino ($100 in chips) is sitting out
Seat 1: michasia ($102.50 in chips) 
Seat 2: chinokevin13 ($110.37 in chips) 
Seat 3: hoksupoksu ($27.67 in chips) 
Seat 4: K.Antagonist ($100 in chips) 
Seat 6: dzsovanni404 ($25.71 in chips) 
hoksupoksu: posts small blind $0.50
K.Antagonist: posts big blind $1
Quahrino: sits out 
*** HOLE CARDS ***
dzsovanni404: raises $1 to $2
michasia: folds 
chinokevin13: folds 
hoksupoksu: folds 
K.Antagonist: folds 
Uncalled bet ($1) returned to dzsovanni404
dzsovanni404 collected $2.50 from pot
*** SUMMARY ***
Total pot $2.50 | Rake $0 
Seat 5: Quahrino
Seat 1: michasia folded before Flop (didn't bet)
Seat 2: chinokevin13 (button) folded before Flop (didn't bet)
Seat 3: hoksupoksu (small blind) folded before Flop
Seat 4: K.Antagonist (big blind) folded before Flop
Seat 6: dzsovanni404 collected ($2.50)



PokerStars Hand #254707089776:  Hold'em No Limit ($0.50/$1.00 USD) - 2025/02/04 19:38:55 WET [2025/02/04 14:38:55 ET]
Table 'Tolosa II' 6-max Seat #3 is the button
Seat 1: michasia ($102.50 in chips) 
Seat 2: chinokevin13 ($110.37 in chips) 
Seat 3: hoksupoksu ($27.17 in chips) 
Seat 4: K.Antagonist ($100 in chips) 
Seat 5: Quahrino ($100 in chips) 
Seat 6: dzsovanni404 ($27.21 in chips) 
K.Antagonist: posts small blind $0.50
Quahrino: posts big blind $1
*** HOLE CARDS ***
dzsovanni404: calls $1
michasia: folds 
chinokevin13: folds 
hoksupoksu: calls $1
K.Antagonist: calls $0.50
Quahrino: checks 
*** FLOP *** [4d Ks 2d]
K.Antagonist: checks 
Quahrino: checks 
dzsovanni404: bets $1
hoksupoksu: calls $1
K.Antagonist: folds 
Quahrino: folds 
*** TURN *** [4d Ks 2d] [8c]
dzsovanni404: bets $1
hoksupoksu: calls $1
*** RIVER *** [4d Ks 2d 8c] [4s]
dzsovanni404: bets $1
hoksupoksu: calls $1
*** SHOW DOWN ***
dzsovanni404: shows [2h Ad] (two pair, Fours and Deuces)
hoksupoksu: shows [5s 5d] (two pair, Fives and Fours)
hoksupoksu collected $9.50 from pot
*** SUMMARY ***
Total pot $10 | Rake $0.50 
Board [4d Ks 2d 8c 4s]
Seat 1: michasia folded before Flop (didn't bet)
Seat 2: chinokevin13 folded before Flop (didn't bet)
Seat 3: hoksupoksu (button) showed [5s 5d] and won ($9.50) with two pair, Fives and Fours
Seat 4: K.Antagonist (small blind) folded on the Flop
Seat 5: Quahrino (big blind) folded on the Flop
Seat 6: dzsovanni404 showed [2h Ad] and lost with two pair, Fours and Deuces



PokerStars Hand #254707107811:  Hold'em No Limit ($0.50/$1.00 USD) - 2025/02/04 19:39:54 WET [2025/02/04 14:39:54 ET]
Table 'Tolosa II' 6-max Seat #4 is the button
Seat 1: michasia ($102.50 in chips) is sitting out
Seat 2: chinokevin13 ($110.37 in chips) 
Seat 3: hoksupoksu ($32.67 in chips) 
Seat 4: K.Antagonist ($100 in chips) 
Seat 5: Quahrino ($100 in chips) 
Seat 6: dzsovanni404 ($23.21 in chips) 
Quahrino: posts small blind $0.50
dzsovanni404: posts big blind $1
*** HOLE CARDS ***
chinokevin13: folds 
hoksupoksu: folds 
K.Antagonist: folds 
Quahrino: folds 
Uncalled bet ($0.50) returned to dzsovanni404
dzsovanni404 collected $1 from pot
*** SUMMARY ***
Total pot $1 | Rake $0 
Seat 1: michasia
Seat 2: chinokevin13 folded before Flop (didn't bet)
Seat 3: hoksupoksu folded before Flop (didn't bet)
Seat 4: K.Antagonist (button) folded before Flop (didn't bet)
Seat 5: Quahrino (small blind) folded before Flop
Seat 6: dzsovanni404 (big blind) collected ($1)



PokerStars Hand #254707111092:  Hold'em No Limit ($0.50/$1.00 USD) - 2025/02/04 19:40:05 WET [2025/02/04 14:40:05 ET]
Table 'Tolosa II' 6-max Seat #5 is the button
Seat 1: michasia ($102.50 in chips) is sitting out
Seat 2: chinokevin13 ($110.37 in chips) 
Seat 3: hoksupoksu ($32.67 in chips) 
Seat 4: K.Antagonist ($100 in chips) 
Seat 5: Quahrino ($100 in chips) 
Seat 6: dzsovanni404 ($23.71 in chips) 
dzsovanni404: posts small blind $0.50
chinokevin13: posts big blind $1
*** HOLE CARDS ***
hoksupoksu: folds 
K.Antagonist: folds 
Quahrino: raises $1.50 to $2.50
dzsovanni404: folds 
chinokevin13: raises $9 to $11.50
Quahrino: folds 
Uncalled bet ($9) returned to chinokevin13
chinokevin13 collected $5.50 from pot
chinokevin13: doesn't show hand 
*** SUMMARY ***
Total pot $5.50 | Rake $0 
Seat 1: michasia
Seat 2: chinokevin13 (big blind) collected ($5.50)
Seat 3: hoksupoksu folded before Flop (didn't bet)
Seat 4: K.Antagonist folded before Flop (didn't bet)
Seat 5: Quahrino (button) folded before Flop
Seat 6: dzsovanni404 (small blind) folded before Flop



PokerStars Hand #254707118386:  Hold'em No Limit ($0.50/$1.00 USD) - 2025/02/04 19:40:29 WET [2025/02/04 14:40:29 ET]
Table 'Tolosa II' 6-max Seat #6 is the button
Seat 1: michasia ($102.50 in chips) is sitting out
Seat 2: chinokevin13 ($113.37 in chips) 
Seat 3: hoksupoksu ($32.67 in chips) 
Seat 4: K.Antagonist ($100 in chips) 
Seat 5: Quahrino ($100 in chips) 
Seat 6: dzsovanni404 ($23.21 in chips) 
chinokevin13: posts small blind $0.50
hoksupoksu: posts big blind $1
*** HOLE CARDS ***
K.Antagonist: raises $1.50 to $2.50
Quahrino: folds 
dzsovanni404: folds 
chinokevin13: folds 
hoksupoksu: calls $1.50
*** FLOP *** [4d 2d 9h]
hoksupoksu: checks 
K.Antagonist: bets $1.72
hoksupoksu: calls $1.72
*** TURN *** [4d 2d 9h] [Ts]
hoksupoksu: checks 
K.Antagonist: bets $4.25
hoksupoksu: folds 
Uncalled bet ($4.25) returned to K.Antagonist
K.Antagonist collected $8.49 from pot
K.Antagonist: doesn't show hand 
*** SUMMARY ***
Total pot $8.94 | Rake $0.45 
Board [4d 2d 9h Ts]
Seat 1: michasia
Seat 2: chinokevin13 (small blind) folded before Flop
Seat 3: hoksupoksu (big blind) folded on the Turn
Seat 4: K.Antagonist collected ($8.49)
Seat 5: Quahrino folded before Flop (didn't bet)
Seat 6: dzsovanni404 (button) folded before Flop (didn't bet)



PokerStars Hand #254707131683:  Hold'em No Limit ($0.50/$1.00 USD) - 2025/02/04 19:41:12 WET [2025/02/04 14:41:12 ET]
Table 'Tolosa II' 6-max Seat #2 is the button
Seat 1: michasia ($102.50 in chips) is sitting out
Seat 2: chinokevin13 ($112.87 in chips) 
Seat 3: hoksupoksu ($28.45 in chips) 
Seat 4: K.Antagonist ($104.27 in chips) 
Seat 5: Quahrino ($100 in chips) 
Seat 6: dzsovanni404 ($23.21 in chips) 
hoksupoksu: posts small blind $0.50
K.Antagonist: posts big blind $1
*** HOLE CARDS ***
Quahrino: raises $1 to $2
dzsovanni404: calls $2
chinokevin13: folds 
hoksupoksu: folds 
K.Antagonist: folds 
*** FLOP *** [Kd 7h 5h]
Quahrino: bets $1.31
dzsovanni404: calls $1.31
*** TURN *** [Kd 7h 5h] [4h]
Quahrino: checks 
dzsovanni404: checks 
*** RIVER *** [Kd 7h 5h 4h] [3d]
Quahrino: checks 
dzsovanni404: bets $11
Quahrino: folds 
Uncalled bet ($11) returned to dzsovanni404
dzsovanni404 collected $7.71 from pot
*** SUMMARY ***
Total pot $8.12 | Rake $0.41 
Board [Kd 7h 5h 4h 3d]
Seat 1: michasia
Seat 2: chinokevin13 (button) folded before Flop (didn't bet)
Seat 3: hoksupoksu (small blind) folded before Flop
Seat 4: K.Antagonist (big blind) folded before Flop
Seat 5: Quahrino folded on the River
Seat 6: dzsovanni404 collected ($7.71)



PokerStars Hand #254707142646:  Hold'em No Limit ($0.50/$1.00 USD) - 2025/02/04 19:41:48 WET [2025/02/04 14:41:48 ET]
Table 'Tolosa II' 6-max Seat #3 is the button
Seat 1: michasia ($102.50 in chips) is sitting out
Seat 2: chinokevin13 ($112.87 in chips) 
Seat 3: hoksupoksu ($27.95 in chips) 
Seat 4: K.Antagonist ($103.27 in chips) 
Seat 5: Quahrino ($100 in chips) 
Seat 6: dzsovanni404 ($27.61 in chips) 
K.Antagonist: posts small blind $0.50
Quahrino: posts big blind $1
*** HOLE CARDS ***
dzsovanni404: folds 
chinokevin13: folds 
hoksupoksu: raises $1 to $2
K.Antagonist: folds 
Quahrino: calls $1
*** FLOP *** [5d Kh 2c]
Quahrino: checks 
hoksupoksu: bets $2
Quahrino: calls $2
*** TURN *** [5d Kh 2c] [Jc]
Quahrino: checks 
hoksupoksu: checks 
*** RIVER *** [5d Kh 2c Jc] [6d]
Quahrino: bets $2.02
hoksupoksu: calls $2.02
*** SHOW DOWN ***
Quahrino: shows [Th Jh] (a pair of Jacks)
hoksupoksu: shows [Qs Ks] (a pair of Kings)
hoksupoksu collected $11.91 from pot
*** SUMMARY ***
Total pot $12.54 | Rake $0.63 
Board [5d Kh 2c Jc 6d]
Seat 1: michasia
Seat 2: chinokevin13 folded before Flop (didn't bet)
Seat 3: hoksupoksu (button) showed [Qs Ks] and won ($11.91) with a pair of Kings
Seat 4: K.Antagonist (small blind) folded before Flop
Seat 5: Quahrino (big blind) showed [Th Jh] and lost with a pair of Jacks
Seat 6: dzsovanni404 folded before Flop (didn't bet)



PokerStars Hand #254707153585:  Hold'em No Limit ($0.50/$1.00 USD) - 2025/02/04 19:42:25 WET [2025/02/04 14:42:25 ET]
Table 'Tolosa II' 6-max Seat #4 is the button
Seat 1: michasia ($102.50 in chips) is sitting out
Seat 2: chinokevin13 ($112.87 in chips) 
Seat 3: hoksupoksu ($33.84 in chips) 
Seat 4: K.Antagonist ($102.77 in chips) 
Seat 5: Quahrino ($100 in chips) 
Seat 6: dzsovanni404 ($27.61 in chips) 
Quahrino: posts small blind $0.50
dzsovanni404: posts big blind $1
michasia: sits out 
*** HOLE CARDS ***
chinokevin13: raises $1.20 to $2.20
hoksupoksu: folds 
K.Antagonist: folds 
Quahrino: folds 
dzsovanni404: calls $1.20
*** FLOP *** [Th 7d 5s]
dzsovanni404: checks 
chinokevin13: bets $6.52
dzsovanni404: folds 
Uncalled bet ($6.52) returned to chinokevin13
chinokevin13 collected $4.66 from pot
chinokevin13: doesn't show hand 
*** SUMMARY ***
Total pot $4.90 | Rake $0.24 
Board [Th 7d 5s]
Seat 1: michasia
Seat 2: chinokevin13 collected ($4.66)
Seat 3: hoksupoksu folded before Flop (didn't bet)
Seat 4: K.Antagonist (button) folded before Flop (didn't bet)
Seat 5: Quahrino (small blind) folded before Flop
Seat 6: dzsovanni404 (big blind) folded on the Flop



PokerStars Hand #254707165145:  Hold'em No Limit ($0.50/$1.00 USD) - 2025/02/04 19:43:03 WET [2025/02/04 14:43:03 ET]
Table 'Tolosa II' 6-max Seat #5 is the button
Seat 1: michasia ($102.50 in chips) 
Seat 2: chinokevin13 ($115.33 in chips) 
Seat 3: hoksupoksu ($33.84 in chips) 
Seat 4: K.Antagonist ($102.77 in chips) 
Seat 5: Quahrino ($100 in chips) 
Seat 6: dzsovanni404 ($25.41 in chips) 
dzsovanni404: posts small blind $0.50
michasia: posts big blind $1
*** HOLE CARDS ***
chinokevin13: folds 
hoksupoksu: folds 
K.Antagonist: raises $1.50 to $2.50
Quahrino: folds 
dzsovanni404: folds 
michasia: folds 
Uncalled bet ($1.50) returned to K.Antagonist
K.Antagonist collected $2.50 from pot
K.Antagonist: doesn't show hand 
*** SUMMARY ***
Total pot $2.50 | Rake $0 
Seat 1: michasia (big blind) folded before Flop
Seat 2: chinokevin13 folded before Flop (didn't bet)
Seat 3: hoksupoksu folded before Flop (didn't bet)
Seat 4: K.Antagonist collected ($2.50)
Seat 5: Quahrino (button) folded before Flop (didn't bet)
Seat 6: dzsovanni404 (small blind) folded before Flop



PokerStars Hand #254707169781:  Hold'em No Limit ($0.50/$1.00 USD) - 2025/02/04 19:43:18 WET [2025/02/04 14:43:18 ET]
Table 'Tolosa II' 6-max Seat #6 is the button
Seat 1: michasia ($101.50 in chips) 
Seat 2: chinokevin13 ($115.33 in chips) 
Seat 3: hoksupoksu ($33.84 in chips) 
Seat 4: K.Antagonist ($104.27 in chips) 
Seat 5: Quahrino ($100 in chips) 
Seat 6: dzsovanni404 ($24.91 in chips) 
michasia: posts small blind $0.50
chinokevin13: posts big blind $1
*** HOLE CARDS ***
hoksupoksu: calls $1
K.Antagonist: folds 
Quahrino: folds 
dzsovanni404: raises $3 to $4
michasia: folds 
chinokevin13: raises $11 to $15
hoksupoksu: folds 
dzsovanni404: raises $9.91 to $24.91 and is all-in
chinokevin13: calls $9.91
dzsovanni404 has timed out
*** FLOP *** [Ah 2d 7s]
*** TURN *** [Ah 2d 7s] [2h]
*** RIVER *** [Ah 2d 7s 2h] [Kc]
*** SHOW DOWN ***
chinokevin13: shows [Ad Th] (two pair, Aces and Deuces)
dzsovanni404: shows [Qd Qh] (two pair, Queens and Deuces)
chinokevin13 collected $48.82 from pot
*** SUMMARY ***
Total pot $51.32 | Rake $2.50 
Board [Ah 2d 7s 2h Kc]
Seat 1: michasia (small blind) folded before Flop
Seat 2: chinokevin13 (big blind) showed [Ad Th] and won ($48.82) with two pair, Aces and Deuces
Seat 3: hoksupoksu folded before Flop
Seat 4: K.Antagonist folded before Flop (didn't bet)
Seat 5: Quahrino folded before Flop (didn't bet)
Seat 6: dzsovanni404 (button) showed [Qd Qh] and lost with two pair, Queens and Deuces



PokerStars Hand #254707184304:  Hold'em No Limit ($0.50/$1.00 USD) - 2025/02/04 19:44:07 WET [2025/02/04 14:44:07 ET]
Table 'Tolosa II' 6-max Seat #1 is the button
Seat 6: dzsovanni404 ($0 in chips) is sitting out
Seat 1: michasia ($101 in chips) 
Seat 2: chinokevin13 ($139.24 in chips) 
Seat 3: hoksupoksu ($32.84 in chips) 
Seat 4: K.Antagonist ($104.27 in chips) 
Seat 5: Quahrino ($100 in chips) 
chinokevin13: posts small blind $0.50
hoksupoksu: posts big blind $1
*** HOLE CARDS ***
K.Antagonist: folds 
Quahrino: raises $1.30 to $2.30
michasia: folds 
chinokevin13: folds 
hoksupoksu: calls $1.30
*** FLOP *** [4s Td 6s]
hoksupoksu: checks 
Quahrino: checks 
*** TURN *** [4s Td 6s] [9h]
hoksupoksu: checks 
Quahrino: checks 
*** RIVER *** [4s Td 6s 9h] [8d]
hoksupoksu: checks 
Quahrino: bets $3.39
dzsovanni404 leaves the table
hoksupoksu: folds 
Uncalled bet ($3.39) returned to Quahrino
Quahrino collected $4.84 from pot
Quahrino: doesn't show hand 
*** SUMMARY ***
Total pot $5.10 | Rake $0.26 
Board [4s Td 6s 9h 8d]
Seat 6: dzsovanni404
Seat 1: michasia (button) folded before Flop (didn't bet)
Seat 2: chinokevin13 (small blind) folded before Flop
Seat 3: hoksupoksu (big blind) folded on the River
Seat 4: K.Antagonist folded before Flop (didn't bet)
Seat 5: Quahrino collected ($4.84)



PokerStars Hand #254707194159:  Hold'em No Limit ($0.50/$1.00 USD) - 2025/02/04 19:44:39 WET [2025/02/04 14:44:39 ET]
Table 'Tolosa II' 6-max Seat #2 is the button
Seat 1: michasia ($101 in chips) 
Seat 2: chinokevin13 ($138.74 in chips) 
Seat 3: hoksupoksu ($30.54 in chips) 
Seat 4: K.Antagonist ($104.27 in chips) 
Seat 5: Quahrino ($102.54 in chips) 
hoksupoksu: posts small blind $0.50
K.Antagonist: posts big blind $1
*** HOLE CARDS ***
Quahrino: raises $1 to $2
michasia: folds 
chinokevin13: folds 
hoksupoksu: folds 
K.Antagonist: folds 
Uncalled bet ($1) returned to Quahrino
Quahrino collected $2.50 from pot
Quahrino: doesn't show hand 
mariofcd joins the table at seat #6 
*** SUMMARY ***
Total pot $2.50 | Rake $0 
Seat 1: michasia folded before Flop (didn't bet)
Seat 2: chinokevin13 (button) folded before Flop (didn't bet)
Seat 3: hoksupoksu (small blind) folded before Flop
Seat 4: K.Antagonist (big blind) folded before Flop
Seat 5: Quahrino collected ($2.50)



PokerStars Hand #254707199665:  Hold'em No Limit ($0.50/$1.00 USD) - 2025/02/04 19:44:57 WET [2025/02/04 14:44:57 ET]
Table 'Tolosa II' 6-max Seat #3 is the button
Seat 1: michasia ($101 in chips) 
Seat 2: chinokevin13 ($138.74 in chips) 
Seat 3: hoksupoksu ($30.04 in chips) 
Seat 4: K.Antagonist ($103.27 in chips) 
Seat 5: Quahrino ($104.04 in chips) 
Seat 6: mariofcd ($100 in chips) 
K.Antagonist: posts small blind $0.50
Quahrino: posts big blind $1
mariofcd is connected 
mariofcd: posts big blind $1
*** HOLE CARDS ***
mariofcd: checks 
michasia: folds 
chinokevin13: raises $1.50 to $2.50
hoksupoksu: folds 
K.Antagonist: folds 
Quahrino: folds 
mariofcd: folds 
Uncalled bet ($1.50) returned to chinokevin13
chinokevin13 collected $3.50 from pot
chinokevin13: doesn't show hand 
*** SUMMARY ***
Total pot $3.50 | Rake $0 
Seat 1: michasia folded before Flop (didn't bet)
Seat 2: chinokevin13 collected ($3.50)
Seat 3: hoksupoksu (button) folded before Flop (didn't bet)
Seat 4: K.Antagonist (small blind) folded before Flop
Seat 5: Quahrino (big blind) folded before Flop
Seat 6: mariofcd folded before Flop (didn't bet)



PokerStars Hand #254707207634:  Hold'em No Limit ($0.50/$1.00 USD) - 2025/02/04 19:45:24 WET [2025/02/04 14:45:24 ET]
Table 'Tolosa II' 6-max Seat #4 is the button
Seat 1: michasia ($101 in chips) 
Seat 2: chinokevin13 ($141.24 in chips) 
Seat 3: hoksupoksu ($30.04 in chips) 
Seat 4: K.Antagonist ($102.77 in chips) 
Seat 5: Quahrino ($103.04 in chips) 
Seat 6: mariofcd ($100 in chips) 
Quahrino: posts small blind $0.50
mariofcd: posts big blind $1
*** HOLE CARDS ***
michasia: folds 
chinokevin13: folds 
hoksupoksu: folds 
K.Antagonist: raises $1.50 to $2.50
Quahrino: folds 
mariofcd: raises $8.53 to $11.03
K.Antagonist: folds 
Uncalled bet ($8.53) returned to mariofcd
mariofcd collected $5.50 from pot
mariofcd: doesn't show hand 
*** SUMMARY ***
Total pot $5.50 | Rake $0 
Seat 1: michasia folded before Flop (didn't bet)
Seat 2: chinokevin13 folded before Flop (didn't bet)
Seat 3: hoksupoksu folded before Flop (didn't bet)
Seat 4: K.Antagonist (button) folded before Flop
Seat 5: Quahrino (small blind) folded before Flop
Seat 6: mariofcd (big blind) collected ($5.50)



PokerStars Hand #254707217814:  Hold'em No Limit ($0.50/$1.00 USD) - 2025/02/04 19:45:57 WET [2025/02/04 14:45:57 ET]
Table 'Tolosa II' 6-max Seat #5 is the button
Seat 1: michasia ($101 in chips) 
Seat 2: chinokevin13 ($141.24 in chips) 
Seat 3: hoksupoksu ($30.04 in chips) 
Seat 4: K.Antagonist ($100.27 in chips) 
Seat 5: Quahrino ($102.54 in chips) 
Seat 6: mariofcd ($103 in chips) 
mariofcd: posts small blind $0.50
michasia: posts big blind $1
*** HOLE CARDS ***
chinokevin13: raises $1.20 to $2.20
hoksupoksu: folds 
K.Antagonist: folds 
Quahrino: folds 
mariofcd: folds 
michasia: folds 
Uncalled bet ($1.20) returned to chinokevin13
chinokevin13 collected $2.50 from pot
chinokevin13: doesn't show hand 
*** SUMMARY ***
Total pot $2.50 | Rake $0 
Seat 1: michasia (big blind) folded before Flop
Seat 2: chinokevin13 collected ($2.50)
Seat 3: hoksupoksu folded before Flop (didn't bet)
Seat 4: K.Antagonist folded before Flop (didn't bet)
Seat 5: Quahrino (button) folded before Flop (didn't bet)
Seat 6: mariofcd (small blind) folded before Flop



PokerStars Hand #254707223064:  Hold'em No Limit ($0.50/$1.00 USD) - 2025/02/04 19:46:15 WET [2025/02/04 14:46:15 ET]
Table 'Tolosa II' 6-max Seat #6 is the button
Seat 1: michasia ($100 in chips) 
Seat 2: chinokevin13 ($142.74 in chips) 
Seat 3: hoksupoksu ($30.04 in chips) 
Seat 4: K.Antagonist ($100.27 in chips) 
Seat 5: Quahrino ($102.54 in chips) 
Seat 6: mariofcd ($102.50 in chips) 
michasia: posts small blind $0.50
chinokevin13: posts big blind $1
*** HOLE CARDS ***
hoksupoksu: folds 
K.Antagonist: folds 
Quahrino: raises $1.30 to $2.30
mariofcd: folds 
michasia: folds 
chinokevin13: folds 
Uncalled bet ($1.30) returned to Quahrino
Quahrino collected $2.50 from pot
Quahrino: doesn't show hand 
*** SUMMARY ***
Total pot $2.50 | Rake $0 
Seat 1: michasia (small blind) folded before Flop
Seat 2: chinokevin13 (big blind) folded before Flop
Seat 3: hoksupoksu folded before Flop (didn't bet)
Seat 4: K.Antagonist folded before Flop (didn't bet)
Seat 5: Quahrino collected ($2.50)
Seat 6: mariofcd (button) folded before Flop (didn't bet)



PokerStars Hand #254707229882:  Hold'em No Limit ($0.50/$1.00 USD) - 2025/02/04 19:46:37 WET [2025/02/04 14:46:37 ET]
Table 'Tolosa II' 6-max Seat #1 is the button
Seat 1: michasia ($100 in chips) 
Seat 2: chinokevin13 ($141.74 in chips) 
Seat 3: hoksupoksu ($30.04 in chips) 
Seat 4: K.Antagonist ($100.27 in chips) 
Seat 5: Quahrino ($104.04 in chips) 
Seat 6: mariofcd ($102.50 in chips) 
chinokevin13: posts small blind $0.50
hoksupoksu: posts big blind $1
*** HOLE CARDS ***
K.Antagonist: folds 
Quahrino: folds 
K.Antagonist leaves the table
mariofcd: folds 
michasia: raises $1.80 to $2.80
chinokevin13: folds 
hoksupoksu: calls $1.80
*** FLOP *** [8c Jc Tc]
2g00d4youu joins the table at seat #4 
hoksupoksu: checks 
michasia: checks 
*** TURN *** [8c Jc Tc] [Kc]
hoksupoksu: bets $3
michasia: folds 
Uncalled bet ($3) returned to hoksupoksu
hoksupoksu collected $5.80 from pot
*** SUMMARY ***
Total pot $6.10 | Rake $0.30 
Board [8c Jc Tc Kc]
Seat 1: michasia (button) folded on the Turn
Seat 2: chinokevin13 (small blind) folded before Flop
Seat 3: hoksupoksu (big blind) collected ($5.80)
Seat 4: K.Antagonist folded before Flop (didn't bet)
Seat 5: Quahrino folded before Flop (didn't bet)
Seat 6: mariofcd folded before Flop (didn't bet)



PokerStars Hand #254707239826:  Hold'em No Limit ($0.50/$1.00 USD) - 2025/02/04 19:47:10 WET [2025/02/04 14:47:10 ET]
Table 'Tolosa II' 6-max Seat #2 is the button
Seat 1: michasia ($100 in chips) 
Seat 2: chinokevin13 ($141.24 in chips) 
Seat 3: hoksupoksu ($33.04 in chips) 
Seat 4: 2g00d4youu ($100 in chips) 
Seat 5: Quahrino ($104.04 in chips) 
Seat 6: mariofcd ($102.50 in chips) 
hoksupoksu: posts small blind $0.50
2g00d4youu: posts big blind $1
*** HOLE CARDS ***
Quahrino: folds 
mariofcd: raises $1.20 to $2.20
michasia: folds 
chinokevin13: folds 
hoksupoksu: folds 
2g00d4youu: folds 
Uncalled bet ($1.20) returned to mariofcd
mariofcd collected $2.50 from pot
mariofcd: doesn't show hand 
*** SUMMARY ***
Total pot $2.50 | Rake $0 
Seat 1: michasia folded before Flop (didn't bet)
Seat 2: chinokevin13 (button) folded before Flop (didn't bet)
Seat 3: hoksupoksu (small blind) folded before Flop
Seat 4: 2g00d4youu (big blind) folded before Flop
Seat 5: Quahrino folded before Flop (didn't bet)
Seat 6: mariofcd collected ($2.50)



PokerStars Hand #254707245837:  Hold'em No Limit ($0.50/$1.00 USD) - 2025/02/04 19:47:30 WET [2025/02/04 14:47:30 ET]
Table 'Tolosa II' 6-max Seat #3 is the button
Seat 1: michasia ($100 in chips) 
Seat 2: chinokevin13 ($141.24 in chips) 
Seat 3: hoksupoksu ($32.54 in chips) 
Seat 4: 2g00d4youu ($100 in chips) 
Seat 5: Quahrino ($104.04 in chips) 
Seat 6: mariofcd ($104 in chips) 
2g00d4youu: posts small blind $0.50
Quahrino: posts big blind $1
*** HOLE CARDS ***
mariofcd: folds 
michasia: folds 
chinokevin13: folds 
hoksupoksu: folds 
2g00d4youu: raises $2 to $3
Quahrino: folds 
Uncalled bet ($2) returned to 2g00d4youu
2g00d4youu collected $2 from pot
2g00d4youu: doesn't show hand 
*** SUMMARY ***
Total pot $2 | Rake $0 
Seat 1: michasia folded before Flop (didn't bet)
Seat 2: chinokevin13 folded before Flop (didn't bet)
Seat 3: hoksupoksu (button) folded before Flop (didn't bet)
Seat 4: 2g00d4youu (small blind) collected ($2)
Seat 5: Quahrino (big blind) folded before Flop
Seat 6: mariofcd folded before Flop (didn't bet)



PokerStars Hand #254707251116:  Hold'em No Limit ($0.50/$1.00 USD) - 2025/02/04 19:47:47 WET [2025/02/04 14:47:47 ET]
Table 'Tolosa II' 6-max Seat #4 is the button
Seat 6: mariofcd ($104 in chips) is sitting out
Seat 1: michasia ($100 in chips) 
Seat 2: chinokevin13 ($141.24 in chips) 
Seat 3: hoksupoksu ($32.54 in chips) 
Seat 4: 2g00d4youu ($101 in chips) 
Seat 5: Quahrino ($103.04 in chips) 
Quahrino: posts small blind $0.50
mariofcd: is sitting out 
michasia: posts big blind $1
*** HOLE CARDS ***
mariofcd leaves the table
chinokevin13: folds 
hoksupoksu: folds 
2g00d4youu: folds 
Quahrino: raises $2 to $3
michasia: calls $2
*** FLOP *** [Kc 4h Qc]
Quahrino: checks 
michasia: checks 
*** TURN *** [Kc 4h Qc] [Kh]
Quahrino: checks 
michasia: checks 
*** RIVER *** [Kc 4h Qc Kh] [4c]
Quahrino: checks 
michasia: checks 
*** SHOW DOWN ***
Quahrino: shows [Ad 9h] (two pair, Kings and Fours)
michasia: mucks hand 
Quahrino collected $5.70 from pot
*** SUMMARY ***
Total pot $6 | Rake $0.30 
Board [Kc 4h Qc Kh 4c]
Seat 6: mariofcd
Seat 1: michasia (big blind) mucked
Seat 2: chinokevin13 folded before Flop (didn't bet)
Seat 3: hoksupoksu folded before Flop (didn't bet)
Seat 4: 2g00d4youu (button) folded before Flop (didn't bet)
Seat 5: Quahrino (small blind) showed [Ad 9h] and won ($5.70) with two pair, Kings and Fours



PokerStars Hand #254707266489:  Hold'em No Limit ($0.50/$1.00 USD) - 2025/02/04 19:48:38 WET [2025/02/04 14:48:38 ET]
Table 'Tolosa II' 6-max Seat #5 is the button
Seat 1: michasia ($100 in chips) 
Seat 2: chinokevin13 ($141.24 in chips) 
Seat 3: hoksupoksu ($32.54 in chips) 
Seat 4: 2g00d4youu ($101 in chips) 
Seat 5: Quahrino ($105.74 in chips) 
michasia: posts small blind $0.50
chinokevin13: posts big blind $1
*** HOLE CARDS ***
hoksupoksu: folds 
2g00d4youu: raises $1.50 to $2.50
Quahrino: raises $5 to $7.50
michasia: folds 
chinokevin13: folds 
2g00d4youu: raises $13.50 to $21
Quahrino: calls $13.50
*** FLOP *** [2h 9s Qc]
2g00d4youu: bets $10.33
Quahrino: calls $10.33
*** TURN *** [2h 9s Qc] [Qh]
2g00d4youu: checks 
Quahrino: bets $15.42
2g00d4youu: calls $15.42
*** RIVER *** [2h 9s Qc Qh] [9c]
2g00d4youu: checks 
Quahrino: bets $58.99 and is all-in
2g00d4youu: calls $54.25 and is all-in
Uncalled bet ($4.74) returned to Quahrino
*** SHOW DOWN ***
Quahrino: shows [3s As] (two pair, Queens and Nines)
2g00d4youu: shows [Ad Ac] (two pair, Aces and Queens)
2g00d4youu collected $201 from pot
*** SUMMARY ***
Total pot $203.50 | Rake $2.50 
Board [2h 9s Qc Qh 9c]
Seat 1: michasia (small blind) folded before Flop
Seat 2: chinokevin13 (big blind) folded before Flop
Seat 3: hoksupoksu folded before Flop (didn't bet)
Seat 4: 2g00d4youu showed [Ad Ac] and won ($201) with two pair, Aces and Queens
Seat 5: Quahrino (button) showed [3s As] and lost with two pair, Queens and Nines



PokerStars Hand #254707310839:  Hold'em No Limit ($0.50/$1.00 USD) - 2025/02/04 19:51:07 WET [2025/02/04 14:51:07 ET]
Table 'Tolosa II' 6-max Seat #1 is the button
Seat 1: michasia ($100 in chips) 
Seat 2: chinokevin13 ($140.24 in chips) 
Seat 3: hoksupoksu ($32.54 in chips) 
Seat 4: 2g00d4youu ($201 in chips) 
Seat 5: Quahrino ($100 in chips) 
chinokevin13: posts small blind $0.50
hoksupoksu: posts big blind $1
*** HOLE CARDS ***
2g00d4youu: raises $1.50 to $2.50
Quahrino: folds 
henri789 joins the table at seat #6 
michasia: folds 
chinokevin13: folds 
hoksupoksu: calls $1.50
*** FLOP *** [Th 6d Kh]
hoksupoksu: checks 
2g00d4youu: bets $1.72
hoksupoksu: folds 
Uncalled bet ($1.72) returned to 2g00d4youu
2g00d4youu collected $5.22 from pot
2g00d4youu: doesn't show hand 
*** SUMMARY ***
Total pot $5.50 | Rake $0.28 
Board [Th 6d Kh]
Seat 1: michasia (button) folded before Flop (didn't bet)
Seat 2: chinokevin13 (small blind) folded before Flop
Seat 3: hoksupoksu (big blind) folded on the Flop
Seat 4: 2g00d4youu collected ($5.22)
Seat 5: Quahrino folded before Flop (didn't bet)



PokerStars Hand #254707321422:  Hold'em No Limit ($0.50/$1.00 USD) - 2025/02/04 19:51:42 WET [2025/02/04 14:51:42 ET]
Table 'Tolosa II' 6-max Seat #2 is the button
Seat 6: henri789 ($100 in chips) is sitting out
Seat 1: michasia ($100 in chips) 
Seat 2: chinokevin13 ($139.74 in chips) 
Seat 3: hoksupoksu ($30.04 in chips) 
Seat 4: 2g00d4youu ($203.72 in chips) 
Seat 5: Quahrino ($100 in chips) 
hoksupoksu: posts small blind $0.50
2g00d4youu: posts big blind $1
henri789: sits out 
*** HOLE CARDS ***
Quahrino: folds 
michasia: raises $1.80 to $2.80
chinokevin13: folds 
hoksupoksu: calls $2.30
2g00d4youu: folds 
*** FLOP *** [Ah Jh Qh]
hoksupoksu: checks 
michasia: checks 
*** TURN *** [Ah Jh Qh] [Th]
hoksupoksu: bets $2
michasia: folds 
Uncalled bet ($2) returned to hoksupoksu
hoksupoksu collected $6.27 from pot
*** SUMMARY ***
Total pot $6.60 | Rake $0.33 
Board [Ah Jh Qh Th]
Seat 6: henri789
Seat 1: michasia folded on the Turn
Seat 2: chinokevin13 (button) folded before Flop (didn't bet)
Seat 3: hoksupoksu (small blind) collected ($6.27)
Seat 4: 2g00d4youu (big blind) folded before Flop
Seat 5: Quahrino folded before Flop (didn't bet)



PokerStars Hand #254707332796:  Hold'em No Limit ($0.50/$1.00 USD) - 2025/02/04 19:52:20 WET [2025/02/04 14:52:20 ET]
Table 'Tolosa II' 6-max Seat #3 is the button
Seat 6: henri789 ($100 in chips) is sitting out
Seat 1: michasia ($100 in chips) 
Seat 2: chinokevin13 ($139.74 in chips) 
Seat 3: hoksupoksu ($33.51 in chips) 
Seat 4: 2g00d4youu ($202.72 in chips) 
Seat 5: Quahrino ($100 in chips) 
2g00d4youu: posts small blind $0.50
Quahrino: posts big blind $1
henri789: sits out 
*** HOLE CARDS ***
michasia: folds 
chinokevin13: folds 
hoksupoksu: folds 
2g00d4youu: folds 
Uncalled bet ($0.50) returned to Quahrino
Quahrino collected $1 from pot
Quahrino: doesn't show hand 
*** SUMMARY ***
Total pot $1 | Rake $0 
Seat 6: henri789
Seat 1: michasia folded before Flop (didn't bet)
Seat 2: chinokevin13 folded before Flop (didn't bet)
Seat 3: hoksupoksu (button) folded before Flop (didn't bet)
Seat 4: 2g00d4youu (small blind) folded before Flop
Seat 5: Quahrino (big blind) collected ($1)



PokerStars Hand #254707336351:  Hold'em No Limit ($0.50/$1.00 USD) - 2025/02/04 19:52:32 WET [2025/02/04 14:52:32 ET]
Table 'Tolosa II' 6-max Seat #4 is the button
Seat 1: michasia ($100 in chips) 
Seat 2: chinokevin13 ($139.74 in chips) 
Seat 3: hoksupoksu ($33.51 in chips) 
Seat 4: 2g00d4youu ($202.22 in chips) 
Seat 5: Quahrino ($100.50 in chips) 
Seat 6: henri789 ($100 in chips) 
Quahrino: posts small blind $0.50
henri789: posts big blind $1
*** HOLE CARDS ***
michasia: raises $1.60 to $2.60
chinokevin13: folds 
hoksupoksu: calls $2.60
2g00d4youu: folds 
Quahrino: raises $10.40 to $13
henri789: folds 
michasia: calls $10.40
hoksupoksu: folds 
*** FLOP *** [Td 7s 3h]
Quahrino: checks 
michasia: checks 
*** TURN *** [Td 7s 3h] [6s]
Quahrino: checks 
michasia: checks 
*** RIVER *** [Td 7s 3h 6s] [8c]
Quahrino: checks 
michasia: checks 
*** SHOW DOWN ***
Quahrino: shows [Kd Qd] (high card King)
michasia: shows [Ah Qc] (high card Ace)
michasia collected $28.12 from pot
*** SUMMARY ***
Total pot $29.60 | Rake $1.48 
Board [Td 7s 3h 6s 8c]
Seat 1: michasia showed [Ah Qc] and won ($28.12) with high card Ace
Seat 2: chinokevin13 folded before Flop (didn't bet)
Seat 3: hoksupoksu folded before Flop
Seat 4: 2g00d4youu (button) folded before Flop (didn't bet)
Seat 5: Quahrino (small blind) showed [Kd Qd] and lost with high card King
Seat 6: henri789 (big blind) folded before Flop



PokerStars Hand #254707354807:  Hold'em No Limit ($0.50/$1.00 USD) - 2025/02/04 19:53:35 WET [2025/02/04 14:53:35 ET]
Table 'Tolosa II' 6-max Seat #5 is the button
Seat 1: michasia ($115.12 in chips) 
Seat 2: chinokevin13 ($139.74 in chips) 
Seat 3: hoksupoksu ($30.91 in chips) 
Seat 4: 2g00d4youu ($202.22 in chips) 
Seat 5: Quahrino ($100 in chips) 
Seat 6: henri789 ($100 in chips) 
henri789: posts small blind $0.50
michasia: posts big blind $1
*** HOLE CARDS ***
chinokevin13: folds 
hoksupoksu: calls $1
2g00d4youu: raises $3 to $4
Quahrino: folds 
henri789: folds 
michasia: folds 
hoksupoksu: calls $3
*** FLOP *** [Tc 5c 9s]
hoksupoksu: checks 
2g00d4youu: bets $5.77
hoksupoksu: calls $5.77
*** TURN *** [Tc 5c 9s] [As]
hoksupoksu: checks 
2g00d4youu: checks 
*** RIVER *** [Tc 5c 9s As] [2d]
hoksupoksu: checks 
2g00d4youu: bets $24
hoksupoksu: folds 
Uncalled bet ($24) returned to 2g00d4youu
2g00d4youu collected $19.99 from pot
2g00d4youu: doesn't show hand 
*** SUMMARY ***
Total pot $21.04 | Rake $1.05 
Board [Tc 5c 9s As 2d]
Seat 1: michasia (big blind) folded before Flop
Seat 2: chinokevin13 folded before Flop (didn't bet)
Seat 3: hoksupoksu folded on the River
Seat 4: 2g00d4youu collected ($19.99)
Seat 5: Quahrino (button) folded before Flop (didn't bet)
Seat 6: henri789 (small blind) folded before Flop



PokerStars Hand #254707370839:  Hold'em No Limit ($0.50/$1.00 USD) - 2025/02/04 19:54:30 WET [2025/02/04 14:54:30 ET]
Table 'Tolosa II' 6-max Seat #6 is the button
Seat 1: michasia ($114.12 in chips) 
Seat 2: chinokevin13 ($139.74 in chips) 
Seat 3: hoksupoksu ($21.14 in chips) 
Seat 4: 2g00d4youu ($212.44 in chips) 
Seat 5: Quahrino ($100 in chips) 
Seat 6: henri789 ($100 in chips) 
michasia: posts small blind $0.50
chinokevin13: posts big blind $1
*** HOLE CARDS ***
hoksupoksu: raises $1 to $2
2g00d4youu: raises $5 to $7
Quahrino: folds 
henri789: folds 
michasia: folds 
chinokevin13: folds 
hoksupoksu: calls $5
*** FLOP *** [5d 3c Kh]
hoksupoksu: checks 
2g00d4youu: checks 
*** TURN *** [5d 3c Kh] [4h]
hoksupoksu: bets $3
2g00d4youu: calls $3
*** RIVER *** [5d 3c Kh 4h] [2s]
hoksupoksu: checks 
2g00d4youu: bets $15.32
hoksupoksu: calls $11.14 and is all-in
Uncalled bet ($4.18) returned to 2g00d4youu
*** SHOW DOWN ***
2g00d4youu: shows [6c 6s] (a straight, Deuce to Six)
hoksupoksu: shows [Qs Qh] (a pair of Queens)
2g00d4youu collected $41.59 from pot
*** SUMMARY ***
Total pot $43.78 | Rake $2.19 
Board [5d 3c Kh 4h 2s]
Seat 1: michasia (small blind) folded before Flop
Seat 2: chinokevin13 (big blind) folded before Flop
Seat 3: hoksupoksu showed [Qs Qh] and lost with a pair of Queens
Seat 4: 2g00d4youu showed [6c 6s] and won ($41.59) with a straight, Deuce to Six
Seat 5: Quahrino folded before Flop (didn't bet)
Seat 6: henri789 (button) folded before Flop (didn't bet)



PokerStars Hand #254707388128:  Hold'em No Limit ($0.50/$1.00 USD) - 2025/02/04 19:55:37 WET [2025/02/04 14:55:37 ET]
Table 'Tolosa II' 6-max Seat #1 is the button
Seat 3: hoksupoksu ($0 in chips) is sitting out
Seat 1: michasia ($113.62 in chips) 
Seat 2: chinokevin13 ($138.74 in chips) 
Seat 4: 2g00d4youu ($232.89 in chips) 
Seat 5: Quahrino ($100 in chips) 
Seat 6: henri789 ($100 in chips) 
chinokevin13: posts small blind $0.50
2g00d4youu: posts big blind $1
*** HOLE CARDS ***
Quahrino: raises $1 to $2
henri789: folds 
michasia: folds 
chinokevin13: folds 
2g00d4youu: folds 
Uncalled bet ($1) returned to Quahrino
Quahrino collected $2.50 from pot
Quahrino: doesn't show hand 
*** SUMMARY ***
Total pot $2.50 | Rake $0 
Seat 3: hoksupoksu
Seat 1: michasia (button) folded before Flop (didn't bet)
Seat 2: chinokevin13 (small blind) folded before Flop
Seat 4: 2g00d4youu (big blind) folded before Flop
Seat 5: Quahrino collected ($2.50)
Seat 6: henri789 folded before Flop (didn't bet)



PokerStars Hand #254707390590:  Hold'em No Limit ($0.50/$1.00 USD) - 2025/02/04 19:55:49 WET [2025/02/04 14:55:49 ET]
Table 'Tolosa II' 6-max Seat #2 is the button
Seat 3: hoksupoksu ($0 in chips) is sitting out
Seat 1: michasia ($113.62 in chips) 
Seat 2: chinokevin13 ($138.24 in chips) 
Seat 4: 2g00d4youu ($231.89 in chips) 
Seat 5: Quahrino ($101.50 in chips) 
Seat 6: henri789 ($100 in chips) 
2g00d4youu: posts small blind $0.50
Quahrino: posts big blind $1
*** HOLE CARDS ***
henri789: folds 
hoksupoksu is disconnected 
michasia: raises $1.80 to $2.80
chinokevin13: folds 
2g00d4youu: raises $7.20 to $10
Quahrino: folds 
michasia: calls $7.20
*** FLOP *** [2d Js Qh]
2g00d4youu: bets $4
michasia: raises $8 to $12
2g00d4youu: folds 
Uncalled bet ($8) returned to michasia
michasia collected $27.55 from pot
michasia: doesn't show hand 
*** SUMMARY ***
Total pot $29 | Rake $1.45 
Board [2d Js Qh]
Seat 3: hoksupoksu
Seat 1: michasia collected ($27.55)
Seat 2: chinokevin13 (button) folded before Flop (didn't bet)
Seat 4: 2g00d4youu (small blind) folded on the Flop
Seat 5: Quahrino (big blind) folded before Flop
Seat 6: henri789 folded before Flop (didn't bet)



PokerStars Hand #254707400538:  Hold'em No Limit ($0.50/$1.00 USD) - 2025/02/04 19:56:36 WET [2025/02/04 14:56:36 ET]
Table 'Tolosa II' 6-max Seat #4 is the button
Seat 3: hoksupoksu ($0 in chips) is sitting out
Seat 1: michasia ($127.17 in chips) 
Seat 2: chinokevin13 ($138.24 in chips) 
Seat 4: 2g00d4youu ($217.89 in chips) 
Seat 5: Quahrino ($100.50 in chips) 
Seat 6: henri789 ($100 in chips) 
Quahrino: posts small blind $0.50
henri789: posts big blind $1
*** HOLE CARDS ***
michasia: raises $1.60 to $2.60
chinokevin13: raises $5.40 to $8
2g00d4youu: folds 
Quahrino: folds 
henri789: folds 
michasia: calls $5.40
*** FLOP *** [5d 6h Ts]
michasia: checks 
chinokevin13: bets $8.30
michasia: calls $8.30
*** TURN *** [5d 6h Ts] [9h]
michasia: checks 
chinokevin13: checks 
*** RIVER *** [5d 6h Ts 9h] [9s]
michasia: bets $21.60
chinokevin13: calls $21.60
*** SHOW DOWN ***
michasia: shows [Kd Qd] (a pair of Nines)
chinokevin13: shows [Ad As] (two pair, Aces and Nines)
chinokevin13 collected $74.80 from pot
*** SUMMARY ***
Total pot $77.30 | Rake $2.50 
Board [5d 6h Ts 9h 9s]
Seat 3: hoksupoksu
Seat 1: michasia showed [Kd Qd] and lost with a pair of Nines
Seat 2: chinokevin13 showed [Ad As] and won ($74.80) with two pair, Aces and Nines
Seat 4: 2g00d4youu (button) folded before Flop (didn't bet)
Seat 5: Quahrino (small blind) folded before Flop
Seat 6: henri789 (big blind) folded before Flop



PokerStars Hand #254707414459:  Hold'em No Limit ($0.50/$1.00 USD) - 2025/02/04 19:57:42 WET [2025/02/04 14:57:42 ET]
Table 'Tolosa II' 6-max Seat #5 is the button
Seat 3: hoksupoksu ($0 in chips) is sitting out
Seat 1: michasia ($100 in chips) 
Seat 2: chinokevin13 ($175.14 in chips) 
Seat 4: 2g00d4youu ($217.89 in chips) 
Seat 5: Quahrino ($100 in chips) 
Seat 6: henri789 ($100 in chips) 
henri789: posts small blind $0.50
michasia: posts big blind $1
*** HOLE CARDS ***
chinokevin13: folds 
2g00d4youu: folds 
Quahrino: folds 
henri789: folds 
Uncalled bet ($0.50) returned to michasia
michasia collected $1 from pot
michasia: doesn't show hand 
*** SUMMARY ***
Total pot $1 | Rake $0 
Seat 3: hoksupoksu
Seat 1: michasia (big blind) collected ($1)
Seat 2: chinokevin13 folded before Flop (didn't bet)
Seat 4: 2g00d4youu folded before Flop (didn't bet)
Seat 5: Quahrino (button) folded before Flop (didn't bet)
Seat 6: henri789 (small blind) folded before Flop



PokerStars Hand #254707416826:  Hold'em No Limit ($0.50/$1.00 USD) - 2025/02/04 19:57:54 WET [2025/02/04 14:57:54 ET]
Table 'Tolosa II' 6-max Seat #6 is the button
Seat 3: hoksupoksu ($0 in chips) is sitting out
Seat 1: michasia ($100.50 in chips) 
Seat 2: chinokevin13 ($175.14 in chips) 
Seat 4: 2g00d4youu ($217.89 in chips) 
Seat 5: Quahrino ($100 in chips) 
Seat 6: henri789 ($100 in chips) 
michasia: posts small blind $0.50
chinokevin13: posts big blind $1
*** HOLE CARDS ***
2g00d4youu: folds 
Quahrino: folds 
henri789: raises $1.25 to $2.25
michasia: folds 
chinokevin13: calls $1.25
*** FLOP *** [Qd Jd 8d]
chinokevin13: checks 
henri789: checks 
*** TURN *** [Qd Jd 8d] [Qs]
chinokevin13: checks 
henri789: bets $3.18
chinokevin13: folds 
Uncalled bet ($3.18) returned to henri789
henri789 collected $4.75 from pot
henri789: doesn't show hand 
Quahrino is disconnected 
*** SUMMARY ***
Total pot $5 | Rake $0.25 
Board [Qd Jd 8d Qs]
Seat 3: hoksupoksu
Seat 1: michasia (small blind) folded before Flop
Seat 2: chinokevin13 (big blind) folded on the Turn
Seat 4: 2g00d4youu folded before Flop (didn't bet)
Seat 5: Quahrino folded before Flop (didn't bet)
Seat 6: henri789 (button) collected ($4.75)



PokerStars Hand #254707430268:  Hold'em No Limit ($0.50/$1.00 USD) - 2025/02/04 19:59:00 WET [2025/02/04 14:59:00 ET]
Table 'Tolosa II' 6-max Seat #1 is the button
Seat 3: hoksupoksu ($0 in chips) is sitting out
Seat 4: 2g00d4youu ($217.89 in chips) is sitting out
Seat 5: Quahrino ($100 in chips) is sitting out
Seat 1: michasia ($100 in chips) 
Seat 2: chinokevin13 ($172.89 in chips) 
Seat 6: henri789 ($102.50 in chips) 
chinokevin13: posts small blind $0.50
2g00d4youu: is sitting out 
2g00d4youu leaves the table
Quahrino is connected 
Quahrino has timed out
Quahrino: is sitting out 
henri789: posts big blind $1
*** HOLE CARDS ***
michasia: folds 
chinokevin13: raises $2 to $3
henri789: folds 
Uncalled bet ($2) returned to chinokevin13
chinokevin13 collected $2 from pot
chinokevin13: doesn't show hand 
*** SUMMARY ***
Total pot $2 | Rake $0 
Seat 3: hoksupoksu
Seat 4: 2g00d4youu
Seat 5: Quahrino
Seat 1: michasia (button) folded before Flop (didn't bet)
Seat 2: chinokevin13 (small blind) collected ($2)
Seat 6: henri789 (big blind) folded before Flop



PokerStars Hand #254707435181:  Hold'em No Limit ($0.50/$1.00 USD) - 2025/02/04 19:59:27 WET [2025/02/04 14:59:27 ET]
Table 'Tolosa II' 6-max Seat #6 is the button
Seat 1: michasia ($100 in chips) is sitting out
Seat 3: hoksupoksu ($0 in chips) is sitting out
Seat 5: Quahrino ($100 in chips) is sitting out
Seat 2: chinokevin13 ($173.89 in chips) 
Seat 6: henri789 ($101.50 in chips) 
henri789: posts small blind $0.50
michasia: is sitting out 
chinokevin13: posts big blind $1
*** HOLE CARDS ***
michasia leaves the table
henri789: raises $1.50 to $2.50
chinokevin13: folds 
Uncalled bet ($1.50) returned to henri789
henri789 collected $2 from pot
henri789: doesn't show hand 
*** SUMMARY ***
Total pot $2 | Rake $0 
Seat 1: michasia
Seat 3: hoksupoksu
Seat 5: Quahrino
Seat 2: chinokevin13 (big blind) folded before Flop
Seat 6: henri789 (button) (small blind) collected ($2)



PokerStars Hand #254707441460:  Hold'em No Limit ($0.50/$1.00 USD) - 2025/02/04 19:59:52 WET [2025/02/04 14:59:52 ET]
Table 'Tolosa II' 6-max Seat #6 is the button
Seat 3: hoksupoksu ($0 in chips) is sitting out
Seat 2: chinokevin13 ($172.89 in chips) 
Seat 5: Quahrino ($100 in chips) 
Seat 6: henri789 ($102.50 in chips) 
chinokevin13: posts small blind $0.50
Quahrino: posts big blind $1
*** HOLE CARDS ***
henri789: folds 
chinokevin13: folds 
Uncalled bet ($0.50) returned to Quahrino
Quahrino collected $1 from pot
Quahrino: doesn't show hand 
*** SUMMARY ***
Total pot $1 | Rake $0 
Seat 3: hoksupoksu
Seat 2: chinokevin13 (small blind) folded before Flop
Seat 5: Quahrino (big blind) collected ($1)
Seat 6: henri789 (button) folded before Flop (didn't bet)



PokerStars Hand #254707444590:  Hold'em No Limit ($0.50/$1.00 USD) - 2025/02/04 20:00:05 WET [2025/02/04 15:00:05 ET]
Table 'Tolosa II' 6-max Seat #2 is the button
Seat 3: hoksupoksu ($0 in chips) is sitting out
Seat 2: chinokevin13 ($172.39 in chips) 
Seat 5: Quahrino ($100.50 in chips) 
Seat 6: henri789 ($102.50 in chips) 
Quahrino: posts small blind $0.50
henri789: posts big blind $1
*** HOLE CARDS ***
chinokevin13: folds 
Quahrino: raises $2 to $3
henri789: calls $2
*** FLOP *** [Qd 8h Ac]
Quahrino: bets $1.43
henri789: calls $1.43
*** TURN *** [Qd 8h Ac] [Jh]
Quahrino: checks 
henri789: checks 
*** RIVER *** [Qd 8h Ac Jh] [2h]
Quahrino: bets $12.63
henri789: calls $12.63
*** SHOW DOWN ***
Quahrino: shows [7h 9s] (high card Ace)
henri789: shows [Th As] (a pair of Aces)
henri789 collected $33.12 from pot
*** SUMMARY ***
Total pot $34.12 | Rake $1 
Board [Qd 8h Ac Jh 2h]
Seat 3: hoksupoksu
Seat 2: chinokevin13 (button) folded before Flop (didn't bet)
Seat 5: Quahrino (small blind) showed [7h 9s] and lost with high card Ace
Seat 6: henri789 (big blind) showed [Th As] and won ($33.12) with a pair of Aces



PokerStars Hand #254707476799:  Hold'em No Limit ($0.50/$1.00 USD) - 2025/02/04 20:02:11 WET [2025/02/04 15:02:11 ET]
Table 'Tolosa II' 6-max Seat #5 is the button
Seat 3: hoksupoksu ($0 in chips) is sitting out
Seat 1: barkozi ($10 in chips) 
Seat 5: Quahrino ($100 in chips) 
Quahrino: posts small blind $0.50
barkozi: posts big blind $1
*** HOLE CARDS ***
Quahrino: calls $0.50
barkozi: checks 
*** FLOP *** [7d 6h As]
barkozi: checks 
Quahrino: checks 
*** TURN *** [7d 6h As] [9c]
barkozi: bets $1
Quahrino: folds 
Uncalled bet ($1) returned to barkozi
barkozi collected $1.90 from pot
barkozi: doesn't show hand 
Quahrino leaves the table
*** SUMMARY ***
Total pot $2 | Rake $0.10 
Board [7d 6h As 9c]
Seat 3: hoksupoksu
Seat 1: barkozi (big blind) collected ($1.90)
Seat 5: Quahrino (button) (small blind) folded on the Turn



