PokerStars Hand #254702490433:  Hold'em No Limit ($0.50/$1.00 USD) - 2025/02/04 14:22:08 WET [2025/02/04 9:22:08 ET]
Table 'Gyas II' 6-max Seat #2 is the button
Seat 1: Pippa83 ($100 in chips) 
Seat 2: mr.Jckpot ($100 in chips) 
Seat 4: easy_sarcasm ($100 in chips) 
Seat 6: blackmoney05 ($24.16 in chips) 
easy_sarcasm: posts small blind $0.50
blackmoney05: posts big blind $1
*** HOLE CARDS ***
Pippa83: folds 
mr.Jckpot: folds 
gig.gyty joins the table at seat #3 
chinokevin13 joins the table at seat #5 
easy_sarcasm: folds 
Uncalled bet ($0.50) returned to blackmoney05
blackmoney05 collected $1 from pot
*** SUMMARY ***
Total pot $1 | Rake $0 
Seat 1: Pippa83 folded before Flop (didn't bet)
Seat 2: mr.Jckpot (button) folded before Flop (didn't bet)
Seat 4: easy_sarcasm (small blind) folded before Flop
Seat 6: blackmoney05 (big blind) collected ($1)



PokerStars Hand #254702492937:  Hold'em No Limit ($0.50/$1.00 USD) - 2025/02/04 14:22:23 WET [2025/02/04 9:22:23 ET]
Table 'Gyas II' 6-max Seat #4 is the button
Seat 3: gig.gyty ($100 in chips) is sitting out
Seat 5: chinokevin13 ($100 in chips) is sitting out
Seat 1: Pippa83 ($100 in chips) 
Seat 2: mr.Jckpot ($100 in chips) 
Seat 4: easy_sarcasm ($100 in chips) 
Seat 6: blackmoney05 ($24.66 in chips) 
blackmoney05: posts small blind $0.50
Pippa83: posts big blind $1
gig.gyty: sits out 
*** HOLE CARDS ***
mr.Jckpot: folds 
easy_sarcasm: raises $1.20 to $2.20
blackmoney05: folds 
Pippa83: folds 
Uncalled bet ($1.20) returned to easy_sarcasm
easy_sarcasm collected $2.50 from pot
*** SUMMARY ***
Total pot $2.50 | Rake $0 
Seat 3: gig.gyty
Seat 5: chinokevin13
Seat 1: Pippa83 (big blind) folded before Flop
Seat 2: mr.Jckpot folded before Flop (didn't bet)
Seat 4: easy_sarcasm (button) collected ($2.50)
Seat 6: blackmoney05 (small blind) folded before Flop



PokerStars Hand #254702495525:  Hold'em No Limit ($0.50/$1.00 USD) - 2025/02/04 14:22:38 WET [2025/02/04 9:22:38 ET]
Table 'Gyas II' 6-max Seat #6 is the button
Seat 3: gig.gyty ($100 in chips) is sitting out
Seat 5: chinokevin13 ($100 in chips) is sitting out
Seat 1: Pippa83 ($100 in chips) 
Seat 2: mr.Jckpot ($100 in chips) 
Seat 4: easy_sarcasm ($101.50 in chips) 
Seat 6: blackmoney05 ($24.16 in chips) 
Pippa83: posts small blind $0.50
mr.Jckpot: posts big blind $1
gig.gyty: sits out 
chinokevin13: sits out 
*** HOLE CARDS ***
easy_sarcasm: folds 
blackmoney05: raises $1 to $2
Pippa83: folds 
mr.Jckpot: folds 
Uncalled bet ($1) returned to blackmoney05
blackmoney05 collected $2.50 from pot
*** SUMMARY ***
Total pot $2.50 | Rake $0 
Seat 3: gig.gyty
Seat 5: chinokevin13
Seat 1: Pippa83 (small blind) folded before Flop
Seat 2: mr.Jckpot (big blind) folded before Flop
Seat 4: easy_sarcasm folded before Flop (didn't bet)
Seat 6: blackmoney05 (button) collected ($2.50)



PokerStars Hand #254702497693:  Hold'em No Limit ($0.50/$1.00 USD) - 2025/02/04 14:22:51 WET [2025/02/04 9:22:51 ET]
Table 'Gyas II' 6-max Seat #1 is the button
Seat 5: chinokevin13 ($100 in chips) is sitting out
Seat 1: Pippa83 ($100 in chips) 
Seat 2: mr.Jckpot ($100 in chips) 
Seat 3: gig.gyty ($100 in chips) 
Seat 4: easy_sarcasm ($101.50 in chips) 
Seat 6: blackmoney05 ($25.66 in chips) 
mr.Jckpot: posts small blind $0.50
gig.gyty: posts big blind $1
chinokevin13: sits out 
*** HOLE CARDS ***
easy_sarcasm: folds 
blackmoney05: folds 
Pippa83: raises $1.50 to $2.50
mr.Jckpot: folds 
gig.gyty: folds 
Uncalled bet ($1.50) returned to Pippa83
Pippa83 collected $2.50 from pot
Pippa83: doesn't show hand 
*** SUMMARY ***
Total pot $2.50 | Rake $0 
Seat 5: chinokevin13
Seat 1: Pippa83 (button) collected ($2.50)
Seat 2: mr.Jckpot (small blind) folded before Flop
Seat 3: gig.gyty (big blind) folded before Flop
Seat 4: easy_sarcasm folded before Flop (didn't bet)
Seat 6: blackmoney05 folded before Flop (didn't bet)



PokerStars Hand #254702500138:  Hold'em No Limit ($0.50/$1.00 USD) - 2025/02/04 14:23:05 WET [2025/02/04 9:23:05 ET]
Table 'Gyas II' 6-max Seat #2 is the button
Seat 5: chinokevin13 ($100 in chips) is sitting out
Seat 1: Pippa83 ($101.50 in chips) 
Seat 2: mr.Jckpot ($100 in chips) 
Seat 3: gig.gyty ($100 in chips) 
Seat 4: easy_sarcasm ($101.50 in chips) 
Seat 6: blackmoney05 ($25.66 in chips) 
gig.gyty: posts small blind $0.50
easy_sarcasm: posts big blind $1
chinokevin13: sits out 
*** HOLE CARDS ***
blackmoney05: raises $1 to $2
Pippa83: folds 
mr.Jckpot: folds 
gig.gyty: folds 
easy_sarcasm: folds 
Uncalled bet ($1) returned to blackmoney05
blackmoney05 collected $2.50 from pot
*** SUMMARY ***
Total pot $2.50 | Rake $0 
Seat 5: chinokevin13
Seat 1: Pippa83 folded before Flop (didn't bet)
Seat 2: mr.Jckpot (button) folded before Flop (didn't bet)
Seat 3: gig.gyty (small blind) folded before Flop
Seat 4: easy_sarcasm (big blind) folded before Flop
Seat 6: blackmoney05 collected ($2.50)



PokerStars Hand #254702502565:  Hold'em No Limit ($0.50/$1.00 USD) - 2025/02/04 14:23:20 WET [2025/02/04 9:23:20 ET]
Table 'Gyas II' 6-max Seat #3 is the button
Seat 1: Pippa83 ($101.50 in chips) 
Seat 2: mr.Jckpot ($100 in chips) 
Seat 3: gig.gyty ($100 in chips) 
Seat 4: easy_sarcasm ($100.50 in chips) 
Seat 5: chinokevin13 ($100 in chips) 
Seat 6: blackmoney05 ($27.16 in chips) 
easy_sarcasm: posts small blind $0.50
chinokevin13: posts big blind $1
*** HOLE CARDS ***
blackmoney05: raises $1 to $2
Pippa83: folds 
mr.Jckpot: folds 
gig.gyty: folds 
easy_sarcasm: folds 
chinokevin13: calls $1
*** FLOP *** [5d 3c Jh]
chinokevin13: checks 
blackmoney05: bets $3
chinokevin13: folds 
Uncalled bet ($3) returned to blackmoney05
blackmoney05 collected $4.28 from pot
*** SUMMARY ***
Total pot $4.50 | Rake $0.22 
Board [5d 3c Jh]
Seat 1: Pippa83 folded before Flop (didn't bet)
Seat 2: mr.Jckpot folded before Flop (didn't bet)
Seat 3: gig.gyty (button) folded before Flop (didn't bet)
Seat 4: easy_sarcasm (small blind) folded before Flop
Seat 5: chinokevin13 (big blind) folded on the Flop
Seat 6: blackmoney05 collected ($4.28)



PokerStars Hand #254702509113:  Hold'em No Limit ($0.50/$1.00 USD) - 2025/02/04 14:23:59 WET [2025/02/04 9:23:59 ET]
Table 'Gyas II' 6-max Seat #4 is the button
Seat 1: Pippa83 ($101.50 in chips) 
Seat 2: mr.Jckpot ($100 in chips) 
Seat 3: gig.gyty ($100 in chips) 
Seat 4: easy_sarcasm ($100 in chips) 
Seat 5: chinokevin13 ($100 in chips) 
Seat 6: blackmoney05 ($29.44 in chips) 
chinokevin13: posts small blind $0.50
blackmoney05: posts big blind $1
*** HOLE CARDS ***
Pippa83: raises $1.20 to $2.20
mr.Jckpot: folds 
gig.gyty: folds 
easy_sarcasm: folds 
chinokevin13: folds 
blackmoney05: calls $1.20
*** FLOP *** [Qh 5d Jh]
blackmoney05: checks 
Pippa83: bets $3.50
blackmoney05: folds 
Uncalled bet ($3.50) returned to Pippa83
Pippa83 collected $4.66 from pot
Pippa83: doesn't show hand 
*** SUMMARY ***
Total pot $4.90 | Rake $0.24 
Board [Qh 5d Jh]
Seat 1: Pippa83 collected ($4.66)
Seat 2: mr.Jckpot folded before Flop (didn't bet)
Seat 3: gig.gyty folded before Flop (didn't bet)
Seat 4: easy_sarcasm (button) folded before Flop (didn't bet)
Seat 5: chinokevin13 (small blind) folded before Flop
Seat 6: blackmoney05 (big blind) folded on the Flop



PokerStars Hand #254702513222:  Hold'em No Limit ($0.50/$1.00 USD) - 2025/02/04 14:24:23 WET [2025/02/04 9:24:23 ET]
Table 'Gyas II' 6-max Seat #5 is the button
Seat 1: Pippa83 ($103.96 in chips) 
Seat 2: mr.Jckpot ($100 in chips) 
Seat 3: gig.gyty ($100 in chips) 
Seat 4: easy_sarcasm ($100 in chips) 
Seat 5: chinokevin13 ($100 in chips) 
Seat 6: blackmoney05 ($27.24 in chips) 
blackmoney05: posts small blind $0.50
Pippa83: posts big blind $1
*** HOLE CARDS ***
mr.Jckpot: raises $1.50 to $2.50
gig.gyty: folds 
easy_sarcasm: folds 
chinokevin13: folds 
blackmoney05: folds 
Pippa83: folds 
Uncalled bet ($1.50) returned to mr.Jckpot
mr.Jckpot collected $2.50 from pot
mr.Jckpot: doesn't show hand 
*** SUMMARY ***
Total pot $2.50 | Rake $0 
Seat 1: Pippa83 (big blind) folded before Flop
Seat 2: mr.Jckpot collected ($2.50)
Seat 3: gig.gyty folded before Flop (didn't bet)
Seat 4: easy_sarcasm folded before Flop (didn't bet)
Seat 5: chinokevin13 (button) folded before Flop (didn't bet)
Seat 6: blackmoney05 (small blind) folded before Flop



PokerStars Hand #254702516017:  Hold'em No Limit ($0.50/$1.00 USD) - 2025/02/04 14:24:39 WET [2025/02/04 9:24:39 ET]
Table 'Gyas II' 6-max Seat #6 is the button
Seat 1: Pippa83 ($102.96 in chips) 
Seat 2: mr.Jckpot ($101.50 in chips) 
Seat 3: gig.gyty ($100 in chips) 
Seat 4: easy_sarcasm ($100 in chips) 
Seat 5: chinokevin13 ($100 in chips) 
Seat 6: blackmoney05 ($26.74 in chips) 
Pippa83: posts small blind $0.50
mr.Jckpot: posts big blind $1
*** HOLE CARDS ***
gig.gyty: folds 
easy_sarcasm: folds 
chinokevin13: raises $1.50 to $2.50
blackmoney05: folds 
Pippa83: folds 
mr.Jckpot: folds 
Uncalled bet ($1.50) returned to chinokevin13
chinokevin13 collected $2.50 from pot
chinokevin13: doesn't show hand 
*** SUMMARY ***
Total pot $2.50 | Rake $0 
Seat 1: Pippa83 (small blind) folded before Flop
Seat 2: mr.Jckpot (big blind) folded before Flop
Seat 3: gig.gyty folded before Flop (didn't bet)
Seat 4: easy_sarcasm folded before Flop (didn't bet)
Seat 5: chinokevin13 collected ($2.50)
Seat 6: blackmoney05 (button) folded before Flop (didn't bet)



PokerStars Hand #254702518718:  Hold'em No Limit ($0.50/$1.00 USD) - 2025/02/04 14:24:55 WET [2025/02/04 9:24:55 ET]
Table 'Gyas II' 6-max Seat #1 is the button
Seat 1: Pippa83 ($102.46 in chips) 
Seat 2: mr.Jckpot ($100.50 in chips) 
Seat 3: gig.gyty ($100 in chips) 
Seat 4: easy_sarcasm ($100 in chips) 
Seat 5: chinokevin13 ($101.50 in chips) 
Seat 6: blackmoney05 ($26.74 in chips) 
mr.Jckpot: posts small blind $0.50
gig.gyty: posts big blind $1
*** HOLE CARDS ***
easy_sarcasm: folds 
chinokevin13: folds 
blackmoney05: calls $1
Pippa83: folds 
mr.Jckpot: calls $0.50
gig.gyty: checks 
*** FLOP *** [Js 8d 5s]
mr.Jckpot: checks 
gig.gyty: checks 
blackmoney05: bets $2
mr.Jckpot: folds 
gig.gyty: folds 
Uncalled bet ($2) returned to blackmoney05
blackmoney05 collected $2.85 from pot
*** SUMMARY ***
Total pot $3 | Rake $0.15 
Board [Js 8d 5s]
Seat 1: Pippa83 (button) folded before Flop (didn't bet)
Seat 2: mr.Jckpot (small blind) folded on the Flop
Seat 3: gig.gyty (big blind) folded on the Flop
Seat 4: easy_sarcasm folded before Flop (didn't bet)
Seat 5: chinokevin13 folded before Flop (didn't bet)
Seat 6: blackmoney05 collected ($2.85)



PokerStars Hand #254702523878:  Hold'em No Limit ($0.50/$1.00 USD) - 2025/02/04 14:25:25 WET [2025/02/04 9:25:25 ET]
Table 'Gyas II' 6-max Seat #2 is the button
Seat 1: Pippa83 ($102.46 in chips) 
Seat 2: mr.Jckpot ($100 in chips) 
Seat 3: gig.gyty ($100 in chips) 
Seat 4: easy_sarcasm ($100 in chips) 
Seat 5: chinokevin13 ($101.50 in chips) 
Seat 6: blackmoney05 ($28.59 in chips) 
gig.gyty: posts small blind $0.50
easy_sarcasm: posts big blind $1
*** HOLE CARDS ***
chinokevin13: folds 
blackmoney05: calls $1
Pippa83: raises $2.50 to $3.50
mr.Jckpot: folds 
gig.gyty: folds 
easy_sarcasm: folds 
blackmoney05: calls $2.50
*** FLOP *** [4h 4c 4d]
blackmoney05: checks 
Pippa83: checks 
*** TURN *** [4h 4c 4d] [7d]
blackmoney05: bets $3
Pippa83: calls $3
*** RIVER *** [4h 4c 4d 7d] [Th]
blackmoney05: checks 
Pippa83: checks 
*** SHOW DOWN ***
blackmoney05: shows [Kc 5s] (three of a kind, Fours)
Pippa83: shows [Qc Ah] (three of a kind, Fours - Ace kicker)
Pippa83 collected $13.78 from pot
*** SUMMARY ***
Total pot $14.50 | Rake $0.72 
Board [4h 4c 4d 7d Th]
Seat 1: Pippa83 showed [Qc Ah] and won ($13.78) with three of a kind, Fours
Seat 2: mr.Jckpot (button) folded before Flop (didn't bet)
Seat 3: gig.gyty (small blind) folded before Flop
Seat 4: easy_sarcasm (big blind) folded before Flop
Seat 5: chinokevin13 folded before Flop (didn't bet)
Seat 6: blackmoney05 showed [Kc 5s] and lost with three of a kind, Fours



PokerStars Hand #254702531438:  Hold'em No Limit ($0.50/$1.00 USD) - 2025/02/04 14:26:10 WET [2025/02/04 9:26:10 ET]
Table 'Gyas II' 6-max Seat #3 is the button
Seat 1: Pippa83 ($109.74 in chips) 
Seat 2: mr.Jckpot ($100 in chips) 
Seat 3: gig.gyty ($100 in chips) 
Seat 4: easy_sarcasm ($100 in chips) 
Seat 5: chinokevin13 ($101.50 in chips) 
Seat 6: blackmoney05 ($22.09 in chips) 
easy_sarcasm: posts small blind $0.50
chinokevin13: posts big blind $1
*** HOLE CARDS ***
blackmoney05: raises $1 to $2
Pippa83: folds 
mr.Jckpot: folds 
gig.gyty: folds 
easy_sarcasm: folds 
chinokevin13: calls $1
*** FLOP *** [Qs 8h Ks]
chinokevin13: checks 
blackmoney05: checks 
*** TURN *** [Qs 8h Ks] [2d]
chinokevin13: bets $4.28
blackmoney05: folds 
Uncalled bet ($4.28) returned to chinokevin13
chinokevin13 collected $4.28 from pot
chinokevin13: doesn't show hand 
*** SUMMARY ***
Total pot $4.50 | Rake $0.22 
Board [Qs 8h Ks 2d]
Seat 1: Pippa83 folded before Flop (didn't bet)
Seat 2: mr.Jckpot folded before Flop (didn't bet)
Seat 3: gig.gyty (button) folded before Flop (didn't bet)
Seat 4: easy_sarcasm (small blind) folded before Flop
Seat 5: chinokevin13 (big blind) collected ($4.28)
Seat 6: blackmoney05 folded on the Turn



PokerStars Hand #254702538158:  Hold'em No Limit ($0.50/$1.00 USD) - 2025/02/04 14:26:48 WET [2025/02/04 9:26:48 ET]
Table 'Gyas II' 6-max Seat #4 is the button
Seat 1: Pippa83 ($109.74 in chips) 
Seat 2: mr.Jckpot ($100 in chips) 
Seat 3: gig.gyty ($100 in chips) 
Seat 4: easy_sarcasm ($100 in chips) 
Seat 5: chinokevin13 ($103.78 in chips) 
Seat 6: blackmoney05 ($20.09 in chips) 
chinokevin13: posts small blind $0.50
blackmoney05: posts big blind $1
*** HOLE CARDS ***
Pippa83: folds 
mr.Jckpot: folds 
gig.gyty: folds 
easy_sarcasm: raises $1.20 to $2.20
chinokevin13: folds 
blackmoney05: calls $1.20
*** FLOP *** [3s 6c Jc]
blackmoney05: checks 
easy_sarcasm: bets $2
blackmoney05: calls $2
*** TURN *** [3s 6c Jc] [Kc]
blackmoney05: checks 
easy_sarcasm: bets $4.50
blackmoney05: calls $4.50
*** RIVER *** [3s 6c Jc Kc] [3h]
blackmoney05: checks 
easy_sarcasm: checks 
*** SHOW DOWN ***
blackmoney05: shows [Qd Td] (a pair of Threes)
easy_sarcasm: shows [Ks Th] (two pair, Kings and Threes)
easy_sarcasm collected $17 from pot
*** SUMMARY ***
Total pot $17.90 | Rake $0.90 
Board [3s 6c Jc Kc 3h]
Seat 1: Pippa83 folded before Flop (didn't bet)
Seat 2: mr.Jckpot folded before Flop (didn't bet)
Seat 3: gig.gyty folded before Flop (didn't bet)
Seat 4: easy_sarcasm (button) showed [Ks Th] and won ($17) with two pair, Kings and Threes
Seat 5: chinokevin13 (small blind) folded before Flop
Seat 6: blackmoney05 (big blind) showed [Qd Td] and lost with a pair of Threes



PokerStars Hand #254702544837:  Hold'em No Limit ($0.50/$1.00 USD) - 2025/02/04 14:27:27 WET [2025/02/04 9:27:27 ET]
Table 'Gyas II' 6-max Seat #5 is the button
Seat 1: Pippa83 ($109.74 in chips) 
Seat 2: mr.Jckpot ($100 in chips) 
Seat 3: gig.gyty ($100 in chips) 
Seat 4: easy_sarcasm ($108.30 in chips) 
Seat 5: chinokevin13 ($103.28 in chips) 
Seat 6: blackmoney05 ($11.39 in chips) 
blackmoney05: posts small blind $0.50
Pippa83: posts big blind $1
*** HOLE CARDS ***
mr.Jckpot: raises $1.50 to $2.50
gig.gyty: folds 
easy_sarcasm: folds 
chinokevin13: folds 
blackmoney05: calls $2
Pippa83: folds 
*** FLOP *** [2c 3d Ad]
blackmoney05: checks 
mr.Jckpot: bets $1.88
blackmoney05: folds 
Uncalled bet ($1.88) returned to mr.Jckpot
mr.Jckpot collected $5.70 from pot
mr.Jckpot: doesn't show hand 
*** SUMMARY ***
Total pot $6 | Rake $0.30 
Board [2c 3d Ad]
Seat 1: Pippa83 (big blind) folded before Flop
Seat 2: mr.Jckpot collected ($5.70)
Seat 3: gig.gyty folded before Flop (didn't bet)
Seat 4: easy_sarcasm folded before Flop (didn't bet)
Seat 5: chinokevin13 (button) folded before Flop (didn't bet)
Seat 6: blackmoney05 (small blind) folded on the Flop



PokerStars Hand #254702548835:  Hold'em No Limit ($0.50/$1.00 USD) - 2025/02/04 14:27:51 WET [2025/02/04 9:27:51 ET]
Table 'Gyas II' 6-max Seat #6 is the button
Seat 1: Pippa83 ($108.74 in chips) 
Seat 2: mr.Jckpot ($103.20 in chips) 
Seat 3: gig.gyty ($100 in chips) 
Seat 4: easy_sarcasm ($108.30 in chips) 
Seat 5: chinokevin13 ($103.28 in chips) 
Seat 6: blackmoney05 ($8.89 in chips) 
Pippa83: posts small blind $0.50
mr.Jckpot: posts big blind $1
*** HOLE CARDS ***
gig.gyty: folds 
easy_sarcasm: folds 
chinokevin13: raises $1.50 to $2.50
blackmoney05: calls $2.50
Pippa83: folds 
mr.Jckpot: calls $1.50
*** FLOP *** [5c Ah 3s]
mr.Jckpot: checks 
chinokevin13: bets $2.51
blackmoney05: raises $3.88 to $6.39 and is all-in
mr.Jckpot: folds 
chinokevin13: calls $3.88
*** TURN *** [5c Ah 3s] [6s]
*** RIVER *** [5c Ah 3s 6s] [5h]
*** SHOW DOWN ***
chinokevin13: shows [Qc Ad] (two pair, Aces and Fives)
blackmoney05: shows [4h Qh] (a pair of Fives)
chinokevin13 collected $19.74 from pot
*** SUMMARY ***
Total pot $20.78 | Rake $1.04 
Board [5c Ah 3s 6s 5h]
Seat 1: Pippa83 (small blind) folded before Flop
Seat 2: mr.Jckpot (big blind) folded on the Flop
Seat 3: gig.gyty folded before Flop (didn't bet)
Seat 4: easy_sarcasm folded before Flop (didn't bet)
Seat 5: chinokevin13 showed [Qc Ad] and won ($19.74) with two pair, Aces and Fives
Seat 6: blackmoney05 (button) showed [4h Qh] and lost with a pair of Fives



PokerStars Hand #254702556941:  Hold'em No Limit ($0.50/$1.00 USD) - 2025/02/04 14:28:38 WET [2025/02/04 9:28:38 ET]
Table 'Gyas II' 6-max Seat #1 is the button
Seat 6: blackmoney05 ($0 in chips) is sitting out
Seat 1: Pippa83 ($108.24 in chips) 
Seat 2: mr.Jckpot ($100.70 in chips) 
Seat 3: gig.gyty ($100 in chips) 
Seat 4: easy_sarcasm ($108.30 in chips) 
Seat 5: chinokevin13 ($114.13 in chips) 
mr.Jckpot: posts small blind $0.50
gig.gyty: posts big blind $1
*** HOLE CARDS ***
easy_sarcasm: folds 
chinokevin13: raises $1.50 to $2.50
Pippa83: folds 
mr.Jckpot: folds 
gig.gyty: folds 
Uncalled bet ($1.50) returned to chinokevin13
chinokevin13 collected $2.50 from pot
chinokevin13: doesn't show hand 
*** SUMMARY ***
Total pot $2.50 | Rake $0 
Seat 6: blackmoney05
Seat 1: Pippa83 (button) folded before Flop (didn't bet)
Seat 2: mr.Jckpot (small blind) folded before Flop
Seat 3: gig.gyty (big blind) folded before Flop
Seat 4: easy_sarcasm folded before Flop (didn't bet)
Seat 5: chinokevin13 collected ($2.50)



PokerStars Hand #254702559927:  Hold'em No Limit ($0.50/$1.00 USD) - 2025/02/04 14:28:55 WET [2025/02/04 9:28:55 ET]
Table 'Gyas II' 6-max Seat #2 is the button
Seat 6: blackmoney05 ($0 in chips) is sitting out
Seat 1: Pippa83 ($108.24 in chips) 
Seat 2: mr.Jckpot ($100.20 in chips) 
Seat 3: gig.gyty ($100 in chips) 
Seat 4: easy_sarcasm ($108.30 in chips) 
Seat 5: chinokevin13 ($115.63 in chips) 
gig.gyty: posts small blind $0.50
easy_sarcasm: posts big blind $1
*** HOLE CARDS ***
chinokevin13: raises $1.20 to $2.20
Pippa83: folds 
mr.Jckpot: folds 
gig.gyty: raises $7.80 to $10
easy_sarcasm: folds 
chinokevin13: folds 
Uncalled bet ($7.80) returned to gig.gyty
gig.gyty collected $5.40 from pot
gig.gyty: doesn't show hand 
*** SUMMARY ***
Total pot $5.40 | Rake $0 
Seat 6: blackmoney05
Seat 1: Pippa83 folded before Flop (didn't bet)
Seat 2: mr.Jckpot (button) folded before Flop (didn't bet)
Seat 3: gig.gyty (small blind) collected ($5.40)
Seat 4: easy_sarcasm (big blind) folded before Flop
Seat 5: chinokevin13 folded before Flop



PokerStars Hand #254702563125:  Hold'em No Limit ($0.50/$1.00 USD) - 2025/02/04 14:29:14 WET [2025/02/04 9:29:14 ET]
Table 'Gyas II' 6-max Seat #3 is the button
Seat 6: blackmoney05 ($0 in chips) is sitting out
Seat 1: Pippa83 ($108.24 in chips) 
Seat 2: mr.Jckpot ($100.20 in chips) 
Seat 3: gig.gyty ($103.20 in chips) 
Seat 4: easy_sarcasm ($107.30 in chips) 
Seat 5: chinokevin13 ($113.43 in chips) 
easy_sarcasm: posts small blind $0.50
chinokevin13: posts big blind $1
*** HOLE CARDS ***
Pippa83: folds 
mr.Jckpot: raises $1.50 to $2.50
gig.gyty: folds 
easy_sarcasm: folds 
chinokevin13: folds 
Uncalled bet ($1.50) returned to mr.Jckpot
mr.Jckpot collected $2.50 from pot
mr.Jckpot: doesn't show hand 
*** SUMMARY ***
Total pot $2.50 | Rake $0 
Seat 6: blackmoney05
Seat 1: Pippa83 folded before Flop (didn't bet)
Seat 2: mr.Jckpot collected ($2.50)
Seat 3: gig.gyty (button) folded before Flop (didn't bet)
Seat 4: easy_sarcasm (small blind) folded before Flop
Seat 5: chinokevin13 (big blind) folded before Flop



PokerStars Hand #254702567021:  Hold'em No Limit ($0.50/$1.00 USD) - 2025/02/04 14:29:37 WET [2025/02/04 9:29:37 ET]
Table 'Gyas II' 6-max Seat #4 is the button
Seat 1: Pippa83 ($108.24 in chips) 
Seat 2: mr.Jckpot ($101.70 in chips) 
Seat 3: gig.gyty ($103.20 in chips) 
Seat 4: easy_sarcasm ($106.80 in chips) 
Seat 5: chinokevin13 ($112.43 in chips) 
Seat 6: blackmoney05 ($40.38 in chips) 
chinokevin13: posts small blind $0.50
blackmoney05: posts big blind $1
*** HOLE CARDS ***
Pippa83: raises $1.20 to $2.20
mr.Jckpot: raises $4.80 to $7
gig.gyty: folds 
easy_sarcasm: folds 
chinokevin13: folds 
blackmoney05: folds 
Pippa83: folds 
Uncalled bet ($4.80) returned to mr.Jckpot
mr.Jckpot collected $5.90 from pot
mr.Jckpot: doesn't show hand 
*** SUMMARY ***
Total pot $5.90 | Rake $0 
Seat 1: Pippa83 folded before Flop
Seat 2: mr.Jckpot collected ($5.90)
Seat 3: gig.gyty folded before Flop (didn't bet)
Seat 4: easy_sarcasm (button) folded before Flop (didn't bet)
Seat 5: chinokevin13 (small blind) folded before Flop
Seat 6: blackmoney05 (big blind) folded before Flop



PokerStars Hand #254702571945:  Hold'em No Limit ($0.50/$1.00 USD) - 2025/02/04 14:30:05 WET [2025/02/04 9:30:05 ET]
Table 'Gyas II' 6-max Seat #5 is the button
Seat 1: Pippa83 ($106.04 in chips) 
Seat 2: mr.Jckpot ($105.40 in chips) 
Seat 3: gig.gyty ($103.20 in chips) 
Seat 4: easy_sarcasm ($106.80 in chips) 
Seat 5: chinokevin13 ($111.93 in chips) 
Seat 6: blackmoney05 ($39.38 in chips) 
blackmoney05: posts small blind $0.50
Pippa83: posts big blind $1
*** HOLE CARDS ***
mr.Jckpot: folds 
gig.gyty: folds 
easy_sarcasm: folds 
chinokevin13: folds 
blackmoney05: folds 
Uncalled bet ($0.50) returned to Pippa83
Pippa83 collected $1 from pot
Pippa83: doesn't show hand 
*** SUMMARY ***
Total pot $1 | Rake $0 
Seat 1: Pippa83 (big blind) collected ($1)
Seat 2: mr.Jckpot folded before Flop (didn't bet)
Seat 3: gig.gyty folded before Flop (didn't bet)
Seat 4: easy_sarcasm folded before Flop (didn't bet)
Seat 5: chinokevin13 (button) folded before Flop (didn't bet)
Seat 6: blackmoney05 (small blind) folded before Flop



PokerStars Hand #254702574062:  Hold'em No Limit ($0.50/$1.00 USD) - 2025/02/04 14:30:17 WET [2025/02/04 9:30:17 ET]
Table 'Gyas II' 6-max Seat #6 is the button
Seat 1: Pippa83 ($106.54 in chips) 
Seat 2: mr.Jckpot ($105.40 in chips) 
Seat 3: gig.gyty ($103.20 in chips) 
Seat 4: easy_sarcasm ($106.80 in chips) 
Seat 5: chinokevin13 ($111.93 in chips) 
Seat 6: blackmoney05 ($38.88 in chips) 
Pippa83: posts small blind $0.50
mr.Jckpot: posts big blind $1
*** HOLE CARDS ***
gig.gyty: folds 
easy_sarcasm: folds 
chinokevin13: folds 
blackmoney05: folds 
Pippa83: folds 
Uncalled bet ($0.50) returned to mr.Jckpot
mr.Jckpot collected $1 from pot
mr.Jckpot: doesn't show hand 
*** SUMMARY ***
Total pot $1 | Rake $0 
Seat 1: Pippa83 (small blind) folded before Flop
Seat 2: mr.Jckpot (big blind) collected ($1)
Seat 3: gig.gyty folded before Flop (didn't bet)
Seat 4: easy_sarcasm folded before Flop (didn't bet)
Seat 5: chinokevin13 folded before Flop (didn't bet)
Seat 6: blackmoney05 (button) folded before Flop (didn't bet)



PokerStars Hand #254702576652:  Hold'em No Limit ($0.50/$1.00 USD) - 2025/02/04 14:30:32 WET [2025/02/04 9:30:32 ET]
Table 'Gyas II' 6-max Seat #1 is the button
Seat 1: Pippa83 ($106.04 in chips) 
Seat 2: mr.Jckpot ($105.90 in chips) 
Seat 3: gig.gyty ($103.20 in chips) 
Seat 4: easy_sarcasm ($106.80 in chips) 
Seat 5: chinokevin13 ($111.93 in chips) 
Seat 6: blackmoney05 ($38.88 in chips) 
mr.Jckpot: posts small blind $0.50
gig.gyty: posts big blind $1
*** HOLE CARDS ***
easy_sarcasm: folds 
chinokevin13: raises $1.20 to $2.20
blackmoney05: calls $2.20
Pippa83: folds 
mr.Jckpot: raises $12.80 to $15
gig.gyty: folds 
chinokevin13: folds 
blackmoney05: folds 
Uncalled bet ($12.80) returned to mr.Jckpot
mr.Jckpot collected $7.60 from pot
mr.Jckpot: doesn't show hand 
*** SUMMARY ***
Total pot $7.60 | Rake $0 
Seat 1: Pippa83 (button) folded before Flop (didn't bet)
Seat 2: mr.Jckpot (small blind) collected ($7.60)
Seat 3: gig.gyty (big blind) folded before Flop
Seat 4: easy_sarcasm folded before Flop (didn't bet)
Seat 5: chinokevin13 folded before Flop
Seat 6: blackmoney05 folded before Flop



PokerStars Hand #254702580174:  Hold'em No Limit ($0.50/$1.00 USD) - 2025/02/04 14:30:52 WET [2025/02/04 9:30:52 ET]
Table 'Gyas II' 6-max Seat #2 is the button
Seat 1: Pippa83 ($106.04 in chips) 
Seat 2: mr.Jckpot ($111.30 in chips) 
Seat 3: gig.gyty ($102.20 in chips) 
Seat 4: easy_sarcasm ($106.80 in chips) 
Seat 5: chinokevin13 ($109.73 in chips) 
Seat 6: blackmoney05 ($36.68 in chips) 
gig.gyty: posts small blind $0.50
easy_sarcasm: posts big blind $1
*** HOLE CARDS ***
chinokevin13: folds 
blackmoney05: calls $1
Pippa83: folds 
mr.Jckpot: raises $2.50 to $3.50
gig.gyty: folds 
easy_sarcasm: folds 
blackmoney05: calls $2.50
*** FLOP *** [9h 2h 8c]
blackmoney05: checks 
mr.Jckpot: bets $5.33
blackmoney05: calls $5.33
*** TURN *** [9h 2h 8c] [6d]
blackmoney05: checks 
mr.Jckpot: bets $10.01
blackmoney05: raises $17.84 to $27.85 and is all-in
mr.Jckpot: calls $17.84
*** RIVER *** [9h 2h 8c 6d] [4c]
*** SHOW DOWN ***
blackmoney05: shows [7h Ts] (a straight, Six to Ten)
mr.Jckpot: shows [As 9s] (a pair of Nines)
blackmoney05 collected $72.36 from pot
*** SUMMARY ***
Total pot $74.86 | Rake $2.50 
Board [9h 2h 8c 6d 4c]
Seat 1: Pippa83 folded before Flop (didn't bet)
Seat 2: mr.Jckpot (button) showed [As 9s] and lost with a pair of Nines
Seat 3: gig.gyty (small blind) folded before Flop
Seat 4: easy_sarcasm (big blind) folded before Flop
Seat 5: chinokevin13 folded before Flop (didn't bet)
Seat 6: blackmoney05 showed [7h Ts] and won ($72.36) with a straight, Six to Ten



PokerStars Hand #254702590419:  Hold'em No Limit ($0.50/$1.00 USD) - 2025/02/04 14:31:52 WET [2025/02/04 9:31:52 ET]
Table 'Gyas II' 6-max Seat #3 is the button
Seat 1: Pippa83 ($106.04 in chips) 
Seat 2: mr.Jckpot ($100 in chips) 
Seat 3: gig.gyty ($101.70 in chips) 
Seat 4: easy_sarcasm ($105.80 in chips) 
Seat 5: chinokevin13 ($109.73 in chips) 
Seat 6: blackmoney05 ($72.36 in chips) 
easy_sarcasm: posts small blind $0.50
chinokevin13: posts big blind $1
*** HOLE CARDS ***
blackmoney05: calls $1
Pippa83: raises $2.50 to $3.50
mr.Jckpot: folds 
gig.gyty: folds 
easy_sarcasm: folds 
chinokevin13: folds 
blackmoney05: calls $2.50
*** FLOP *** [2s Ks 6d]
blackmoney05: checks 
Pippa83: checks 
*** TURN *** [2s Ks 6d] [Js]
blackmoney05: checks 
Pippa83: checks 
*** RIVER *** [2s Ks 6d Js] [Td]
blackmoney05: bets $4
Pippa83: folds 
Uncalled bet ($4) returned to blackmoney05
blackmoney05 collected $8.08 from pot
*** SUMMARY ***
Total pot $8.50 | Rake $0.42 
Board [2s Ks 6d Js Td]
Seat 1: Pippa83 folded on the River
Seat 2: mr.Jckpot folded before Flop (didn't bet)
Seat 3: gig.gyty (button) folded before Flop (didn't bet)
Seat 4: easy_sarcasm (small blind) folded before Flop
Seat 5: chinokevin13 (big blind) folded before Flop
Seat 6: blackmoney05 collected ($8.08)



PokerStars Hand #254702599526:  Hold'em No Limit ($0.50/$1.00 USD) - 2025/02/04 14:32:44 WET [2025/02/04 9:32:44 ET]
Table 'Gyas II' 6-max Seat #4 is the button
Seat 1: Pippa83 ($102.54 in chips) 
Seat 2: mr.Jckpot ($100 in chips) 
Seat 3: gig.gyty ($101.70 in chips) 
Seat 4: easy_sarcasm ($105.30 in chips) 
Seat 5: chinokevin13 ($108.73 in chips) 
Seat 6: blackmoney05 ($76.94 in chips) 
chinokevin13: posts small blind $0.50
blackmoney05: posts big blind $1
*** HOLE CARDS ***
Pippa83: folds 
mr.Jckpot: folds 
gig.gyty: raises $1.25 to $2.25
easy_sarcasm: folds 
chinokevin13: folds 
blackmoney05: calls $1.25
*** FLOP *** [Js Qc 4s]
blackmoney05: bets $3
gig.gyty: calls $3
*** TURN *** [Js Qc 4s] [8s]
blackmoney05: bets $3
gig.gyty: folds 
Uncalled bet ($3) returned to blackmoney05
blackmoney05 collected $10.45 from pot
*** SUMMARY ***
Total pot $11 | Rake $0.55 
Board [Js Qc 4s 8s]
Seat 1: Pippa83 folded before Flop (didn't bet)
Seat 2: mr.Jckpot folded before Flop (didn't bet)
Seat 3: gig.gyty folded on the Turn
Seat 4: easy_sarcasm (button) folded before Flop (didn't bet)
Seat 5: chinokevin13 (small blind) folded before Flop
Seat 6: blackmoney05 (big blind) collected ($10.45)



PokerStars Hand #254702610330:  Hold'em No Limit ($0.50/$1.00 USD) - 2025/02/04 14:33:45 WET [2025/02/04 9:33:45 ET]
Table 'Gyas II' 6-max Seat #5 is the button
Seat 1: Pippa83 ($102.54 in chips) 
Seat 2: mr.Jckpot ($100 in chips) 
Seat 3: gig.gyty ($100 in chips) 
Seat 4: easy_sarcasm ($105.30 in chips) 
Seat 5: chinokevin13 ($108.23 in chips) 
Seat 6: blackmoney05 ($82.14 in chips) 
blackmoney05: posts small blind $0.50
Pippa83: posts big blind $1
*** HOLE CARDS ***
mr.Jckpot: folds 
gig.gyty: folds 
easy_sarcasm: raises $2 to $3
chinokevin13: folds 
blackmoney05: calls $2.50
Pippa83: folds 
*** FLOP *** [2s 7h 7d]
blackmoney05: bets $3
easy_sarcasm: folds 
Uncalled bet ($3) returned to blackmoney05
blackmoney05 collected $6.65 from pot
*** SUMMARY ***
Total pot $7 | Rake $0.35 
Board [2s 7h 7d]
Seat 1: Pippa83 (big blind) folded before Flop
Seat 2: mr.Jckpot folded before Flop (didn't bet)
Seat 3: gig.gyty folded before Flop (didn't bet)
Seat 4: easy_sarcasm folded on the Flop
Seat 5: chinokevin13 (button) folded before Flop (didn't bet)
Seat 6: blackmoney05 (small blind) collected ($6.65)



PokerStars Hand #254702614288:  Hold'em No Limit ($0.50/$1.00 USD) - 2025/02/04 14:34:08 WET [2025/02/04 9:34:08 ET]
Table 'Gyas II' 6-max Seat #6 is the button
Seat 1: Pippa83 ($101.54 in chips) 
Seat 2: mr.Jckpot ($100 in chips) 
Seat 3: gig.gyty ($100 in chips) 
Seat 4: easy_sarcasm ($102.30 in chips) 
Seat 5: chinokevin13 ($108.23 in chips) 
Seat 6: blackmoney05 ($85.79 in chips) 
Pippa83: posts small blind $0.50
mr.Jckpot: posts big blind $1
*** HOLE CARDS ***
gig.gyty: folds 
easy_sarcasm: raises $2 to $3
chinokevin13: raises $6 to $9
blackmoney05: folds 
Pippa83: folds 
mr.Jckpot: folds 
easy_sarcasm: folds 
Uncalled bet ($6) returned to chinokevin13
chinokevin13 collected $7.50 from pot
chinokevin13: doesn't show hand 
*** SUMMARY ***
Total pot $7.50 | Rake $0 
Seat 1: Pippa83 (small blind) folded before Flop
Seat 2: mr.Jckpot (big blind) folded before Flop
Seat 3: gig.gyty folded before Flop (didn't bet)
Seat 4: easy_sarcasm folded before Flop
Seat 5: chinokevin13 collected ($7.50)
Seat 6: blackmoney05 (button) folded before Flop (didn't bet)



PokerStars Hand #254702618649:  Hold'em No Limit ($0.50/$1.00 USD) - 2025/02/04 14:34:32 WET [2025/02/04 9:34:32 ET]
Table 'Gyas II' 6-max Seat #1 is the button
Seat 1: Pippa83 ($101.04 in chips) 
Seat 2: mr.Jckpot ($100 in chips) 
Seat 3: gig.gyty ($100 in chips) 
Seat 4: easy_sarcasm ($100 in chips) 
Seat 5: chinokevin13 ($112.73 in chips) 
Seat 6: blackmoney05 ($85.79 in chips) 
mr.Jckpot: posts small blind $0.50
gig.gyty: posts big blind $1
*** HOLE CARDS ***
easy_sarcasm: folds 
chinokevin13: folds 
blackmoney05: raises $1 to $2
Pippa83: folds 
mr.Jckpot: folds 
gig.gyty: raises $8 to $10
blackmoney05: folds 
Uncalled bet ($8) returned to gig.gyty
gig.gyty collected $4.50 from pot
gig.gyty: doesn't show hand 
*** SUMMARY ***
Total pot $4.50 | Rake $0 
Seat 1: Pippa83 (button) folded before Flop (didn't bet)
Seat 2: mr.Jckpot (small blind) folded before Flop
Seat 3: gig.gyty (big blind) collected ($4.50)
Seat 4: easy_sarcasm folded before Flop (didn't bet)
Seat 5: chinokevin13 folded before Flop (didn't bet)
Seat 6: blackmoney05 folded before Flop



PokerStars Hand #254702622813:  Hold'em No Limit ($0.50/$1.00 USD) - 2025/02/04 14:34:56 WET [2025/02/04 9:34:56 ET]
Table 'Gyas II' 6-max Seat #2 is the button
Seat 1: Pippa83 ($101.04 in chips) 
Seat 2: mr.Jckpot ($100 in chips) 
Seat 3: gig.gyty ($102.50 in chips) 
Seat 4: easy_sarcasm ($100 in chips) 
Seat 5: chinokevin13 ($112.73 in chips) 
Seat 6: blackmoney05 ($83.79 in chips) 
gig.gyty: posts small blind $0.50
easy_sarcasm: posts big blind $1
*** HOLE CARDS ***
chinokevin13: folds 
blackmoney05: folds 
Pippa83: folds 
mr.Jckpot: folds 
gig.gyty: folds 
Uncalled bet ($0.50) returned to easy_sarcasm
easy_sarcasm collected $1 from pot
*** SUMMARY ***
Total pot $1 | Rake $0 
Seat 1: Pippa83 folded before Flop (didn't bet)
Seat 2: mr.Jckpot (button) folded before Flop (didn't bet)
Seat 3: gig.gyty (small blind) folded before Flop
Seat 4: easy_sarcasm (big blind) collected ($1)
Seat 5: chinokevin13 folded before Flop (didn't bet)
Seat 6: blackmoney05 folded before Flop (didn't bet)



PokerStars Hand #254702624943:  Hold'em No Limit ($0.50/$1.00 USD) - 2025/02/04 14:35:08 WET [2025/02/04 9:35:08 ET]
Table 'Gyas II' 6-max Seat #3 is the button
Seat 1: Pippa83 ($101.04 in chips) 
Seat 2: mr.Jckpot ($100 in chips) 
Seat 3: gig.gyty ($102 in chips) 
Seat 4: easy_sarcasm ($100.50 in chips) 
Seat 5: chinokevin13 ($112.73 in chips) 
Seat 6: blackmoney05 ($83.79 in chips) 
easy_sarcasm: posts small blind $0.50
chinokevin13: posts big blind $1
*** HOLE CARDS ***
blackmoney05: raises $1 to $2
Pippa83: folds 
mr.Jckpot: raises $4 to $6
gig.gyty: folds 
easy_sarcasm: folds 
chinokevin13: folds 
blackmoney05: calls $4
*** FLOP *** [As 8d 5h]
blackmoney05: checks 
mr.Jckpot: checks 
*** TURN *** [As 8d 5h] [2c]
blackmoney05: checks 
mr.Jckpot: checks 
*** RIVER *** [As 8d 5h 2c] [Qs]
blackmoney05: bets $3
mr.Jckpot: calls $3
*** SHOW DOWN ***
blackmoney05: shows [6h 7h] (high card Ace)
mr.Jckpot: shows [8s 7s] (a pair of Eights)
mr.Jckpot collected $18.52 from pot
*** SUMMARY ***
Total pot $19.50 | Rake $0.98 
Board [As 8d 5h 2c Qs]
Seat 1: Pippa83 folded before Flop (didn't bet)
Seat 2: mr.Jckpot showed [8s 7s] and won ($18.52) with a pair of Eights
Seat 3: gig.gyty (button) folded before Flop (didn't bet)
Seat 4: easy_sarcasm (small blind) folded before Flop
Seat 5: chinokevin13 (big blind) folded before Flop
Seat 6: blackmoney05 showed [6h 7h] and lost with high card Ace



PokerStars Hand #254702630448:  Hold'em No Limit ($0.50/$1.00 USD) - 2025/02/04 14:35:39 WET [2025/02/04 9:35:39 ET]
Table 'Gyas II' 6-max Seat #4 is the button
Seat 1: Pippa83 ($101.04 in chips) 
Seat 2: mr.Jckpot ($109.52 in chips) 
Seat 3: gig.gyty ($102 in chips) 
Seat 4: easy_sarcasm ($100 in chips) 
Seat 5: chinokevin13 ($111.73 in chips) 
Seat 6: blackmoney05 ($74.79 in chips) 
chinokevin13: posts small blind $0.50
blackmoney05: posts big blind $1
*** HOLE CARDS ***
Pippa83: folds 
mr.Jckpot: folds 
gig.gyty: folds 
easy_sarcasm: folds 
chinokevin13: folds 
Uncalled bet ($0.50) returned to blackmoney05
blackmoney05 collected $1 from pot
*** SUMMARY ***
Total pot $1 | Rake $0 
Seat 1: Pippa83 folded before Flop (didn't bet)
Seat 2: mr.Jckpot folded before Flop (didn't bet)
Seat 3: gig.gyty folded before Flop (didn't bet)
Seat 4: easy_sarcasm (button) folded before Flop (didn't bet)
Seat 5: chinokevin13 (small blind) folded before Flop
Seat 6: blackmoney05 (big blind) collected ($1)



PokerStars Hand #254702632369:  Hold'em No Limit ($0.50/$1.00 USD) - 2025/02/04 14:35:49 WET [2025/02/04 9:35:49 ET]
Table 'Gyas II' 6-max Seat #5 is the button
Seat 1: Pippa83 ($101.04 in chips) 
Seat 2: mr.Jckpot ($109.52 in chips) 
Seat 3: gig.gyty ($102 in chips) 
Seat 4: easy_sarcasm ($100 in chips) 
Seat 5: chinokevin13 ($111.23 in chips) 
Seat 6: blackmoney05 ($75.29 in chips) 
blackmoney05: posts small blind $0.50
Pippa83: posts big blind $1
*** HOLE CARDS ***
mr.Jckpot: folds 
gig.gyty: folds 
easy_sarcasm: raises $2 to $3
chinokevin13: folds 
blackmoney05: calls $2.50
Pippa83: folds 
*** FLOP *** [7d 2s 8s]
blackmoney05: checks 
easy_sarcasm: bets $3.50
blackmoney05: calls $3.50
*** TURN *** [7d 2s 8s] [7h]
blackmoney05: checks 
easy_sarcasm: bets $9.50
blackmoney05: folds 
Uncalled bet ($9.50) returned to easy_sarcasm
easy_sarcasm collected $13.30 from pot
*** SUMMARY ***
Total pot $14 | Rake $0.70 
Board [7d 2s 8s 7h]
Seat 1: Pippa83 (big blind) folded before Flop
Seat 2: mr.Jckpot folded before Flop (didn't bet)
Seat 3: gig.gyty folded before Flop (didn't bet)
Seat 4: easy_sarcasm collected ($13.30)
Seat 5: chinokevin13 (button) folded before Flop (didn't bet)
Seat 6: blackmoney05 (small blind) folded on the Turn



PokerStars Hand #254702638198:  Hold'em No Limit ($0.50/$1.00 USD) - 2025/02/04 14:36:22 WET [2025/02/04 9:36:22 ET]
Table 'Gyas II' 6-max Seat #6 is the button
Seat 2: mr.Jckpot ($109.52 in chips) is sitting out
Seat 1: Pippa83 ($100.04 in chips) 
Seat 3: gig.gyty ($102 in chips) 
Seat 4: easy_sarcasm ($106.80 in chips) 
Seat 5: chinokevin13 ($111.23 in chips) 
Seat 6: blackmoney05 ($68.79 in chips) 
Pippa83: posts small blind $0.50
mr.Jckpot: is sitting out 
gig.gyty: posts big blind $1
*** HOLE CARDS ***
mr.Jckpot leaves the table
easy_sarcasm: raises $2 to $3
chinokevin13: folds 
blackmoney05: calls $3
Pippa83: folds 
tintin641 joins the table at seat #2 
gig.gyty: calls $2
*** FLOP *** [6c Jc 2d]
gig.gyty: checks 
easy_sarcasm: checks 
blackmoney05: bets $4
gig.gyty: calls $4
easy_sarcasm: folds 
*** TURN *** [6c Jc 2d] [Qd]
gig.gyty: checks 
blackmoney05: checks 
*** RIVER *** [6c Jc 2d Qd] [5h]
gig.gyty: checks 
blackmoney05: checks 
*** SHOW DOWN ***
gig.gyty: shows [As 6s] (a pair of Sixes)
blackmoney05: shows [Kh Jh] (a pair of Jacks)
blackmoney05 collected $16.62 from pot
*** SUMMARY ***
Total pot $17.50 | Rake $0.88 
Board [6c Jc 2d Qd 5h]
Seat 2: mr.Jckpot
Seat 1: Pippa83 (small blind) folded before Flop
Seat 3: gig.gyty (big blind) showed [As 6s] and lost with a pair of Sixes
Seat 4: easy_sarcasm folded on the Flop
Seat 5: chinokevin13 folded before Flop (didn't bet)
Seat 6: blackmoney05 (button) showed [Kh Jh] and won ($16.62) with a pair of Jacks



PokerStars Hand #254702647319:  Hold'em No Limit ($0.50/$1.00 USD) - 2025/02/04 14:37:13 WET [2025/02/04 9:37:13 ET]
Table 'Gyas II' 6-max Seat #1 is the button
Seat 2: tintin641 ($100 in chips) is sitting out
Seat 1: Pippa83 ($100 in chips) 
Seat 3: gig.gyty ($100 in chips) 
Seat 4: easy_sarcasm ($103.80 in chips) 
Seat 5: chinokevin13 ($111.23 in chips) 
Seat 6: blackmoney05 ($78.41 in chips) 
gig.gyty: posts small blind $0.50
easy_sarcasm: posts big blind $1
*** HOLE CARDS ***
chinokevin13: folds 
blackmoney05: folds 
Pippa83: raises $1.50 to $2.50
gig.gyty: folds 
easy_sarcasm: folds 
Uncalled bet ($1.50) returned to Pippa83
Pippa83 collected $2.50 from pot
Pippa83: doesn't show hand 
*** SUMMARY ***
Total pot $2.50 | Rake $0 
Seat 2: tintin641
Seat 1: Pippa83 (button) collected ($2.50)
Seat 3: gig.gyty (small blind) folded before Flop
Seat 4: easy_sarcasm (big blind) folded before Flop
Seat 5: chinokevin13 folded before Flop (didn't bet)
Seat 6: blackmoney05 folded before Flop (didn't bet)



PokerStars Hand #254702651095:  Hold'em No Limit ($0.50/$1.00 USD) - 2025/02/04 14:37:34 WET [2025/02/04 9:37:34 ET]
Table 'Gyas II' 6-max Seat #3 is the button
Seat 2: tintin641 ($100 in chips) is sitting out
Seat 1: Pippa83 ($101.50 in chips) 
Seat 3: gig.gyty ($100 in chips) 
Seat 4: easy_sarcasm ($102.80 in chips) 
Seat 5: chinokevin13 ($111.23 in chips) 
Seat 6: blackmoney05 ($78.41 in chips) 
easy_sarcasm: posts small blind $0.50
chinokevin13: posts big blind $1
tintin641: sits out 
*** HOLE CARDS ***
blackmoney05: folds 
Pippa83: folds 
gig.gyty: folds 
easy_sarcasm: raises $2 to $3
chinokevin13: raises $6 to $9
easy_sarcasm: folds 
Uncalled bet ($6) returned to chinokevin13
chinokevin13 collected $6 from pot
chinokevin13: doesn't show hand 
*** SUMMARY ***
Total pot $6 | Rake $0 
Seat 2: tintin641
Seat 1: Pippa83 folded before Flop (didn't bet)
Seat 3: gig.gyty (button) folded before Flop (didn't bet)
Seat 4: easy_sarcasm (small blind) folded before Flop
Seat 5: chinokevin13 (big blind) collected ($6)
Seat 6: blackmoney05 folded before Flop (didn't bet)



PokerStars Hand #254702655524:  Hold'em No Limit ($0.50/$1.00 USD) - 2025/02/04 14:37:58 WET [2025/02/04 9:37:58 ET]
Table 'Gyas II' 6-max Seat #4 is the button
Seat 2: tintin641 ($100 in chips) is sitting out
Seat 1: Pippa83 ($101.50 in chips) 
Seat 3: gig.gyty ($100 in chips) 
Seat 4: easy_sarcasm ($100 in chips) 
Seat 5: chinokevin13 ($114.23 in chips) 
Seat 6: blackmoney05 ($78.41 in chips) 
chinokevin13: posts small blind $0.50
blackmoney05: posts big blind $1
tintin641: sits out 
*** HOLE CARDS ***
Pippa83: folds 
gig.gyty: raises $1.25 to $2.25
easy_sarcasm: folds 
chinokevin13: folds 
blackmoney05: calls $1.25
*** FLOP *** [Qs Ac Qh]
blackmoney05: bets $3
gig.gyty: raises $5.38 to $8.38
blackmoney05: calls $5.38
*** TURN *** [Qs Ac Qh] [Kh]
blackmoney05: checks 
gig.gyty: checks 
*** RIVER *** [Qs Ac Qh Kh] [Kd]
blackmoney05: checks 
gig.gyty: checks 
*** SHOW DOWN ***
blackmoney05: shows [Ah 5h] (two pair, Aces and Kings)
gig.gyty: mucks hand 
blackmoney05 collected $20.67 from pot
*** SUMMARY ***
Total pot $21.76 | Rake $1.09 
Board [Qs Ac Qh Kh Kd]
Seat 2: tintin641
Seat 1: Pippa83 folded before Flop (didn't bet)
Seat 3: gig.gyty mucked
Seat 4: easy_sarcasm (button) folded before Flop (didn't bet)
Seat 5: chinokevin13 (small blind) folded before Flop
Seat 6: blackmoney05 (big blind) showed [Ah 5h] and won ($20.67) with two pair, Aces and Kings



PokerStars Hand #254702661320:  Hold'em No Limit ($0.50/$1.00 USD) - 2025/02/04 14:38:31 WET [2025/02/04 9:38:31 ET]
Table 'Gyas II' 6-max Seat #5 is the button
Seat 2: tintin641 ($100 in chips) is sitting out
Seat 1: Pippa83 ($101.50 in chips) 
Seat 3: gig.gyty ($100 in chips) 
Seat 4: easy_sarcasm ($100 in chips) 
Seat 5: chinokevin13 ($113.73 in chips) 
Seat 6: blackmoney05 ($88.45 in chips) 
blackmoney05: posts small blind $0.50
Pippa83: posts big blind $1
tintin641: sits out 
*** HOLE CARDS ***
gig.gyty: folds 
easy_sarcasm: folds 
chinokevin13: folds 
blackmoney05: raises $1 to $2
Pippa83: calls $1
*** FLOP *** [Jc 6s Jh]
blackmoney05: checks 
Pippa83: bets $1
blackmoney05: calls $1
*** TURN *** [Jc 6s Jh] [9d]
blackmoney05: checks 
Pippa83: bets $1.43
blackmoney05: calls $1.43
*** RIVER *** [Jc 6s Jh 9d] [2s]
blackmoney05: checks 
Pippa83: checks 
*** SHOW DOWN ***
blackmoney05: shows [Ac 9c] (two pair, Jacks and Nines)
Pippa83: mucks hand 
blackmoney05 collected $8.42 from pot
*** SUMMARY ***
Total pot $8.86 | Rake $0.44 
Board [Jc 6s Jh 9d 2s]
Seat 2: tintin641
Seat 1: Pippa83 (big blind) mucked
Seat 3: gig.gyty folded before Flop (didn't bet)
Seat 4: easy_sarcasm folded before Flop (didn't bet)
Seat 5: chinokevin13 (button) folded before Flop (didn't bet)
Seat 6: blackmoney05 (small blind) showed [Ac 9c] and won ($8.42) with two pair, Jacks and Nines



PokerStars Hand #254702667991:  Hold'em No Limit ($0.50/$1.00 USD) - 2025/02/04 14:39:08 WET [2025/02/04 9:39:08 ET]
Table 'Gyas II' 6-max Seat #6 is the button
Seat 1: Pippa83 ($100 in chips) 
Seat 2: tintin641 ($100 in chips) 
Seat 3: gig.gyty ($100 in chips) 
Seat 4: easy_sarcasm ($100 in chips) 
Seat 5: chinokevin13 ($113.73 in chips) 
Seat 6: blackmoney05 ($92.44 in chips) 
Pippa83: posts small blind $0.50
tintin641: posts big blind $1
*** HOLE CARDS ***
gig.gyty: folds 
easy_sarcasm: raises $2 to $3
chinokevin13: folds 
blackmoney05: raises $2 to $5
Pippa83: folds 
tintin641: folds 
easy_sarcasm: calls $2
*** FLOP *** [Th 6h 2s]
easy_sarcasm: checks 
blackmoney05: bets $6
easy_sarcasm: folds 
Uncalled bet ($6) returned to blackmoney05
blackmoney05 collected $10.92 from pot
*** SUMMARY ***
Total pot $11.50 | Rake $0.58 
Board [Th 6h 2s]
Seat 1: Pippa83 (small blind) folded before Flop
Seat 2: tintin641 (big blind) folded before Flop
Seat 3: gig.gyty folded before Flop (didn't bet)
Seat 4: easy_sarcasm folded on the Flop
Seat 5: chinokevin13 folded before Flop (didn't bet)
Seat 6: blackmoney05 (button) collected ($10.92)



PokerStars Hand #254702673826:  Hold'em No Limit ($0.50/$1.00 USD) - 2025/02/04 14:39:40 WET [2025/02/04 9:39:40 ET]
Table 'Gyas II' 6-max Seat #1 is the button
Seat 1: Pippa83 ($100 in chips) 
Seat 2: tintin641 ($100 in chips) 
Seat 3: gig.gyty ($100 in chips) 
Seat 4: easy_sarcasm ($100 in chips) 
Seat 5: chinokevin13 ($113.73 in chips) 
Seat 6: blackmoney05 ($98.36 in chips) 
tintin641: posts small blind $0.50
gig.gyty: posts big blind $1
*** HOLE CARDS ***
easy_sarcasm: folds 
chinokevin13: folds 
blackmoney05: raises $1 to $2
Pippa83: folds 
tintin641: folds 
gig.gyty: folds 
Uncalled bet ($1) returned to blackmoney05
blackmoney05 collected $2.50 from pot
*** SUMMARY ***
Total pot $2.50 | Rake $0 
Seat 1: Pippa83 (button) folded before Flop (didn't bet)
Seat 2: tintin641 (small blind) folded before Flop
Seat 3: gig.gyty (big blind) folded before Flop
Seat 4: easy_sarcasm folded before Flop (didn't bet)
Seat 5: chinokevin13 folded before Flop (didn't bet)
Seat 6: blackmoney05 collected ($2.50)



PokerStars Hand #254702677278:  Hold'em No Limit ($0.50/$1.00 USD) - 2025/02/04 14:39:59 WET [2025/02/04 9:39:59 ET]
Table 'Gyas II' 6-max Seat #2 is the button
Seat 1: Pippa83 ($100 in chips) 
Seat 2: tintin641 ($100 in chips) 
Seat 3: gig.gyty ($100 in chips) 
Seat 4: easy_sarcasm ($100 in chips) 
Seat 5: chinokevin13 ($113.73 in chips) 
Seat 6: blackmoney05 ($99.86 in chips) 
gig.gyty: posts small blind $0.50
easy_sarcasm: posts big blind $1
*** HOLE CARDS ***
chinokevin13: raises $1.20 to $2.20
blackmoney05: folds 
Pippa83: folds 
tintin641: folds 
gig.gyty: folds 
easy_sarcasm: folds 
Uncalled bet ($1.20) returned to chinokevin13
chinokevin13 collected $2.50 from pot
chinokevin13: doesn't show hand 
*** SUMMARY ***
Total pot $2.50 | Rake $0 
Seat 1: Pippa83 folded before Flop (didn't bet)
Seat 2: tintin641 (button) folded before Flop (didn't bet)
Seat 3: gig.gyty (small blind) folded before Flop
Seat 4: easy_sarcasm (big blind) folded before Flop
Seat 5: chinokevin13 collected ($2.50)
Seat 6: blackmoney05 folded before Flop (didn't bet)



PokerStars Hand #254702679839:  Hold'em No Limit ($0.50/$1.00 USD) - 2025/02/04 14:40:13 WET [2025/02/04 9:40:13 ET]
Table 'Gyas II' 6-max Seat #3 is the button
Seat 1: Pippa83 ($100 in chips) 
Seat 2: tintin641 ($100 in chips) 
Seat 3: gig.gyty ($100 in chips) 
Seat 4: easy_sarcasm ($100 in chips) 
Seat 5: chinokevin13 ($115.23 in chips) 
Seat 6: blackmoney05 ($99.86 in chips) 
easy_sarcasm: posts small blind $0.50
chinokevin13: posts big blind $1
*** HOLE CARDS ***
blackmoney05: folds 
Pippa83: folds 
tintin641: folds 
gig.gyty: raises $1.50 to $2.50
easy_sarcasm: folds 
chinokevin13: folds 
Uncalled bet ($1.50) returned to gig.gyty
gig.gyty collected $2.50 from pot
gig.gyty: doesn't show hand 
*** SUMMARY ***
Total pot $2.50 | Rake $0 
Seat 1: Pippa83 folded before Flop (didn't bet)
Seat 2: tintin641 folded before Flop (didn't bet)
Seat 3: gig.gyty (button) collected ($2.50)
Seat 4: easy_sarcasm (small blind) folded before Flop
Seat 5: chinokevin13 (big blind) folded before Flop
Seat 6: blackmoney05 folded before Flop (didn't bet)



PokerStars Hand #254702682807:  Hold'em No Limit ($0.50/$1.00 USD) - 2025/02/04 14:40:30 WET [2025/02/04 9:40:30 ET]
Table 'Gyas II' 6-max Seat #4 is the button
Seat 1: Pippa83 ($100 in chips) 
Seat 2: tintin641 ($100 in chips) 
Seat 3: gig.gyty ($101.50 in chips) 
Seat 4: easy_sarcasm ($100 in chips) 
Seat 5: chinokevin13 ($114.23 in chips) 
Seat 6: blackmoney05 ($99.86 in chips) 
chinokevin13: posts small blind $0.50
blackmoney05: posts big blind $1
*** HOLE CARDS ***
Pippa83: folds 
tintin641: folds 
gig.gyty: raises $1.25 to $2.25
easy_sarcasm: raises $5.75 to $8
chinokevin13: folds 
blackmoney05: folds 
gig.gyty: folds 
Uncalled bet ($5.75) returned to easy_sarcasm
easy_sarcasm collected $6 from pot
*** SUMMARY ***
Total pot $6 | Rake $0 
Seat 1: Pippa83 folded before Flop (didn't bet)
Seat 2: tintin641 folded before Flop (didn't bet)
Seat 3: gig.gyty folded before Flop
Seat 4: easy_sarcasm (button) collected ($6)
Seat 5: chinokevin13 (small blind) folded before Flop
Seat 6: blackmoney05 (big blind) folded before Flop



PokerStars Hand #254702686406:  Hold'em No Limit ($0.50/$1.00 USD) - 2025/02/04 14:40:50 WET [2025/02/04 9:40:50 ET]
Table 'Gyas II' 6-max Seat #5 is the button
Seat 1: Pippa83 ($100 in chips) 
Seat 2: tintin641 ($100 in chips) 
Seat 3: gig.gyty ($100 in chips) 
Seat 4: easy_sarcasm ($103.75 in chips) 
Seat 5: chinokevin13 ($113.73 in chips) 
Seat 6: blackmoney05 ($98.86 in chips) 
blackmoney05: posts small blind $0.50
Pippa83: posts big blind $1
*** HOLE CARDS ***
tintin641: folds 
gig.gyty: folds 
easy_sarcasm: folds 
chinokevin13: raises $1.50 to $2.50
blackmoney05: calls $2
Pippa83: folds 
*** FLOP *** [4c Jd 3h]
blackmoney05: checks 
chinokevin13: bets $1.88
blackmoney05: calls $1.88
*** TURN *** [4c Jd 3h] [Jc]
blackmoney05: checks 
chinokevin13: checks 
*** RIVER *** [4c Jd 3h Jc] [8c]
blackmoney05: bets $3
chinokevin13: folds 
Uncalled bet ($3) returned to blackmoney05
blackmoney05 collected $9.27 from pot
*** SUMMARY ***
Total pot $9.76 | Rake $0.49 
Board [4c Jd 3h Jc 8c]
Seat 1: Pippa83 (big blind) folded before Flop
Seat 2: tintin641 folded before Flop (didn't bet)
Seat 3: gig.gyty folded before Flop (didn't bet)
Seat 4: easy_sarcasm folded before Flop (didn't bet)
Seat 5: chinokevin13 (button) folded on the River
Seat 6: blackmoney05 (small blind) collected ($9.27)



PokerStars Hand #254702698695:  Hold'em No Limit ($0.50/$1.00 USD) - 2025/02/04 14:41:57 WET [2025/02/04 9:41:57 ET]
Table 'Gyas II' 6-max Seat #6 is the button
Seat 1: Pippa83 ($100 in chips) 
Seat 2: tintin641 ($100 in chips) 
Seat 3: gig.gyty ($100 in chips) 
Seat 4: easy_sarcasm ($103.75 in chips) 
Seat 5: chinokevin13 ($109.35 in chips) 
Seat 6: blackmoney05 ($103.75 in chips) 
Pippa83: posts small blind $0.50
tintin641: posts big blind $1
*** HOLE CARDS ***
gig.gyty: raises $1.25 to $2.25
easy_sarcasm: folds 
chinokevin13: folds 
blackmoney05: calls $2.25
Pippa83: folds 
tintin641: folds 
*** FLOP *** [5d 6c 7h]
gig.gyty: bets $2.85
blackmoney05: raises $5.85 to $8.70
gig.gyty: calls $5.85
*** TURN *** [5d 6c 7h] [8d]
gig.gyty: checks 
blackmoney05: bets $9
gig.gyty: folds 
Uncalled bet ($9) returned to blackmoney05
blackmoney05 collected $22.23 from pot
*** SUMMARY ***
Total pot $23.40 | Rake $1.17 
Board [5d 6c 7h 8d]
Seat 1: Pippa83 (small blind) folded before Flop
Seat 2: tintin641 (big blind) folded before Flop
Seat 3: gig.gyty folded on the Turn
Seat 4: easy_sarcasm folded before Flop (didn't bet)
Seat 5: chinokevin13 folded before Flop (didn't bet)
Seat 6: blackmoney05 (button) collected ($22.23)



PokerStars Hand #254702706508:  Hold'em No Limit ($0.50/$1.00 USD) - 2025/02/04 14:42:40 WET [2025/02/04 9:42:40 ET]
Table 'Gyas II' 6-max Seat #1 is the button
Seat 1: Pippa83 ($100 in chips) 
Seat 2: tintin641 ($100 in chips) 
Seat 3: gig.gyty ($100 in chips) 
Seat 4: easy_sarcasm ($103.75 in chips) 
Seat 5: chinokevin13 ($109.35 in chips) 
Seat 6: blackmoney05 ($115.03 in chips) 
tintin641: posts small blind $0.50
gig.gyty: posts big blind $1
*** HOLE CARDS ***
easy_sarcasm: folds 
chinokevin13: folds 
blackmoney05: folds 
Pippa83: raises $1.50 to $2.50
tintin641: folds 
gig.gyty: folds 
Uncalled bet ($1.50) returned to Pippa83
Pippa83 collected $2.50 from pot
Pippa83: doesn't show hand 
*** SUMMARY ***
Total pot $2.50 | Rake $0 
Seat 1: Pippa83 (button) collected ($2.50)
Seat 2: tintin641 (small blind) folded before Flop
Seat 3: gig.gyty (big blind) folded before Flop
Seat 4: easy_sarcasm folded before Flop (didn't bet)
Seat 5: chinokevin13 folded before Flop (didn't bet)
Seat 6: blackmoney05 folded before Flop (didn't bet)



PokerStars Hand #254702711099:  Hold'em No Limit ($0.50/$1.00 USD) - 2025/02/04 14:43:05 WET [2025/02/04 9:43:05 ET]
Table 'Gyas II' 6-max Seat #2 is the button
Seat 1: Pippa83 ($101.50 in chips) 
Seat 2: tintin641 ($100 in chips) 
Seat 3: gig.gyty ($100 in chips) 
Seat 4: easy_sarcasm ($103.75 in chips) 
Seat 5: chinokevin13 ($109.35 in chips) 
Seat 6: blackmoney05 ($115.03 in chips) 
gig.gyty: posts small blind $0.50
easy_sarcasm: posts big blind $1
*** HOLE CARDS ***
chinokevin13: folds 
blackmoney05: folds 
Pippa83: folds 
tintin641: raises $1.50 to $2.50
gig.gyty: folds 
easy_sarcasm: calls $1.50
*** FLOP *** [Tc 8s 4s]
easy_sarcasm: checks 
tintin641: bets $3.92
easy_sarcasm: folds 
Uncalled bet ($3.92) returned to tintin641
tintin641 collected $5.22 from pot
tintin641: doesn't show hand 
*** SUMMARY ***
Total pot $5.50 | Rake $0.28 
Board [Tc 8s 4s]
Seat 1: Pippa83 folded before Flop (didn't bet)
Seat 2: tintin641 (button) collected ($5.22)
Seat 3: gig.gyty (small blind) folded before Flop
Seat 4: easy_sarcasm (big blind) folded on the Flop
Seat 5: chinokevin13 folded before Flop (didn't bet)
Seat 6: blackmoney05 folded before Flop (didn't bet)



PokerStars Hand #254702717788:  Hold'em No Limit ($0.50/$1.00 USD) - 2025/02/04 14:43:40 WET [2025/02/04 9:43:40 ET]
Table 'Gyas II' 6-max Seat #3 is the button
Seat 1: Pippa83 ($101.50 in chips) 
Seat 2: tintin641 ($102.72 in chips) 
Seat 3: gig.gyty ($100 in chips) 
Seat 4: easy_sarcasm ($101.25 in chips) 
Seat 5: chinokevin13 ($109.35 in chips) 
Seat 6: blackmoney05 ($115.03 in chips) 
easy_sarcasm: posts small blind $0.50
chinokevin13: posts big blind $1
*** HOLE CARDS ***
blackmoney05: raises $1 to $2
Pippa83: folds 
tintin641: folds 
gig.gyty: folds 
easy_sarcasm: folds 
chinokevin13: folds 
Uncalled bet ($1) returned to blackmoney05
blackmoney05 collected $2.50 from pot
*** SUMMARY ***
Total pot $2.50 | Rake $0 
Seat 1: Pippa83 folded before Flop (didn't bet)
Seat 2: tintin641 folded before Flop (didn't bet)
Seat 3: gig.gyty (button) folded before Flop (didn't bet)
Seat 4: easy_sarcasm (small blind) folded before Flop
Seat 5: chinokevin13 (big blind) folded before Flop
Seat 6: blackmoney05 collected ($2.50)



PokerStars Hand #254702720972:  Hold'em No Limit ($0.50/$1.00 USD) - 2025/02/04 14:43:57 WET [2025/02/04 9:43:57 ET]
Table 'Gyas II' 6-max Seat #4 is the button
Seat 1: Pippa83 ($101.50 in chips) 
Seat 2: tintin641 ($102.72 in chips) 
Seat 3: gig.gyty ($100 in chips) 
Seat 4: easy_sarcasm ($100.75 in chips) 
Seat 5: chinokevin13 ($108.35 in chips) 
Seat 6: blackmoney05 ($116.53 in chips) 
chinokevin13: posts small blind $0.50
blackmoney05: posts big blind $1
*** HOLE CARDS ***
Pippa83: folds 
tintin641: folds 
gig.gyty: raises $1.25 to $2.25
easy_sarcasm: folds 
chinokevin13: raises $8.75 to $11
blackmoney05: folds 
gig.gyty: folds 
Uncalled bet ($8.75) returned to chinokevin13
chinokevin13 collected $5.50 from pot
chinokevin13: doesn't show hand 
*** SUMMARY ***
Total pot $5.50 | Rake $0 
Seat 1: Pippa83 folded before Flop (didn't bet)
Seat 2: tintin641 folded before Flop (didn't bet)
Seat 3: gig.gyty folded before Flop
Seat 4: easy_sarcasm (button) folded before Flop (didn't bet)
Seat 5: chinokevin13 (small blind) collected ($5.50)
Seat 6: blackmoney05 (big blind) folded before Flop



PokerStars Hand #254702724832:  Hold'em No Limit ($0.50/$1.00 USD) - 2025/02/04 14:44:19 WET [2025/02/04 9:44:19 ET]
Table 'Gyas II' 6-max Seat #5 is the button
Seat 1: Pippa83 ($101.50 in chips) 
Seat 2: tintin641 ($102.72 in chips) 
Seat 3: gig.gyty ($100 in chips) 
Seat 4: easy_sarcasm ($100.75 in chips) 
Seat 5: chinokevin13 ($111.60 in chips) 
Seat 6: blackmoney05 ($115.53 in chips) 
blackmoney05: posts small blind $0.50
Pippa83: posts big blind $1
*** HOLE CARDS ***
tintin641: folds 
gig.gyty: raises $1.25 to $2.25
easy_sarcasm: folds 
chinokevin13: folds 
blackmoney05: calls $1.75
Pippa83: folds 
*** FLOP *** [7s 9d Kd]
blackmoney05: bets $2
gig.gyty: raises $14 to $16
blackmoney05: folds 
Uncalled bet ($14) returned to gig.gyty
gig.gyty collected $9.02 from pot
gig.gyty: doesn't show hand 
*** SUMMARY ***
Total pot $9.50 | Rake $0.48 
Board [7s 9d Kd]
Seat 1: Pippa83 (big blind) folded before Flop
Seat 2: tintin641 folded before Flop (didn't bet)
Seat 3: gig.gyty collected ($9.02)
Seat 4: easy_sarcasm folded before Flop (didn't bet)
Seat 5: chinokevin13 (button) folded before Flop (didn't bet)
Seat 6: blackmoney05 (small blind) folded on the Flop



PokerStars Hand #254702732163:  Hold'em No Limit ($0.50/$1.00 USD) - 2025/02/04 14:44:58 WET [2025/02/04 9:44:58 ET]
Table 'Gyas II' 6-max Seat #6 is the button
Seat 1: Pippa83 ($100.50 in chips) 
Seat 2: tintin641 ($102.72 in chips) 
Seat 3: gig.gyty ($104.77 in chips) 
Seat 4: easy_sarcasm ($100.75 in chips) 
Seat 5: chinokevin13 ($111.60 in chips) 
Seat 6: blackmoney05 ($111.28 in chips) 
Pippa83: posts small blind $0.50
tintin641: posts big blind $1
*** HOLE CARDS ***
gig.gyty: folds 
easy_sarcasm: folds 
chinokevin13: folds 
blackmoney05: calls $1
Pippa83: calls $0.50
tintin641: checks 
*** FLOP *** [6s 9d 3d]
Pippa83: checks 
tintin641: checks 
blackmoney05: bets $1
Pippa83: calls $1
tintin641: folds 
*** TURN *** [6s 9d 3d] [Js]
Pippa83: checks 
blackmoney05: bets $2
Pippa83: calls $2
*** RIVER *** [6s 9d 3d Js] [2c]
Pippa83: checks 
blackmoney05: checks 
*** SHOW DOWN ***
Pippa83: shows [8d 6c] (a pair of Sixes)
blackmoney05: mucks hand 
Pippa83 collected $8.55 from pot
*** SUMMARY ***
Total pot $9 | Rake $0.45 
Board [6s 9d 3d Js 2c]
Seat 1: Pippa83 (small blind) showed [8d 6c] and won ($8.55) with a pair of Sixes
Seat 2: tintin641 (big blind) folded on the Flop
Seat 3: gig.gyty folded before Flop (didn't bet)
Seat 4: easy_sarcasm folded before Flop (didn't bet)
Seat 5: chinokevin13 folded before Flop (didn't bet)
Seat 6: blackmoney05 (button) mucked



PokerStars Hand #254702740955:  Hold'em No Limit ($0.50/$1.00 USD) - 2025/02/04 14:45:45 WET [2025/02/04 9:45:45 ET]
Table 'Gyas II' 6-max Seat #1 is the button
Seat 1: Pippa83 ($105.05 in chips) 
Seat 2: tintin641 ($101.72 in chips) 
Seat 3: gig.gyty ($104.77 in chips) 
Seat 4: easy_sarcasm ($100.75 in chips) 
Seat 5: chinokevin13 ($111.60 in chips) 
Seat 6: blackmoney05 ($107.28 in chips) 
tintin641: posts small blind $0.50
gig.gyty: posts big blind $1
*** HOLE CARDS ***
easy_sarcasm: folds 
chinokevin13: folds 
blackmoney05: raises $1 to $2
Pippa83: raises $5 to $7
tintin641: folds 
gig.gyty: raises $13 to $20
blackmoney05: folds 
Pippa83: folds 
Uncalled bet ($13) returned to gig.gyty
gig.gyty collected $16.50 from pot
gig.gyty: doesn't show hand 
*** SUMMARY ***
Total pot $16.50 | Rake $0 
Seat 1: Pippa83 (button) folded before Flop
Seat 2: tintin641 (small blind) folded before Flop
Seat 3: gig.gyty (big blind) collected ($16.50)
Seat 4: easy_sarcasm folded before Flop (didn't bet)
Seat 5: chinokevin13 folded before Flop (didn't bet)
Seat 6: blackmoney05 folded before Flop



PokerStars Hand #254702747364:  Hold'em No Limit ($0.50/$1.00 USD) - 2025/02/04 14:46:20 WET [2025/02/04 9:46:20 ET]
Table 'Gyas II' 6-max Seat #2 is the button
Seat 1: Pippa83 ($100 in chips) 
Seat 2: tintin641 ($101.22 in chips) 
Seat 3: gig.gyty ($114.27 in chips) 
Seat 4: easy_sarcasm ($100.75 in chips) 
Seat 5: chinokevin13 ($111.60 in chips) 
Seat 6: blackmoney05 ($105.28 in chips) 
gig.gyty: posts small blind $0.50
easy_sarcasm: posts big blind $1
*** HOLE CARDS ***
chinokevin13: folds 
blackmoney05: raises $1 to $2
Pippa83: folds 
tintin641: folds 
gig.gyty: calls $1.50
easy_sarcasm: folds 
*** FLOP *** [Qd 8c 7h]
gig.gyty: checks 
blackmoney05: checks 
*** TURN *** [Qd 8c 7h] [2d]
gig.gyty: bets $3.66
blackmoney05: calls $3.66
*** RIVER *** [Qd 8c 7h 2d] [6h]
gig.gyty: bets $8
blackmoney05: calls $8
*** SHOW DOWN ***
gig.gyty: shows [Td Qs] (a pair of Queens)
blackmoney05: mucks hand 
gig.gyty collected $26.90 from pot
*** SUMMARY ***
Total pot $28.32 | Rake $1.42 
Board [Qd 8c 7h 2d 6h]
Seat 1: Pippa83 folded before Flop (didn't bet)
Seat 2: tintin641 (button) folded before Flop (didn't bet)
Seat 3: gig.gyty (small blind) showed [Td Qs] and won ($26.90) with a pair of Queens
Seat 4: easy_sarcasm (big blind) folded before Flop
Seat 5: chinokevin13 folded before Flop (didn't bet)
Seat 6: blackmoney05 mucked



PokerStars Hand #254702754095:  Hold'em No Limit ($0.50/$1.00 USD) - 2025/02/04 14:46:56 WET [2025/02/04 9:46:56 ET]
Table 'Gyas II' 6-max Seat #3 is the button
Seat 1: Pippa83 ($100 in chips) 
Seat 2: tintin641 ($101.22 in chips) 
Seat 3: gig.gyty ($127.51 in chips) 
Seat 4: easy_sarcasm ($100 in chips) 
Seat 5: chinokevin13 ($111.60 in chips) 
Seat 6: blackmoney05 ($91.62 in chips) 
easy_sarcasm: posts small blind $0.50
chinokevin13: posts big blind $1
*** HOLE CARDS ***
blackmoney05: folds 
Pippa83: folds 
tintin641: folds 
gig.gyty: raises $1.50 to $2.50
easy_sarcasm: raises $8.50 to $11
chinokevin13: folds 
gig.gyty: folds 
Uncalled bet ($8.50) returned to easy_sarcasm
easy_sarcasm collected $6 from pot
*** SUMMARY ***
Total pot $6 | Rake $0 
Seat 1: Pippa83 folded before Flop (didn't bet)
Seat 2: tintin641 folded before Flop (didn't bet)
Seat 3: gig.gyty (button) folded before Flop
Seat 4: easy_sarcasm (small blind) collected ($6)
Seat 5: chinokevin13 (big blind) folded before Flop
Seat 6: blackmoney05 folded before Flop (didn't bet)



PokerStars Hand #254702758039:  Hold'em No Limit ($0.50/$1.00 USD) - 2025/02/04 14:47:18 WET [2025/02/04 9:47:18 ET]
Table 'Gyas II' 6-max Seat #4 is the button
Seat 1: Pippa83 ($100 in chips) 
Seat 2: tintin641 ($101.22 in chips) 
Seat 3: gig.gyty ($125.01 in chips) 
Seat 4: easy_sarcasm ($103.50 in chips) 
Seat 5: chinokevin13 ($110.60 in chips) 
Seat 6: blackmoney05 ($91.62 in chips) 
chinokevin13: posts small blind $0.50
blackmoney05: posts big blind $1
*** HOLE CARDS ***
Pippa83: folds 
tintin641: folds 
gig.gyty: raises $1.25 to $2.25
easy_sarcasm: folds 
chinokevin13: folds 
blackmoney05: calls $1.25
*** FLOP *** [Ah 4d 2d]
blackmoney05: checks 
gig.gyty: bets $1.19
blackmoney05: calls $1.19
*** TURN *** [Ah 4d 2d] [Kc]
blackmoney05: checks 
gig.gyty: checks 
*** RIVER *** [Ah 4d 2d Kc] [Ts]
blackmoney05: bets $3
gig.gyty: calls $3
*** SHOW DOWN ***
blackmoney05: shows [Kh 4c] (two pair, Kings and Fours)
gig.gyty: mucks hand 
blackmoney05 collected $12.71 from pot
*** SUMMARY ***
Total pot $13.38 | Rake $0.67 
Board [Ah 4d 2d Kc Ts]
Seat 1: Pippa83 folded before Flop (didn't bet)
Seat 2: tintin641 folded before Flop (didn't bet)
Seat 3: gig.gyty mucked
Seat 4: easy_sarcasm (button) folded before Flop (didn't bet)
Seat 5: chinokevin13 (small blind) folded before Flop
Seat 6: blackmoney05 (big blind) showed [Kh 4c] and won ($12.71) with two pair, Kings and Fours



PokerStars Hand #254702768860:  Hold'em No Limit ($0.50/$1.00 USD) - 2025/02/04 14:48:16 WET [2025/02/04 9:48:16 ET]
Table 'Gyas II' 6-max Seat #5 is the button
Seat 1: Pippa83 ($100 in chips) 
Seat 2: tintin641 ($101.22 in chips) 
Seat 3: gig.gyty ($118.57 in chips) 
Seat 4: easy_sarcasm ($103.50 in chips) 
Seat 5: chinokevin13 ($110.10 in chips) 
Seat 6: blackmoney05 ($97.89 in chips) 
blackmoney05: posts small blind $0.50
Pippa83: posts big blind $1
*** HOLE CARDS ***
tintin641: folds 
gig.gyty: raises $1.25 to $2.25
easy_sarcasm: folds 
chinokevin13: folds 
blackmoney05: calls $1.75
Pippa83: calls $1.25
*** FLOP *** [8h Ac 3c]
blackmoney05: checks 
Pippa83: checks 
gig.gyty: bets $1.60
blackmoney05: calls $1.60
Pippa83: calls $1.60
*** TURN *** [8h Ac 3c] [9s]
blackmoney05: checks 
Pippa83: checks 
gig.gyty: checks 
*** RIVER *** [8h Ac 3c 9s] [5h]
blackmoney05: bets $2
Pippa83: folds 
gig.gyty: calls $2
*** SHOW DOWN ***
blackmoney05: shows [Ks Qh] (high card Ace)
gig.gyty: shows [Kh Kc] (a pair of Kings)
gig.gyty collected $14.77 from pot
*** SUMMARY ***
Total pot $15.55 | Rake $0.78 
Board [8h Ac 3c 9s 5h]
Seat 1: Pippa83 (big blind) folded on the River
Seat 2: tintin641 folded before Flop (didn't bet)
Seat 3: gig.gyty showed [Kh Kc] and won ($14.77) with a pair of Kings
Seat 4: easy_sarcasm folded before Flop (didn't bet)
Seat 5: chinokevin13 (button) folded before Flop (didn't bet)
Seat 6: blackmoney05 (small blind) showed [Ks Qh] and lost with high card Ace



PokerStars Hand #254702777919:  Hold'em No Limit ($0.50/$1.00 USD) - 2025/02/04 14:49:05 WET [2025/02/04 9:49:05 ET]
Table 'Gyas II' 6-max Seat #6 is the button
Seat 1: Pippa83 ($100 in chips) 
Seat 2: tintin641 ($101.22 in chips) 
Seat 3: gig.gyty ($127.49 in chips) 
Seat 4: easy_sarcasm ($103.50 in chips) 
Seat 5: chinokevin13 ($110.10 in chips) 
Seat 6: blackmoney05 ($92.04 in chips) 
Pippa83: posts small blind $0.50
tintin641: posts big blind $1
*** HOLE CARDS ***
gig.gyty: folds 
easy_sarcasm: folds 
chinokevin13: folds 
blackmoney05: raises $1 to $2
Pippa83: raises $7 to $9
tintin641: folds 
blackmoney05: folds 
Uncalled bet ($7) returned to Pippa83
Pippa83 collected $5 from pot
Pippa83: doesn't show hand 
*** SUMMARY ***
Total pot $5 | Rake $0 
Seat 1: Pippa83 (small blind) collected ($5)
Seat 2: tintin641 (big blind) folded before Flop
Seat 3: gig.gyty folded before Flop (didn't bet)
Seat 4: easy_sarcasm folded before Flop (didn't bet)
Seat 5: chinokevin13 folded before Flop (didn't bet)
Seat 6: blackmoney05 (button) folded before Flop



PokerStars Hand #254702783461:  Hold'em No Limit ($0.50/$1.00 USD) - 2025/02/04 14:49:35 WET [2025/02/04 9:49:35 ET]
Table 'Gyas II' 6-max Seat #1 is the button
Seat 1: Pippa83 ($103 in chips) 
Seat 2: tintin641 ($100.22 in chips) 
Seat 3: gig.gyty ($127.49 in chips) 
Seat 4: easy_sarcasm ($103.50 in chips) 
Seat 5: chinokevin13 ($110.10 in chips) 
Seat 6: blackmoney05 ($90.04 in chips) 
tintin641: posts small blind $0.50
gig.gyty: posts big blind $1
*** HOLE CARDS ***
easy_sarcasm: raises $2 to $3
chinokevin13: folds 
blackmoney05: folds 
Pippa83: folds 
tintin641: folds 
gig.gyty: calls $2
*** FLOP *** [7s Jc 2c]
gig.gyty: checks 
easy_sarcasm: bets $3.09
gig.gyty: folds 
Uncalled bet ($3.09) returned to easy_sarcasm
easy_sarcasm collected $6.18 from pot
*** SUMMARY ***
Total pot $6.50 | Rake $0.32 
Board [7s Jc 2c]
Seat 1: Pippa83 (button) folded before Flop (didn't bet)
Seat 2: tintin641 (small blind) folded before Flop
Seat 3: gig.gyty (big blind) folded on the Flop
Seat 4: easy_sarcasm collected ($6.18)
Seat 5: chinokevin13 folded before Flop (didn't bet)
Seat 6: blackmoney05 folded before Flop (didn't bet)



PokerStars Hand #254702788472:  Hold'em No Limit ($0.50/$1.00 USD) - 2025/02/04 14:50:01 WET [2025/02/04 9:50:01 ET]
Table 'Gyas II' 6-max Seat #2 is the button
Seat 1: Pippa83 ($103 in chips) 
Seat 2: tintin641 ($100 in chips) 
Seat 3: gig.gyty ($124.49 in chips) 
Seat 4: easy_sarcasm ($106.68 in chips) 
Seat 5: chinokevin13 ($110.10 in chips) 
Seat 6: blackmoney05 ($90.04 in chips) 
gig.gyty: posts small blind $0.50
easy_sarcasm: posts big blind $1
*** HOLE CARDS ***
chinokevin13: folds 
blackmoney05: raises $1 to $2
Pippa83: raises $5 to $7
tintin641: folds 
gig.gyty: folds 
easy_sarcasm: folds 
blackmoney05: calls $5
*** FLOP *** [9h Ad Jh]
blackmoney05: checks 
Pippa83: bets $3.68
blackmoney05: calls $3.68
*** TURN *** [9h Ad Jh] [5s]
blackmoney05: checks 
Pippa83: checks 
*** RIVER *** [9h Ad Jh 5s] [8d]
blackmoney05: bets $3
Pippa83: folds 
Uncalled bet ($3) returned to blackmoney05
blackmoney05 collected $21.72 from pot
*** SUMMARY ***
Total pot $22.86 | Rake $1.14 
Board [9h Ad Jh 5s 8d]
Seat 1: Pippa83 folded on the River
Seat 2: tintin641 (button) folded before Flop (didn't bet)
Seat 3: gig.gyty (small blind) folded before Flop
Seat 4: easy_sarcasm (big blind) folded before Flop
Seat 5: chinokevin13 folded before Flop (didn't bet)
Seat 6: blackmoney05 collected ($21.72)



PokerStars Hand #254702797411:  Hold'em No Limit ($0.50/$1.00 USD) - 2025/02/04 14:50:49 WET [2025/02/04 9:50:49 ET]
Table 'Gyas II' 6-max Seat #3 is the button
Seat 1: Pippa83 ($100 in chips) 
Seat 2: tintin641 ($100 in chips) 
Seat 3: gig.gyty ($123.99 in chips) 
Seat 4: easy_sarcasm ($105.68 in chips) 
Seat 5: chinokevin13 ($110.10 in chips) 
Seat 6: blackmoney05 ($101.08 in chips) 
easy_sarcasm: posts small blind $0.50
chinokevin13: posts big blind $1
*** HOLE CARDS ***
blackmoney05: folds 
Pippa83: folds 
tintin641: folds 
gig.gyty: raises $1.50 to $2.50
easy_sarcasm: folds 
blackmoney05 leaves the table
chinokevin13: calls $1.50
*** FLOP *** [2s Ac 6h]
Pippa83 leaves the table
chinokevin13: checks 
gig.gyty: bets $1.72
chinokevin13: calls $1.72
*** TURN *** [2s Ac 6h] [6d]
chinokevin13: checks 
Quahrino joins the table at seat #6 
gig.gyty: bets $2.80
chinokevin13: raises $12.20 to $15
gig.gyty: folds 
Uncalled bet ($12.20) returned to chinokevin13
chinokevin13 collected $13.81 from pot
chinokevin13: doesn't show hand 
*** SUMMARY ***
Total pot $14.54 | Rake $0.73 
Board [2s Ac 6h 6d]
Seat 1: Pippa83 folded before Flop (didn't bet)
Seat 2: tintin641 folded before Flop (didn't bet)
Seat 3: gig.gyty (button) folded on the Turn
Seat 4: easy_sarcasm (small blind) folded before Flop
Seat 5: chinokevin13 (big blind) collected ($13.81)
Seat 6: blackmoney05 folded before Flop (didn't bet)



PokerStars Hand #254702814186:  Hold'em No Limit ($0.50/$1.00 USD) - 2025/02/04 14:52:19 WET [2025/02/04 9:52:19 ET]
Table 'Gyas II' 6-max Seat #4 is the button
Seat 2: tintin641 ($100 in chips) 
Seat 3: gig.gyty ($116.97 in chips) 
Seat 4: easy_sarcasm ($105.18 in chips) 
Seat 5: chinokevin13 ($116.89 in chips) 
Seat 6: Quahrino ($100 in chips) 
chinokevin13: posts small blind $0.50
Quahrino: posts big blind $1
*** HOLE CARDS ***
tintin641: folds 
gig.gyty: folds 
easy_sarcasm: raises $1.20 to $2.20
chinokevin13: folds 
Quahrino: calls $1.20
*** FLOP *** [Ts Qs 7d]
Quahrino: checks 
easy_sarcasm: bets $2
Quahrino: calls $2
*** TURN *** [Ts Qs 7d] [2d]
avstero joins the table at seat #1 
Quahrino: checks 
easy_sarcasm: bets $6.50
Quahrino: calls $6.50
*** RIVER *** [Ts Qs 7d 2d] [6s]
Quahrino: checks 
easy_sarcasm: checks 
*** SHOW DOWN ***
Quahrino: shows [Qh Jc] (a pair of Queens)
easy_sarcasm: mucks hand 
Quahrino collected $20.80 from pot
*** SUMMARY ***
Total pot $21.90 | Rake $1.10 
Board [Ts Qs 7d 2d 6s]
Seat 2: tintin641 folded before Flop (didn't bet)
Seat 3: gig.gyty folded before Flop (didn't bet)
Seat 4: easy_sarcasm (button) mucked
Seat 5: chinokevin13 (small blind) folded before Flop
Seat 6: Quahrino (big blind) showed [Qh Jc] and won ($20.80) with a pair of Queens



PokerStars Hand #254702825041:  Hold'em No Limit ($0.50/$1.00 USD) - 2025/02/04 14:53:16 WET [2025/02/04 9:53:16 ET]
Table 'Gyas II' 6-max Seat #5 is the button
Seat 1: avstero ($100 in chips) 
Seat 2: tintin641 ($100 in chips) 
Seat 3: gig.gyty ($116.97 in chips) 
Seat 4: easy_sarcasm ($100 in chips) 
Seat 5: chinokevin13 ($116.39 in chips) 
Seat 6: Quahrino ($110.10 in chips) 
Quahrino: posts small blind $0.50
avstero: posts big blind $1
*** HOLE CARDS ***
tintin641: folds 
gig.gyty: folds 
easy_sarcasm: folds 
chinokevin13: folds 
Quahrino: folds 
Uncalled bet ($0.50) returned to avstero
avstero collected $1 from pot
avstero: doesn't show hand 
*** SUMMARY ***
Total pot $1 | Rake $0 
Seat 1: avstero (big blind) collected ($1)
Seat 2: tintin641 folded before Flop (didn't bet)
Seat 3: gig.gyty folded before Flop (didn't bet)
Seat 4: easy_sarcasm folded before Flop (didn't bet)
Seat 5: chinokevin13 (button) folded before Flop (didn't bet)
Seat 6: Quahrino (small blind) folded before Flop



PokerStars Hand #254702849001:  Hold'em No Limit ($0.50/$1.00 USD) - 2025/02/04 14:55:27 WET [2025/02/04 9:55:27 ET]
Table 'Gyas II' 6-max Seat #2 is the button
Seat 2: jav94 ($17.89 in chips) 
Seat 6: Quahrino ($108.10 in chips) 
jav94: posts small blind $0.50
Quahrino: posts big blind $1
*** HOLE CARDS ***
jav94: calls $0.50
Quahrino: checks 
*** FLOP *** [2s Tc 3c]
Quahrino: checks 
jav94: checks 
*** TURN *** [2s Tc 3c] [7c]
Quahrino: checks 
jav94: checks 
*** RIVER *** [2s Tc 3c 7c] [4d]
Quahrino: checks 
Mr_Dick666 joins the table at seat #3 
jav94: checks 
*** SHOW DOWN ***
Quahrino: shows [Ks 5d] (high card King)
jav94: shows [Ah 9c] (high card Ace)
jav94 collected $1.90 from pot
*** SUMMARY ***
Total pot $2 | Rake $0.10 
Board [2s Tc 3c 7c 4d]
Seat 2: jav94 (button) (small blind) showed [Ah 9c] and won ($1.90) with high card Ace
Seat 6: Quahrino (big blind) showed [Ks 5d] and lost with high card King



PokerStars Hand #254702854519:  Hold'em No Limit ($0.50/$1.00 USD) - 2025/02/04 14:56:04 WET [2025/02/04 9:56:04 ET]
Table 'Gyas II' 6-max Seat #6 is the button
Seat 2: jav94 ($18.79 in chips) 
Seat 3: Mr_Dick666 ($100 in chips) 
Seat 6: Quahrino ($107.10 in chips) 
jav94: posts small blind $0.50
Mr_Dick666: posts big blind $1
*** HOLE CARDS ***
Quahrino: raises $1.50 to $2.50
jav94: folds 
Mr_Dick666: folds 
Uncalled bet ($1.50) returned to Quahrino
Quahrino collected $2.50 from pot
Quahrino: doesn't show hand 
*** SUMMARY ***
Total pot $2.50 | Rake $0 
Seat 2: jav94 (small blind) folded before Flop
Seat 3: Mr_Dick666 (big blind) folded before Flop
Seat 6: Quahrino (button) collected ($2.50)



PokerStars Hand #254702856173:  Hold'em No Limit ($0.50/$1.00 USD) - 2025/02/04 14:56:15 WET [2025/02/04 9:56:15 ET]
Table 'Gyas II' 6-max Seat #2 is the button
Seat 2: jav94 ($18.29 in chips) 
Seat 3: Mr_Dick666 ($100 in chips) 
Seat 6: Quahrino ($108.60 in chips) 
Mr_Dick666: posts small blind $0.50
Quahrino: posts big blind $1
*** HOLE CARDS ***
jav94: raises $1 to $2
avstero joins the table at seat #4 
Mr_Dick666: folds 
Quahrino: raises $106.60 to $108.60 and is all-in
jav94: folds 
Uncalled bet ($106.60) returned to Quahrino
Quahrino collected $4.50 from pot
Quahrino: doesn't show hand 
*** SUMMARY ***
Total pot $4.50 | Rake $0 
Seat 2: jav94 (button) folded before Flop
Seat 3: Mr_Dick666 (small blind) folded before Flop
Seat 6: Quahrino (big blind) collected ($4.50)



PokerStars Hand #254702858958:  Hold'em No Limit ($0.50/$1.00 USD) - 2025/02/04 14:56:33 WET [2025/02/04 9:56:33 ET]
Table 'Gyas II' 6-max Seat #3 is the button
Seat 4: avstero ($102.93 in chips) is sitting out
Seat 2: jav94 ($16.29 in chips) 
Seat 3: Mr_Dick666 ($100 in chips) 
Seat 6: Quahrino ($111.10 in chips) 
Quahrino: posts small blind $0.50
jav94: posts big blind $1
*** HOLE CARDS ***
Mr_Dick666: raises $1.50 to $2.50
Quahrino: raises $8.50 to $11
jav94: folds 
Mr_Dick666: folds 
Uncalled bet ($8.50) returned to Quahrino
Quahrino collected $6 from pot
Quahrino: doesn't show hand 
*** SUMMARY ***
Total pot $6 | Rake $0 
Seat 4: avstero
Seat 2: jav94 (big blind) folded before Flop
Seat 3: Mr_Dick666 (button) folded before Flop
Seat 6: Quahrino (small blind) collected ($6)



PokerStars Hand #254702861775:  Hold'em No Limit ($0.50/$1.00 USD) - 2025/02/04 14:56:52 WET [2025/02/04 9:56:52 ET]
Table 'Gyas II' 6-max Seat #6 is the button
Seat 4: avstero ($102.93 in chips) is sitting out
Seat 2: jav94 ($15.29 in chips) 
Seat 3: Mr_Dick666 ($100 in chips) 
Seat 6: Quahrino ($114.60 in chips) 
jav94: posts small blind $0.50
Mr_Dick666: posts big blind $1
avstero: sits out 
*** HOLE CARDS ***
Quahrino: raises $1.50 to $2.50
jav94: folds 
Mr_Dick666: raises $9.50 to $12
Quahrino: calls $9.50
*** FLOP *** [7c 7h 8s]
Mr_Dick666: bets $11.75
Quahrino: folds 
Uncalled bet ($11.75) returned to Mr_Dick666
Mr_Dick666 collected $23.50 from pot
Mr_Dick666: doesn't show hand 
*** SUMMARY ***
Total pot $24.50 | Rake $1 
Board [7c 7h 8s]
Seat 4: avstero
Seat 2: jav94 (small blind) folded before Flop
Seat 3: Mr_Dick666 (big blind) collected ($23.50)
Seat 6: Quahrino (button) folded on the Flop



PokerStars Hand #254702867114:  Hold'em No Limit ($0.50/$1.00 USD) - 2025/02/04 14:57:26 WET [2025/02/04 9:57:26 ET]
Table 'Gyas II' 6-max Seat #2 is the button
Seat 2: jav94 ($14.79 in chips) 
Seat 3: Mr_Dick666 ($111.50 in chips) 
Seat 4: avstero ($102.93 in chips) 
Seat 6: Quahrino ($102.60 in chips) 
Mr_Dick666: posts small blind $0.50
avstero: posts big blind $1
*** HOLE CARDS ***
Quahrino: folds 
jav94: folds 
Mr_Dick666: folds 
Uncalled bet ($0.50) returned to avstero
avstero collected $1 from pot
avstero: doesn't show hand 
*** SUMMARY ***
Total pot $1 | Rake $0 
Seat 2: jav94 (button) folded before Flop (didn't bet)
Seat 3: Mr_Dick666 (small blind) folded before Flop
Seat 4: avstero (big blind) collected ($1)
Seat 6: Quahrino folded before Flop (didn't bet)



PokerStars Hand #254702868452:  Hold'em No Limit ($0.50/$1.00 USD) - 2025/02/04 14:57:35 WET [2025/02/04 9:57:35 ET]
Table 'Gyas II' 6-max Seat #3 is the button
Seat 2: jav94 ($14.79 in chips) 
Seat 3: Mr_Dick666 ($111 in chips) 
Seat 4: avstero ($103.43 in chips) 
Seat 6: Quahrino ($102.60 in chips) 
avstero: posts small blind $0.50
Quahrino: posts big blind $1
*** HOLE CARDS ***
jav94: calls $1
Mr_Dick666: folds 
avstero: calls $0.50
Quahrino: checks 
*** FLOP *** [7s Qh Ac]
avstero: checks 
Quahrino: checks 
jav94: bets $1
avstero: calls $1
Quahrino: folds 
*** TURN *** [7s Qh Ac] [8c]
avstero: checks 
jav94: checks 
*** RIVER *** [7s Qh Ac 8c] [5s]
avstero: checks 
jav94: bets $2
avstero: calls $2
*** SHOW DOWN ***
jav94: shows [Qd Tc] (a pair of Queens)
avstero: shows [2h Ad] (a pair of Aces)
avstero collected $8.55 from pot
*** SUMMARY ***
Total pot $9 | Rake $0.45 
Board [7s Qh Ac 8c 5s]
Seat 2: jav94 showed [Qd Tc] and lost with a pair of Queens
Seat 3: Mr_Dick666 (button) folded before Flop (didn't bet)
Seat 4: avstero (small blind) showed [2h Ad] and won ($8.55) with a pair of Aces
Seat 6: Quahrino (big blind) folded on the Flop



PokerStars Hand #254702880233:  Hold'em No Limit ($0.50/$1.00 USD) - 2025/02/04 14:58:52 WET [2025/02/04 9:58:52 ET]
Table 'Gyas II' 6-max Seat #4 is the button
Seat 2: jav94 ($10.79 in chips) 
Seat 3: Mr_Dick666 ($111 in chips) 
Seat 4: avstero ($107.98 in chips) 
Seat 6: Quahrino ($101.60 in chips) 
Quahrino: posts small blind $0.50
jav94: posts big blind $1
*** HOLE CARDS ***
Mr_Dick666: folds 
avstero: folds 
Quahrino: raises $2 to $3
jav94: raises $7.79 to $10.79 and is all-in
Quahrino: calls $7.79
*** FLOP *** [Kh Td 9h]
*** TURN *** [Kh Td 9h] [Ks]
*** RIVER *** [Kh Td 9h Ks] [5c]
*** SHOW DOWN ***
Quahrino: shows [Ad 6d] (a pair of Kings)
jav94: shows [Ts Th] (a full house, Tens full of Kings)
jav94 collected $20.58 from pot
*** SUMMARY ***
Total pot $21.58 | Rake $1 
Board [Kh Td 9h Ks 5c]
Seat 2: jav94 (big blind) showed [Ts Th] and won ($20.58) with a full house, Tens full of Kings
Seat 3: Mr_Dick666 folded before Flop (didn't bet)
Seat 4: avstero (button) folded before Flop (didn't bet)
Seat 6: Quahrino (small blind) showed [Ad 6d] and lost with a pair of Kings



PokerStars Hand #254702883646:  Hold'em No Limit ($0.50/$1.00 USD) - 2025/02/04 14:59:14 WET [2025/02/04 9:59:14 ET]
Table 'Gyas II' 6-max Seat #6 is the button
Seat 2: jav94 ($20.58 in chips) 
Seat 3: Mr_Dick666 ($111 in chips) 
Seat 4: avstero ($107.98 in chips) 
Seat 6: Quahrino ($100 in chips) 
jav94: posts small blind $0.50
Mr_Dick666: posts big blind $1
*** HOLE CARDS ***
avstero: folds 
Quahrino: folds 
jav94: folds 
Uncalled bet ($0.50) returned to Mr_Dick666
Mr_Dick666 collected $1 from pot
Mr_Dick666: doesn't show hand 
*** SUMMARY ***
Total pot $1 | Rake $0 
Seat 2: jav94 (small blind) folded before Flop
Seat 3: Mr_Dick666 (big blind) collected ($1)
Seat 4: avstero folded before Flop (didn't bet)
Seat 6: Quahrino (button) folded before Flop (didn't bet)



PokerStars Hand #254702885779:  Hold'em No Limit ($0.50/$1.00 USD) - 2025/02/04 14:59:28 WET [2025/02/04 9:59:28 ET]
Table 'Gyas II' 6-max Seat #2 is the button
Seat 2: jav94 ($20.08 in chips) 
Seat 3: Mr_Dick666 ($111.50 in chips) 
Seat 4: avstero ($107.98 in chips) 
Seat 6: Quahrino ($100 in chips) 
Mr_Dick666: posts small blind $0.50
avstero: posts big blind $1
*** HOLE CARDS ***
Quahrino: folds 
jav94: folds 
Mr_Dick666: folds 
Uncalled bet ($0.50) returned to avstero
avstero collected $1 from pot
avstero: doesn't show hand 
*** SUMMARY ***
Total pot $1 | Rake $0 
Seat 2: jav94 (button) folded before Flop (didn't bet)
Seat 3: Mr_Dick666 (small blind) folded before Flop
Seat 4: avstero (big blind) collected ($1)
Seat 6: Quahrino folded before Flop (didn't bet)



PokerStars Hand #254702887790:  Hold'em No Limit ($0.50/$1.00 USD) - 2025/02/04 14:59:41 WET [2025/02/04 9:59:41 ET]
Table 'Gyas II' 6-max Seat #3 is the button
Seat 2: jav94 ($20.08 in chips) 
Seat 3: Mr_Dick666 ($111 in chips) 
Seat 4: avstero ($108.48 in chips) 
Seat 6: Quahrino ($100 in chips) 
avstero: posts small blind $0.50
Quahrino: posts big blind $1
*** HOLE CARDS ***
jav94: folds 
Mr_Dick666: folds 
avstero: folds 
Uncalled bet ($0.50) returned to Quahrino
Quahrino collected $1 from pot
Quahrino: doesn't show hand 
*** SUMMARY ***
Total pot $1 | Rake $0 
Seat 2: jav94 folded before Flop (didn't bet)
Seat 3: Mr_Dick666 (button) folded before Flop (didn't bet)
Seat 4: avstero (small blind) folded before Flop
Seat 6: Quahrino (big blind) collected ($1)



PokerStars Hand #254702891185:  Hold'em No Limit ($0.50/$1.00 USD) - 2025/02/04 15:00:02 WET [2025/02/04 10:00:02 ET]
Table 'Gyas II' 6-max Seat #4 is the button
Seat 2: jav94 ($20.08 in chips) 
Seat 3: Mr_Dick666 ($111 in chips) 
Seat 4: avstero ($107.98 in chips) 
Seat 6: Quahrino ($100.50 in chips) 
Quahrino: posts small blind $0.50
jav94: posts big blind $1
*** HOLE CARDS ***
Mr_Dick666: folds 
avstero: folds 
Quahrino: folds 
Uncalled bet ($0.50) returned to jav94
jav94 collected $1 from pot
*** SUMMARY ***
Total pot $1 | Rake $0 
Seat 2: jav94 (big blind) collected ($1)
Seat 3: Mr_Dick666 folded before Flop (didn't bet)
Seat 4: avstero (button) folded before Flop (didn't bet)
Seat 6: Quahrino (small blind) folded before Flop



PokerStars Hand #254702892388:  Hold'em No Limit ($0.50/$1.00 USD) - 2025/02/04 15:00:10 WET [2025/02/04 10:00:10 ET]
Table 'Gyas II' 6-max Seat #6 is the button
Seat 2: jav94 ($20.58 in chips) 
Seat 3: Mr_Dick666 ($111 in chips) 
Seat 4: avstero ($107.98 in chips) 
Seat 6: Quahrino ($100 in chips) 
jav94: posts small blind $0.50
Mr_Dick666: posts big blind $1
*** HOLE CARDS ***
avstero: raises $1.20 to $2.20
Quahrino: folds 
jav94: calls $1.70
Mr_Dick666: folds 
*** FLOP *** [9c 9h 4d]
jav94: checks 
avstero: bets $1.88
jav94: calls $1.88
*** TURN *** [9c 9h 4d] [4s]
jav94: checks 
avstero: bets $3.20
jav94: calls $3.20
*** RIVER *** [9c 9h 4d 4s] [Jh]
jav94: checks 
avstero: checks 
*** SHOW DOWN ***
jav94: shows [Tc Ad] (two pair, Nines and Fours)
avstero: shows [Ah Kc] (two pair, Nines and Fours)
jav94 collected $7.39 from pot
avstero collected $7.39 from pot
*** SUMMARY ***
Total pot $15.56 | Rake $0.78 
Board [9c 9h 4d 4s Jh]
Seat 2: jav94 (small blind) showed [Tc Ad] and won ($7.39) with two pair, Nines and Fours
Seat 3: Mr_Dick666 (big blind) folded before Flop
Seat 4: avstero showed [Ah Kc] and won ($7.39) with two pair, Nines and Fours
Seat 6: Quahrino (button) folded before Flop (didn't bet)



PokerStars Hand #254702902440:  Hold'em No Limit ($0.50/$1.00 USD) - 2025/02/04 15:01:09 WET [2025/02/04 10:01:09 ET]
Table 'Gyas II' 6-max Seat #2 is the button
Seat 2: jav94 ($20.69 in chips) 
Seat 3: Mr_Dick666 ($110 in chips) 
Seat 4: avstero ($108.09 in chips) 
Seat 6: Quahrino ($100 in chips) 
Mr_Dick666: posts small blind $0.50
avstero: posts big blind $1
*** HOLE CARDS ***
Quahrino: folds 
jav94: folds 
Mr_Dick666: folds 
Uncalled bet ($0.50) returned to avstero
sta$igk joins the table at seat #5 
avstero collected $1 from pot
avstero: doesn't show hand 
*** SUMMARY ***
Total pot $1 | Rake $0 
Seat 2: jav94 (button) folded before Flop (didn't bet)
Seat 3: Mr_Dick666 (small blind) folded before Flop
Seat 4: avstero (big blind) collected ($1)
Seat 6: Quahrino folded before Flop (didn't bet)



PokerStars Hand #254702904293:  Hold'em No Limit ($0.50/$1.00 USD) - 2025/02/04 15:01:19 WET [2025/02/04 10:01:19 ET]
Table 'Gyas II' 6-max Seat #3 is the button
Seat 2: jav94 ($20.69 in chips) 
Seat 3: Mr_Dick666 ($109.50 in chips) 
Seat 4: avstero ($108.59 in chips) 
Seat 5: sta$igk ($100 in chips) 
Seat 6: Quahrino ($100 in chips) 
avstero: posts small blind $0.50
sta$igk: posts big blind $1
*** HOLE CARDS ***
Quahrino: folds 
jav94: raises $1 to $2
Mr_Dick666: raises $3 to $5
avstero: folds 
sta$igk: folds 
jav94: calls $3
*** FLOP *** [3h 7c 4d]
jav94: checks 
Mr_Dick666: bets $5.46
jav94: folds 
Uncalled bet ($5.46) returned to Mr_Dick666
Mr_Dick666 collected $10.92 from pot
Mr_Dick666: doesn't show hand 
*** SUMMARY ***
Total pot $11.50 | Rake $0.58 
Board [3h 7c 4d]
Seat 2: jav94 folded on the Flop
Seat 3: Mr_Dick666 (button) collected ($10.92)
Seat 4: avstero (small blind) folded before Flop
Seat 5: sta$igk (big blind) folded before Flop
Seat 6: Quahrino folded before Flop (didn't bet)



PokerStars Hand #254702910912:  Hold'em No Limit ($0.50/$1.00 USD) - 2025/02/04 15:01:56 WET [2025/02/04 10:01:56 ET]
Table 'Gyas II' 6-max Seat #4 is the button
Seat 2: jav94 ($15.69 in chips) 
Seat 3: Mr_Dick666 ($115.42 in chips) 
Seat 4: avstero ($108.09 in chips) 
Seat 5: sta$igk ($100 in chips) 
Seat 6: Quahrino ($100 in chips) 
sta$igk: posts small blind $0.50
Quahrino: posts big blind $1
*** HOLE CARDS ***
jav94: folds 
Mr_Dick666: folds 
avstero: raises $1.20 to $2.20
sta$igk: folds 
Quahrino: folds 
Uncalled bet ($1.20) returned to avstero
avstero collected $2.50 from pot
avstero: doesn't show hand 
*** SUMMARY ***
Total pot $2.50 | Rake $0 
Seat 2: jav94 folded before Flop (didn't bet)
Seat 3: Mr_Dick666 folded before Flop (didn't bet)
Seat 4: avstero (button) collected ($2.50)
Seat 5: sta$igk (small blind) folded before Flop
Seat 6: Quahrino (big blind) folded before Flop



PokerStars Hand #254702913707:  Hold'em No Limit ($0.50/$1.00 USD) - 2025/02/04 15:02:10 WET [2025/02/04 10:02:10 ET]
Table 'Gyas II' 6-max Seat #5 is the button
Seat 2: jav94 ($15.69 in chips) 
Seat 3: Mr_Dick666 ($115.42 in chips) 
Seat 4: avstero ($109.59 in chips) 
Seat 5: sta$igk ($100 in chips) 
Seat 6: Quahrino ($100 in chips) 
Quahrino: posts small blind $0.50
jav94: posts big blind $1
*** HOLE CARDS ***
Mr_Dick666: raises $1 to $2
avstero: folds 
sta$igk: folds 
Quahrino: folds 
jav94: calls $1
*** FLOP *** [9c 3s Jh]
ka100pka527 joins the table at seat #1 
jav94: checks 
Mr_Dick666: checks 
*** TURN *** [9c 3s Jh] [5c]
jav94: checks 
Mr_Dick666: bets $3.21
jav94: raises $10.48 to $13.69 and is all-in
Mr_Dick666: calls $10.48
*** RIVER *** [9c 3s Jh 5c] [Jd]
*** SHOW DOWN ***
jav94: shows [Ah 9s] (two pair, Jacks and Nines)
Mr_Dick666: shows [Ac 4c] (a pair of Jacks)
jav94 collected $30.29 from pot
*** SUMMARY ***
Total pot $31.88 | Rake $1.59 
Board [9c 3s Jh 5c Jd]
Seat 2: jav94 (big blind) showed [Ah 9s] and won ($30.29) with two pair, Jacks and Nines
Seat 3: Mr_Dick666 showed [Ac 4c] and lost with a pair of Jacks
Seat 4: avstero folded before Flop (didn't bet)
Seat 5: sta$igk (button) folded before Flop (didn't bet)
Seat 6: Quahrino (small blind) folded before Flop



PokerStars Hand #254702923579:  Hold'em No Limit ($0.50/$1.00 USD) - 2025/02/04 15:03:04 WET [2025/02/04 10:03:04 ET]
Table 'Gyas II' 6-max Seat #6 is the button
Seat 1: ka100pka527 ($100 in chips) is sitting out
Seat 2: jav94 ($30.29 in chips) 
Seat 3: Mr_Dick666 ($100 in chips) 
Seat 4: avstero ($109.59 in chips) 
Seat 5: sta$igk ($100 in chips) 
Seat 6: Quahrino ($100 in chips) 
jav94: posts small blind $0.50
Mr_Dick666: posts big blind $1
*** HOLE CARDS ***
avstero: folds 
sta$igk: raises $1.50 to $2.50
Quahrino: folds 
jav94: folds 
Mr_Dick666: folds 
Uncalled bet ($1.50) returned to sta$igk
sta$igk collected $2.50 from pot
sta$igk: doesn't show hand 
*** SUMMARY ***
Total pot $2.50 | Rake $0 
Seat 1: ka100pka527
Seat 2: jav94 (small blind) folded before Flop
Seat 3: Mr_Dick666 (big blind) folded before Flop
Seat 4: avstero folded before Flop (didn't bet)
Seat 5: sta$igk collected ($2.50)
Seat 6: Quahrino (button) folded before Flop (didn't bet)



PokerStars Hand #254702926325:  Hold'em No Limit ($0.50/$1.00 USD) - 2025/02/04 15:03:18 WET [2025/02/04 10:03:18 ET]
Table 'Gyas II' 6-max Seat #2 is the button
Seat 1: ka100pka527 ($100 in chips) is sitting out
Seat 2: jav94 ($29.79 in chips) 
Seat 3: Mr_Dick666 ($100 in chips) 
Seat 4: avstero ($109.59 in chips) 
Seat 5: sta$igk ($101.50 in chips) 
Seat 6: Quahrino ($100 in chips) 
Mr_Dick666: posts small blind $0.50
avstero: posts big blind $1
ka100pka527: sits out 
*** HOLE CARDS ***
sta$igk: folds 
Quahrino: raises $1.30 to $2.30
jav94 is disconnected 
jav94 has timed out while disconnected
jav94: folds 
Mr_Dick666: raises $9.20 to $11.50
avstero: folds 
Quahrino: calls $9.20
*** FLOP *** [3h Js Jh]
Mr_Dick666: bets $5.70
Quahrino: calls $5.70
*** TURN *** [3h Js Jh] [3s]
Mr_Dick666: checks 
Quahrino: bets $8.41
Mr_Dick666: folds 
Uncalled bet ($8.41) returned to Quahrino
Quahrino collected $33.63 from pot
Quahrino: doesn't show hand 
*** SUMMARY ***
Total pot $35.40 | Rake $1.77 
Board [3h Js Jh 3s]
Seat 1: ka100pka527
Seat 2: jav94 (button) folded before Flop (didn't bet)
Seat 3: Mr_Dick666 (small blind) folded on the Turn
Seat 4: avstero (big blind) folded before Flop
Seat 5: sta$igk folded before Flop (didn't bet)
Seat 6: Quahrino collected ($33.63)



PokerStars Hand #254702942863:  Hold'em No Limit ($0.50/$1.00 USD) - 2025/02/04 15:04:48 WET [2025/02/04 10:04:48 ET]
Table 'Gyas II' 6-max Seat #3 is the button
Seat 1: ka100pka527 ($100 in chips) is sitting out
Seat 2: jav94 ($29.79 in chips) 
Seat 3: Mr_Dick666 ($100 in chips) 
Seat 4: avstero ($108.59 in chips) 
Seat 5: sta$igk ($101.50 in chips) 
Seat 6: Quahrino ($116.43 in chips) 
avstero: posts small blind $0.50
sta$igk: posts big blind $1
ka100pka527: sits out 
*** HOLE CARDS ***
Quahrino: folds 
jav94: folds 
Mr_Dick666: folds 
avstero: raises $1.80 to $2.80
sta$igk: raises $6.20 to $9
avstero: folds 
Uncalled bet ($6.20) returned to sta$igk
sta$igk collected $5.60 from pot
sta$igk: doesn't show hand 
*** SUMMARY ***
Total pot $5.60 | Rake $0 
Seat 1: ka100pka527
Seat 2: jav94 folded before Flop (didn't bet)
Seat 3: Mr_Dick666 (button) folded before Flop (didn't bet)
Seat 4: avstero (small blind) folded before Flop
Seat 5: sta$igk (big blind) collected ($5.60)
Seat 6: Quahrino folded before Flop (didn't bet)



PokerStars Hand #254702948998:  Hold'em No Limit ($0.50/$1.00 USD) - 2025/02/04 15:05:20 WET [2025/02/04 10:05:20 ET]
Table 'Gyas II' 6-max Seat #4 is the button
Seat 1: ka100pka527 ($100 in chips) is sitting out
Seat 2: jav94 ($29.79 in chips) 
Seat 3: Mr_Dick666 ($100 in chips) 
Seat 4: avstero ($105.79 in chips) 
Seat 5: sta$igk ($104.30 in chips) 
Seat 6: Quahrino ($116.43 in chips) 
sta$igk: posts small blind $0.50
Quahrino: posts big blind $1
ka100pka527: sits out 
*** HOLE CARDS ***
jav94: calls $1
Mr_Dick666: folds 
avstero: folds 
sta$igk: folds 
Quahrino: raises $3 to $4
jav94: calls $3
*** FLOP *** [Jh Kh Ah]
Quahrino: bets $2.02
jav94: folds 
Uncalled bet ($2.02) returned to Quahrino
Quahrino collected $8.08 from pot
Quahrino: doesn't show hand 
*** SUMMARY ***
Total pot $8.50 | Rake $0.42 
Board [Jh Kh Ah]
Seat 1: ka100pka527
Seat 2: jav94 folded on the Flop
Seat 3: Mr_Dick666 folded before Flop (didn't bet)
Seat 4: avstero (button) folded before Flop (didn't bet)
Seat 5: sta$igk (small blind) folded before Flop
Seat 6: Quahrino (big blind) collected ($8.08)



PokerStars Hand #254702957322:  Hold'em No Limit ($0.50/$1.00 USD) - 2025/02/04 15:06:04 WET [2025/02/04 10:06:04 ET]
Table 'Gyas II' 6-max Seat #5 is the button
Seat 1: ka100pka527 ($100 in chips) 
Seat 2: jav94 ($25.79 in chips) 
Seat 3: Mr_Dick666 ($100 in chips) 
Seat 4: avstero ($105.79 in chips) 
Seat 5: sta$igk ($103.80 in chips) 
Seat 6: Quahrino ($120.51 in chips) 
Quahrino: posts small blind $0.50
ka100pka527: posts big blind $1
*** HOLE CARDS ***
jav94: folds 
Mr_Dick666: folds 
avstero: folds 
sta$igk: folds 
Quahrino: raises $2 to $3
ka100pka527: folds 
Uncalled bet ($2) returned to Quahrino
Quahrino collected $2 from pot
Quahrino: doesn't show hand 
Mr_Dick666 leaves the table
*** SUMMARY ***
Total pot $2 | Rake $0 
Seat 1: ka100pka527 (big blind) folded before Flop
Seat 2: jav94 folded before Flop (didn't bet)
Seat 3: Mr_Dick666 folded before Flop (didn't bet)
Seat 4: avstero folded before Flop (didn't bet)
Seat 5: sta$igk (button) folded before Flop (didn't bet)
Seat 6: Quahrino (small blind) collected ($2)



PokerStars Hand #254702960654:  Hold'em No Limit ($0.50/$1.00 USD) - 2025/02/04 15:06:22 WET [2025/02/04 10:06:22 ET]
Table 'Gyas II' 6-max Seat #6 is the button
Seat 1: ka100pka527 ($100 in chips) 
Seat 2: jav94 ($25.79 in chips) 
Seat 4: avstero ($105.79 in chips) 
Seat 5: sta$igk ($103.80 in chips) 
Seat 6: Quahrino ($121.51 in chips) 
ka100pka527: posts small blind $0.50
jav94: posts big blind $1
*** HOLE CARDS ***
avstero: folds 
sta$igk: folds 
Quahrino: folds 
gig.gyty joins the table at seat #3 
ka100pka527: raises $1.50 to $2.50
jav94: folds 
Uncalled bet ($1.50) returned to ka100pka527
ka100pka527 collected $2 from pot
ka100pka527: doesn't show hand 
*** SUMMARY ***
Total pot $2 | Rake $0 
Seat 1: ka100pka527 (small blind) collected ($2)
Seat 2: jav94 (big blind) folded before Flop
Seat 4: avstero folded before Flop (didn't bet)
Seat 5: sta$igk folded before Flop (didn't bet)
Seat 6: Quahrino (button) folded before Flop (didn't bet)



PokerStars Hand #254702962192:  Hold'em No Limit ($0.50/$1.00 USD) - 2025/02/04 15:06:31 WET [2025/02/04 10:06:31 ET]
Table 'Gyas II' 6-max Seat #1 is the button
Seat 1: ka100pka527 ($101 in chips) 
Seat 2: jav94 ($24.79 in chips) 
Seat 3: gig.gyty ($116.97 in chips) 
Seat 4: avstero ($105.79 in chips) 
Seat 5: sta$igk ($103.80 in chips) 
Seat 6: Quahrino ($121.51 in chips) 
jav94: posts small blind $0.50
gig.gyty: posts big blind $1
*** HOLE CARDS ***
avstero: folds 
sta$igk: folds 
Quahrino: raises $1.30 to $2.30
ka100pka527: folds 
jav94: folds 
gig.gyty: folds 
Uncalled bet ($1.30) returned to Quahrino
Quahrino collected $2.50 from pot
Quahrino: doesn't show hand 
*** SUMMARY ***
Total pot $2.50 | Rake $0 
Seat 1: ka100pka527 (button) folded before Flop (didn't bet)
Seat 2: jav94 (small blind) folded before Flop
Seat 3: gig.gyty (big blind) folded before Flop
Seat 4: avstero folded before Flop (didn't bet)
Seat 5: sta$igk folded before Flop (didn't bet)
Seat 6: Quahrino collected ($2.50)



PokerStars Hand #254702964568:  Hold'em No Limit ($0.50/$1.00 USD) - 2025/02/04 15:06:43 WET [2025/02/04 10:06:43 ET]
Table 'Gyas II' 6-max Seat #2 is the button
Seat 1: ka100pka527 ($101 in chips) 
Seat 2: jav94 ($24.29 in chips) 
Seat 3: gig.gyty ($115.97 in chips) 
Seat 4: avstero ($105.79 in chips) 
Seat 5: sta$igk ($103.80 in chips) 
Seat 6: Quahrino ($123.01 in chips) 
gig.gyty: posts small blind $0.50
avstero: posts big blind $1
*** HOLE CARDS ***
sta$igk: folds 
Quahrino: folds 
ka100pka527: folds 
jav94: folds 
gig.gyty: folds 
Uncalled bet ($0.50) returned to avstero
avstero collected $1 from pot
avstero: doesn't show hand 
*** SUMMARY ***
Total pot $1 | Rake $0 
Seat 1: ka100pka527 folded before Flop (didn't bet)
Seat 2: jav94 (button) folded before Flop (didn't bet)
Seat 3: gig.gyty (small blind) folded before Flop
Seat 4: avstero (big blind) collected ($1)
Seat 5: sta$igk folded before Flop (didn't bet)
Seat 6: Quahrino folded before Flop (didn't bet)



PokerStars Hand #254702966888:  Hold'em No Limit ($0.50/$1.00 USD) - 2025/02/04 15:06:56 WET [2025/02/04 10:06:56 ET]
Table 'Gyas II' 6-max Seat #3 is the button
Seat 1: ka100pka527 ($101 in chips) 
Seat 2: jav94 ($24.29 in chips) 
Seat 3: gig.gyty ($115.47 in chips) 
Seat 4: avstero ($106.29 in chips) 
Seat 5: sta$igk ($103.80 in chips) 
Seat 6: Quahrino ($123.01 in chips) 
avstero: posts small blind $0.50
sta$igk: posts big blind $1
*** HOLE CARDS ***
Quahrino: folds 
ka100pka527: folds 
jav94: calls $1
gig.gyty: raises $2.50 to $3.50
avstero: folds 
sta$igk: folds 
jav94: calls $2.50
*** FLOP *** [6d Jd 7c]
jav94: checks 
gig.gyty: bets $6.22
jav94: folds 
Uncalled bet ($6.22) returned to gig.gyty
gig.gyty collected $8.08 from pot
gig.gyty: doesn't show hand 
*** SUMMARY ***
Total pot $8.50 | Rake $0.42 
Board [6d Jd 7c]
Seat 1: ka100pka527 folded before Flop (didn't bet)
Seat 2: jav94 folded on the Flop
Seat 3: gig.gyty (button) collected ($8.08)
Seat 4: avstero (small blind) folded before Flop
Seat 5: sta$igk (big blind) folded before Flop
Seat 6: Quahrino folded before Flop (didn't bet)



PokerStars Hand #254702973443:  Hold'em No Limit ($0.50/$1.00 USD) - 2025/02/04 15:07:31 WET [2025/02/04 10:07:31 ET]
Table 'Gyas II' 6-max Seat #4 is the button
Seat 1: ka100pka527 ($101 in chips) 
Seat 2: jav94 ($20.79 in chips) 
Seat 3: gig.gyty ($120.05 in chips) 
Seat 4: avstero ($105.79 in chips) 
Seat 5: sta$igk ($102.80 in chips) 
Seat 6: Quahrino ($123.01 in chips) 
sta$igk: posts small blind $0.50
Quahrino: posts big blind $1
*** HOLE CARDS ***
ka100pka527: folds 
jav94: folds 
gig.gyty: folds 
avstero: folds 
sta$igk: folds 
Uncalled bet ($0.50) returned to Quahrino
Quahrino collected $1 from pot
Quahrino: doesn't show hand 
*** SUMMARY ***
Total pot $1 | Rake $0 
Seat 1: ka100pka527 folded before Flop (didn't bet)
Seat 2: jav94 folded before Flop (didn't bet)
Seat 3: gig.gyty folded before Flop (didn't bet)
Seat 4: avstero (button) folded before Flop (didn't bet)
Seat 5: sta$igk (small blind) folded before Flop
Seat 6: Quahrino (big blind) collected ($1)



PokerStars Hand #254702975977:  Hold'em No Limit ($0.50/$1.00 USD) - 2025/02/04 15:07:45 WET [2025/02/04 10:07:45 ET]
Table 'Gyas II' 6-max Seat #5 is the button
Seat 1: ka100pka527 ($101 in chips) 
Seat 2: jav94 ($20.79 in chips) 
Seat 3: gig.gyty ($120.05 in chips) 
Seat 4: avstero ($105.79 in chips) 
Seat 5: sta$igk ($102.30 in chips) 
Seat 6: Quahrino ($123.51 in chips) 
Quahrino: posts small blind $0.50
ka100pka527: posts big blind $1
*** HOLE CARDS ***
jav94: folds 
gig.gyty: folds 
avstero: folds 
sta$igk: raises $1.50 to $2.50
Quahrino: folds 
ka100pka527: folds 
Uncalled bet ($1.50) returned to sta$igk
sta$igk collected $2.50 from pot
sta$igk: doesn't show hand 
*** SUMMARY ***
Total pot $2.50 | Rake $0 
Seat 1: ka100pka527 (big blind) folded before Flop
Seat 2: jav94 folded before Flop (didn't bet)
Seat 3: gig.gyty folded before Flop (didn't bet)
Seat 4: avstero folded before Flop (didn't bet)
Seat 5: sta$igk (button) collected ($2.50)
Seat 6: Quahrino (small blind) folded before Flop



PokerStars Hand #254702980324:  Hold'em No Limit ($0.50/$1.00 USD) - 2025/02/04 15:08:08 WET [2025/02/04 10:08:08 ET]
Table 'Gyas II' 6-max Seat #6 is the button
Seat 1: ka100pka527 ($100 in chips) 
Seat 2: jav94 ($20.79 in chips) 
Seat 3: gig.gyty ($120.05 in chips) 
Seat 4: avstero ($105.79 in chips) 
Seat 5: sta$igk ($103.80 in chips) 
Seat 6: Quahrino ($123.01 in chips) 
ka100pka527: posts small blind $0.50
jav94: posts big blind $1
*** HOLE CARDS ***
gig.gyty: folds 
avstero: raises $1.20 to $2.20
sta$igk: raises $5.30 to $7.50
Quahrino: folds 
ka100pka527: folds 
jav94: folds 
avstero: raises $11.90 to $19.40
sta$igk: folds 
Uncalled bet ($11.90) returned to avstero
avstero collected $16.50 from pot
avstero: doesn't show hand 
*** SUMMARY ***
Total pot $16.50 | Rake $0 
Seat 1: ka100pka527 (small blind) folded before Flop
Seat 2: jav94 (big blind) folded before Flop
Seat 3: gig.gyty folded before Flop (didn't bet)
Seat 4: avstero collected ($16.50)
Seat 5: sta$igk folded before Flop
Seat 6: Quahrino (button) folded before Flop (didn't bet)



PokerStars Hand #254702993455:  Hold'em No Limit ($0.50/$1.00 USD) - 2025/02/04 15:09:19 WET [2025/02/04 10:09:19 ET]
Table 'Gyas II' 6-max Seat #1 is the button
Seat 3: gig.gyty ($120.05 in chips) is sitting out
Seat 1: ka100pka527 ($100 in chips) 
Seat 2: jav94 ($19.79 in chips) 
Seat 4: avstero ($114.79 in chips) 
Seat 5: sta$igk ($100 in chips) 
Seat 6: Quahrino ($123.01 in chips) 
jav94: posts small blind $0.50
gig.gyty: is sitting out 
avstero: posts big blind $1
*** HOLE CARDS ***
sta$igk: folds 
gig.gyty leaves the table
Quahrino: raises $1.30 to $2.30
ka100pka527: folds 
jav94: folds 
Mr_Dick666 joins the table at seat #3 
avstero: folds 
Uncalled bet ($1.30) returned to Quahrino
Quahrino collected $2.50 from pot
Quahrino: doesn't show hand 
*** SUMMARY ***
Total pot $2.50 | Rake $0 
Seat 3: gig.gyty
Seat 1: ka100pka527 (button) folded before Flop (didn't bet)
Seat 2: jav94 (small blind) folded before Flop
Seat 4: avstero (big blind) folded before Flop
Seat 5: sta$igk folded before Flop (didn't bet)
Seat 6: Quahrino collected ($2.50)



PokerStars Hand #254702995887:  Hold'em No Limit ($0.50/$1.00 USD) - 2025/02/04 15:09:32 WET [2025/02/04 10:09:32 ET]
Table 'Gyas II' 6-max Seat #2 is the button
Seat 3: Mr_Dick666 ($100 in chips) is sitting out
Seat 1: ka100pka527 ($100 in chips) 
Seat 2: jav94 ($19.29 in chips) 
Seat 4: avstero ($113.79 in chips) 
Seat 5: sta$igk ($100 in chips) 
Seat 6: Quahrino ($124.51 in chips) 
avstero: posts small blind $0.50
sta$igk: posts big blind $1
*** HOLE CARDS ***
Quahrino: folds 
ka100pka527: raises $1.50 to $2.50
jav94: calls $2.50
avstero: folds 
sta$igk: folds 
*** FLOP *** [9d 3c 2d]
ka100pka527: checks 
jav94: bets $2.86
ka100pka527: folds 
Uncalled bet ($2.86) returned to jav94
jav94 collected $6.18 from pot
*** SUMMARY ***
Total pot $6.50 | Rake $0.32 
Board [9d 3c 2d]
Seat 3: Mr_Dick666
Seat 1: ka100pka527 folded on the Flop
Seat 2: jav94 (button) collected ($6.18)
Seat 4: avstero (small blind) folded before Flop
Seat 5: sta$igk (big blind) folded before Flop
Seat 6: Quahrino folded before Flop (didn't bet)



PokerStars Hand #254703003738:  Hold'em No Limit ($0.50/$1.00 USD) - 2025/02/04 15:10:15 WET [2025/02/04 10:10:15 ET]
Table 'Gyas II' 6-max Seat #4 is the button
Seat 3: Mr_Dick666 ($100 in chips) is sitting out
Seat 1: ka100pka527 ($100 in chips) 
Seat 2: jav94 ($22.97 in chips) 
Seat 4: avstero ($113.29 in chips) 
Seat 5: sta$igk ($100 in chips) 
Seat 6: Quahrino ($124.51 in chips) 
sta$igk: posts small blind $0.50
Quahrino: posts big blind $1
Mr_Dick666: sits out 
*** HOLE CARDS ***
ka100pka527: folds 
jav94: folds 
avstero: raises $1.20 to $2.20
sta$igk: folds 
Quahrino: calls $1.20
*** FLOP *** [2d Jc 8c]
Quahrino: checks 
avstero: checks 
*** TURN *** [2d Jc 8c] [Th]
Quahrino: bets $3.26
avstero: calls $3.26
*** RIVER *** [2d Jc 8c Th] [Jd]
Quahrino: checks 
avstero: checks 
*** SHOW DOWN ***
Quahrino: shows [3c Kc] (a pair of Jacks)
avstero: shows [8h 9h] (two pair, Jacks and Eights)
avstero collected $10.85 from pot
*** SUMMARY ***
Total pot $11.42 | Rake $0.57 
Board [2d Jc 8c Th Jd]
Seat 3: Mr_Dick666
Seat 1: ka100pka527 folded before Flop (didn't bet)
Seat 2: jav94 folded before Flop (didn't bet)
Seat 4: avstero (button) showed [8h 9h] and won ($10.85) with two pair, Jacks and Eights
Seat 5: sta$igk (small blind) folded before Flop
Seat 6: Quahrino (big blind) showed [3c Kc] and lost with a pair of Jacks



PokerStars Hand #254703019237:  Hold'em No Limit ($0.50/$1.00 USD) - 2025/02/04 15:11:38 WET [2025/02/04 10:11:38 ET]
Table 'Gyas II' 6-max Seat #5 is the button
Seat 3: Mr_Dick666 ($100 in chips) is sitting out
Seat 1: ka100pka527 ($100 in chips) 
Seat 2: jav94 ($22.97 in chips) 
Seat 4: avstero ($118.68 in chips) 
Seat 5: sta$igk ($100 in chips) 
Seat 6: Quahrino ($119.05 in chips) 
Quahrino: posts small blind $0.50
ka100pka527: posts big blind $1
Mr_Dick666: sits out 
*** HOLE CARDS ***
jav94: calls $1
avstero: folds 
sta$igk: raises $3 to $4
Quahrino: folds 
ka100pka527: folds 
jav94: calls $3
*** FLOP *** [4c 9h 6d]
jav94: checks 
sta$igk: checks 
*** TURN *** [4c 9h 6d] [7h]
jav94: checks 
sta$igk: checks 
*** RIVER *** [4c 9h 6d 7h] [Kd]
jav94 is disconnected 
jav94 is connected 
jav94 has timed out
jav94: checks 
sta$igk: checks 
*** SHOW DOWN ***
jav94: shows [8d 7c] (a pair of Sevens)
sta$igk: mucks hand 
jav94 collected $9.02 from pot
*** SUMMARY ***
Total pot $9.50 | Rake $0.48 
Board [4c 9h 6d 7h Kd]
Seat 3: Mr_Dick666
Seat 1: ka100pka527 (big blind) folded before Flop
Seat 2: jav94 showed [8d 7c] and won ($9.02) with a pair of Sevens
Seat 4: avstero folded before Flop (didn't bet)
Seat 5: sta$igk (button) mucked
Seat 6: Quahrino (small blind) folded before Flop



PokerStars Hand #254703035633:  Hold'em No Limit ($0.50/$1.00 USD) - 2025/02/04 15:13:06 WET [2025/02/04 10:13:06 ET]
Table 'Gyas II' 6-max Seat #6 is the button
Seat 3: Mr_Dick666 ($100 in chips) is sitting out
Seat 1: ka100pka527 ($100 in chips) 
Seat 2: jav94 ($27.99 in chips) 
Seat 4: avstero ($118.68 in chips) 
Seat 5: sta$igk ($100 in chips) 
Seat 6: Quahrino ($118.55 in chips) 
ka100pka527: posts small blind $0.50
jav94: posts big blind $1
Mr_Dick666: sits out 
*** HOLE CARDS ***
avstero: folds 
sta$igk: folds 
Quahrino: folds 
ka100pka527: folds 
Uncalled bet ($0.50) returned to jav94
jav94 collected $1 from pot
*** SUMMARY ***
Total pot $1 | Rake $0 
Seat 3: Mr_Dick666
Seat 1: ka100pka527 (small blind) folded before Flop
Seat 2: jav94 (big blind) collected ($1)
Seat 4: avstero folded before Flop (didn't bet)
Seat 5: sta$igk folded before Flop (didn't bet)
Seat 6: Quahrino (button) folded before Flop (didn't bet)



PokerStars Hand #254703037174:  Hold'em No Limit ($0.50/$1.00 USD) - 2025/02/04 15:13:15 WET [2025/02/04 10:13:15 ET]
Table 'Gyas II' 6-max Seat #1 is the button
Seat 1: ka100pka527 ($100 in chips) 
Seat 2: jav94 ($28.49 in chips) 
Seat 3: Mr_Dick666 ($100 in chips) 
Seat 4: avstero ($118.68 in chips) 
Seat 5: sta$igk ($100 in chips) 
Seat 6: Quahrino ($118.55 in chips) 
jav94: posts small blind $0.50
Mr_Dick666: posts big blind $1
*** HOLE CARDS ***
avstero: raises $1.20 to $2.20
sta$igk: folds 
Quahrino: folds 
ka100pka527: folds 
jav94: calls $1.70
Mr_Dick666: folds 
*** FLOP *** [2h 4s Kh]
jav94: bets $2
avstero: calls $2
*** TURN *** [2h 4s Kh] [3s]
jav94: bets $6.47
avstero: folds 
Uncalled bet ($6.47) returned to jav94
jav94 collected $8.93 from pot
*** SUMMARY ***
Total pot $9.40 | Rake $0.47 
Board [2h 4s Kh 3s]
Seat 1: ka100pka527 (button) folded before Flop (didn't bet)
Seat 2: jav94 (small blind) collected ($8.93)
Seat 3: Mr_Dick666 (big blind) folded before Flop
Seat 4: avstero folded on the Turn
Seat 5: sta$igk folded before Flop (didn't bet)
Seat 6: Quahrino folded before Flop (didn't bet)



PokerStars Hand #254703046195:  Hold'em No Limit ($0.50/$1.00 USD) - 2025/02/04 15:14:03 WET [2025/02/04 10:14:03 ET]
Table 'Gyas II' 6-max Seat #2 is the button
Seat 6: Quahrino ($118.55 in chips) is sitting out
Seat 1: ka100pka527 ($100 in chips) 
Seat 2: jav94 ($33.22 in chips) 
Seat 3: Mr_Dick666 ($100 in chips) 
Seat 4: avstero ($114.48 in chips) 
Seat 5: sta$igk ($100 in chips) 
Mr_Dick666: posts small blind $0.50
avstero: posts big blind $1
*** HOLE CARDS ***
sta$igk: folds 
ka100pka527: folds 
jav94: folds 
Mr_Dick666: folds 
Uncalled bet ($0.50) returned to avstero
avstero collected $1 from pot
avstero: doesn't show hand 
*** SUMMARY ***
Total pot $1 | Rake $0 
Seat 6: Quahrino
Seat 1: ka100pka527 folded before Flop (didn't bet)
Seat 2: jav94 (button) folded before Flop (didn't bet)
Seat 3: Mr_Dick666 (small blind) folded before Flop
Seat 4: avstero (big blind) collected ($1)
Seat 5: sta$igk folded before Flop (didn't bet)



PokerStars Hand #254703049070:  Hold'em No Limit ($0.50/$1.00 USD) - 2025/02/04 15:14:18 WET [2025/02/04 10:14:18 ET]
Table 'Gyas II' 6-max Seat #3 is the button
Seat 6: Quahrino ($118.55 in chips) is sitting out
Seat 1: ka100pka527 ($100 in chips) 
Seat 2: jav94 ($33.22 in chips) 
Seat 3: Mr_Dick666 ($100 in chips) 
Seat 4: avstero ($114.98 in chips) 
Seat 5: sta$igk ($100 in chips) 
avstero: posts small blind $0.50
sta$igk: posts big blind $1
*** HOLE CARDS ***
ka100pka527: folds 
jav94: folds 
Mr_Dick666: folds 
avstero: raises $1.80 to $2.80
sta$igk: raises $6.20 to $9
avstero: raises $12.50 to $21.50
sta$igk: folds 
Uncalled bet ($12.50) returned to avstero
avstero collected $18 from pot
avstero: doesn't show hand 
*** SUMMARY ***
Total pot $18 | Rake $0 
Seat 6: Quahrino
Seat 1: ka100pka527 folded before Flop (didn't bet)
Seat 2: jav94 folded before Flop (didn't bet)
Seat 3: Mr_Dick666 (button) folded before Flop (didn't bet)
Seat 4: avstero (small blind) collected ($18)
Seat 5: sta$igk (big blind) folded before Flop



PokerStars Hand #254703055502:  Hold'em No Limit ($0.50/$1.00 USD) - 2025/02/04 15:14:52 WET [2025/02/04 10:14:52 ET]
Table 'Gyas II' 6-max Seat #4 is the button
Seat 6: Quahrino ($118.55 in chips) is sitting out
Seat 1: ka100pka527 ($100 in chips) 
Seat 2: jav94 ($33.22 in chips) 
Seat 3: Mr_Dick666 ($100 in chips) 
Seat 4: avstero ($123.98 in chips) 
Seat 5: sta$igk ($100 in chips) 
sta$igk: posts small blind $0.50
ka100pka527: posts big blind $1
*** HOLE CARDS ***
jav94: folds 
Mr_Dick666: raises $3 to $4
avstero: folds 
sta$igk: folds 
ka100pka527: calls $3
*** FLOP *** [6h 9d 3s]
ka100pka527: checks 
Mr_Dick666: checks 
*** TURN *** [6h 9d 3s] [6c]
ka100pka527: checks 
Mr_Dick666: bets $5.41
ka100pka527: calls $5.41
*** RIVER *** [6h 9d 3s 6c] [Qd]
ka100pka527: checks 
Mr_Dick666: bets $18.35
ka100pka527: raises $23.73 to $42.08
Mr_Dick666: calls $23.73
*** SHOW DOWN ***
ka100pka527: shows [Jc As] (a pair of Sixes)
Mr_Dick666: shows [Ah Ac] (two pair, Aces and Sixes)
Mr_Dick666 collected $100.98 from pot
*** SUMMARY ***
Total pot $103.48 | Rake $2.50 
Board [6h 9d 3s 6c Qd]
Seat 6: Quahrino
Seat 1: ka100pka527 (big blind) showed [Jc As] and lost with a pair of Sixes
Seat 2: jav94 folded before Flop (didn't bet)
Seat 3: Mr_Dick666 showed [Ah Ac] and won ($100.98) with two pair, Aces and Sixes
Seat 4: avstero (button) folded before Flop (didn't bet)
Seat 5: sta$igk (small blind) folded before Flop



PokerStars Hand #254703075311:  Hold'em No Limit ($0.50/$1.00 USD) - 2025/02/04 15:16:36 WET [2025/02/04 10:16:36 ET]
Table 'Gyas II' 6-max Seat #5 is the button
Seat 6: Quahrino ($118.55 in chips) is sitting out
Seat 1: ka100pka527 ($100 in chips) 
Seat 2: jav94 ($33.22 in chips) 
Seat 3: Mr_Dick666 ($149.49 in chips) 
Seat 4: avstero ($123.98 in chips) 
Seat 5: sta$igk ($100 in chips) 
ka100pka527: posts small blind $0.50
jav94: posts big blind $1
*** HOLE CARDS ***
Mr_Dick666: folds 
avstero: folds 
sta$igk: folds 
ka100pka527: raises $2 to $3
jav94: folds 
Uncalled bet ($2) returned to ka100pka527
ka100pka527 collected $2 from pot
ka100pka527: doesn't show hand 
*** SUMMARY ***
Total pot $2 | Rake $0 
Seat 6: Quahrino
Seat 1: ka100pka527 (small blind) collected ($2)
Seat 2: jav94 (big blind) folded before Flop
Seat 3: Mr_Dick666 folded before Flop (didn't bet)
Seat 4: avstero folded before Flop (didn't bet)
Seat 5: sta$igk (button) folded before Flop (didn't bet)



PokerStars Hand #254703078681:  Hold'em No Limit ($0.50/$1.00 USD) - 2025/02/04 15:16:52 WET [2025/02/04 10:16:52 ET]
Table 'Gyas II' 6-max Seat #1 is the button
Seat 6: Quahrino ($118.55 in chips) is sitting out
Seat 1: ka100pka527 ($101 in chips) 
Seat 2: jav94 ($32.22 in chips) 
Seat 3: Mr_Dick666 ($149.49 in chips) 
Seat 4: avstero ($123.98 in chips) 
Seat 5: sta$igk ($100 in chips) 
jav94: posts small blind $0.50
Mr_Dick666: posts big blind $1
Quahrino: sits out 
*** HOLE CARDS ***
avstero: folds 
sta$igk: raises $1.50 to $2.50
ka100pka527: raises $5 to $7.50
jav94: folds 
Mr_Dick666: folds 
sta$igk: folds 
Uncalled bet ($5) returned to ka100pka527
ka100pka527 collected $6.50 from pot
ka100pka527: doesn't show hand 
*** SUMMARY ***
Total pot $6.50 | Rake $0 
Seat 6: Quahrino
Seat 1: ka100pka527 (button) collected ($6.50)
Seat 2: jav94 (small blind) folded before Flop
Seat 3: Mr_Dick666 (big blind) folded before Flop
Seat 4: avstero folded before Flop (didn't bet)
Seat 5: sta$igk folded before Flop



PokerStars Hand #254703082402:  Hold'em No Limit ($0.50/$1.00 USD) - 2025/02/04 15:17:11 WET [2025/02/04 10:17:11 ET]
Table 'Gyas II' 6-max Seat #2 is the button
Seat 6: Quahrino ($118.55 in chips) is sitting out
Seat 1: ka100pka527 ($105 in chips) 
Seat 2: jav94 ($31.72 in chips) 
Seat 3: Mr_Dick666 ($148.49 in chips) 
Seat 4: avstero ($123.98 in chips) 
Seat 5: sta$igk ($100 in chips) 
Mr_Dick666: posts small blind $0.50
avstero: posts big blind $1
Quahrino: sits out 
*** HOLE CARDS ***
sta$igk: folds 
ka100pka527: folds 
jav94: folds 
Mr_Dick666: folds 
Uncalled bet ($0.50) returned to avstero
avstero collected $1 from pot
avstero: doesn't show hand 
*** SUMMARY ***
Total pot $1 | Rake $0 
Seat 6: Quahrino
Seat 1: ka100pka527 folded before Flop (didn't bet)
Seat 2: jav94 (button) folded before Flop (didn't bet)
Seat 3: Mr_Dick666 (small blind) folded before Flop
Seat 4: avstero (big blind) collected ($1)
Seat 5: sta$igk folded before Flop (didn't bet)



PokerStars Hand #254703084202:  Hold'em No Limit ($0.50/$1.00 USD) - 2025/02/04 15:17:21 WET [2025/02/04 10:17:21 ET]
Table 'Gyas II' 6-max Seat #3 is the button
Seat 6: Quahrino ($118.55 in chips) is sitting out
Seat 1: ka100pka527 ($105 in chips) 
Seat 2: jav94 ($31.72 in chips) 
Seat 3: Mr_Dick666 ($147.99 in chips) 
Seat 4: avstero ($124.48 in chips) 
Seat 5: sta$igk ($100 in chips) 
avstero: posts small blind $0.50
sta$igk: posts big blind $1
Quahrino: sits out 
*** HOLE CARDS ***
ka100pka527: folds 
jav94: raises $1 to $2
Mr_Dick666: raises $3 to $5
avstero: folds 
sta$igk: folds 
jav94: calls $3
*** FLOP *** [Kd 4h 7d]
jav94: checks 
Mr_Dick666: checks 
*** TURN *** [Kd 4h 7d] [Qc]
jav94: checks 
Mr_Dick666: bets $5.46
jav94: calls $5.46
*** RIVER *** [Kd 4h 7d Qc] [4c]
jav94: checks 
Mr_Dick666: checks 
*** SHOW DOWN ***
jav94: shows [Kh Ts] (two pair, Kings and Fours)
Mr_Dick666: mucks hand 
jav94 collected $21.30 from pot
*** SUMMARY ***
Total pot $22.42 | Rake $1.12 
Board [Kd 4h 7d Qc 4c]
Seat 6: Quahrino
Seat 1: ka100pka527 folded before Flop (didn't bet)
Seat 2: jav94 showed [Kh Ts] and won ($21.30) with two pair, Kings and Fours
Seat 3: Mr_Dick666 (button) mucked
Seat 4: avstero (small blind) folded before Flop
Seat 5: sta$igk (big blind) folded before Flop



PokerStars Hand #254703091283:  Hold'em No Limit ($0.50/$1.00 USD) - 2025/02/04 15:17:57 WET [2025/02/04 10:17:57 ET]
Table 'Gyas II' 6-max Seat #4 is the button
Seat 1: ka100pka527 ($105 in chips) 
Seat 2: jav94 ($42.56 in chips) 
Seat 3: Mr_Dick666 ($137.53 in chips) 
Seat 4: avstero ($123.98 in chips) 
Seat 5: sta$igk ($100 in chips) 
Seat 6: Quahrino ($118.55 in chips) 
sta$igk: posts small blind $0.50
Quahrino: posts big blind $1
*** HOLE CARDS ***
ka100pka527: folds 
jav94: folds 
Mr_Dick666: raises $1.50 to $2.50
avstero: folds 
sta$igk: folds 
Quahrino: folds 
Uncalled bet ($1.50) returned to Mr_Dick666
Mr_Dick666 collected $2.50 from pot
Mr_Dick666: doesn't show hand 
*** SUMMARY ***
Total pot $2.50 | Rake $0 
Seat 1: ka100pka527 folded before Flop (didn't bet)
Seat 2: jav94 folded before Flop (didn't bet)
Seat 3: Mr_Dick666 collected ($2.50)
Seat 4: avstero (button) folded before Flop (didn't bet)
Seat 5: sta$igk (small blind) folded before Flop
Seat 6: Quahrino (big blind) folded before Flop



PokerStars Hand #254703094592:  Hold'em No Limit ($0.50/$1.00 USD) - 2025/02/04 15:18:14 WET [2025/02/04 10:18:14 ET]
Table 'Gyas II' 6-max Seat #5 is the button
Seat 1: ka100pka527 ($105 in chips) 
Seat 2: jav94 ($42.56 in chips) 
Seat 3: Mr_Dick666 ($139.03 in chips) 
Seat 4: avstero ($123.98 in chips) 
Seat 5: sta$igk ($100 in chips) 
Seat 6: Quahrino ($117.55 in chips) 
Quahrino: posts small blind $0.50
ka100pka527: posts big blind $1
*** HOLE CARDS ***
jav94: folds 
Mr_Dick666: raises $1.50 to $2.50
avstero: raises $5.48 to $7.98
sta$igk: folds 
Quahrino: folds 
ka100pka527: folds 
Mr_Dick666: folds 
Uncalled bet ($5.48) returned to avstero
avstero collected $6.50 from pot
avstero: doesn't show hand 
*** SUMMARY ***
Total pot $6.50 | Rake $0 
Seat 1: ka100pka527 (big blind) folded before Flop
Seat 2: jav94 folded before Flop (didn't bet)
Seat 3: Mr_Dick666 folded before Flop
Seat 4: avstero collected ($6.50)
Seat 5: sta$igk (button) folded before Flop (didn't bet)
Seat 6: Quahrino (small blind) folded before Flop



PokerStars Hand #254703102241:  Hold'em No Limit ($0.50/$1.00 USD) - 2025/02/04 15:18:53 WET [2025/02/04 10:18:53 ET]
Table 'Gyas II' 6-max Seat #6 is the button
Seat 1: ka100pka527 ($104 in chips) 
Seat 2: jav94 ($42.56 in chips) 
Seat 3: Mr_Dick666 ($136.53 in chips) 
Seat 4: avstero ($127.98 in chips) 
Seat 5: sta$igk ($100 in chips) 
Seat 6: Quahrino ($117.05 in chips) 
ka100pka527: posts small blind $0.50
jav94: posts big blind $1
*** HOLE CARDS ***
Mr_Dick666: folds 
avstero: folds 
sta$igk: folds 
Quahrino: folds 
ka100pka527: folds 
Uncalled bet ($0.50) returned to jav94
jav94 collected $1 from pot
*** SUMMARY ***
Total pot $1 | Rake $0 
Seat 1: ka100pka527 (small blind) folded before Flop
Seat 2: jav94 (big blind) collected ($1)
Seat 3: Mr_Dick666 folded before Flop (didn't bet)
Seat 4: avstero folded before Flop (didn't bet)
Seat 5: sta$igk folded before Flop (didn't bet)
Seat 6: Quahrino (button) folded before Flop (didn't bet)



PokerStars Hand #254703104004:  Hold'em No Limit ($0.50/$1.00 USD) - 2025/02/04 15:19:02 WET [2025/02/04 10:19:02 ET]
Table 'Gyas II' 6-max Seat #1 is the button
Seat 1: ka100pka527 ($103.50 in chips) 
Seat 2: jav94 ($43.06 in chips) 
Seat 3: Mr_Dick666 ($136.53 in chips) 
Seat 4: avstero ($127.98 in chips) 
Seat 5: sta$igk ($100 in chips) 
Seat 6: Quahrino ($117.05 in chips) 
jav94: posts small blind $0.50
Mr_Dick666: posts big blind $1
*** HOLE CARDS ***
avstero: folds 
sta$igk: folds 
Quahrino: folds 
ka100pka527: raises $1.50 to $2.50
jav94: calls $2
Mr_Dick666: folds 
*** FLOP *** [4d Jd 8d]
jav94: checks 
ka100pka527: bets $3.08
jav94: folds 
Uncalled bet ($3.08) returned to ka100pka527
ka100pka527 collected $5.70 from pot
ka100pka527: doesn't show hand 
*** SUMMARY ***
Total pot $6 | Rake $0.30 
Board [4d Jd 8d]
Seat 1: ka100pka527 (button) collected ($5.70)
Seat 2: jav94 (small blind) folded on the Flop
Seat 3: Mr_Dick666 (big blind) folded before Flop
Seat 4: avstero folded before Flop (didn't bet)
Seat 5: sta$igk folded before Flop (didn't bet)
Seat 6: Quahrino folded before Flop (didn't bet)



PokerStars Hand #254703108683:  Hold'em No Limit ($0.50/$1.00 USD) - 2025/02/04 15:19:25 WET [2025/02/04 10:19:25 ET]
Table 'Gyas II' 6-max Seat #2 is the button
Seat 1: ka100pka527 ($106.70 in chips) 
Seat 2: jav94 ($40.56 in chips) 
Seat 3: Mr_Dick666 ($135.53 in chips) 
Seat 4: avstero ($127.98 in chips) 
Seat 5: sta$igk ($100 in chips) 
Seat 6: Quahrino ($117.05 in chips) 
Mr_Dick666: posts small blind $0.50
avstero: posts big blind $1
*** HOLE CARDS ***
sta$igk: folds 
Quahrino: raises $1 to $2
ka100pka527: folds 
jav94: folds 
Mr_Dick666: folds 
avstero: folds 
Uncalled bet ($1) returned to Quahrino
Quahrino collected $2.50 from pot
Quahrino: doesn't show hand 
*** SUMMARY ***
Total pot $2.50 | Rake $0 
Seat 1: ka100pka527 folded before Flop (didn't bet)
Seat 2: jav94 (button) folded before Flop (didn't bet)
Seat 3: Mr_Dick666 (small blind) folded before Flop
Seat 4: avstero (big blind) folded before Flop
Seat 5: sta$igk folded before Flop (didn't bet)
Seat 6: Quahrino collected ($2.50)



PokerStars Hand #254703111406:  Hold'em No Limit ($0.50/$1.00 USD) - 2025/02/04 15:19:39 WET [2025/02/04 10:19:39 ET]
Table 'Gyas II' 6-max Seat #3 is the button
Seat 1: ka100pka527 ($106.70 in chips) 
Seat 2: jav94 ($40.56 in chips) 
Seat 3: Mr_Dick666 ($135.03 in chips) 
Seat 4: avstero ($126.98 in chips) 
Seat 5: sta$igk ($100 in chips) 
Seat 6: Quahrino ($118.55 in chips) 
avstero: posts small blind $0.50
sta$igk: posts big blind $1
*** HOLE CARDS ***
Quahrino: folds 
ka100pka527: folds 
jav94: folds 
Mr_Dick666: folds 
avstero: folds 
Uncalled bet ($0.50) returned to sta$igk
sta$igk collected $1 from pot
sta$igk: doesn't show hand 
*** SUMMARY ***
Total pot $1 | Rake $0 
Seat 1: ka100pka527 folded before Flop (didn't bet)
Seat 2: jav94 folded before Flop (didn't bet)
Seat 3: Mr_Dick666 (button) folded before Flop (didn't bet)
Seat 4: avstero (small blind) folded before Flop
Seat 5: sta$igk (big blind) collected ($1)
Seat 6: Quahrino folded before Flop (didn't bet)



PokerStars Hand #254703112872:  Hold'em No Limit ($0.50/$1.00 USD) - 2025/02/04 15:19:47 WET [2025/02/04 10:19:47 ET]
Table 'Gyas II' 6-max Seat #4 is the button
Seat 1: ka100pka527 ($106.70 in chips) 
Seat 2: jav94 ($40.56 in chips) 
Seat 3: Mr_Dick666 ($135.03 in chips) 
Seat 4: avstero ($126.48 in chips) 
Seat 5: sta$igk ($100.50 in chips) 
Seat 6: Quahrino ($118.55 in chips) 
sta$igk: posts small blind $0.50
Quahrino: posts big blind $1
*** HOLE CARDS ***
ka100pka527: folds 
jav94: folds 
Mr_Dick666: folds 
avstero: raises $1.20 to $2.20
sta$igk: folds 
Quahrino: folds 
Uncalled bet ($1.20) returned to avstero
avstero collected $2.50 from pot
avstero: doesn't show hand 
*** SUMMARY ***
Total pot $2.50 | Rake $0 
Seat 1: ka100pka527 folded before Flop (didn't bet)
Seat 2: jav94 folded before Flop (didn't bet)
Seat 3: Mr_Dick666 folded before Flop (didn't bet)
Seat 4: avstero (button) collected ($2.50)
Seat 5: sta$igk (small blind) folded before Flop
Seat 6: Quahrino (big blind) folded before Flop



PokerStars Hand #254703115787:  Hold'em No Limit ($0.50/$1.00 USD) - 2025/02/04 15:20:02 WET [2025/02/04 10:20:02 ET]
Table 'Gyas II' 6-max Seat #5 is the button
Seat 1: ka100pka527 ($106.70 in chips) 
Seat 2: jav94 ($40.56 in chips) 
Seat 3: Mr_Dick666 ($135.03 in chips) 
Seat 4: avstero ($127.98 in chips) 
Seat 5: sta$igk ($100 in chips) 
Seat 6: Quahrino ($117.55 in chips) 
Quahrino: posts small blind $0.50
ka100pka527: posts big blind $1
*** HOLE CARDS ***
jav94: folds 
Mr_Dick666: raises $1.50 to $2.50
avstero: folds 
sta$igk: raises $5.50 to $8
Quahrino: folds 
ka100pka527: folds 
Mr_Dick666: calls $5.50
*** FLOP *** [As 7h Th]
Mr_Dick666: checks 
sta$igk: checks 
*** TURN *** [As 7h Th] [5d]
Mr_Dick666: bets $21.50
sta$igk: folds 
Uncalled bet ($21.50) returned to Mr_Dick666
Mr_Dick666 collected $16.62 from pot
Mr_Dick666: doesn't show hand 
*** SUMMARY ***
Total pot $17.50 | Rake $0.88 
Board [As 7h Th 5d]
Seat 1: ka100pka527 (big blind) folded before Flop
Seat 2: jav94 folded before Flop (didn't bet)
Seat 3: Mr_Dick666 collected ($16.62)
Seat 4: avstero folded before Flop (didn't bet)
Seat 5: sta$igk (button) folded on the Turn
Seat 6: Quahrino (small blind) folded before Flop



PokerStars Hand #254703127125:  Hold'em No Limit ($0.50/$1.00 USD) - 2025/02/04 15:20:59 WET [2025/02/04 10:20:59 ET]
Table 'Gyas II' 6-max Seat #6 is the button
Seat 1: ka100pka527 ($105.70 in chips) 
Seat 2: jav94 ($40.56 in chips) 
Seat 3: Mr_Dick666 ($143.65 in chips) 
Seat 4: avstero ($127.98 in chips) 
Seat 5: sta$igk ($100 in chips) 
Seat 6: Quahrino ($117.05 in chips) 
ka100pka527: posts small blind $0.50
jav94: posts big blind $1
*** HOLE CARDS ***
Mr_Dick666: folds 
avstero: folds 
sta$igk: folds 
Quahrino: folds 
ka100pka527: folds 
Uncalled bet ($0.50) returned to jav94
jav94 collected $1 from pot
*** SUMMARY ***
Total pot $1 | Rake $0 
Seat 1: ka100pka527 (small blind) folded before Flop
Seat 2: jav94 (big blind) collected ($1)
Seat 3: Mr_Dick666 folded before Flop (didn't bet)
Seat 4: avstero folded before Flop (didn't bet)
Seat 5: sta$igk folded before Flop (didn't bet)
Seat 6: Quahrino (button) folded before Flop (didn't bet)



PokerStars Hand #254703129352:  Hold'em No Limit ($0.50/$1.00 USD) - 2025/02/04 15:21:11 WET [2025/02/04 10:21:11 ET]
Table 'Gyas II' 6-max Seat #1 is the button
Seat 1: ka100pka527 ($105.20 in chips) 
Seat 2: jav94 ($41.06 in chips) 
Seat 3: Mr_Dick666 ($143.65 in chips) 
Seat 4: avstero ($127.98 in chips) 
Seat 5: sta$igk ($100 in chips) 
Seat 6: Quahrino ($117.05 in chips) 
jav94: posts small blind $0.50
Mr_Dick666: posts big blind $1
*** HOLE CARDS ***
avstero: folds 
sta$igk: raises $1.50 to $2.50
Quahrino: folds 
ka100pka527: raises $5 to $7.50
jav94: folds 
Mr_Dick666: folds 
sta$igk: calls $5
*** FLOP *** [6s 5d Ah]
sta$igk: checks 
ka100pka527: bets $5.17
sta$igk: calls $5.17
*** TURN *** [6s 5d Ah] [Qc]
sta$igk: checks 
ka100pka527: bets $20.38
sta$igk: folds 
Uncalled bet ($20.38) returned to ka100pka527
ka100pka527 collected $25.50 from pot
ka100pka527: doesn't show hand 
*** SUMMARY ***
Total pot $26.84 | Rake $1.34 
Board [6s 5d Ah Qc]
Seat 1: ka100pka527 (button) collected ($25.50)
Seat 2: jav94 (small blind) folded before Flop
Seat 3: Mr_Dick666 (big blind) folded before Flop
Seat 4: avstero folded before Flop (didn't bet)
Seat 5: sta$igk folded on the Turn
Seat 6: Quahrino folded before Flop (didn't bet)



PokerStars Hand #254703140664:  Hold'em No Limit ($0.50/$1.00 USD) - 2025/02/04 15:22:08 WET [2025/02/04 10:22:08 ET]
Table 'Gyas II' 6-max Seat #2 is the button
Seat 1: ka100pka527 ($118.03 in chips) 
Seat 2: jav94 ($40.56 in chips) 
Seat 3: Mr_Dick666 ($142.65 in chips) 
Seat 4: avstero ($127.98 in chips) 
Seat 5: sta$igk ($100 in chips) 
Seat 6: Quahrino ($117.05 in chips) 
Mr_Dick666: posts small blind $0.50
avstero: posts big blind $1
*** HOLE CARDS ***
sta$igk: folds 
Quahrino: raises $1 to $2
ka100pka527: folds 
jav94: folds 
Mr_Dick666: folds 
avstero: calls $1
*** FLOP *** [Kd 8d 7h]
avstero: checks 
Quahrino: bets $1.07
avstero: calls $1.07
*** TURN *** [Kd 8d 7h] [5d]
avstero: checks 
Quahrino: checks 
*** RIVER *** [Kd 8d 7h 5d] [6s]
avstero: bets $4.55
Quahrino: folds 
Uncalled bet ($4.55) returned to avstero
avstero collected $6.31 from pot
avstero: doesn't show hand 
*** SUMMARY ***
Total pot $6.64 | Rake $0.33 
Board [Kd 8d 7h 5d 6s]
Seat 1: ka100pka527 folded before Flop (didn't bet)
Seat 2: jav94 (button) folded before Flop (didn't bet)
Seat 3: Mr_Dick666 (small blind) folded before Flop
Seat 4: avstero (big blind) collected ($6.31)
Seat 5: sta$igk folded before Flop (didn't bet)
Seat 6: Quahrino folded on the River



PokerStars Hand #254703159810:  Hold'em No Limit ($0.50/$1.00 USD) - 2025/02/04 15:23:44 WET [2025/02/04 10:23:44 ET]
Table 'Gyas II' 6-max Seat #3 is the button
Seat 1: ka100pka527 ($118.03 in chips) 
Seat 2: jav94 ($40.56 in chips) 
Seat 3: Mr_Dick666 ($142.15 in chips) 
Seat 4: avstero ($131.22 in chips) 
Seat 5: sta$igk ($100 in chips) 
Seat 6: Quahrino ($113.98 in chips) 
avstero: posts small blind $0.50
sta$igk: posts big blind $1
*** HOLE CARDS ***
Quahrino: raises $1 to $2
ka100pka527: folds 
jav94: calls $2
Mr_Dick666: folds 
avstero: folds 
sta$igk: folds 
*** FLOP *** [3d 2h 4c]
Quahrino: checks 
jav94: checks 
*** TURN *** [3d 2h 4c] [8h]
Quahrino: checks 
jav94: checks 
*** RIVER *** [3d 2h 4c 8h] [Ah]
Quahrino: checks 
jav94: bets $2.61
Quahrino: folds 
Uncalled bet ($2.61) returned to jav94
jav94 collected $5.22 from pot
*** SUMMARY ***
Total pot $5.50 | Rake $0.28 
Board [3d 2h 4c 8h Ah]
Seat 1: ka100pka527 folded before Flop (didn't bet)
Seat 2: jav94 collected ($5.22)
Seat 3: Mr_Dick666 (button) folded before Flop (didn't bet)
Seat 4: avstero (small blind) folded before Flop
Seat 5: sta$igk (big blind) folded before Flop
Seat 6: Quahrino folded on the River



PokerStars Hand #254703167838:  Hold'em No Limit ($0.50/$1.00 USD) - 2025/02/04 15:24:24 WET [2025/02/04 10:24:24 ET]
Table 'Gyas II' 6-max Seat #4 is the button
Seat 1: ka100pka527 ($118.03 in chips) 
Seat 2: jav94 ($43.78 in chips) 
Seat 3: Mr_Dick666 ($142.15 in chips) 
Seat 4: avstero ($130.72 in chips) 
Seat 5: sta$igk ($100 in chips) 
Seat 6: Quahrino ($111.98 in chips) 
sta$igk: posts small blind $0.50
Quahrino: posts big blind $1
*** HOLE CARDS ***
ka100pka527: folds 
jav94: folds 
Mr_Dick666: folds 
avstero: folds 
sta$igk: folds 
Uncalled bet ($0.50) returned to Quahrino
Quahrino collected $1 from pot
Quahrino: doesn't show hand 
*** SUMMARY ***
Total pot $1 | Rake $0 
Seat 1: ka100pka527 folded before Flop (didn't bet)
Seat 2: jav94 folded before Flop (didn't bet)
Seat 3: Mr_Dick666 folded before Flop (didn't bet)
Seat 4: avstero (button) folded before Flop (didn't bet)
Seat 5: sta$igk (small blind) folded before Flop
Seat 6: Quahrino (big blind) collected ($1)



PokerStars Hand #254703170701:  Hold'em No Limit ($0.50/$1.00 USD) - 2025/02/04 15:24:38 WET [2025/02/04 10:24:38 ET]
Table 'Gyas II' 6-max Seat #5 is the button
Seat 1: ka100pka527 ($118.03 in chips) 
Seat 2: jav94 ($43.78 in chips) 
Seat 3: Mr_Dick666 ($142.15 in chips) 
Seat 4: avstero ($130.72 in chips) 
Seat 5: sta$igk ($100 in chips) 
Seat 6: Quahrino ($112.48 in chips) 
Quahrino: posts small blind $0.50
ka100pka527: posts big blind $1
*** HOLE CARDS ***
jav94: folds 
Mr_Dick666: folds 
avstero: raises $1.20 to $2.20
sta$igk: folds 
Quahrino: folds 
ka100pka527: folds 
Uncalled bet ($1.20) returned to avstero
avstero collected $2.50 from pot
avstero: doesn't show hand 
*** SUMMARY ***
Total pot $2.50 | Rake $0 
Seat 1: ka100pka527 (big blind) folded before Flop
Seat 2: jav94 folded before Flop (didn't bet)
Seat 3: Mr_Dick666 folded before Flop (didn't bet)
Seat 4: avstero collected ($2.50)
Seat 5: sta$igk (button) folded before Flop (didn't bet)
Seat 6: Quahrino (small blind) folded before Flop



PokerStars Hand #254703175790:  Hold'em No Limit ($0.50/$1.00 USD) - 2025/02/04 15:25:03 WET [2025/02/04 10:25:03 ET]
Table 'Gyas II' 6-max Seat #6 is the button
Seat 1: ka100pka527 ($117.03 in chips) 
Seat 2: jav94 ($43.78 in chips) 
Seat 3: Mr_Dick666 ($142.15 in chips) 
Seat 4: avstero ($132.22 in chips) 
Seat 5: sta$igk ($100 in chips) 
Seat 6: Quahrino ($111.98 in chips) 
ka100pka527: posts small blind $0.50
jav94: posts big blind $1
*** HOLE CARDS ***
Mr_Dick666: folds 
avstero: folds 
sta$igk: raises $1.50 to $2.50
Quahrino: calls $2.50
ka100pka527: folds 
jav94 is disconnected 
jav94 is connected 
jav94: calls $1.50
*** FLOP *** [5c 3d Ts]
jav94: checks 
sta$igk: checks 
Quahrino: bets $1.90
jav94: calls $1.90
sta$igk: folds 
*** TURN *** [5c 3d Ts] [2d]
jav94: checks 
Quahrino: checks 
*** RIVER *** [5c 3d Ts 2d] [9d]
jav94: bets $8.61
Quahrino: folds 
Uncalled bet ($8.61) returned to jav94
jav94 collected $11.21 from pot
*** SUMMARY ***
Total pot $11.80 | Rake $0.59 
Board [5c 3d Ts 2d 9d]
Seat 1: ka100pka527 (small blind) folded before Flop
Seat 2: jav94 (big blind) collected ($11.21)
Seat 3: Mr_Dick666 folded before Flop (didn't bet)
Seat 4: avstero folded before Flop (didn't bet)
Seat 5: sta$igk folded on the Flop
Seat 6: Quahrino (button) folded on the River



PokerStars Hand #254703192075:  Hold'em No Limit ($0.50/$1.00 USD) - 2025/02/04 15:26:24 WET [2025/02/04 10:26:24 ET]
Table 'Gyas II' 6-max Seat #1 is the button
Seat 1: ka100pka527 ($116.53 in chips) 
Seat 2: jav94 ($50.59 in chips) 
Seat 3: Mr_Dick666 ($142.15 in chips) 
Seat 4: avstero ($132.22 in chips) 
Seat 5: sta$igk ($100 in chips) 
Seat 6: Quahrino ($107.58 in chips) 
jav94: posts small blind $0.50
Mr_Dick666: posts big blind $1
*** HOLE CARDS ***
avstero: raises $1.20 to $2.20
sta$igk: folds 
Quahrino: folds 
ka100pka527: folds 
jav94: folds 
Mr_Dick666: folds 
Uncalled bet ($1.20) returned to avstero
avstero collected $2.50 from pot
avstero: doesn't show hand 
*** SUMMARY ***
Total pot $2.50 | Rake $0 
Seat 1: ka100pka527 (button) folded before Flop (didn't bet)
Seat 2: jav94 (small blind) folded before Flop
Seat 3: Mr_Dick666 (big blind) folded before Flop
Seat 4: avstero collected ($2.50)
Seat 5: sta$igk folded before Flop (didn't bet)
Seat 6: Quahrino folded before Flop (didn't bet)



PokerStars Hand #254703193532:  Hold'em No Limit ($0.50/$1.00 USD) - 2025/02/04 15:26:31 WET [2025/02/04 10:26:31 ET]
Table 'Gyas II' 6-max Seat #2 is the button
Seat 4: avstero ($133.72 in chips) is sitting out
Seat 1: ka100pka527 ($116.53 in chips) 
Seat 2: jav94 ($50.09 in chips) 
Seat 3: Mr_Dick666 ($141.15 in chips) 
Seat 5: sta$igk ($100 in chips) 
Seat 6: Quahrino ($107.58 in chips) 
Mr_Dick666: posts small blind $0.50
avstero: is sitting out 
sta$igk: posts big blind $1
*** HOLE CARDS ***
Quahrino: folds 
ka100pka527: folds 
avstero leaves the table
jav94: raises $1 to $2
Mr_Dick666: folds 
sta$igk: folds 
Uncalled bet ($1) returned to jav94
jav94 collected $2.50 from pot
jav94: doesn't show hand 
*** SUMMARY ***
Total pot $2.50 | Rake $0 
Seat 4: avstero
Seat 1: ka100pka527 folded before Flop (didn't bet)
Seat 2: jav94 (button) collected ($2.50)
Seat 3: Mr_Dick666 (small blind) folded before Flop
Seat 5: sta$igk (big blind) folded before Flop
Seat 6: Quahrino folded before Flop (didn't bet)



PokerStars Hand #254703195577:  Hold'em No Limit ($0.50/$1.00 USD) - 2025/02/04 15:26:41 WET [2025/02/04 10:26:41 ET]
Table 'Gyas II' 6-max Seat #3 is the button
Seat 1: ka100pka527 ($116.53 in chips) 
Seat 2: jav94 ($51.59 in chips) 
Seat 3: Mr_Dick666 ($140.65 in chips) 
Seat 5: sta$igk ($100 in chips) 
Seat 6: Quahrino ($107.58 in chips) 
sta$igk: posts small blind $0.50
Quahrino: posts big blind $1
*** HOLE CARDS ***
ka100pka527: folds 
jav94: folds 
Mr_Dick666: raises $1.50 to $2.50
sta$igk: folds 
Quahrino: folds 
Uncalled bet ($1.50) returned to Mr_Dick666
Mr_Dick666 collected $2.50 from pot
Mr_Dick666: doesn't show hand 
*** SUMMARY ***
Total pot $2.50 | Rake $0 
Seat 1: ka100pka527 folded before Flop (didn't bet)
Seat 2: jav94 folded before Flop (didn't bet)
Seat 3: Mr_Dick666 (button) collected ($2.50)
Seat 5: sta$igk (small blind) folded before Flop
Seat 6: Quahrino (big blind) folded before Flop



PokerStars Hand #254703198568:  Hold'em No Limit ($0.50/$1.00 USD) - 2025/02/04 15:26:56 WET [2025/02/04 10:26:56 ET]
Table 'Gyas II' 6-max Seat #5 is the button
Seat 1: ka100pka527 ($116.53 in chips) 
Seat 2: jav94 ($51.59 in chips) 
Seat 3: Mr_Dick666 ($142.15 in chips) 
Seat 5: sta$igk ($100 in chips) 
Seat 6: Quahrino ($106.58 in chips) 
Quahrino: posts small blind $0.50
ka100pka527: posts big blind $1
*** HOLE CARDS ***
jav94: folds 
Mr_Dick666: raises $1.50 to $2.50
sta$igk: folds 
Quahrino: folds 
ka100pka527: folds 
Uncalled bet ($1.50) returned to Mr_Dick666
Mr_Dick666 collected $2.50 from pot
Mr_Dick666: doesn't show hand 
*** SUMMARY ***
Total pot $2.50 | Rake $0 
Seat 1: ka100pka527 (big blind) folded before Flop
Seat 2: jav94 folded before Flop (didn't bet)
Seat 3: Mr_Dick666 collected ($2.50)
Seat 5: sta$igk (button) folded before Flop (didn't bet)
Seat 6: Quahrino (small blind) folded before Flop



PokerStars Hand #254703201856:  Hold'em No Limit ($0.50/$1.00 USD) - 2025/02/04 15:27:13 WET [2025/02/04 10:27:13 ET]
Table 'Gyas II' 6-max Seat #6 is the button
Seat 1: ka100pka527 ($115.53 in chips) 
Seat 2: jav94 ($51.59 in chips) 
Seat 3: Mr_Dick666 ($143.65 in chips) 
Seat 5: sta$igk ($100 in chips) 
Seat 6: Quahrino ($106.08 in chips) 
ka100pka527: posts small blind $0.50
jav94: posts big blind $1
*** HOLE CARDS ***
Mr_Dick666: folds 
sta$igk: raises $1.50 to $2.50
Quahrino: folds 
AlexEliseev7 joins the table at seat #4 
ka100pka527: raises $8.50 to $11
jav94: folds 
sta$igk: folds 
Uncalled bet ($8.50) returned to ka100pka527
ka100pka527 collected $6 from pot
ka100pka527: doesn't show hand 
*** SUMMARY ***
Total pot $6 | Rake $0 
Seat 1: ka100pka527 (small blind) collected ($6)
Seat 2: jav94 (big blind) folded before Flop
Seat 3: Mr_Dick666 folded before Flop (didn't bet)
Seat 5: sta$igk folded before Flop
Seat 6: Quahrino (button) folded before Flop (didn't bet)



PokerStars Hand #254703206594:  Hold'em No Limit ($0.50/$1.00 USD) - 2025/02/04 15:27:36 WET [2025/02/04 10:27:36 ET]
Table 'Gyas II' 6-max Seat #1 is the button
Seat 4: AlexEliseev7 ($100 in chips) is sitting out
Seat 1: ka100pka527 ($119.03 in chips) 
Seat 2: jav94 ($50.59 in chips) 
Seat 3: Mr_Dick666 ($143.65 in chips) 
Seat 5: sta$igk ($100 in chips) 
Seat 6: Quahrino ($106.08 in chips) 
jav94: posts small blind $0.50
Mr_Dick666: posts big blind $1
AlexEliseev7: sits out 
*** HOLE CARDS ***
sta$igk: folds 
Quahrino: raises $1.30 to $2.30
ka100pka527: folds 
jav94: folds 
Mr_Dick666: calls $1.30
*** FLOP *** [As Kd 9s]
Mr_Dick666: checks 
Quahrino: bets $4.84
Mr_Dick666: folds 
Uncalled bet ($4.84) returned to Quahrino
Quahrino collected $4.84 from pot
Quahrino: doesn't show hand 
*** SUMMARY ***
Total pot $5.10 | Rake $0.26 
Board [As Kd 9s]
Seat 4: AlexEliseev7
Seat 1: ka100pka527 (button) folded before Flop (didn't bet)
Seat 2: jav94 (small blind) folded before Flop
Seat 3: Mr_Dick666 (big blind) folded on the Flop
Seat 5: sta$igk folded before Flop (didn't bet)
Seat 6: Quahrino collected ($4.84)



PokerStars Hand #254703213901:  Hold'em No Limit ($0.50/$1.00 USD) - 2025/02/04 15:28:13 WET [2025/02/04 10:28:13 ET]
Table 'Gyas II' 6-max Seat #2 is the button
Seat 1: ka100pka527 ($119.03 in chips) 
Seat 2: jav94 ($50.09 in chips) 
Seat 3: Mr_Dick666 ($141.35 in chips) 
Seat 4: AlexEliseev7 ($100 in chips) 
Seat 5: sta$igk ($100 in chips) 
Seat 6: Quahrino ($108.62 in chips) 
Mr_Dick666: posts small blind $0.50
AlexEliseev7: posts big blind $1
*** HOLE CARDS ***
sta$igk: folds 
Quahrino: folds 
ka100pka527: folds 
jav94: folds 
Mr_Dick666: raises $2 to $3
AlexEliseev7: folds 
Uncalled bet ($2) returned to Mr_Dick666
Mr_Dick666 collected $2 from pot
Mr_Dick666: doesn't show hand 
*** SUMMARY ***
Total pot $2 | Rake $0 
Seat 1: ka100pka527 folded before Flop (didn't bet)
Seat 2: jav94 (button) folded before Flop (didn't bet)
Seat 3: Mr_Dick666 (small blind) collected ($2)
Seat 4: AlexEliseev7 (big blind) folded before Flop
Seat 5: sta$igk folded before Flop (didn't bet)
Seat 6: Quahrino folded before Flop (didn't bet)



PokerStars Hand #254703216603:  Hold'em No Limit ($0.50/$1.00 USD) - 2025/02/04 15:28:27 WET [2025/02/04 10:28:27 ET]
Table 'Gyas II' 6-max Seat #3 is the button
Seat 1: ka100pka527 ($119.03 in chips) 
Seat 2: jav94 ($50.09 in chips) 
Seat 3: Mr_Dick666 ($142.35 in chips) 
Seat 4: AlexEliseev7 ($100 in chips) 
Seat 5: sta$igk ($100 in chips) 
Seat 6: Quahrino ($108.62 in chips) 
AlexEliseev7: posts small blind $0.50
sta$igk: posts big blind $1
*** HOLE CARDS ***
Quahrino: folds 
ka100pka527: folds 
jav94: folds 
Mr_Dick666: raises $1.50 to $2.50
AlexEliseev7: raises $9.50 to $12
sta$igk: folds 
Mr_Dick666: folds 
Uncalled bet ($9.50) returned to AlexEliseev7
AlexEliseev7 collected $6 from pot
AlexEliseev7: doesn't show hand 
*** SUMMARY ***
Total pot $6 | Rake $0 
Seat 1: ka100pka527 folded before Flop (didn't bet)
Seat 2: jav94 folded before Flop (didn't bet)
Seat 3: Mr_Dick666 (button) folded before Flop
Seat 4: AlexEliseev7 (small blind) collected ($6)
Seat 5: sta$igk (big blind) folded before Flop
Seat 6: Quahrino folded before Flop (didn't bet)



PokerStars Hand #254703220236:  Hold'em No Limit ($0.50/$1.00 USD) - 2025/02/04 15:28:44 WET [2025/02/04 10:28:44 ET]
Table 'Gyas II' 6-max Seat #4 is the button
Seat 1: ka100pka527 ($119.03 in chips) 
Seat 2: jav94 ($50.09 in chips) 
Seat 3: Mr_Dick666 ($139.85 in chips) 
Seat 4: AlexEliseev7 ($103.50 in chips) 
Seat 5: sta$igk ($100 in chips) 
Seat 6: Quahrino ($108.62 in chips) 
sta$igk: posts small blind $0.50
Quahrino: posts big blind $1
*** HOLE CARDS ***
ka100pka527: folds 
jav94: raises $1 to $2
Mr_Dick666: folds 
AlexEliseev7: folds 
sta$igk: folds 
Quahrino: folds 
Uncalled bet ($1) returned to jav94
jav94 collected $2.50 from pot
*** SUMMARY ***
Total pot $2.50 | Rake $0 
Seat 1: ka100pka527 folded before Flop (didn't bet)
Seat 2: jav94 collected ($2.50)
Seat 3: Mr_Dick666 folded before Flop (didn't bet)
Seat 4: AlexEliseev7 (button) folded before Flop (didn't bet)
Seat 5: sta$igk (small blind) folded before Flop
Seat 6: Quahrino (big blind) folded before Flop



PokerStars Hand #254703224355:  Hold'em No Limit ($0.50/$1.00 USD) - 2025/02/04 15:29:05 WET [2025/02/04 10:29:05 ET]
Table 'Gyas II' 6-max Seat #5 is the button
Seat 1: ka100pka527 ($119.03 in chips) 
Seat 2: jav94 ($51.59 in chips) 
Seat 3: Mr_Dick666 ($139.85 in chips) 
Seat 4: AlexEliseev7 ($103.50 in chips) 
Seat 5: sta$igk ($100 in chips) 
Seat 6: Quahrino ($107.62 in chips) 
Quahrino: posts small blind $0.50
ka100pka527: posts big blind $1
*** HOLE CARDS ***
jav94: folds 
Mr_Dick666: folds 
AlexEliseev7: folds 
sta$igk: folds 
Quahrino: raises $2 to $3
ka100pka527: folds 
Uncalled bet ($2) returned to Quahrino
Quahrino collected $2 from pot
Quahrino: doesn't show hand 
*** SUMMARY ***
Total pot $2 | Rake $0 
Seat 1: ka100pka527 (big blind) folded before Flop
Seat 2: jav94 folded before Flop (didn't bet)
Seat 3: Mr_Dick666 folded before Flop (didn't bet)
Seat 4: AlexEliseev7 folded before Flop (didn't bet)
Seat 5: sta$igk (button) folded before Flop (didn't bet)
Seat 6: Quahrino (small blind) collected ($2)



PokerStars Hand #254703227799:  Hold'em No Limit ($0.50/$1.00 USD) - 2025/02/04 15:29:21 WET [2025/02/04 10:29:21 ET]
Table 'Gyas II' 6-max Seat #6 is the button
Seat 1: ka100pka527 ($118.03 in chips) 
Seat 2: jav94 ($51.59 in chips) 
Seat 3: Mr_Dick666 ($139.85 in chips) 
Seat 4: AlexEliseev7 ($103.50 in chips) 
Seat 5: sta$igk ($100 in chips) 
Seat 6: Quahrino ($108.62 in chips) 
ka100pka527: posts small blind $0.50
jav94: posts big blind $1
*** HOLE CARDS ***
Mr_Dick666: folds 
AlexEliseev7: raises $1.50 to $2.50
sta$igk: folds 
Quahrino: folds 
ka100pka527: folds 
jav94: folds 
Uncalled bet ($1.50) returned to AlexEliseev7
AlexEliseev7 collected $2.50 from pot
AlexEliseev7: doesn't show hand 
*** SUMMARY ***
Total pot $2.50 | Rake $0 
Seat 1: ka100pka527 (small blind) folded before Flop
Seat 2: jav94 (big blind) folded before Flop
Seat 3: Mr_Dick666 folded before Flop (didn't bet)
Seat 4: AlexEliseev7 collected ($2.50)
Seat 5: sta$igk folded before Flop (didn't bet)
Seat 6: Quahrino (button) folded before Flop (didn't bet)



PokerStars Hand #254703230780:  Hold'em No Limit ($0.50/$1.00 USD) - 2025/02/04 15:29:36 WET [2025/02/04 10:29:36 ET]
Table 'Gyas II' 6-max Seat #1 is the button
Seat 1: ka100pka527 ($117.53 in chips) 
Seat 2: jav94 ($50.59 in chips) 
Seat 3: Mr_Dick666 ($139.85 in chips) 
Seat 4: AlexEliseev7 ($105 in chips) 
Seat 5: sta$igk ($100 in chips) 
Seat 6: Quahrino ($108.62 in chips) 
jav94: posts small blind $0.50
Mr_Dick666: posts big blind $1
*** HOLE CARDS ***
AlexEliseev7: folds 
sta$igk: raises $1.50 to $2.50
Quahrino: folds 
ka100pka527: folds 
jav94: calls $2
Mr_Dick666: folds 
*** FLOP *** [Ts 2s Kc]
jav94: checks 
sta$igk: checks 
*** TURN *** [Ts 2s Kc] [7c]
jav94: checks 
sta$igk: bets $4.28
jav94: calls $4.28
*** RIVER *** [Ts 2s Kc 7c] [6h]
jav94: bets $7.92
sta$igk: calls $7.92
*** SHOW DOWN ***
jav94: shows [Ks 6s] (two pair, Kings and Sixes)
sta$igk: mucks hand 
jav94 collected $28.88 from pot
*** SUMMARY ***
Total pot $30.40 | Rake $1.52 
Board [Ts 2s Kc 7c 6h]
Seat 1: ka100pka527 (button) folded before Flop (didn't bet)
Seat 2: jav94 (small blind) showed [Ks 6s] and won ($28.88) with two pair, Kings and Sixes
Seat 3: Mr_Dick666 (big blind) folded before Flop
Seat 4: AlexEliseev7 folded before Flop (didn't bet)
Seat 5: sta$igk mucked
Seat 6: Quahrino folded before Flop (didn't bet)



PokerStars Hand #254703242359:  Hold'em No Limit ($0.50/$1.00 USD) - 2025/02/04 15:30:32 WET [2025/02/04 10:30:32 ET]
Table 'Gyas II' 6-max Seat #2 is the button
Seat 1: ka100pka527 ($117.53 in chips) 
Seat 2: jav94 ($64.77 in chips) 
Seat 3: Mr_Dick666 ($138.85 in chips) 
Seat 4: AlexEliseev7 ($105 in chips) 
Seat 5: sta$igk ($100 in chips) 
Seat 6: Quahrino ($108.62 in chips) 
Mr_Dick666: posts small blind $0.50
AlexEliseev7: posts big blind $1
*** HOLE CARDS ***
sta$igk: raises $1.50 to $2.50
Quahrino: folds 
ka100pka527: folds 
jav94: folds 
Mr_Dick666: folds 
AlexEliseev7: raises $9.50 to $12
sta$igk: calls $9.50
*** FLOP *** [Qh Js 2h]
AlexEliseev7: bets $7.68
sta$igk: calls $7.68
*** TURN *** [Qh Js 2h] [4d]
AlexEliseev7: checks 
sta$igk: checks 
*** RIVER *** [Qh Js 2h 4d] [Qs]
AlexEliseev7: checks 
sta$igk: bets $32.19
AlexEliseev7: calls $32.19
*** SHOW DOWN ***
sta$igk: shows [Kd Ac] (a pair of Queens)
AlexEliseev7: shows [Kh Ks] (two pair, Kings and Queens)
AlexEliseev7 collected $101.74 from pot
*** SUMMARY ***
Total pot $104.24 | Rake $2.50 
Board [Qh Js 2h 4d Qs]
Seat 1: ka100pka527 folded before Flop (didn't bet)
Seat 2: jav94 (button) folded before Flop (didn't bet)
Seat 3: Mr_Dick666 (small blind) folded before Flop
Seat 4: AlexEliseev7 (big blind) showed [Kh Ks] and won ($101.74) with two pair, Kings and Queens
Seat 5: sta$igk showed [Kd Ac] and lost with a pair of Queens
Seat 6: Quahrino folded before Flop (didn't bet)



PokerStars Hand #254703263104:  Hold'em No Limit ($0.50/$1.00 USD) - 2025/02/04 15:32:13 WET [2025/02/04 10:32:13 ET]
Table 'Gyas II' 6-max Seat #3 is the button
Seat 1: ka100pka527 ($117.53 in chips) 
Seat 2: jav94 ($64.77 in chips) 
Seat 3: Mr_Dick666 ($138.35 in chips) 
Seat 4: AlexEliseev7 ($154.87 in chips) 
Seat 5: sta$igk ($100 in chips) 
Seat 6: Quahrino ($108.62 in chips) 
AlexEliseev7: posts small blind $0.50
sta$igk: posts big blind $1
*** HOLE CARDS ***
Quahrino: folds 
ka100pka527: folds 
jav94: folds 
Mr_Dick666: folds 
AlexEliseev7: folds 
Uncalled bet ($0.50) returned to sta$igk
sta$igk collected $1 from pot
sta$igk: doesn't show hand 
*** SUMMARY ***
Total pot $1 | Rake $0 
Seat 1: ka100pka527 folded before Flop (didn't bet)
Seat 2: jav94 folded before Flop (didn't bet)
Seat 3: Mr_Dick666 (button) folded before Flop (didn't bet)
Seat 4: AlexEliseev7 (small blind) folded before Flop
Seat 5: sta$igk (big blind) collected ($1)
Seat 6: Quahrino folded before Flop (didn't bet)



PokerStars Hand #254703265073:  Hold'em No Limit ($0.50/$1.00 USD) - 2025/02/04 15:32:23 WET [2025/02/04 10:32:23 ET]
Table 'Gyas II' 6-max Seat #4 is the button
Seat 1: ka100pka527 ($117.53 in chips) 
Seat 2: jav94 ($64.77 in chips) 
Seat 3: Mr_Dick666 ($138.35 in chips) 
Seat 4: AlexEliseev7 ($154.37 in chips) 
Seat 5: sta$igk ($100.50 in chips) 
Seat 6: Quahrino ($108.62 in chips) 
sta$igk: posts small blind $0.50
Quahrino: posts big blind $1
*** HOLE CARDS ***
ka100pka527: folds 
jav94: folds 
Mr_Dick666: folds 
AlexEliseev7: raises $1.50 to $2.50
sta$igk: folds 
Quahrino: folds 
Uncalled bet ($1.50) returned to AlexEliseev7
AlexEliseev7 collected $2.50 from pot
AlexEliseev7: doesn't show hand 
*** SUMMARY ***
Total pot $2.50 | Rake $0 
Seat 1: ka100pka527 folded before Flop (didn't bet)
Seat 2: jav94 folded before Flop (didn't bet)
Seat 3: Mr_Dick666 folded before Flop (didn't bet)
Seat 4: AlexEliseev7 (button) collected ($2.50)
Seat 5: sta$igk (small blind) folded before Flop
Seat 6: Quahrino (big blind) folded before Flop



PokerStars Hand #254703269043:  Hold'em No Limit ($0.50/$1.00 USD) - 2025/02/04 15:32:42 WET [2025/02/04 10:32:42 ET]
Table 'Gyas II' 6-max Seat #5 is the button
Seat 1: ka100pka527 ($117.53 in chips) 
Seat 2: jav94 ($64.77 in chips) 
Seat 3: Mr_Dick666 ($138.35 in chips) 
Seat 4: AlexEliseev7 ($155.87 in chips) 
Seat 5: sta$igk ($100 in chips) 
Seat 6: Quahrino ($107.62 in chips) 
Quahrino: posts small blind $0.50
ka100pka527: posts big blind $1
*** HOLE CARDS ***
jav94: folds 
Mr_Dick666: folds 
AlexEliseev7: raises $1.50 to $2.50
sta$igk: folds 
Quahrino: folds 
ka100pka527: folds 
Uncalled bet ($1.50) returned to AlexEliseev7
AlexEliseev7 collected $2.50 from pot
AlexEliseev7: doesn't show hand 
*** SUMMARY ***
Total pot $2.50 | Rake $0 
Seat 1: ka100pka527 (big blind) folded before Flop
Seat 2: jav94 folded before Flop (didn't bet)
Seat 3: Mr_Dick666 folded before Flop (didn't bet)
Seat 4: AlexEliseev7 collected ($2.50)
Seat 5: sta$igk (button) folded before Flop (didn't bet)
Seat 6: Quahrino (small blind) folded before Flop



PokerStars Hand #254703273713:  Hold'em No Limit ($0.50/$1.00 USD) - 2025/02/04 15:33:05 WET [2025/02/04 10:33:05 ET]
Table 'Gyas II' 6-max Seat #6 is the button
Seat 2: jav94 ($64.77 in chips) is sitting out
Seat 1: ka100pka527 ($116.53 in chips) 
Seat 3: Mr_Dick666 ($138.35 in chips) 
Seat 4: AlexEliseev7 ($157.37 in chips) 
Seat 5: sta$igk ($100 in chips) 
Seat 6: Quahrino ($107.12 in chips) 
ka100pka527: posts small blind $0.50
jav94 has timed out
jav94: is sitting out 
Mr_Dick666: posts big blind $1
*** HOLE CARDS ***
AlexEliseev7: folds 
sta$igk: folds 
Quahrino: folds 
ka100pka527: folds 
Uncalled bet ($0.50) returned to Mr_Dick666
Mr_Dick666 collected $1 from pot
Mr_Dick666: doesn't show hand 
*** SUMMARY ***
Total pot $1 | Rake $0 
Seat 2: jav94
Seat 1: ka100pka527 (small blind) folded before Flop
Seat 3: Mr_Dick666 (big blind) collected ($1)
Seat 4: AlexEliseev7 folded before Flop (didn't bet)
Seat 5: sta$igk folded before Flop (didn't bet)
Seat 6: Quahrino (button) folded before Flop (didn't bet)



PokerStars Hand #254703278772:  Hold'em No Limit ($0.50/$1.00 USD) - 2025/02/04 15:33:30 WET [2025/02/04 10:33:30 ET]
Table 'Gyas II' 6-max Seat #1 is the button
Seat 2: jav94 ($64.77 in chips) is sitting out
Seat 1: ka100pka527 ($116.03 in chips) 
Seat 3: Mr_Dick666 ($138.85 in chips) 
Seat 4: AlexEliseev7 ($157.37 in chips) 
Seat 5: sta$igk ($100 in chips) 
Seat 6: Quahrino ($107.12 in chips) 
Mr_Dick666: posts small blind $0.50
AlexEliseev7: posts big blind $1
*** HOLE CARDS ***
sta$igk: folds 
Quahrino: folds 
ka100pka527: raises $1.50 to $2.50
Mr_Dick666: folds 
AlexEliseev7: raises $10.50 to $13
ka100pka527: folds 
Uncalled bet ($10.50) returned to AlexEliseev7
AlexEliseev7 collected $5.50 from pot
AlexEliseev7: doesn't show hand 
*** SUMMARY ***
Total pot $5.50 | Rake $0 
Seat 2: jav94
Seat 1: ka100pka527 (button) folded before Flop
Seat 3: Mr_Dick666 (small blind) folded before Flop
Seat 4: AlexEliseev7 (big blind) collected ($5.50)
Seat 5: sta$igk folded before Flop (didn't bet)
Seat 6: Quahrino folded before Flop (didn't bet)



PokerStars Hand #254703288816:  Hold'em No Limit ($0.50/$1.00 USD) - 2025/02/04 15:34:19 WET [2025/02/04 10:34:19 ET]
Table 'Gyas II' 6-max Seat #3 is the button
Seat 1: ka100pka527 ($113.53 in chips) 
Seat 2: jav94 ($64.77 in chips) 
Seat 3: Mr_Dick666 ($138.35 in chips) 
Seat 4: AlexEliseev7 ($160.37 in chips) 
Seat 5: sta$igk ($100 in chips) 
Seat 6: Quahrino ($107.12 in chips) 
AlexEliseev7: posts small blind $0.50
sta$igk: posts big blind $1
jav94: posts small & big blinds $1.50
*** HOLE CARDS ***
Quahrino: folds 
ka100pka527: folds 
jav94: checks 
Mr_Dick666: folds 
AlexEliseev7: folds 
sta$igk: checks 
*** FLOP *** [Jh Ah 5c]
sta$igk: checks 
jav94: checks 
*** TURN *** [Jh Ah 5c] [Kc]
sta$igk: checks 
jav94: bets $1
sta$igk: calls $1
*** RIVER *** [Jh Ah 5c Kc] [4h]
sta$igk: checks 
jav94: checks 
*** SHOW DOWN ***
sta$igk: shows [Jd 3d] (a pair of Jacks)
jav94: mucks hand 
sta$igk collected $4.75 from pot
*** SUMMARY ***
Total pot $5 | Rake $0.25 
Board [Jh Ah 5c Kc 4h]
Seat 1: ka100pka527 folded before Flop (didn't bet)
Seat 2: jav94 mucked
Seat 3: Mr_Dick666 (button) folded before Flop (didn't bet)
Seat 4: AlexEliseev7 (small blind) folded before Flop
Seat 5: sta$igk (big blind) showed [Jd 3d] and won ($4.75) with a pair of Jacks
Seat 6: Quahrino folded before Flop (didn't bet)



PokerStars Hand #254703298515:  Hold'em No Limit ($0.50/$1.00 USD) - 2025/02/04 15:35:07 WET [2025/02/04 10:35:07 ET]
Table 'Gyas II' 6-max Seat #4 is the button
Seat 1: ka100pka527 ($113.53 in chips) 
Seat 2: jav94 ($62.27 in chips) 
Seat 3: Mr_Dick666 ($138.35 in chips) 
Seat 4: AlexEliseev7 ($159.87 in chips) 
Seat 5: sta$igk ($102.75 in chips) 
Seat 6: Quahrino ($107.12 in chips) 
sta$igk: posts small blind $0.50
Quahrino: posts big blind $1
*** HOLE CARDS ***
ka100pka527: folds 
jav94: calls $1
Mr_Dick666: folds 
AlexEliseev7: folds 
sta$igk: folds 
Quahrino: raises $5 to $6
jav94: folds 
Uncalled bet ($5) returned to Quahrino
Quahrino collected $2.50 from pot
Quahrino: doesn't show hand 
*** SUMMARY ***
Total pot $2.50 | Rake $0 
Seat 1: ka100pka527 folded before Flop (didn't bet)
Seat 2: jav94 folded before Flop
Seat 3: Mr_Dick666 folded before Flop (didn't bet)
Seat 4: AlexEliseev7 (button) folded before Flop (didn't bet)
Seat 5: sta$igk (small blind) folded before Flop
Seat 6: Quahrino (big blind) collected ($2.50)



PokerStars Hand #254703301880:  Hold'em No Limit ($0.50/$1.00 USD) - 2025/02/04 15:35:24 WET [2025/02/04 10:35:24 ET]
Table 'Gyas II' 6-max Seat #5 is the button
Seat 1: ka100pka527 ($113.53 in chips) 
Seat 2: jav94 ($61.27 in chips) 
Seat 3: Mr_Dick666 ($138.35 in chips) 
Seat 4: AlexEliseev7 ($159.87 in chips) 
Seat 5: sta$igk ($102.25 in chips) 
Seat 6: Quahrino ($108.62 in chips) 
Quahrino: posts small blind $0.50
ka100pka527: posts big blind $1
*** HOLE CARDS ***
jav94: raises $1 to $2
Mr_Dick666: folds 
AlexEliseev7: folds 
sta$igk: folds 
Quahrino: folds 
ka100pka527: calls $1
*** FLOP *** [9d Ks Kd]
ka100pka527: checks 
jav94: checks 
*** TURN *** [9d Ks Kd] [5c]
ka100pka527: bets $2.85
jav94: calls $2.85
*** RIVER *** [9d Ks Kd 5c] [Qc]
ka100pka527: checks 
jav94: bets $7.85
ka100pka527: raises $100.83 to $108.68 and is all-in
jav94: folds 
Uncalled bet ($100.83) returned to ka100pka527
ka100pka527 collected $24.60 from pot
ka100pka527: doesn't show hand 
*** SUMMARY ***
Total pot $25.90 | Rake $1.30 
Board [9d Ks Kd 5c Qc]
Seat 1: ka100pka527 (big blind) collected ($24.60)
Seat 2: jav94 folded on the River
Seat 3: Mr_Dick666 folded before Flop (didn't bet)
Seat 4: AlexEliseev7 folded before Flop (didn't bet)
Seat 5: sta$igk (button) folded before Flop (didn't bet)
Seat 6: Quahrino (small blind) folded before Flop



PokerStars Hand #254703314766:  Hold'em No Limit ($0.50/$1.00 USD) - 2025/02/04 15:36:27 WET [2025/02/04 10:36:27 ET]
Table 'Gyas II' 6-max Seat #6 is the button
Seat 1: ka100pka527 ($125.43 in chips) 
Seat 2: jav94 ($48.57 in chips) 
Seat 3: Mr_Dick666 ($138.35 in chips) 
Seat 4: AlexEliseev7 ($159.87 in chips) 
Seat 5: sta$igk ($102.25 in chips) 
Seat 6: Quahrino ($108.12 in chips) 
ka100pka527: posts small blind $0.50
jav94: posts big blind $1
*** HOLE CARDS ***
Mr_Dick666: folds 
AlexEliseev7: folds 
sta$igk: raises $1.50 to $2.50
Quahrino: folds 
ka100pka527: folds 
jav94: folds 
Uncalled bet ($1.50) returned to sta$igk
sta$igk collected $2.50 from pot
sta$igk: doesn't show hand 
*** SUMMARY ***
Total pot $2.50 | Rake $0 
Seat 1: ka100pka527 (small blind) folded before Flop
Seat 2: jav94 (big blind) folded before Flop
Seat 3: Mr_Dick666 folded before Flop (didn't bet)
Seat 4: AlexEliseev7 folded before Flop (didn't bet)
Seat 5: sta$igk collected ($2.50)
Seat 6: Quahrino (button) folded before Flop (didn't bet)



PokerStars Hand #254703319106:  Hold'em No Limit ($0.50/$1.00 USD) - 2025/02/04 15:36:48 WET [2025/02/04 10:36:48 ET]
Table 'Gyas II' 6-max Seat #1 is the button
Seat 1: ka100pka527 ($124.93 in chips) 
Seat 2: jav94 ($47.57 in chips) 
Seat 3: Mr_Dick666 ($138.35 in chips) 
Seat 4: AlexEliseev7 ($159.87 in chips) 
Seat 5: sta$igk ($103.75 in chips) 
Seat 6: Quahrino ($108.12 in chips) 
jav94: posts small blind $0.50
Mr_Dick666: posts big blind $1
*** HOLE CARDS ***
AlexEliseev7: folds 
sta$igk: folds 
Quahrino: raises $1.30 to $2.30
ka100pka527: folds 
jav94: folds 
Mr_Dick666: folds 
Uncalled bet ($1.30) returned to Quahrino
Quahrino collected $2.50 from pot
Quahrino: doesn't show hand 
*** SUMMARY ***
Total pot $2.50 | Rake $0 
Seat 1: ka100pka527 (button) folded before Flop (didn't bet)
Seat 2: jav94 (small blind) folded before Flop
Seat 3: Mr_Dick666 (big blind) folded before Flop
Seat 4: AlexEliseev7 folded before Flop (didn't bet)
Seat 5: sta$igk folded before Flop (didn't bet)
Seat 6: Quahrino collected ($2.50)



PokerStars Hand #254703322758:  Hold'em No Limit ($0.50/$1.00 USD) - 2025/02/04 15:37:06 WET [2025/02/04 10:37:06 ET]
Table 'Gyas II' 6-max Seat #2 is the button
Seat 1: ka100pka527 ($124.93 in chips) 
Seat 2: jav94 ($47.07 in chips) 
Seat 3: Mr_Dick666 ($137.35 in chips) 
Seat 4: AlexEliseev7 ($159.87 in chips) 
Seat 5: sta$igk ($103.75 in chips) 
Seat 6: Quahrino ($109.62 in chips) 
Mr_Dick666: posts small blind $0.50
AlexEliseev7: posts big blind $1
*** HOLE CARDS ***
sta$igk: folds 
Quahrino: raises $1 to $2
ka100pka527: folds 
jav94: folds 
Mr_Dick666: folds 
AlexEliseev7: calls $1
*** FLOP *** [Kc 2h 5c]
AlexEliseev7: checks 
Quahrino: checks 
*** TURN *** [Kc 2h 5c] [9c]
AlexEliseev7: bets $3.34
Quahrino: folds 
Uncalled bet ($3.34) returned to AlexEliseev7
AlexEliseev7 collected $4.28 from pot
AlexEliseev7: doesn't show hand 
*** SUMMARY ***
Total pot $4.50 | Rake $0.22 
Board [Kc 2h 5c 9c]
Seat 1: ka100pka527 folded before Flop (didn't bet)
Seat 2: jav94 (button) folded before Flop (didn't bet)
Seat 3: Mr_Dick666 (small blind) folded before Flop
Seat 4: AlexEliseev7 (big blind) collected ($4.28)
Seat 5: sta$igk folded before Flop (didn't bet)
Seat 6: Quahrino folded on the Turn



PokerStars Hand #254703354805:  Hold'em No Limit ($0.50/$1.00 USD) - 2025/02/04 15:39:41 WET [2025/02/04 10:39:41 ET]
Table 'Gyas II' 6-max Seat #5 is the button
Seat 1: ka100pka527 ($124.93 in chips) 
Seat 2: jav94 ($23.92 in chips) 
Seat 3: Mr_Dick666 ($139.35 in chips) 
Seat 4: AlexEliseev7 ($161.65 in chips) 
Seat 5: sta$igk ($123.66 in chips) 
Seat 6: Quahrino ($106.62 in chips) 
Quahrino: posts small blind $0.50
ka100pka527: posts big blind $1
*** HOLE CARDS ***
jav94: raises $1 to $2
Mr_Dick666: folds 
AlexEliseev7: folds 
sta$igk: folds 
Quahrino: folds 
ka100pka527: folds 
Uncalled bet ($1) returned to jav94
jav94 collected $2.50 from pot
jav94: doesn't show hand 
*** SUMMARY ***
Total pot $2.50 | Rake $0 
Seat 1: ka100pka527 (big blind) folded before Flop
Seat 2: jav94 collected ($2.50)
Seat 3: Mr_Dick666 folded before Flop (didn't bet)
Seat 4: AlexEliseev7 folded before Flop (didn't bet)
Seat 5: sta$igk (button) folded before Flop (didn't bet)
Seat 6: Quahrino (small blind) folded before Flop



PokerStars Hand #254703359116:  Hold'em No Limit ($0.50/$1.00 USD) - 2025/02/04 15:40:02 WET [2025/02/04 10:40:02 ET]
Table 'Gyas II' 6-max Seat #6 is the button
Seat 1: ka100pka527 ($123.93 in chips) 
Seat 2: jav94 ($25.42 in chips) 
Seat 3: Mr_Dick666 ($139.35 in chips) 
Seat 4: AlexEliseev7 ($161.65 in chips) 
Seat 5: sta$igk ($123.66 in chips) 
Seat 6: Quahrino ($106.12 in chips) 
ka100pka527: posts small blind $0.50
jav94: posts big blind $1
*** HOLE CARDS ***
Mr_Dick666: folds 
AlexEliseev7: folds 
sta$igk: folds 
Quahrino: raises $1.50 to $2.50
ka100pka527: raises $8.50 to $11
jav94: folds 
Quahrino: raises $14 to $25
ka100pka527: raises $98.93 to $123.93 and is all-in
Quahrino: folds 
Uncalled bet ($98.93) returned to ka100pka527
ka100pka527 collected $51 from pot
ka100pka527: doesn't show hand 
*** SUMMARY ***
Total pot $51 | Rake $0 
Seat 1: ka100pka527 (small blind) collected ($51)
Seat 2: jav94 (big blind) folded before Flop
Seat 3: Mr_Dick666 folded before Flop (didn't bet)
Seat 4: AlexEliseev7 folded before Flop (didn't bet)
Seat 5: sta$igk folded before Flop (didn't bet)
Seat 6: Quahrino (button) folded before Flop



PokerStars Hand #254703368613:  Hold'em No Limit ($0.50/$1.00 USD) - 2025/02/04 15:40:48 WET [2025/02/04 10:40:48 ET]
Table 'Gyas II' 6-max Seat #1 is the button
Seat 1: ka100pka527 ($149.93 in chips) 
Seat 2: jav94 ($24.42 in chips) 
Seat 3: Mr_Dick666 ($139.35 in chips) 
Seat 4: AlexEliseev7 ($161.65 in chips) 
Seat 5: sta$igk ($123.66 in chips) 
Seat 6: Quahrino ($100 in chips) 
jav94: posts small blind $0.50
Mr_Dick666: posts big blind $1
*** HOLE CARDS ***
AlexEliseev7: raises $1.50 to $2.50
sta$igk: folds 
Quahrino: folds 
ka100pka527: folds 
jav94: folds 
Mr_Dick666: folds 
Uncalled bet ($1.50) returned to AlexEliseev7
AlexEliseev7 collected $2.50 from pot
AlexEliseev7: doesn't show hand 
*** SUMMARY ***
Total pot $2.50 | Rake $0 
Seat 1: ka100pka527 (button) folded before Flop (didn't bet)
Seat 2: jav94 (small blind) folded before Flop
Seat 3: Mr_Dick666 (big blind) folded before Flop
Seat 4: AlexEliseev7 collected ($2.50)
Seat 5: sta$igk folded before Flop (didn't bet)
Seat 6: Quahrino folded before Flop (didn't bet)



PokerStars Hand #254703370971:  Hold'em No Limit ($0.50/$1.00 USD) - 2025/02/04 15:40:59 WET [2025/02/04 10:40:59 ET]
Table 'Gyas II' 6-max Seat #2 is the button
Seat 1: ka100pka527 ($149.93 in chips) 
Seat 2: jav94 ($23.92 in chips) 
Seat 3: Mr_Dick666 ($138.35 in chips) 
Seat 4: AlexEliseev7 ($163.15 in chips) 
Seat 5: sta$igk ($123.66 in chips) 
Seat 6: Quahrino ($100 in chips) 
Mr_Dick666: posts small blind $0.50
AlexEliseev7: posts big blind $1
*** HOLE CARDS ***
sta$igk: folds 
Quahrino: folds 
ka100pka527: raises $1.50 to $2.50
jav94: folds 
Mr_Dick666: folds 
AlexEliseev7: folds 
Uncalled bet ($1.50) returned to ka100pka527
ka100pka527 collected $2.50 from pot
ka100pka527: doesn't show hand 
*** SUMMARY ***
Total pot $2.50 | Rake $0 
Seat 1: ka100pka527 collected ($2.50)
Seat 2: jav94 (button) folded before Flop (didn't bet)
Seat 3: Mr_Dick666 (small blind) folded before Flop
Seat 4: AlexEliseev7 (big blind) folded before Flop
Seat 5: sta$igk folded before Flop (didn't bet)
Seat 6: Quahrino folded before Flop (didn't bet)



PokerStars Hand #254703373997:  Hold'em No Limit ($0.50/$1.00 USD) - 2025/02/04 15:41:14 WET [2025/02/04 10:41:14 ET]
Table 'Gyas II' 6-max Seat #3 is the button
Seat 1: ka100pka527 ($151.43 in chips) 
Seat 2: jav94 ($23.92 in chips) 
Seat 3: Mr_Dick666 ($137.85 in chips) 
Seat 4: AlexEliseev7 ($162.15 in chips) 
Seat 5: sta$igk ($123.66 in chips) 
Seat 6: Quahrino ($100 in chips) 
AlexEliseev7: posts small blind $0.50
sta$igk: posts big blind $1
*** HOLE CARDS ***
Quahrino: folds 
ka100pka527: folds 
jav94: folds 
Mr_Dick666: raises $1.50 to $2.50
AlexEliseev7: raises $10.50 to $13
sta$igk: raises $13 to $26
Mr_Dick666: folds 
AlexEliseev7: raises $136.15 to $162.15 and is all-in
sta$igk: folds 
Uncalled bet ($136.15) returned to AlexEliseev7
AlexEliseev7 collected $54.50 from pot
AlexEliseev7: doesn't show hand 
*** SUMMARY ***
Total pot $54.50 | Rake $0 
Seat 1: ka100pka527 folded before Flop (didn't bet)
Seat 2: jav94 folded before Flop (didn't bet)
Seat 3: Mr_Dick666 (button) folded before Flop
Seat 4: AlexEliseev7 (small blind) collected ($54.50)
Seat 5: sta$igk (big blind) folded before Flop
Seat 6: Quahrino folded before Flop (didn't bet)



PokerStars Hand #254703383428:  Hold'em No Limit ($0.50/$1.00 USD) - 2025/02/04 15:42:00 WET [2025/02/04 10:42:00 ET]
Table 'Gyas II' 6-max Seat #4 is the button
Seat 1: ka100pka527 ($151.43 in chips) 
Seat 2: jav94 ($23.92 in chips) 
Seat 3: Mr_Dick666 ($135.35 in chips) 
Seat 4: AlexEliseev7 ($190.65 in chips) 
Seat 5: sta$igk ($100 in chips) 
Seat 6: Quahrino ($100 in chips) 
sta$igk: posts small blind $0.50
Quahrino: posts big blind $1
*** HOLE CARDS ***
ka100pka527: folds 
jav94: folds 
Mr_Dick666: folds 
AlexEliseev7: folds 
sta$igk: raises $2 to $3
Quahrino: raises $7 to $10
sta$igk: raises $11 to $21
Quahrino: calls $11
*** FLOP *** [4d 2h 9h]
sta$igk: bets $13.17
Quahrino: folds 
Uncalled bet ($13.17) returned to sta$igk
sta$igk collected $39.90 from pot
sta$igk: doesn't show hand 
*** SUMMARY ***
Total pot $42 | Rake $2.10 
Board [4d 2h 9h]
Seat 1: ka100pka527 folded before Flop (didn't bet)
Seat 2: jav94 folded before Flop (didn't bet)
Seat 3: Mr_Dick666 folded before Flop (didn't bet)
Seat 4: AlexEliseev7 (button) folded before Flop (didn't bet)
Seat 5: sta$igk (small blind) collected ($39.90)
Seat 6: Quahrino (big blind) folded on the Flop



PokerStars Hand #254703394868:  Hold'em No Limit ($0.50/$1.00 USD) - 2025/02/04 15:42:55 WET [2025/02/04 10:42:55 ET]
Table 'Gyas II' 6-max Seat #5 is the button
Seat 1: ka100pka527 ($151.43 in chips) 
Seat 2: jav94 ($23.92 in chips) 
Seat 3: Mr_Dick666 ($135.35 in chips) 
Seat 4: AlexEliseev7 ($190.65 in chips) 
Seat 5: sta$igk ($118.90 in chips) 
Seat 6: Quahrino ($100 in chips) 
Quahrino: posts small blind $0.50
ka100pka527: posts big blind $1
*** HOLE CARDS ***
jav94: raises $1 to $2
Mr_Dick666: folds 
AlexEliseev7: folds 
sta$igk: folds 
Quahrino: folds 
ka100pka527: folds 
Uncalled bet ($1) returned to jav94
jav94 collected $2.50 from pot
*** SUMMARY ***
Total pot $2.50 | Rake $0 
Seat 1: ka100pka527 (big blind) folded before Flop
Seat 2: jav94 collected ($2.50)
Seat 3: Mr_Dick666 folded before Flop (didn't bet)
Seat 4: AlexEliseev7 folded before Flop (didn't bet)
Seat 5: sta$igk (button) folded before Flop (didn't bet)
Seat 6: Quahrino (small blind) folded before Flop



PokerStars Hand #254703397478:  Hold'em No Limit ($0.50/$1.00 USD) - 2025/02/04 15:43:08 WET [2025/02/04 10:43:08 ET]
Table 'Gyas II' 6-max Seat #6 is the button
Seat 1: ka100pka527 ($150.43 in chips) 
Seat 2: jav94 ($25.42 in chips) 
Seat 3: Mr_Dick666 ($135.35 in chips) 
Seat 4: AlexEliseev7 ($190.65 in chips) 
Seat 5: sta$igk ($118.90 in chips) 
Seat 6: Quahrino ($100 in chips) 
ka100pka527: posts small blind $0.50
jav94: posts big blind $1
*** HOLE CARDS ***
Mr_Dick666: folds 
AlexEliseev7: raises $1.50 to $2.50
sta$igk: folds 
Quahrino: folds 
ka100pka527: folds 
jav94: folds 
Uncalled bet ($1.50) returned to AlexEliseev7
AlexEliseev7 collected $2.50 from pot
AlexEliseev7: doesn't show hand 
*** SUMMARY ***
Total pot $2.50 | Rake $0 
Seat 1: ka100pka527 (small blind) folded before Flop
Seat 2: jav94 (big blind) folded before Flop
Seat 3: Mr_Dick666 folded before Flop (didn't bet)
Seat 4: AlexEliseev7 collected ($2.50)
Seat 5: sta$igk folded before Flop (didn't bet)
Seat 6: Quahrino (button) folded before Flop (didn't bet)



PokerStars Hand #254703400584:  Hold'em No Limit ($0.50/$1.00 USD) - 2025/02/04 15:43:23 WET [2025/02/04 10:43:23 ET]
Table 'Gyas II' 6-max Seat #1 is the button
Seat 1: ka100pka527 ($149.93 in chips) 
Seat 2: jav94 ($24.42 in chips) 
Seat 3: Mr_Dick666 ($135.35 in chips) 
Seat 4: AlexEliseev7 ($192.15 in chips) 
Seat 5: sta$igk ($118.90 in chips) 
Seat 6: Quahrino ($100 in chips) 
jav94: posts small blind $0.50
Mr_Dick666: posts big blind $1
*** HOLE CARDS ***
AlexEliseev7: folds 
sta$igk: raises $1.50 to $2.50
Quahrino: folds 
ka100pka527: folds 
jav94: folds 
Mr_Dick666: folds 
Uncalled bet ($1.50) returned to sta$igk
sta$igk collected $2.50 from pot
sta$igk: doesn't show hand 
*** SUMMARY ***
Total pot $2.50 | Rake $0 
Seat 1: ka100pka527 (button) folded before Flop (didn't bet)
Seat 2: jav94 (small blind) folded before Flop
Seat 3: Mr_Dick666 (big blind) folded before Flop
Seat 4: AlexEliseev7 folded before Flop (didn't bet)
Seat 5: sta$igk collected ($2.50)
Seat 6: Quahrino folded before Flop (didn't bet)



PokerStars Hand #254703403460:  Hold'em No Limit ($0.50/$1.00 USD) - 2025/02/04 15:43:37 WET [2025/02/04 10:43:37 ET]
Table 'Gyas II' 6-max Seat #2 is the button
Seat 1: ka100pka527 ($149.93 in chips) 
Seat 2: jav94 ($23.92 in chips) 
Seat 3: Mr_Dick666 ($134.35 in chips) 
Seat 4: AlexEliseev7 ($192.15 in chips) 
Seat 5: sta$igk ($120.40 in chips) 
Seat 6: Quahrino ($100 in chips) 
Mr_Dick666: posts small blind $0.50
AlexEliseev7: posts big blind $1
*** HOLE CARDS ***
sta$igk: folds 
Quahrino: folds 
ka100pka527: raises $1.50 to $2.50
jav94: calls $2.50
Mr_Dick666: folds 
AlexEliseev7: calls $1.50
*** FLOP *** [5d 9c Jc]
AlexEliseev7: checks 
ka100pka527: checks 
jav94: checks 
*** TURN *** [5d 9c Jc] [3d]
AlexEliseev7: bets $2.51
ka100pka527: calls $2.51
jav94: folds 
*** RIVER *** [5d 9c Jc 3d] [7d]
AlexEliseev7: checks 
ka100pka527: checks 
*** SHOW DOWN ***
AlexEliseev7: shows [9h Ac] (a pair of Nines)
ka100pka527: mucks hand 
AlexEliseev7 collected $12.37 from pot
*** SUMMARY ***
Total pot $13.02 | Rake $0.65 
Board [5d 9c Jc 3d 7d]
Seat 1: ka100pka527 mucked
Seat 2: jav94 (button) folded on the Turn
Seat 3: Mr_Dick666 (small blind) folded before Flop
Seat 4: AlexEliseev7 (big blind) showed [9h Ac] and won ($12.37) with a pair of Nines
Seat 5: sta$igk folded before Flop (didn't bet)
Seat 6: Quahrino folded before Flop (didn't bet)



PokerStars Hand #254703420822:  Hold'em No Limit ($0.50/$1.00 USD) - 2025/02/04 15:45:01 WET [2025/02/04 10:45:01 ET]
Table 'Gyas II' 6-max Seat #3 is the button
Seat 1: ka100pka527 ($144.92 in chips) 
Seat 2: jav94 ($21.42 in chips) 
Seat 3: Mr_Dick666 ($133.85 in chips) 
Seat 4: AlexEliseev7 ($199.51 in chips) 
Seat 5: sta$igk ($120.40 in chips) 
Seat 6: Quahrino ($100 in chips) 
AlexEliseev7: posts small blind $0.50
sta$igk: posts big blind $1
*** HOLE CARDS ***
Quahrino: folds 
ka100pka527: folds 
jav94: folds 
Mr_Dick666: raises $1.50 to $2.50
AlexEliseev7: folds 
sta$igk: calls $1.50
*** FLOP *** [9c 5c 3c]
sta$igk: checks 
Mr_Dick666: checks 
*** TURN *** [9c 5c 3c] [8c]
sta$igk: bets $1.72
Mr_Dick666: folds 
Uncalled bet ($1.72) returned to sta$igk
sta$igk collected $5.22 from pot
sta$igk: doesn't show hand 
*** SUMMARY ***
Total pot $5.50 | Rake $0.28 
Board [9c 5c 3c 8c]
Seat 1: ka100pka527 folded before Flop (didn't bet)
Seat 2: jav94 folded before Flop (didn't bet)
Seat 3: Mr_Dick666 (button) folded on the Turn
Seat 4: AlexEliseev7 (small blind) folded before Flop
Seat 5: sta$igk (big blind) collected ($5.22)
Seat 6: Quahrino folded before Flop (didn't bet)



PokerStars Hand #254703430973:  Hold'em No Limit ($0.50/$1.00 USD) - 2025/02/04 15:45:49 WET [2025/02/04 10:45:49 ET]
Table 'Gyas II' 6-max Seat #4 is the button
Seat 1: ka100pka527 ($144.92 in chips) 
Seat 2: jav94 ($21.42 in chips) 
Seat 3: Mr_Dick666 ($131.35 in chips) 
Seat 4: AlexEliseev7 ($199.01 in chips) 
Seat 5: sta$igk ($123.12 in chips) 
Seat 6: Quahrino ($100 in chips) 
sta$igk: posts small blind $0.50
Quahrino: posts big blind $1
*** HOLE CARDS ***
ka100pka527: raises $2 to $3
jav94: folds 
Mr_Dick666: folds 
AlexEliseev7: folds 
sta$igk: raises $9 to $12
Quahrino: folds 
ka100pka527: folds 
Uncalled bet ($9) returned to sta$igk
sta$igk collected $7 from pot
sta$igk: doesn't show hand 
*** SUMMARY ***
Total pot $7 | Rake $0 
Seat 1: ka100pka527 folded before Flop
Seat 2: jav94 folded before Flop (didn't bet)
Seat 3: Mr_Dick666 folded before Flop (didn't bet)
Seat 4: AlexEliseev7 (button) folded before Flop (didn't bet)
Seat 5: sta$igk (small blind) collected ($7)
Seat 6: Quahrino (big blind) folded before Flop



PokerStars Hand #254703435121:  Hold'em No Limit ($0.50/$1.00 USD) - 2025/02/04 15:46:09 WET [2025/02/04 10:46:09 ET]
Table 'Gyas II' 6-max Seat #5 is the button
Seat 1: ka100pka527 ($141.92 in chips) 
Seat 2: jav94 ($21.42 in chips) 
Seat 3: Mr_Dick666 ($131.35 in chips) 
Seat 4: AlexEliseev7 ($199.01 in chips) 
Seat 5: sta$igk ($127.12 in chips) 
Seat 6: Quahrino ($100 in chips) 
Quahrino: posts small blind $0.50
ka100pka527: posts big blind $1
*** HOLE CARDS ***
jav94: calls $1
Mr_Dick666: folds 
AlexEliseev7: folds 
sta$igk: raises $3 to $4
Quahrino: folds 
ka100pka527: folds 
jav94: folds 
Uncalled bet ($3) returned to sta$igk
sta$igk collected $3.50 from pot
sta$igk: doesn't show hand 
*** SUMMARY ***
Total pot $3.50 | Rake $0 
Seat 1: ka100pka527 (big blind) folded before Flop
Seat 2: jav94 folded before Flop
Seat 3: Mr_Dick666 folded before Flop (didn't bet)
Seat 4: AlexEliseev7 folded before Flop (didn't bet)
Seat 5: sta$igk (button) collected ($3.50)
Seat 6: Quahrino (small blind) folded before Flop



PokerStars Hand #254703438667:  Hold'em No Limit ($0.50/$1.00 USD) - 2025/02/04 15:46:25 WET [2025/02/04 10:46:25 ET]
Table 'Gyas II' 6-max Seat #6 is the button
Seat 1: ka100pka527 ($140.92 in chips) 
Seat 2: jav94 ($20.42 in chips) 
Seat 3: Mr_Dick666 ($131.35 in chips) 
Seat 4: AlexEliseev7 ($199.01 in chips) 
Seat 5: sta$igk ($129.62 in chips) 
Seat 6: Quahrino ($100 in chips) 
ka100pka527: posts small blind $0.50
jav94: posts big blind $1
*** HOLE CARDS ***
Mr_Dick666: folds 
AlexEliseev7: folds 
sta$igk: raises $1.50 to $2.50
Quahrino: folds 
ka100pka527: folds 
jav94: folds 
Uncalled bet ($1.50) returned to sta$igk
sta$igk collected $2.50 from pot
sta$igk: doesn't show hand 
*** SUMMARY ***
Total pot $2.50 | Rake $0 
Seat 1: ka100pka527 (small blind) folded before Flop
Seat 2: jav94 (big blind) folded before Flop
Seat 3: Mr_Dick666 folded before Flop (didn't bet)
Seat 4: AlexEliseev7 folded before Flop (didn't bet)
Seat 5: sta$igk collected ($2.50)
Seat 6: Quahrino (button) folded before Flop (didn't bet)



PokerStars Hand #254703444585:  Hold'em No Limit ($0.50/$1.00 USD) - 2025/02/04 15:46:53 WET [2025/02/04 10:46:53 ET]
Table 'Gyas II' 6-max Seat #1 is the button
Seat 3: Mr_Dick666 ($131.35 in chips) is sitting out
Seat 1: ka100pka527 ($140.42 in chips) 
Seat 2: jav94 ($19.42 in chips) 
Seat 4: AlexEliseev7 ($199.01 in chips) 
Seat 5: sta$igk ($131.12 in chips) 
Seat 6: Quahrino ($100 in chips) 
jav94: posts small blind $0.50
Mr_Dick666: is sitting out 
AlexEliseev7: posts big blind $1
*** HOLE CARDS ***
sta$igk: folds 
Quahrino: folds 
Mr_Dick666 leaves the table
ka100pka527: raises $1.50 to $2.50
jav94: folds 
AlexEliseev7: folds 
Uncalled bet ($1.50) returned to ka100pka527
ka100pka527 collected $2.50 from pot
ka100pka527: doesn't show hand 
*** SUMMARY ***
Total pot $2.50 | Rake $0 
Seat 3: Mr_Dick666
Seat 1: ka100pka527 (button) collected ($2.50)
Seat 2: jav94 (small blind) folded before Flop
Seat 4: AlexEliseev7 (big blind) folded before Flop
Seat 5: sta$igk folded before Flop (didn't bet)
Seat 6: Quahrino folded before Flop (didn't bet)



PokerStars Hand #254703447756:  Hold'em No Limit ($0.50/$1.00 USD) - 2025/02/04 15:47:08 WET [2025/02/04 10:47:08 ET]
Table 'Gyas II' 6-max Seat #2 is the button
Seat 1: ka100pka527 ($141.92 in chips) 
Seat 2: jav94 ($18.92 in chips) 
Seat 4: AlexEliseev7 ($198.01 in chips) 
Seat 5: sta$igk ($131.12 in chips) 
Seat 6: Quahrino ($100 in chips) 
AlexEliseev7: posts small blind $0.50
sta$igk: posts big blind $1
*** HOLE CARDS ***
Quahrino: folds 
ka100pka527: folds 
jav94: folds 
AlexEliseev7: folds 
Uncalled bet ($0.50) returned to sta$igk
sta$igk collected $1 from pot
sta$igk: doesn't show hand 
*** SUMMARY ***
Total pot $1 | Rake $0 
Seat 1: ka100pka527 folded before Flop (didn't bet)
Seat 2: jav94 (button) folded before Flop (didn't bet)
Seat 4: AlexEliseev7 (small blind) folded before Flop
Seat 5: sta$igk (big blind) collected ($1)
Seat 6: Quahrino folded before Flop (didn't bet)



PokerStars Hand #254703449663:  Hold'em No Limit ($0.50/$1.00 USD) - 2025/02/04 15:47:17 WET [2025/02/04 10:47:17 ET]
Table 'Gyas II' 6-max Seat #4 is the button
Seat 1: ka100pka527 ($141.92 in chips) 
Seat 2: jav94 ($18.92 in chips) 
Seat 4: AlexEliseev7 ($197.51 in chips) 
Seat 5: sta$igk ($131.62 in chips) 
Seat 6: Quahrino ($100 in chips) 
sta$igk: posts small blind $0.50
Quahrino: posts big blind $1
*** HOLE CARDS ***
ka100pka527: folds 
jav94: folds 
AlexEliseev7: raises $1.50 to $2.50
sta$igk: folds 
Quahrino: folds 
Uncalled bet ($1.50) returned to AlexEliseev7
AlexEliseev7 collected $2.50 from pot
AlexEliseev7: doesn't show hand 
*** SUMMARY ***
Total pot $2.50 | Rake $0 
Seat 1: ka100pka527 folded before Flop (didn't bet)
Seat 2: jav94 folded before Flop (didn't bet)
Seat 4: AlexEliseev7 (button) collected ($2.50)
Seat 5: sta$igk (small blind) folded before Flop
Seat 6: Quahrino (big blind) folded before Flop



PokerStars Hand #254703452939:  Hold'em No Limit ($0.50/$1.00 USD) - 2025/02/04 15:47:33 WET [2025/02/04 10:47:33 ET]
Table 'Gyas II' 6-max Seat #5 is the button
Seat 1: ka100pka527 ($141.92 in chips) 
Seat 2: jav94 ($18.92 in chips) 
Seat 4: AlexEliseev7 ($199.01 in chips) 
Seat 5: sta$igk ($131.12 in chips) 
Seat 6: Quahrino ($100 in chips) 
Quahrino: posts small blind $0.50
ka100pka527: posts big blind $1
*** HOLE CARDS ***
jav94: raises $1 to $2
AlexEliseev7: folds 
sta$igk: folds 
Quahrino: folds 
ka100pka527: raises $19 to $21
jav94: calls $16.92 and is all-in
Uncalled bet ($2.08) returned to ka100pka527
*** FLOP *** [8d Jh Ad]
*** TURN *** [8d Jh Ad] [Qh]
*** RIVER *** [8d Jh Ad Qh] [5c]
*** SHOW DOWN ***
ka100pka527: shows [As Js] (two pair, Aces and Jacks)
jav94: shows [Ts Tc] (a pair of Tens)
ka100pka527 collected $36.42 from pot
*** SUMMARY ***
Total pot $38.34 | Rake $1.92 
Board [8d Jh Ad Qh 5c]
Seat 1: ka100pka527 (big blind) showed [As Js] and won ($36.42) with two pair, Aces and Jacks
Seat 2: jav94 showed [Ts Tc] and lost with a pair of Tens
Seat 4: AlexEliseev7 folded before Flop (didn't bet)
Seat 5: sta$igk (button) folded before Flop (didn't bet)
Seat 6: Quahrino (small blind) folded before Flop



PokerStars Hand #254703461326:  Hold'em No Limit ($0.50/$1.00 USD) - 2025/02/04 15:48:12 WET [2025/02/04 10:48:12 ET]
Table 'Gyas II' 6-max Seat #6 is the button
Seat 2: jav94 ($0 in chips) is sitting out
Seat 1: ka100pka527 ($159.42 in chips) 
Seat 4: AlexEliseev7 ($199.01 in chips) 
Seat 5: sta$igk ($131.12 in chips) 
Seat 6: Quahrino ($100 in chips) 
ka100pka527: posts small blind $0.50
AlexEliseev7: posts big blind $1
*** HOLE CARDS ***
sta$igk: folds 
Quahrino: raises $1.50 to $2.50
ka100pka527: folds 
AlexEliseev7: raises $10.50 to $13
Quahrino: folds 
Uncalled bet ($10.50) returned to AlexEliseev7
AlexEliseev7 collected $5.50 from pot
AlexEliseev7: doesn't show hand 
*** SUMMARY ***
Total pot $5.50 | Rake $0 
Seat 2: jav94
Seat 1: ka100pka527 (small blind) folded before Flop
Seat 4: AlexEliseev7 (big blind) collected ($5.50)
Seat 5: sta$igk folded before Flop (didn't bet)
Seat 6: Quahrino (button) folded before Flop



PokerStars Hand #254703466392:  Hold'em No Limit ($0.50/$1.00 USD) - 2025/02/04 15:48:35 WET [2025/02/04 10:48:35 ET]
Table 'Gyas II' 6-max Seat #1 is the button
Seat 2: jav94 ($0 in chips) is sitting out
Seat 1: ka100pka527 ($158.92 in chips) 
Seat 4: AlexEliseev7 ($202.01 in chips) 
Seat 5: sta$igk ($131.12 in chips) 
Seat 6: Quahrino ($100 in chips) 
AlexEliseev7: posts small blind $0.50
sta$igk: posts big blind $1
*** HOLE CARDS ***
Unipoker11 joins the table at seat #3 
Quahrino: folds 
ka100pka527: folds 
AlexEliseev7: folds 
Uncalled bet ($0.50) returned to sta$igk
sta$igk collected $1 from pot
sta$igk: doesn't show hand 
*** SUMMARY ***
Total pot $1 | Rake $0 
Seat 2: jav94
Seat 1: ka100pka527 (button) folded before Flop (didn't bet)
Seat 4: AlexEliseev7 (small blind) folded before Flop
Seat 5: sta$igk (big blind) collected ($1)
Seat 6: Quahrino folded before Flop (didn't bet)



PokerStars Hand #254703468117:  Hold'em No Limit ($0.50/$1.00 USD) - 2025/02/04 15:48:43 WET [2025/02/04 10:48:43 ET]
Table 'Gyas II' 6-max Seat #4 is the button
Seat 2: jav94 ($0 in chips) is sitting out
Seat 3: Unipoker11 ($100 in chips) is sitting out
Seat 1: ka100pka527 ($158.92 in chips) 
Seat 4: AlexEliseev7 ($201.51 in chips) 
Seat 5: sta$igk ($131.62 in chips) 
Seat 6: Quahrino ($100 in chips) 
sta$igk: posts small blind $0.50
Quahrino: posts big blind $1
Unipoker11: sits out 
*** HOLE CARDS ***
ka100pka527: folds 
AlexEliseev7: raises $1.50 to $2.50
sta$igk: raises $8.50 to $11
Quahrino: folds 
AlexEliseev7: folds 
Uncalled bet ($8.50) returned to sta$igk
sta$igk collected $6 from pot
sta$igk: doesn't show hand 
*** SUMMARY ***
Total pot $6 | Rake $0 
Seat 2: jav94
Seat 3: Unipoker11
Seat 1: ka100pka527 folded before Flop (didn't bet)
Seat 4: AlexEliseev7 (button) folded before Flop
Seat 5: sta$igk (small blind) collected ($6)
Seat 6: Quahrino (big blind) folded before Flop



PokerStars Hand #254703471202:  Hold'em No Limit ($0.50/$1.00 USD) - 2025/02/04 15:48:58 WET [2025/02/04 10:48:58 ET]
Table 'Gyas II' 6-max Seat #5 is the button
Seat 2: jav94 ($0 in chips) is sitting out
Seat 3: Unipoker11 ($100 in chips) is sitting out
Seat 1: ka100pka527 ($158.92 in chips) 
Seat 4: AlexEliseev7 ($199.01 in chips) 
Seat 5: sta$igk ($135.12 in chips) 
Seat 6: Quahrino ($100 in chips) 
Quahrino: posts small blind $0.50
ka100pka527: posts big blind $1
Unipoker11: sits out 
*** HOLE CARDS ***
AlexEliseev7: raises $1.50 to $2.50
sta$igk: folds 
Quahrino: folds 
ka100pka527: folds 
Uncalled bet ($1.50) returned to AlexEliseev7
AlexEliseev7 collected $2.50 from pot
AlexEliseev7: doesn't show hand 
*** SUMMARY ***
Total pot $2.50 | Rake $0 
Seat 2: jav94
Seat 3: Unipoker11
Seat 1: ka100pka527 (big blind) folded before Flop
Seat 4: AlexEliseev7 collected ($2.50)
Seat 5: sta$igk (button) folded before Flop (didn't bet)
Seat 6: Quahrino (small blind) folded before Flop



PokerStars Hand #254703475542:  Hold'em No Limit ($0.50/$1.00 USD) - 2025/02/04 15:49:18 WET [2025/02/04 10:49:18 ET]
Table 'Gyas II' 6-max Seat #6 is the button
Seat 2: jav94 ($0 in chips) is sitting out
Seat 1: ka100pka527 ($157.92 in chips) 
Seat 3: Unipoker11 ($100 in chips) 
Seat 4: AlexEliseev7 ($200.51 in chips) 
Seat 5: sta$igk ($135.12 in chips) 
Seat 6: Quahrino ($100 in chips) 
ka100pka527: posts small blind $0.50
Unipoker11: posts big blind $1
*** HOLE CARDS ***
AlexEliseev7: folds 
sta$igk: folds 
Quahrino: raises $1.50 to $2.50
ka100pka527: folds 
Unipoker11: folds 
Uncalled bet ($1.50) returned to Quahrino
Quahrino collected $2.50 from pot
Quahrino: doesn't show hand 
*** SUMMARY ***
Total pot $2.50 | Rake $0 
Seat 2: jav94
Seat 1: ka100pka527 (small blind) folded before Flop
Seat 3: Unipoker11 (big blind) folded before Flop
Seat 4: AlexEliseev7 folded before Flop (didn't bet)
Seat 5: sta$igk folded before Flop (didn't bet)
Seat 6: Quahrino (button) collected ($2.50)



PokerStars Hand #254703478513:  Hold'em No Limit ($0.50/$1.00 USD) - 2025/02/04 15:49:32 WET [2025/02/04 10:49:32 ET]
Table 'Gyas II' 6-max Seat #1 is the button
Seat 2: jav94 ($0 in chips) is sitting out
Seat 1: ka100pka527 ($157.42 in chips) 
Seat 3: Unipoker11 ($100 in chips) 
Seat 4: AlexEliseev7 ($200.51 in chips) 
Seat 5: sta$igk ($135.12 in chips) 
Seat 6: Quahrino ($101.50 in chips) 
Unipoker11: posts small blind $0.50
AlexEliseev7: posts big blind $1
*** HOLE CARDS ***
sta$igk: folds 
Quahrino: folds 
ka100pka527: folds 
Unipoker11: folds 
Uncalled bet ($0.50) returned to AlexEliseev7
AlexEliseev7 collected $1 from pot
AlexEliseev7: doesn't show hand 
*** SUMMARY ***
Total pot $1 | Rake $0 
Seat 2: jav94
Seat 1: ka100pka527 (button) folded before Flop (didn't bet)
Seat 3: Unipoker11 (small blind) folded before Flop
Seat 4: AlexEliseev7 (big blind) collected ($1)
Seat 5: sta$igk folded before Flop (didn't bet)
Seat 6: Quahrino folded before Flop (didn't bet)



PokerStars Hand #254703482205:  Hold'em No Limit ($0.50/$1.00 USD) - 2025/02/04 15:49:50 WET [2025/02/04 10:49:50 ET]
Table 'Gyas II' 6-max Seat #3 is the button
Seat 2: jav94 ($0 in chips) is sitting out
Seat 1: ka100pka527 ($157.42 in chips) 
Seat 3: Unipoker11 ($100 in chips) 
Seat 4: AlexEliseev7 ($201.01 in chips) 
Seat 5: sta$igk ($135.12 in chips) 
Seat 6: Quahrino ($101.50 in chips) 
AlexEliseev7: posts small blind $0.50
sta$igk: posts big blind $1
*** HOLE CARDS ***
Quahrino: folds 
ka100pka527: folds 
Unipoker11: folds 
AlexEliseev7: folds 
Uncalled bet ($0.50) returned to sta$igk
sta$igk collected $1 from pot
sta$igk: doesn't show hand 
*** SUMMARY ***
Total pot $1 | Rake $0 
Seat 2: jav94
Seat 1: ka100pka527 folded before Flop (didn't bet)
Seat 3: Unipoker11 (button) folded before Flop (didn't bet)
Seat 4: AlexEliseev7 (small blind) folded before Flop
Seat 5: sta$igk (big blind) collected ($1)
Seat 6: Quahrino folded before Flop (didn't bet)



PokerStars Hand #254703485355:  Hold'em No Limit ($0.50/$1.00 USD) - 2025/02/04 15:50:05 WET [2025/02/04 10:50:05 ET]
Table 'Gyas II' 6-max Seat #4 is the button
Seat 2: jav94 ($0 in chips) is sitting out
Seat 1: ka100pka527 ($157.42 in chips) 
Seat 3: Unipoker11 ($100 in chips) 
Seat 4: AlexEliseev7 ($200.51 in chips) 
Seat 5: sta$igk ($135.62 in chips) 
Seat 6: Quahrino ($101.50 in chips) 
sta$igk: posts small blind $0.50
Quahrino: posts big blind $1
*** HOLE CARDS ***
ka100pka527: folds 
Unipoker11: raises $1.30 to $2.30
AlexEliseev7: folds 
sta$igk: folds 
Quahrino: folds 
Uncalled bet ($1.30) returned to Unipoker11
Unipoker11 collected $2.50 from pot
Unipoker11: doesn't show hand 
*** SUMMARY ***
Total pot $2.50 | Rake $0 
Seat 2: jav94
Seat 1: ka100pka527 folded before Flop (didn't bet)
Seat 3: Unipoker11 collected ($2.50)
Seat 4: AlexEliseev7 (button) folded before Flop (didn't bet)
Seat 5: sta$igk (small blind) folded before Flop
Seat 6: Quahrino (big blind) folded before Flop



PokerStars Hand #254703490154:  Hold'em No Limit ($0.50/$1.00 USD) - 2025/02/04 15:50:27 WET [2025/02/04 10:50:27 ET]
Table 'Gyas II' 6-max Seat #5 is the button
Seat 2: jav94 ($0 in chips) is sitting out
Seat 1: ka100pka527 ($157.42 in chips) 
Seat 3: Unipoker11 ($101.50 in chips) 
Seat 4: AlexEliseev7 ($200.51 in chips) 
Seat 5: sta$igk ($135.12 in chips) 
Seat 6: Quahrino ($100.50 in chips) 
Quahrino: posts small blind $0.50
ka100pka527: posts big blind $1
*** HOLE CARDS ***
Unipoker11: folds 
AlexEliseev7: folds 
sta$igk: raises $1.50 to $2.50
Quahrino: raises $9.50 to $12
ka100pka527: folds 
sta$igk: folds 
Uncalled bet ($9.50) returned to Quahrino
Quahrino collected $6 from pot
Quahrino: doesn't show hand 
*** SUMMARY ***
Total pot $6 | Rake $0 
Seat 2: jav94
Seat 1: ka100pka527 (big blind) folded before Flop
Seat 3: Unipoker11 folded before Flop (didn't bet)
Seat 4: AlexEliseev7 folded before Flop (didn't bet)
Seat 5: sta$igk (button) folded before Flop
Seat 6: Quahrino (small blind) collected ($6)



PokerStars Hand #254703493890:  Hold'em No Limit ($0.50/$1.00 USD) - 2025/02/04 15:50:46 WET [2025/02/04 10:50:46 ET]
Table 'Gyas II' 6-max Seat #6 is the button
Seat 2: jav94 ($0 in chips) is sitting out
Seat 1: ka100pka527 ($156.42 in chips) 
Seat 3: Unipoker11 ($101.50 in chips) 
Seat 4: AlexEliseev7 ($200.51 in chips) 
Seat 5: sta$igk ($132.62 in chips) 
Seat 6: Quahrino ($104 in chips) 
ka100pka527: posts small blind $0.50
Unipoker11: posts big blind $1
*** HOLE CARDS ***
AlexEliseev7: folds 
sta$igk: folds 
Quahrino: folds 
ka100pka527: raises $1.50 to $2.50
Unipoker11: calls $1.50
*** FLOP *** [5d Jd 6c]
ka100pka527: checks 
Unipoker11: checks 
*** TURN *** [5d Jd 6c] [Td]
ka100pka527: checks 
Unipoker11: bets $4.75
ka100pka527: folds 
Uncalled bet ($4.75) returned to Unipoker11
Unipoker11 collected $4.75 from pot
Unipoker11: doesn't show hand 
*** SUMMARY ***
Total pot $5 | Rake $0.25 
Board [5d Jd 6c Td]
Seat 2: jav94
Seat 1: ka100pka527 (small blind) folded on the Turn
Seat 3: Unipoker11 (big blind) collected ($4.75)
Seat 4: AlexEliseev7 folded before Flop (didn't bet)
Seat 5: sta$igk folded before Flop (didn't bet)
Seat 6: Quahrino (button) folded before Flop (didn't bet)



PokerStars Hand #254703506465:  Hold'em No Limit ($0.50/$1.00 USD) - 2025/02/04 15:51:45 WET [2025/02/04 10:51:45 ET]
Table 'Gyas II' 6-max Seat #1 is the button
Seat 2: jav94 ($0 in chips) is sitting out
Seat 1: ka100pka527 ($153.92 in chips) 
Seat 3: Unipoker11 ($103.75 in chips) 
Seat 4: AlexEliseev7 ($200.51 in chips) 
Seat 5: sta$igk ($132.62 in chips) 
Seat 6: Quahrino ($104 in chips) 
Unipoker11: posts small blind $0.50
AlexEliseev7: posts big blind $1
*** HOLE CARDS ***
sta$igk: folds 
Quahrino: folds 
ka100pka527: raises $1.50 to $2.50
Unipoker11: folds 
AlexEliseev7: folds 
Uncalled bet ($1.50) returned to ka100pka527
ka100pka527 collected $2.50 from pot
ka100pka527: doesn't show hand 
*** SUMMARY ***
Total pot $2.50 | Rake $0 
Seat 2: jav94
Seat 1: ka100pka527 (button) collected ($2.50)
Seat 3: Unipoker11 (small blind) folded before Flop
Seat 4: AlexEliseev7 (big blind) folded before Flop
Seat 5: sta$igk folded before Flop (didn't bet)
Seat 6: Quahrino folded before Flop (didn't bet)



PokerStars Hand #254703509775:  Hold'em No Limit ($0.50/$1.00 USD) - 2025/02/04 15:52:01 WET [2025/02/04 10:52:01 ET]
Table 'Gyas II' 6-max Seat #3 is the button
Seat 2: jav94 ($0 in chips) is sitting out
Seat 1: ka100pka527 ($155.42 in chips) 
Seat 3: Unipoker11 ($103.25 in chips) 
Seat 4: AlexEliseev7 ($199.51 in chips) 
Seat 5: sta$igk ($132.62 in chips) 
Seat 6: Quahrino ($104 in chips) 
AlexEliseev7: posts small blind $0.50
sta$igk: posts big blind $1
*** HOLE CARDS ***
Quahrino: folds 
ka100pka527: folds 
Unipoker11: folds 
AlexEliseev7: folds 
Uncalled bet ($0.50) returned to sta$igk
sta$igk collected $1 from pot
sta$igk: doesn't show hand 
*** SUMMARY ***
Total pot $1 | Rake $0 
Seat 2: jav94
Seat 1: ka100pka527 folded before Flop (didn't bet)
Seat 3: Unipoker11 (button) folded before Flop (didn't bet)
Seat 4: AlexEliseev7 (small blind) folded before Flop
Seat 5: sta$igk (big blind) collected ($1)
Seat 6: Quahrino folded before Flop (didn't bet)



PokerStars Hand #254703512465:  Hold'em No Limit ($0.50/$1.00 USD) - 2025/02/04 15:52:13 WET [2025/02/04 10:52:13 ET]
Table 'Gyas II' 6-max Seat #4 is the button
Seat 2: jav94 ($0 in chips) is sitting out
Seat 1: ka100pka527 ($155.42 in chips) 
Seat 3: Unipoker11 ($103.25 in chips) 
Seat 4: AlexEliseev7 ($199.01 in chips) 
Seat 5: sta$igk ($133.12 in chips) 
Seat 6: Quahrino ($104 in chips) 
sta$igk: posts small blind $0.50
Quahrino: posts big blind $1
*** HOLE CARDS ***
ka100pka527: folds 
Unipoker11: raises $1.30 to $2.30
AlexEliseev7: folds 
sta$igk: folds 
Quahrino: calls $1.30
*** FLOP *** [8d Kd 4h]
Quahrino: checks 
Unipoker11: bets $1.21
Quahrino: calls $1.21
*** TURN *** [8d Kd 4h] [7h]
Quahrino: checks 
Unipoker11: checks 
*** RIVER *** [8d Kd 4h 7h] [Qh]
Quahrino: bets $5
Unipoker11: folds 
Uncalled bet ($5) returned to Quahrino
Quahrino collected $7.14 from pot
Quahrino: doesn't show hand 
*** SUMMARY ***
Total pot $7.52 | Rake $0.38 
Board [8d Kd 4h 7h Qh]
Seat 2: jav94
Seat 1: ka100pka527 folded before Flop (didn't bet)
Seat 3: Unipoker11 folded on the River
Seat 4: AlexEliseev7 (button) folded before Flop (didn't bet)
Seat 5: sta$igk (small blind) folded before Flop
Seat 6: Quahrino (big blind) collected ($7.14)



PokerStars Hand #254703531098:  Hold'em No Limit ($0.50/$1.00 USD) - 2025/02/04 15:53:41 WET [2025/02/04 10:53:41 ET]
Table 'Gyas II' 6-max Seat #5 is the button
Seat 1: ka100pka527 ($155.42 in chips) is sitting out
Seat 2: jav94 ($0 in chips) is sitting out
Seat 3: Unipoker11 ($100 in chips) 
Seat 4: AlexEliseev7 ($199.01 in chips) 
Seat 5: sta$igk ($132.62 in chips) 
Seat 6: Quahrino ($107.63 in chips) 
Quahrino: posts small blind $0.50
ka100pka527: is sitting out 
Unipoker11: posts big blind $1
*** HOLE CARDS ***
AlexEliseev7: folds 
sta$igk: folds 
Quahrino: folds 
Uncalled bet ($0.50) returned to Unipoker11
Unipoker11 collected $1 from pot
jav94 leaves the table
Unipoker11: doesn't show hand 
*** SUMMARY ***
Total pot $1 | Rake $0 
Seat 1: ka100pka527
Seat 2: jav94
Seat 3: Unipoker11 (big blind) collected ($1)
Seat 4: AlexEliseev7 folded before Flop (didn't bet)
Seat 5: sta$igk (button) folded before Flop (didn't bet)
Seat 6: Quahrino (small blind) folded before Flop



PokerStars Hand #254703532455:  Hold'em No Limit ($0.50/$1.00 USD) - 2025/02/04 15:53:48 WET [2025/02/04 10:53:48 ET]
Table 'Gyas II' 6-max Seat #6 is the button
Seat 1: ka100pka527 ($155.42 in chips) is sitting out
Seat 3: Unipoker11 ($100.50 in chips) 
Seat 4: AlexEliseev7 ($199.01 in chips) 
Seat 5: sta$igk ($132.62 in chips) 
Seat 6: Quahrino ($107.13 in chips) 
Unipoker11: posts small blind $0.50
AlexEliseev7: posts big blind $1
*** HOLE CARDS ***
sta$igk: folds 
Quahrino: folds 
ka100pka527 leaves the table
Unipoker11: folds 
Uncalled bet ($0.50) returned to AlexEliseev7
AlexEliseev7 collected $1 from pot
AlexEliseev7: doesn't show hand 
*** SUMMARY ***
Total pot $1 | Rake $0 
Seat 1: ka100pka527
Seat 3: Unipoker11 (small blind) folded before Flop
Seat 4: AlexEliseev7 (big blind) collected ($1)
Seat 5: sta$igk folded before Flop (didn't bet)
Seat 6: Quahrino (button) folded before Flop (didn't bet)



PokerStars Hand #254703534052:  Hold'em No Limit ($0.50/$1.00 USD) - 2025/02/04 15:53:55 WET [2025/02/04 10:53:55 ET]
Table 'Gyas II' 6-max Seat #3 is the button
Seat 5: sta$igk ($132.62 in chips) is sitting out
Seat 3: Unipoker11 ($100 in chips) 
Seat 4: AlexEliseev7 ($199.51 in chips) 
Seat 6: Quahrino ($107.13 in chips) 
AlexEliseev7: posts small blind $0.50
sta$igk: is sitting out 
sta$igk leaves the table
Quahrino: posts big blind $1
*** HOLE CARDS ***
Unipoker11: raises $1.50 to $2.50
AlexEliseev7: folds 
Quahrino: folds 
Uncalled bet ($1.50) returned to Unipoker11
Unipoker11 collected $2.50 from pot
Unipoker11: doesn't show hand 
*** SUMMARY ***
Total pot $2.50 | Rake $0 
Seat 5: sta$igk
Seat 3: Unipoker11 (button) collected ($2.50)
Seat 4: AlexEliseev7 (small blind) folded before Flop
Seat 6: Quahrino (big blind) folded before Flop



PokerStars Hand #254703536220:  Hold'em No Limit ($0.50/$1.00 USD) - 2025/02/04 15:54:06 WET [2025/02/04 10:54:06 ET]
Table 'Gyas II' 6-max Seat #4 is the button
Seat 3: Unipoker11 ($101.50 in chips) 
Seat 4: AlexEliseev7 ($199.01 in chips) 
Seat 6: Quahrino ($106.13 in chips) 
Quahrino: posts small blind $0.50
Unipoker11: posts big blind $1
*** HOLE CARDS ***
AlexEliseev7: raises $1.50 to $2.50
Quahrino: folds 
Unipoker11: folds 
Uncalled bet ($1.50) returned to AlexEliseev7
AlexEliseev7 collected $2.50 from pot
AlexEliseev7: doesn't show hand 
*** SUMMARY ***
Total pot $2.50 | Rake $0 
Seat 3: Unipoker11 (big blind) folded before Flop
Seat 4: AlexEliseev7 (button) collected ($2.50)
Seat 6: Quahrino (small blind) folded before Flop



PokerStars Hand #254703539026:  Hold'em No Limit ($0.50/$1.00 USD) - 2025/02/04 15:54:19 WET [2025/02/04 10:54:19 ET]
Table 'Gyas II' 6-max Seat #3 is the button
Seat 4: AlexEliseev7 ($200.51 in chips) is sitting out
Seat 3: Unipoker11 ($100.50 in chips) 
Seat 6: Quahrino ($105.63 in chips) 
Unipoker11: posts small blind $0.50
AlexEliseev7: is sitting out 
Quahrino: posts big blind $1
*** HOLE CARDS ***
AlexEliseev7 leaves the table
Unipoker11: raises $1.50 to $2.50
Quahrino: raises $8.50 to $11
Unipoker11: folds 
Uncalled bet ($8.50) returned to Quahrino
Quahrino collected $5 from pot
Quahrino: doesn't show hand 
*** SUMMARY ***
Total pot $5 | Rake $0 
Seat 4: AlexEliseev7
Seat 3: Unipoker11 (button) (small blind) folded before Flop
Seat 6: Quahrino (big blind) collected ($5)



