PokerStars Hand #254702035640:  Hold'em No Limit ($0.50/$1.00 USD) - 2025/02/04 13:35:30 WET [2025/02/04 8:35:30 ET]
Table 'Robelmonte' 6-max Seat #2 is the button
Seat 5: Burlica2013 ($100 in chips) is sitting out
Seat 1: EasyGamerrr ($100 in chips) 
Seat 2: AlexEliseev7 ($100 in chips) 
Seat 3: gudrozd ($100 in chips) 
Seat 4: Rysiff ($100 in chips) 
Seat 6: River0203 ($67.76 in chips) 
gudrozd: posts small blind $0.50
Rysiff: posts big blind $1
Burlica2013: sits out 
*** HOLE CARDS ***
River0203: calls $1
EasyGamerrr: folds 
AlexEliseev7: raises $2.50 to $3.50
gudrozd: folds 
Rysiff: folds 
River0203: calls $2.50
*** FLOP *** [Ad 5s Jd]
River0203: checks 
AlexEliseev7: bets $2.67
River0203: calls $2.67
*** TURN *** [Ad 5s Jd] [Kc]
River0203: checks 
AlexEliseev7: checks 
*** RIVER *** [Ad 5s Jd Kc] [Js]
River0203: checks 
AlexEliseev7: bets $10.26
River0203: folds 
Uncalled bet ($10.26) returned to AlexEliseev7
AlexEliseev7 collected $13.15 from pot
AlexEliseev7: doesn't show hand 
*** SUMMARY ***
Total pot $13.84 | Rake $0.69 
Board [Ad 5s Jd Kc Js]
Seat 5: Burlica2013
Seat 1: EasyGamerrr folded before Flop (didn't bet)
Seat 2: AlexEliseev7 (button) collected ($13.15)
Seat 3: gudrozd (small blind) folded before Flop
Seat 4: Rysiff (big blind) folded before Flop
Seat 6: River0203 folded on the River



PokerStars Hand #254702047223:  Hold'em No Limit ($0.50/$1.00 USD) - 2025/02/04 13:36:41 WET [2025/02/04 8:36:41 ET]
Table 'Robelmonte' 6-max Seat #3 is the button
Seat 1: EasyGamerrr ($100 in chips) 
Seat 2: AlexEliseev7 ($106.98 in chips) 
Seat 3: gudrozd ($100 in chips) 
Seat 4: Rysiff ($100 in chips) 
Seat 5: Burlica2013 ($100 in chips) 
Seat 6: River0203 ($61.59 in chips) 
Rysiff: posts small blind $0.50
Burlica2013: posts big blind $1
*** HOLE CARDS ***
River0203: calls $1
EasyGamerrr: folds 
AlexEliseev7: folds 
gudrozd: folds 
Rysiff: folds 
Burlica2013: raises $4 to $5
River0203: calls $4
*** FLOP *** [Kc 2s 4h]
Burlica2013: checks 
River0203: bets $4.99
Burlica2013: calls $4.99
*** TURN *** [Kc 2s 4h] [As]
Burlica2013: checks 
River0203: checks 
*** RIVER *** [Kc 2s 4h As] [Kh]
Burlica2013: checks 
River0203: checks 
*** SHOW DOWN ***
Burlica2013: shows [Qc Qs] (two pair, Kings and Queens)
River0203: shows [3d Ac] (two pair, Aces and Kings)
River0203 collected $19.46 from pot
*** SUMMARY ***
Total pot $20.48 | Rake $1.02 
Board [Kc 2s 4h As Kh]
Seat 1: EasyGamerrr folded before Flop (didn't bet)
Seat 2: AlexEliseev7 folded before Flop (didn't bet)
Seat 3: gudrozd (button) folded before Flop (didn't bet)
Seat 4: Rysiff (small blind) folded before Flop
Seat 5: Burlica2013 (big blind) showed [Qc Qs] and lost with two pair, Kings and Queens
Seat 6: River0203 showed [3d Ac] and won ($19.46) with two pair, Aces and Kings



PokerStars Hand #254702053959:  Hold'em No Limit ($0.50/$1.00 USD) - 2025/02/04 13:37:21 WET [2025/02/04 8:37:21 ET]
Table 'Robelmonte' 6-max Seat #4 is the button
Seat 1: EasyGamerrr ($100 in chips) 
Seat 2: AlexEliseev7 ($106.98 in chips) 
Seat 3: gudrozd ($100 in chips) 
Seat 4: Rysiff ($100 in chips) 
Seat 5: Burlica2013 ($100 in chips) 
Seat 6: River0203 ($71.06 in chips) 
Burlica2013: posts small blind $0.50
River0203: posts big blind $1
*** HOLE CARDS ***
EasyGamerrr: raises $1.50 to $2.50
AlexEliseev7: folds 
gudrozd: folds 
Rysiff: folds 
Burlica2013: folds 
River0203: folds 
Uncalled bet ($1.50) returned to EasyGamerrr
EasyGamerrr collected $2.50 from pot
EasyGamerrr: doesn't show hand 
*** SUMMARY ***
Total pot $2.50 | Rake $0 
Seat 1: EasyGamerrr collected ($2.50)
Seat 2: AlexEliseev7 folded before Flop (didn't bet)
Seat 3: gudrozd folded before Flop (didn't bet)
Seat 4: Rysiff (button) folded before Flop (didn't bet)
Seat 5: Burlica2013 (small blind) folded before Flop
Seat 6: River0203 (big blind) folded before Flop



PokerStars Hand #254702058704:  Hold'em No Limit ($0.50/$1.00 USD) - 2025/02/04 13:37:50 WET [2025/02/04 8:37:50 ET]
Table 'Robelmonte' 6-max Seat #5 is the button
Seat 1: EasyGamerrr ($101.50 in chips) 
Seat 2: AlexEliseev7 ($106.98 in chips) 
Seat 3: gudrozd ($100 in chips) 
Seat 4: Rysiff ($100 in chips) 
Seat 5: Burlica2013 ($100 in chips) 
Seat 6: River0203 ($70.06 in chips) 
River0203: posts small blind $0.50
EasyGamerrr: posts big blind $1
*** HOLE CARDS ***
AlexEliseev7: folds 
gudrozd: folds 
Rysiff: folds 
Burlica2013: folds 
River0203: calls $0.50
EasyGamerrr: raises $3.50 to $4.50
River0203: folds 
Uncalled bet ($3.50) returned to EasyGamerrr
EasyGamerrr collected $2 from pot
EasyGamerrr: doesn't show hand 
*** SUMMARY ***
Total pot $2 | Rake $0 
Seat 1: EasyGamerrr (big blind) collected ($2)
Seat 2: AlexEliseev7 folded before Flop (didn't bet)
Seat 3: gudrozd folded before Flop (didn't bet)
Seat 4: Rysiff folded before Flop (didn't bet)
Seat 5: Burlica2013 (button) folded before Flop (didn't bet)
Seat 6: River0203 (small blind) folded before Flop



PokerStars Hand #254702062483:  Hold'em No Limit ($0.50/$1.00 USD) - 2025/02/04 13:38:13 WET [2025/02/04 8:38:13 ET]
Table 'Robelmonte' 6-max Seat #6 is the button
Seat 1: EasyGamerrr ($102.50 in chips) 
Seat 2: AlexEliseev7 ($106.98 in chips) 
Seat 3: gudrozd ($100 in chips) 
Seat 4: Rysiff ($100 in chips) 
Seat 5: Burlica2013 ($100 in chips) 
Seat 6: River0203 ($69.06 in chips) 
EasyGamerrr: posts small blind $0.50
AlexEliseev7: posts big blind $1
*** HOLE CARDS ***
gudrozd: folds 
Rysiff: folds 
Burlica2013: folds 
River0203: calls $1
EasyGamerrr: folds 
AlexEliseev7: checks 
*** FLOP *** [Ts Kh 5h]
AlexEliseev7: bets $1.86
River0203: calls $1.86
*** TURN *** [Ts Kh 5h] [Qc]
AlexEliseev7: checks 
River0203: bets $2.96
AlexEliseev7: calls $2.96
*** RIVER *** [Ts Kh 5h Qc] [9s]
AlexEliseev7: bets $8.99
River0203: calls $8.99
*** SHOW DOWN ***
AlexEliseev7: shows [Tc Jd] (a straight, Nine to King)
River0203: shows [9d Jh] (a straight, Nine to King)
AlexEliseev7 collected $14.31 from pot
River0203 collected $14.30 from pot
*** SUMMARY ***
Total pot $30.12 | Rake $1.51 
Board [Ts Kh 5h Qc 9s]
Seat 1: EasyGamerrr (small blind) folded before Flop
Seat 2: AlexEliseev7 (big blind) showed [Tc Jd] and won ($14.31) with a straight, Nine to King
Seat 3: gudrozd folded before Flop (didn't bet)
Seat 4: Rysiff folded before Flop (didn't bet)
Seat 5: Burlica2013 folded before Flop (didn't bet)
Seat 6: River0203 (button) showed [9d Jh] and won ($14.30) with a straight, Nine to King



PokerStars Hand #254702070980:  Hold'em No Limit ($0.50/$1.00 USD) - 2025/02/04 13:39:03 WET [2025/02/04 8:39:03 ET]
Table 'Robelmonte' 6-max Seat #1 is the button
Seat 1: EasyGamerrr ($102 in chips) 
Seat 2: AlexEliseev7 ($106.48 in chips) 
Seat 3: gudrozd ($100 in chips) 
Seat 4: Rysiff ($100 in chips) 
Seat 5: Burlica2013 ($100 in chips) 
Seat 6: River0203 ($68.55 in chips) 
AlexEliseev7: posts small blind $0.50
gudrozd: posts big blind $1
*** HOLE CARDS ***
Rysiff: folds 
Burlica2013: raises $1.20 to $2.20
River0203: calls $2.20
EasyGamerrr: raises $8.80 to $11
AlexEliseev7: folds 
gudrozd: folds 
Burlica2013: folds 
River0203: folds 
Uncalled bet ($8.80) returned to EasyGamerrr
EasyGamerrr collected $8.10 from pot
EasyGamerrr: doesn't show hand 
*** SUMMARY ***
Total pot $8.10 | Rake $0 
Seat 1: EasyGamerrr (button) collected ($8.10)
Seat 2: AlexEliseev7 (small blind) folded before Flop
Seat 3: gudrozd (big blind) folded before Flop
Seat 4: Rysiff folded before Flop (didn't bet)
Seat 5: Burlica2013 folded before Flop
Seat 6: River0203 folded before Flop



PokerStars Hand #254702074338:  Hold'em No Limit ($0.50/$1.00 USD) - 2025/02/04 13:39:23 WET [2025/02/04 8:39:23 ET]
Table 'Robelmonte' 6-max Seat #2 is the button
Seat 1: EasyGamerrr ($107.90 in chips) 
Seat 2: AlexEliseev7 ($105.98 in chips) 
Seat 3: gudrozd ($100 in chips) 
Seat 4: Rysiff ($100 in chips) 
Seat 5: Burlica2013 ($100 in chips) 
Seat 6: River0203 ($66.35 in chips) 
gudrozd: posts small blind $0.50
Rysiff: posts big blind $1
*** HOLE CARDS ***
Burlica2013: folds 
River0203: calls $1
EasyGamerrr: folds 
AlexEliseev7: folds 
gudrozd: raises $5 to $6
Rysiff: folds 
River0203: calls $5
*** FLOP *** [2h 3h 9s]
gudrozd: bets $12.35
River0203: raises $48 to $60.35 and is all-in
gudrozd: calls $48
*** TURN *** [2h 3h 9s] [6s]
*** RIVER *** [2h 3h 9s 6s] [5d]
*** SHOW DOWN ***
gudrozd: shows [Tc Ts] (a pair of Tens)
River0203: shows [Jc Jh] (a pair of Jacks)
River0203 collected $131.20 from pot
*** SUMMARY ***
Total pot $133.70 | Rake $2.50 
Board [2h 3h 9s 6s 5d]
Seat 1: EasyGamerrr folded before Flop (didn't bet)
Seat 2: AlexEliseev7 (button) folded before Flop (didn't bet)
Seat 3: gudrozd (small blind) showed [Tc Ts] and lost with a pair of Tens
Seat 4: Rysiff (big blind) folded before Flop
Seat 5: Burlica2013 folded before Flop (didn't bet)
Seat 6: River0203 showed [Jc Jh] and won ($131.20) with a pair of Jacks



PokerStars Hand #254702084586:  Hold'em No Limit ($0.50/$1.00 USD) - 2025/02/04 13:40:24 WET [2025/02/04 8:40:24 ET]
Table 'Robelmonte' 6-max Seat #3 is the button
Seat 1: EasyGamerrr ($107.90 in chips) 
Seat 2: AlexEliseev7 ($105.98 in chips) 
Seat 3: gudrozd ($100 in chips) 
Seat 4: Rysiff ($100 in chips) 
Seat 5: Burlica2013 ($100 in chips) 
Seat 6: River0203 ($131.20 in chips) 
Rysiff: posts small blind $0.50
Burlica2013: posts big blind $1
*** HOLE CARDS ***
River0203: calls $1
EasyGamerrr: folds 
AlexEliseev7: folds 
gudrozd: folds 
Rysiff: folds 
Burlica2013: checks 
*** FLOP *** [9d 3s 6d]
Burlica2013: bets $2.40
River0203: folds 
Uncalled bet ($2.40) returned to Burlica2013
Burlica2013 collected $2.38 from pot
Burlica2013: doesn't show hand 
*** SUMMARY ***
Total pot $2.50 | Rake $0.12 
Board [9d 3s 6d]
Seat 1: EasyGamerrr folded before Flop (didn't bet)
Seat 2: AlexEliseev7 folded before Flop (didn't bet)
Seat 3: gudrozd (button) folded before Flop (didn't bet)
Seat 4: Rysiff (small blind) folded before Flop
Seat 5: Burlica2013 (big blind) collected ($2.38)
Seat 6: River0203 folded on the Flop



PokerStars Hand #254702089597:  Hold'em No Limit ($0.50/$1.00 USD) - 2025/02/04 13:40:54 WET [2025/02/04 8:40:54 ET]
Table 'Robelmonte' 6-max Seat #4 is the button
Seat 1: EasyGamerrr ($107.90 in chips) 
Seat 2: AlexEliseev7 ($105.98 in chips) 
Seat 3: gudrozd ($100 in chips) 
Seat 4: Rysiff ($100 in chips) 
Seat 5: Burlica2013 ($101.38 in chips) 
Seat 6: River0203 ($130.20 in chips) 
Burlica2013: posts small blind $0.50
River0203: posts big blind $1
*** HOLE CARDS ***
EasyGamerrr: folds 
AlexEliseev7: folds 
gudrozd: folds 
Rysiff: folds 
Burlica2013: raises $2 to $3
River0203: calls $2
*** FLOP *** [Ad 2h 8s]
Burlica2013: bets $1.88
River0203: calls $1.88
*** TURN *** [Ad 2h 8s] [Qd]
Burlica2013: bets $6.95
River0203: folds 
Uncalled bet ($6.95) returned to Burlica2013
Burlica2013 collected $9.27 from pot
Burlica2013: doesn't show hand 
*** SUMMARY ***
Total pot $9.76 | Rake $0.49 
Board [Ad 2h 8s Qd]
Seat 1: EasyGamerrr folded before Flop (didn't bet)
Seat 2: AlexEliseev7 folded before Flop (didn't bet)
Seat 3: gudrozd folded before Flop (didn't bet)
Seat 4: Rysiff (button) folded before Flop (didn't bet)
Seat 5: Burlica2013 (small blind) collected ($9.27)
Seat 6: River0203 (big blind) folded on the Turn



PokerStars Hand #254702096619:  Hold'em No Limit ($0.50/$1.00 USD) - 2025/02/04 13:41:36 WET [2025/02/04 8:41:36 ET]
Table 'Robelmonte' 6-max Seat #5 is the button
Seat 1: EasyGamerrr ($107.90 in chips) 
Seat 2: AlexEliseev7 ($105.98 in chips) 
Seat 3: gudrozd ($100 in chips) 
Seat 4: Rysiff ($100 in chips) 
Seat 5: Burlica2013 ($105.77 in chips) 
Seat 6: River0203 ($125.32 in chips) 
River0203: posts small blind $0.50
EasyGamerrr: posts big blind $1
*** HOLE CARDS ***
AlexEliseev7: folds 
gudrozd: folds 
Rysiff: raises $1.50 to $2.50
Burlica2013: folds 
River0203: folds 
EasyGamerrr: folds 
Uncalled bet ($1.50) returned to Rysiff
Rysiff collected $2.50 from pot
Rysiff: doesn't show hand 
*** SUMMARY ***
Total pot $2.50 | Rake $0 
Seat 1: EasyGamerrr (big blind) folded before Flop
Seat 2: AlexEliseev7 folded before Flop (didn't bet)
Seat 3: gudrozd folded before Flop (didn't bet)
Seat 4: Rysiff collected ($2.50)
Seat 5: Burlica2013 (button) folded before Flop (didn't bet)
Seat 6: River0203 (small blind) folded before Flop



PokerStars Hand #254702102495:  Hold'em No Limit ($0.50/$1.00 USD) - 2025/02/04 13:42:12 WET [2025/02/04 8:42:12 ET]
Table 'Robelmonte' 6-max Seat #6 is the button
Seat 1: EasyGamerrr ($106.90 in chips) 
Seat 2: AlexEliseev7 ($105.98 in chips) 
Seat 3: gudrozd ($100 in chips) 
Seat 4: Rysiff ($101.50 in chips) 
Seat 5: Burlica2013 ($105.77 in chips) 
Seat 6: River0203 ($124.82 in chips) 
EasyGamerrr: posts small blind $0.50
AlexEliseev7: posts big blind $1
*** HOLE CARDS ***
gudrozd: folds 
Rysiff: raises $1.50 to $2.50
Burlica2013: folds 
River0203: calls $2.50
EasyGamerrr: folds 
AlexEliseev7: folds 
*** FLOP *** [Js Tc 9s]
Rysiff: checks 
River0203: bets $3.09
Rysiff: calls $3.09
*** TURN *** [Js Tc 9s] [Jh]
Rysiff: checks 
River0203: checks 
*** RIVER *** [Js Tc 9s Jh] [Qd]
Rysiff: checks 
River0203: checks 
*** SHOW DOWN ***
Rysiff: shows [Ad Td] (two pair, Jacks and Tens)
River0203: mucks hand 
Rysiff collected $12.05 from pot
*** SUMMARY ***
Total pot $12.68 | Rake $0.63 
Board [Js Tc 9s Jh Qd]
Seat 1: EasyGamerrr (small blind) folded before Flop
Seat 2: AlexEliseev7 (big blind) folded before Flop
Seat 3: gudrozd folded before Flop (didn't bet)
Seat 4: Rysiff showed [Ad Td] and won ($12.05) with two pair, Jacks and Tens
Seat 5: Burlica2013 folded before Flop (didn't bet)
Seat 6: River0203 (button) mucked



PokerStars Hand #254702110698:  Hold'em No Limit ($0.50/$1.00 USD) - 2025/02/04 13:43:02 WET [2025/02/04 8:43:02 ET]
Table 'Robelmonte' 6-max Seat #1 is the button
Seat 1: EasyGamerrr ($106.40 in chips) 
Seat 2: AlexEliseev7 ($104.98 in chips) 
Seat 3: gudrozd ($100 in chips) 
Seat 4: Rysiff ($107.96 in chips) 
Seat 5: Burlica2013 ($105.77 in chips) 
Seat 6: River0203 ($119.23 in chips) 
AlexEliseev7: posts small blind $0.50
gudrozd: posts big blind $1
*** HOLE CARDS ***
Rysiff: folds 
Burlica2013: folds 
River0203: folds 
EasyGamerrr: folds 
AlexEliseev7: folds 
Uncalled bet ($0.50) returned to gudrozd
gudrozd collected $1 from pot
gudrozd: doesn't show hand 
*** SUMMARY ***
Total pot $1 | Rake $0 
Seat 1: EasyGamerrr (button) folded before Flop (didn't bet)
Seat 2: AlexEliseev7 (small blind) folded before Flop
Seat 3: gudrozd (big blind) collected ($1)
Seat 4: Rysiff folded before Flop (didn't bet)
Seat 5: Burlica2013 folded before Flop (didn't bet)
Seat 6: River0203 folded before Flop (didn't bet)



PokerStars Hand #254702113737:  Hold'em No Limit ($0.50/$1.00 USD) - 2025/02/04 13:43:20 WET [2025/02/04 8:43:20 ET]
Table 'Robelmonte' 6-max Seat #2 is the button
Seat 1: EasyGamerrr ($106.40 in chips) 
Seat 2: AlexEliseev7 ($104.48 in chips) 
Seat 3: gudrozd ($100.50 in chips) 
Seat 4: Rysiff ($107.96 in chips) 
Seat 5: Burlica2013 ($105.77 in chips) 
Seat 6: River0203 ($119.23 in chips) 
gudrozd: posts small blind $0.50
Rysiff: posts big blind $1
*** HOLE CARDS ***
Burlica2013: folds 
River0203: calls $1
EasyGamerrr: folds 
AlexEliseev7: folds 
gudrozd: folds 
Rysiff: raises $4 to $5
River0203: folds 
Uncalled bet ($4) returned to Rysiff
Rysiff collected $2.50 from pot
Rysiff: doesn't show hand 
*** SUMMARY ***
Total pot $2.50 | Rake $0 
Seat 1: EasyGamerrr folded before Flop (didn't bet)
Seat 2: AlexEliseev7 (button) folded before Flop (didn't bet)
Seat 3: gudrozd (small blind) folded before Flop
Seat 4: Rysiff (big blind) collected ($2.50)
Seat 5: Burlica2013 folded before Flop (didn't bet)
Seat 6: River0203 folded before Flop



PokerStars Hand #254702117585:  Hold'em No Limit ($0.50/$1.00 USD) - 2025/02/04 13:43:44 WET [2025/02/04 8:43:44 ET]
Table 'Robelmonte' 6-max Seat #3 is the button
Seat 1: EasyGamerrr ($106.40 in chips) 
Seat 2: AlexEliseev7 ($104.48 in chips) 
Seat 3: gudrozd ($100 in chips) 
Seat 4: Rysiff ($109.46 in chips) 
Seat 5: Burlica2013 ($105.77 in chips) 
Seat 6: River0203 ($118.23 in chips) 
Rysiff: posts small blind $0.50
Burlica2013: posts big blind $1
*** HOLE CARDS ***
River0203: folds 
EasyGamerrr: folds 
AlexEliseev7: raises $1.50 to $2.50
gudrozd: folds 
Rysiff: raises $8.50 to $11
Burlica2013: folds 
AlexEliseev7: folds 
Uncalled bet ($8.50) returned to Rysiff
Rysiff collected $6 from pot
Rysiff: doesn't show hand 
*** SUMMARY ***
Total pot $6 | Rake $0 
Seat 1: EasyGamerrr folded before Flop (didn't bet)
Seat 2: AlexEliseev7 folded before Flop
Seat 3: gudrozd (button) folded before Flop (didn't bet)
Seat 4: Rysiff (small blind) collected ($6)
Seat 5: Burlica2013 (big blind) folded before Flop
Seat 6: River0203 folded before Flop (didn't bet)



PokerStars Hand #254702122139:  Hold'em No Limit ($0.50/$1.00 USD) - 2025/02/04 13:44:11 WET [2025/02/04 8:44:11 ET]
Table 'Robelmonte' 6-max Seat #4 is the button
Seat 1: EasyGamerrr ($106.40 in chips) 
Seat 2: AlexEliseev7 ($101.98 in chips) 
Seat 3: gudrozd ($100 in chips) 
Seat 4: Rysiff ($112.96 in chips) 
Seat 5: Burlica2013 ($104.77 in chips) 
Seat 6: River0203 ($118.23 in chips) 
Burlica2013: posts small blind $0.50
River0203: posts big blind $1
*** HOLE CARDS ***
EasyGamerrr: folds 
AlexEliseev7: folds 
gudrozd: folds 
Rysiff: folds 
Burlica2013: raises $2 to $3
River0203: folds 
Uncalled bet ($2) returned to Burlica2013
Burlica2013 collected $2 from pot
Burlica2013: doesn't show hand 
*** SUMMARY ***
Total pot $2 | Rake $0 
Seat 1: EasyGamerrr folded before Flop (didn't bet)
Seat 2: AlexEliseev7 folded before Flop (didn't bet)
Seat 3: gudrozd folded before Flop (didn't bet)
Seat 4: Rysiff (button) folded before Flop (didn't bet)
Seat 5: Burlica2013 (small blind) collected ($2)
Seat 6: River0203 (big blind) folded before Flop



PokerStars Hand #254702124891:  Hold'em No Limit ($0.50/$1.00 USD) - 2025/02/04 13:44:28 WET [2025/02/04 8:44:28 ET]
Table 'Robelmonte' 6-max Seat #5 is the button
Seat 1: EasyGamerrr ($106.40 in chips) 
Seat 2: AlexEliseev7 ($101.98 in chips) 
Seat 3: gudrozd ($100 in chips) 
Seat 4: Rysiff ($112.96 in chips) 
Seat 5: Burlica2013 ($105.77 in chips) 
Seat 6: River0203 ($117.23 in chips) 
River0203: posts small blind $0.50
EasyGamerrr: posts big blind $1
*** HOLE CARDS ***
AlexEliseev7: folds 
gudrozd: folds 
Rysiff: folds 
Burlica2013: folds 
River0203: calls $0.50
EasyGamerrr: checks 
*** FLOP *** [9d 7s Tc]
River0203: checks 
EasyGamerrr: checks 
*** TURN *** [9d 7s Tc] [6h]
River0203: checks 
EasyGamerrr: checks 
*** RIVER *** [9d 7s Tc 6h] [5h]
River0203: bets $1.90
EasyGamerrr: folds 
Uncalled bet ($1.90) returned to River0203
River0203 collected $1.90 from pot
*** SUMMARY ***
Total pot $2 | Rake $0.10 
Board [9d 7s Tc 6h 5h]
Seat 1: EasyGamerrr (big blind) folded on the River
Seat 2: AlexEliseev7 folded before Flop (didn't bet)
Seat 3: gudrozd folded before Flop (didn't bet)
Seat 4: Rysiff folded before Flop (didn't bet)
Seat 5: Burlica2013 (button) folded before Flop (didn't bet)
Seat 6: River0203 (small blind) collected ($1.90)



PokerStars Hand #254702132351:  Hold'em No Limit ($0.50/$1.00 USD) - 2025/02/04 13:45:12 WET [2025/02/04 8:45:12 ET]
Table 'Robelmonte' 6-max Seat #6 is the button
Seat 1: EasyGamerrr ($105.40 in chips) 
Seat 2: AlexEliseev7 ($101.98 in chips) 
Seat 3: gudrozd ($100 in chips) 
Seat 4: Rysiff ($112.96 in chips) 
Seat 5: Burlica2013 ($105.77 in chips) 
Seat 6: River0203 ($118.13 in chips) 
EasyGamerrr: posts small blind $0.50
AlexEliseev7: posts big blind $1
*** HOLE CARDS ***
gudrozd: folds 
Rysiff: folds 
Burlica2013: folds 
River0203: raises $2 to $3
EasyGamerrr: folds 
AlexEliseev7: folds 
Uncalled bet ($2) returned to River0203
River0203 collected $2.50 from pot
*** SUMMARY ***
Total pot $2.50 | Rake $0 
Seat 1: EasyGamerrr (small blind) folded before Flop
Seat 2: AlexEliseev7 (big blind) folded before Flop
Seat 3: gudrozd folded before Flop (didn't bet)
Seat 4: Rysiff folded before Flop (didn't bet)
Seat 5: Burlica2013 folded before Flop (didn't bet)
Seat 6: River0203 (button) collected ($2.50)



PokerStars Hand #254702134961:  Hold'em No Limit ($0.50/$1.00 USD) - 2025/02/04 13:45:28 WET [2025/02/04 8:45:28 ET]
Table 'Robelmonte' 6-max Seat #1 is the button
Seat 1: EasyGamerrr ($104.90 in chips) 
Seat 2: AlexEliseev7 ($100.98 in chips) 
Seat 3: gudrozd ($100 in chips) 
Seat 4: Rysiff ($112.96 in chips) 
Seat 5: Burlica2013 ($105.77 in chips) 
Seat 6: River0203 ($119.63 in chips) 
AlexEliseev7: posts small blind $0.50
gudrozd: posts big blind $1
*** HOLE CARDS ***
Rysiff: folds 
Burlica2013: folds 
River0203 has timed out
River0203: folds 
EasyGamerrr: folds 
AlexEliseev7: folds 
Uncalled bet ($0.50) returned to gudrozd
gudrozd collected $1 from pot
gudrozd: doesn't show hand 
*** SUMMARY ***
Total pot $1 | Rake $0 
Seat 1: EasyGamerrr (button) folded before Flop (didn't bet)
Seat 2: AlexEliseev7 (small blind) folded before Flop
Seat 3: gudrozd (big blind) collected ($1)
Seat 4: Rysiff folded before Flop (didn't bet)
Seat 5: Burlica2013 folded before Flop (didn't bet)
Seat 6: River0203 folded before Flop (didn't bet)



PokerStars Hand #254702141756:  Hold'em No Limit ($0.50/$1.00 USD) - 2025/02/04 13:46:08 WET [2025/02/04 8:46:08 ET]
Table 'Robelmonte' 6-max Seat #2 is the button
Seat 6: River0203 ($119.63 in chips) is sitting out
Seat 1: EasyGamerrr ($104.90 in chips) 
Seat 2: AlexEliseev7 ($100.48 in chips) 
Seat 3: gudrozd ($100.50 in chips) 
Seat 4: Rysiff ($112.96 in chips) 
Seat 5: Burlica2013 ($105.77 in chips) 
gudrozd: posts small blind $0.50
Rysiff: posts big blind $1
*** HOLE CARDS ***
Burlica2013: folds 
EasyGamerrr: raises $1.50 to $2.50
AlexEliseev7: folds 
gudrozd: folds 
Rysiff: folds 
Uncalled bet ($1.50) returned to EasyGamerrr
EasyGamerrr collected $2.50 from pot
EasyGamerrr: doesn't show hand 
*** SUMMARY ***
Total pot $2.50 | Rake $0 
Seat 6: River0203
Seat 1: EasyGamerrr collected ($2.50)
Seat 2: AlexEliseev7 (button) folded before Flop (didn't bet)
Seat 3: gudrozd (small blind) folded before Flop
Seat 4: Rysiff (big blind) folded before Flop
Seat 5: Burlica2013 folded before Flop (didn't bet)



PokerStars Hand #254702144415:  Hold'em No Limit ($0.50/$1.00 USD) - 2025/02/04 13:46:24 WET [2025/02/04 8:46:24 ET]
Table 'Robelmonte' 6-max Seat #3 is the button
Seat 1: EasyGamerrr ($106.40 in chips) 
Seat 2: AlexEliseev7 ($100.48 in chips) 
Seat 3: gudrozd ($100 in chips) 
Seat 4: Rysiff ($111.96 in chips) 
Seat 5: Burlica2013 ($105.77 in chips) 
Seat 6: River0203 ($119.63 in chips) 
Rysiff: posts small blind $0.50
Burlica2013: posts big blind $1
*** HOLE CARDS ***
River0203: raises $2 to $3
EasyGamerrr: folds 
AlexEliseev7: folds 
gudrozd: folds 
Rysiff: folds 
Burlica2013: folds 
Uncalled bet ($2) returned to River0203
River0203 collected $2.50 from pot
*** SUMMARY ***
Total pot $2.50 | Rake $0 
Seat 1: EasyGamerrr folded before Flop (didn't bet)
Seat 2: AlexEliseev7 folded before Flop (didn't bet)
Seat 3: gudrozd (button) folded before Flop (didn't bet)
Seat 4: Rysiff (small blind) folded before Flop
Seat 5: Burlica2013 (big blind) folded before Flop
Seat 6: River0203 collected ($2.50)



PokerStars Hand #254702149296:  Hold'em No Limit ($0.50/$1.00 USD) - 2025/02/04 13:46:53 WET [2025/02/04 8:46:53 ET]
Table 'Robelmonte' 6-max Seat #4 is the button
Seat 1: EasyGamerrr ($106.40 in chips) 
Seat 2: AlexEliseev7 ($100.48 in chips) 
Seat 3: gudrozd ($100 in chips) 
Seat 4: Rysiff ($111.46 in chips) 
Seat 5: Burlica2013 ($104.77 in chips) 
Seat 6: River0203 ($121.13 in chips) 
Burlica2013: posts small blind $0.50
River0203: posts big blind $1
*** HOLE CARDS ***
EasyGamerrr: folds 
AlexEliseev7: folds 
gudrozd: raises $1.50 to $2.50
Rysiff: folds 
Burlica2013: folds 
River0203: calls $1.50
*** FLOP *** [Ts Kh As]
River0203: checks 
gudrozd: bets $5.22
River0203: folds 
Uncalled bet ($5.22) returned to gudrozd
gudrozd collected $5.22 from pot
gudrozd: doesn't show hand 
*** SUMMARY ***
Total pot $5.50 | Rake $0.28 
Board [Ts Kh As]
Seat 1: EasyGamerrr folded before Flop (didn't bet)
Seat 2: AlexEliseev7 folded before Flop (didn't bet)
Seat 3: gudrozd collected ($5.22)
Seat 4: Rysiff (button) folded before Flop (didn't bet)
Seat 5: Burlica2013 (small blind) folded before Flop
Seat 6: River0203 (big blind) folded on the Flop



PokerStars Hand #254702154887:  Hold'em No Limit ($0.50/$1.00 USD) - 2025/02/04 13:47:27 WET [2025/02/04 8:47:27 ET]
Table 'Robelmonte' 6-max Seat #5 is the button
Seat 1: EasyGamerrr ($106.40 in chips) 
Seat 2: AlexEliseev7 ($100.48 in chips) 
Seat 3: gudrozd ($102.72 in chips) 
Seat 4: Rysiff ($111.46 in chips) 
Seat 5: Burlica2013 ($104.27 in chips) 
Seat 6: River0203 ($118.63 in chips) 
River0203: posts small blind $0.50
EasyGamerrr: posts big blind $1
*** HOLE CARDS ***
AlexEliseev7: folds 
gudrozd: folds 
Rysiff: folds 
Burlica2013: folds 
River0203: calls $0.50
EasyGamerrr: checks 
*** FLOP *** [6h 8d 6c]
River0203: checks 
EasyGamerrr: bets $1
River0203: folds 
Uncalled bet ($1) returned to EasyGamerrr
EasyGamerrr collected $1.90 from pot
EasyGamerrr: doesn't show hand 
*** SUMMARY ***
Total pot $2 | Rake $0.10 
Board [6h 8d 6c]
Seat 1: EasyGamerrr (big blind) collected ($1.90)
Seat 2: AlexEliseev7 folded before Flop (didn't bet)
Seat 3: gudrozd folded before Flop (didn't bet)
Seat 4: Rysiff folded before Flop (didn't bet)
Seat 5: Burlica2013 (button) folded before Flop (didn't bet)
Seat 6: River0203 (small blind) folded on the Flop



PokerStars Hand #254702158467:  Hold'em No Limit ($0.50/$1.00 USD) - 2025/02/04 13:47:48 WET [2025/02/04 8:47:48 ET]
Table 'Robelmonte' 6-max Seat #6 is the button
Seat 1: EasyGamerrr ($107.30 in chips) 
Seat 2: AlexEliseev7 ($100.48 in chips) 
Seat 3: gudrozd ($102.72 in chips) 
Seat 4: Rysiff ($111.46 in chips) 
Seat 5: Burlica2013 ($104.27 in chips) 
Seat 6: River0203 ($117.63 in chips) 
EasyGamerrr: posts small blind $0.50
AlexEliseev7: posts big blind $1
*** HOLE CARDS ***
gudrozd: folds 
Rysiff: folds 
Burlica2013: folds 
River0203: folds 
EasyGamerrr: folds 
Uncalled bet ($0.50) returned to AlexEliseev7
AlexEliseev7 collected $1 from pot
AlexEliseev7: doesn't show hand 
*** SUMMARY ***
Total pot $1 | Rake $0 
Seat 1: EasyGamerrr (small blind) folded before Flop
Seat 2: AlexEliseev7 (big blind) collected ($1)
Seat 3: gudrozd folded before Flop (didn't bet)
Seat 4: Rysiff folded before Flop (didn't bet)
Seat 5: Burlica2013 folded before Flop (didn't bet)
Seat 6: River0203 (button) folded before Flop (didn't bet)



PokerStars Hand #254702160677:  Hold'em No Limit ($0.50/$1.00 USD) - 2025/02/04 13:48:02 WET [2025/02/04 8:48:02 ET]
Table 'Robelmonte' 6-max Seat #1 is the button
Seat 1: EasyGamerrr ($106.80 in chips) 
Seat 2: AlexEliseev7 ($100.98 in chips) 
Seat 3: gudrozd ($102.72 in chips) 
Seat 4: Rysiff ($111.46 in chips) 
Seat 5: Burlica2013 ($104.27 in chips) 
Seat 6: River0203 ($117.63 in chips) 
AlexEliseev7: posts small blind $0.50
gudrozd: posts big blind $1
*** HOLE CARDS ***
Rysiff: folds 
Burlica2013: folds 
River0203: folds 
EasyGamerrr: raises $1.50 to $2.50
AlexEliseev7: raises $9.50 to $12
gudrozd: folds 
EasyGamerrr: raises $13 to $25
AlexEliseev7: raises $75.98 to $100.98 and is all-in
EasyGamerrr: calls $75.98
AlexEliseev7 has timed out
*** FIRST FLOP *** [Kc 4d 2h]
*** FIRST TURN *** [Kc 4d 2h] [5h]
*** FIRST RIVER *** [Kc 4d 2h 5h] [8h]
*** SECOND FLOP *** [8c 6h Js]
*** SECOND TURN *** [8c 6h Js] [Jc]
*** SECOND RIVER *** [8c 6h Js Jc] [4h]
*** FIRST SHOW DOWN ***
AlexEliseev7: shows [Qh Ah] (a flush, Ace high)
EasyGamerrr: shows [Ac As] (a pair of Aces)
AlexEliseev7 collected $100.23 from pot
*** SECOND SHOW DOWN ***
AlexEliseev7: shows [Qh Ah] (a pair of Jacks)
EasyGamerrr: shows [Ac As] (two pair, Aces and Jacks)
EasyGamerrr collected $100.23 from pot
*** SUMMARY ***
Total pot $202.96 | Rake $2.50 
Hand was run twice
FIRST Board [Kc 4d 2h 5h 8h]
SECOND Board [8c 6h Js Jc 4h]
Seat 1: EasyGamerrr (button) showed [Ac As] and lost with a pair of Aces, and won ($100.23) with two pair, Aces and Jacks
Seat 2: AlexEliseev7 (small blind) showed [Qh Ah] and won ($100.23) with a flush, Ace high, and lost with a pair of Jacks
Seat 3: gudrozd (big blind) folded before Flop
Seat 4: Rysiff folded before Flop (didn't bet)
Seat 5: Burlica2013 folded before Flop (didn't bet)
Seat 6: River0203 folded before Flop (didn't bet)



PokerStars Hand #254702170991:  Hold'em No Limit ($0.50/$1.00 USD) - 2025/02/04 13:49:03 WET [2025/02/04 8:49:03 ET]
Table 'Robelmonte' 6-max Seat #2 is the button
Seat 1: EasyGamerrr ($106.05 in chips) 
Seat 2: AlexEliseev7 ($100.23 in chips) 
Seat 3: gudrozd ($101.72 in chips) 
Seat 4: Rysiff ($111.46 in chips) 
Seat 5: Burlica2013 ($104.27 in chips) 
Seat 6: River0203 ($117.63 in chips) 
gudrozd: posts small blind $0.50
Rysiff: posts big blind $1
*** HOLE CARDS ***
Burlica2013: folds 
River0203: folds 
EasyGamerrr: raises $1.50 to $2.50
AlexEliseev7: folds 
gudrozd: folds 
Rysiff: raises $9.50 to $12
EasyGamerrr: folds 
Uncalled bet ($9.50) returned to Rysiff
Rysiff collected $5.50 from pot
Rysiff: doesn't show hand 
*** SUMMARY ***
Total pot $5.50 | Rake $0 
Seat 1: EasyGamerrr folded before Flop
Seat 2: AlexEliseev7 (button) folded before Flop (didn't bet)
Seat 3: gudrozd (small blind) folded before Flop
Seat 4: Rysiff (big blind) collected ($5.50)
Seat 5: Burlica2013 folded before Flop (didn't bet)
Seat 6: River0203 folded before Flop (didn't bet)



PokerStars Hand #254702175217:  Hold'em No Limit ($0.50/$1.00 USD) - 2025/02/04 13:49:29 WET [2025/02/04 8:49:29 ET]
Table 'Robelmonte' 6-max Seat #3 is the button
Seat 1: EasyGamerrr ($103.55 in chips) 
Seat 2: AlexEliseev7 ($100.23 in chips) 
Seat 3: gudrozd ($101.22 in chips) 
Seat 4: Rysiff ($114.46 in chips) 
Seat 5: Burlica2013 ($104.27 in chips) 
Seat 6: River0203 ($117.63 in chips) 
Rysiff: posts small blind $0.50
Burlica2013: posts big blind $1
*** HOLE CARDS ***
River0203: raises $2 to $3
EasyGamerrr: folds 
AlexEliseev7: folds 
gudrozd: folds 
Rysiff: folds 
Burlica2013: folds 
Uncalled bet ($2) returned to River0203
River0203 collected $2.50 from pot
*** SUMMARY ***
Total pot $2.50 | Rake $0 
Seat 1: EasyGamerrr folded before Flop (didn't bet)
Seat 2: AlexEliseev7 folded before Flop (didn't bet)
Seat 3: gudrozd (button) folded before Flop (didn't bet)
Seat 4: Rysiff (small blind) folded before Flop
Seat 5: Burlica2013 (big blind) folded before Flop
Seat 6: River0203 collected ($2.50)



PokerStars Hand #254702178795:  Hold'em No Limit ($0.50/$1.00 USD) - 2025/02/04 13:49:51 WET [2025/02/04 8:49:51 ET]
Table 'Robelmonte' 6-max Seat #4 is the button
Seat 1: EasyGamerrr ($103.55 in chips) 
Seat 2: AlexEliseev7 ($100.23 in chips) 
Seat 3: gudrozd ($101.22 in chips) 
Seat 4: Rysiff ($113.96 in chips) 
Seat 5: Burlica2013 ($103.27 in chips) 
Seat 6: River0203 ($119.13 in chips) 
Burlica2013: posts small blind $0.50
River0203: posts big blind $1
*** HOLE CARDS ***
EasyGamerrr: folds 
AlexEliseev7: folds 
gudrozd: folds 
Rysiff: folds 
Burlica2013: raises $2 to $3
River0203: calls $2
*** FLOP *** [5d 4h 7c]
Burlica2013: checks 
River0203: checks 
*** TURN *** [5d 4h 7c] [4s]
Burlica2013: checks 
River0203: checks 
*** RIVER *** [5d 4h 7c 4s] [Ts]
Burlica2013: bets $8.55
River0203: folds 
Uncalled bet ($8.55) returned to Burlica2013
Burlica2013 collected $5.70 from pot
Burlica2013: doesn't show hand 
*** SUMMARY ***
Total pot $6 | Rake $0.30 
Board [5d 4h 7c 4s Ts]
Seat 1: EasyGamerrr folded before Flop (didn't bet)
Seat 2: AlexEliseev7 folded before Flop (didn't bet)
Seat 3: gudrozd folded before Flop (didn't bet)
Seat 4: Rysiff (button) folded before Flop (didn't bet)
Seat 5: Burlica2013 (small blind) collected ($5.70)
Seat 6: River0203 (big blind) folded on the River



PokerStars Hand #254702185584:  Hold'em No Limit ($0.50/$1.00 USD) - 2025/02/04 13:50:31 WET [2025/02/04 8:50:31 ET]
Table 'Robelmonte' 6-max Seat #5 is the button
Seat 1: EasyGamerrr ($103.55 in chips) is sitting out
Seat 2: AlexEliseev7 ($100.23 in chips) 
Seat 3: gudrozd ($101.22 in chips) 
Seat 4: Rysiff ($113.96 in chips) 
Seat 5: Burlica2013 ($105.97 in chips) 
Seat 6: River0203 ($116.13 in chips) 
River0203: posts small blind $0.50
EasyGamerrr: is sitting out 
EasyGamerrr leaves the table
AlexEliseev7: posts big blind $1
*** HOLE CARDS ***
gudrozd: folds 
Rysiff: folds 
Burlica2013: folds 
BoyLoc0 joins the table at seat #1 
River0203: calls $0.50
AlexEliseev7: checks 
*** FLOP *** [Ah 5s 8c]
River0203: bets $1
AlexEliseev7: folds 
Uncalled bet ($1) returned to River0203
River0203 collected $1.90 from pot
*** SUMMARY ***
Total pot $2 | Rake $0.10 
Board [Ah 5s 8c]
Seat 1: EasyGamerrr
Seat 2: AlexEliseev7 (big blind) folded on the Flop
Seat 3: gudrozd folded before Flop (didn't bet)
Seat 4: Rysiff folded before Flop (didn't bet)
Seat 5: Burlica2013 (button) folded before Flop (didn't bet)
Seat 6: River0203 (small blind) collected ($1.90)



PokerStars Hand #254702188923:  Hold'em No Limit ($0.50/$1.00 USD) - 2025/02/04 13:50:52 WET [2025/02/04 8:50:52 ET]
Table 'Robelmonte' 6-max Seat #6 is the button
Seat 1: BoyLoc0 ($100 in chips) is sitting out
Seat 2: AlexEliseev7 ($100 in chips) 
Seat 3: gudrozd ($101.22 in chips) 
Seat 4: Rysiff ($113.96 in chips) 
Seat 5: Burlica2013 ($105.97 in chips) 
Seat 6: River0203 ($117.03 in chips) 
AlexEliseev7: posts small blind $0.50
gudrozd: posts big blind $1
*** HOLE CARDS ***
Rysiff: folds 
Burlica2013: folds 
River0203: folds 
AlexEliseev7: raises $2 to $3
gudrozd: calls $2
*** FLOP *** [Tc Qd 7h]
AlexEliseev7: bets $1.88
gudrozd: folds 
Uncalled bet ($1.88) returned to AlexEliseev7
AlexEliseev7 collected $5.70 from pot
AlexEliseev7: doesn't show hand 
*** SUMMARY ***
Total pot $6 | Rake $0.30 
Board [Tc Qd 7h]
Seat 1: BoyLoc0
Seat 2: AlexEliseev7 (small blind) collected ($5.70)
Seat 3: gudrozd (big blind) folded on the Flop
Seat 4: Rysiff folded before Flop (didn't bet)
Seat 5: Burlica2013 folded before Flop (didn't bet)
Seat 6: River0203 (button) folded before Flop (didn't bet)



PokerStars Hand #254702195357:  Hold'em No Limit ($0.50/$1.00 USD) - 2025/02/04 13:51:30 WET [2025/02/04 8:51:30 ET]
Table 'Robelmonte' 6-max Seat #2 is the button
Seat 1: BoyLoc0 ($100 in chips) is sitting out
Seat 2: AlexEliseev7 ($102.70 in chips) 
Seat 3: gudrozd ($100 in chips) 
Seat 4: Rysiff ($113.96 in chips) 
Seat 5: Burlica2013 ($105.97 in chips) 
Seat 6: River0203 ($117.03 in chips) 
gudrozd: posts small blind $0.50
Rysiff: posts big blind $1
BoyLoc0: sits out 
*** HOLE CARDS ***
Burlica2013: folds 
River0203 has timed out
River0203: folds 
AlexEliseev7: raises $1.50 to $2.50
gudrozd: folds 
Rysiff: raises $9.50 to $12
AlexEliseev7: folds 
Uncalled bet ($9.50) returned to Rysiff
Rysiff collected $5.50 from pot
Rysiff: doesn't show hand 
*** SUMMARY ***
Total pot $5.50 | Rake $0 
Seat 1: BoyLoc0
Seat 2: AlexEliseev7 (button) folded before Flop
Seat 3: gudrozd (small blind) folded before Flop
Seat 4: Rysiff (big blind) collected ($5.50)
Seat 5: Burlica2013 folded before Flop (didn't bet)
Seat 6: River0203 folded before Flop (didn't bet)



PokerStars Hand #254702202851:  Hold'em No Limit ($0.50/$1.00 USD) - 2025/02/04 13:52:16 WET [2025/02/04 8:52:16 ET]
Table 'Robelmonte' 6-max Seat #3 is the button
Seat 1: BoyLoc0 ($100 in chips) is sitting out
Seat 6: River0203 ($117.03 in chips) is sitting out
Seat 2: AlexEliseev7 ($100.20 in chips) 
Seat 3: gudrozd ($100 in chips) 
Seat 4: Rysiff ($116.96 in chips) 
Seat 5: Burlica2013 ($105.97 in chips) 
Rysiff: posts small blind $0.50
Burlica2013: posts big blind $1
BoyLoc0: sits out 
*** HOLE CARDS ***
AlexEliseev7: folds 
gudrozd: folds 
Rysiff: raises $2 to $3
Burlica2013: calls $2
*** FLOP *** [8c Jd Kh]
Rysiff: bets $1.88
Burlica2013: folds 
Uncalled bet ($1.88) returned to Rysiff
Rysiff collected $5.70 from pot
Rysiff: doesn't show hand 
*** SUMMARY ***
Total pot $6 | Rake $0.30 
Board [8c Jd Kh]
Seat 1: BoyLoc0
Seat 6: River0203
Seat 2: AlexEliseev7 folded before Flop (didn't bet)
Seat 3: gudrozd (button) folded before Flop (didn't bet)
Seat 4: Rysiff (small blind) collected ($5.70)
Seat 5: Burlica2013 (big blind) folded on the Flop



PokerStars Hand #254702206662:  Hold'em No Limit ($0.50/$1.00 USD) - 2025/02/04 13:52:39 WET [2025/02/04 8:52:39 ET]
Table 'Robelmonte' 6-max Seat #4 is the button
Seat 1: BoyLoc0 ($100 in chips) is sitting out
Seat 2: AlexEliseev7 ($100.20 in chips) 
Seat 3: gudrozd ($100 in chips) 
Seat 4: Rysiff ($119.66 in chips) 
Seat 5: Burlica2013 ($102.97 in chips) 
Seat 6: River0203 ($117.03 in chips) 
Burlica2013: posts small blind $0.50
River0203: posts big blind $1
BoyLoc0: sits out 
*** HOLE CARDS ***
AlexEliseev7: folds 
gudrozd: folds 
Rysiff: raises $1.50 to $2.50
Burlica2013: folds 
River0203: calls $1.50
*** FLOP *** [6c 4h Ac]
River0203: checks 
Rysiff: checks 
*** TURN *** [6c 4h Ac] [Qc]
River0203: bets $2.61
Rysiff: calls $2.61
*** RIVER *** [6c 4h Ac Qc] [Ks]
River0203: bets $5.09
Rysiff: folds 
Uncalled bet ($5.09) returned to River0203
River0203 collected $10.18 from pot
*** SUMMARY ***
Total pot $10.72 | Rake $0.54 
Board [6c 4h Ac Qc Ks]
Seat 1: BoyLoc0
Seat 2: AlexEliseev7 folded before Flop (didn't bet)
Seat 3: gudrozd folded before Flop (didn't bet)
Seat 4: Rysiff (button) folded on the River
Seat 5: Burlica2013 (small blind) folded before Flop
Seat 6: River0203 (big blind) collected ($10.18)



PokerStars Hand #254702233154:  Hold'em No Limit ($0.50/$1.00 USD) - 2025/02/04 13:55:26 WET [2025/02/04 8:55:26 ET]
Table 'Robelmonte' 6-max Seat #3 is the button
Seat 1: BoyLoc0 ($103.70 in chips) 
Seat 2: AlexEliseev7 ($102.40 in chips) 
Seat 3: gudrozd ($100 in chips) 
Seat 4: Rysiff ($111.55 in chips) 
Seat 5: Burlica2013 ($100.27 in chips) 
Seat 6: River0203 ($126.18 in chips) 
Rysiff: posts small blind $0.50
Burlica2013: posts big blind $1
*** HOLE CARDS ***
River0203: folds 
BoyLoc0: folds 
AlexEliseev7: folds 
gudrozd: folds 
Rysiff: folds 
Uncalled bet ($0.50) returned to Burlica2013
Burlica2013 collected $1 from pot
Burlica2013: doesn't show hand 
*** SUMMARY ***
Total pot $1 | Rake $0 
Seat 1: BoyLoc0 folded before Flop (didn't bet)
Seat 2: AlexEliseev7 folded before Flop (didn't bet)
Seat 3: gudrozd (button) folded before Flop (didn't bet)
Seat 4: Rysiff (small blind) folded before Flop
Seat 5: Burlica2013 (big blind) collected ($1)
Seat 6: River0203 folded before Flop (didn't bet)



PokerStars Hand #254702235152:  Hold'em No Limit ($0.50/$1.00 USD) - 2025/02/04 13:55:41 WET [2025/02/04 8:55:41 ET]
Table 'Robelmonte' 6-max Seat #4 is the button
Seat 1: BoyLoc0 ($103.70 in chips) 
Seat 2: AlexEliseev7 ($102.40 in chips) 
Seat 3: gudrozd ($100 in chips) 
Seat 4: Rysiff ($111.05 in chips) 
Seat 5: Burlica2013 ($100.77 in chips) 
Seat 6: River0203 ($126.18 in chips) 
Burlica2013: posts small blind $0.50
River0203: posts big blind $1
*** HOLE CARDS ***
BoyLoc0: folds 
AlexEliseev7: folds 
gudrozd: folds 
Rysiff: folds 
Burlica2013: raises $2 to $3
River0203: calls $2
*** FLOP *** [3s 4c 7h]
Burlica2013: checks 
River0203: checks 
*** TURN *** [3s 4c 7h] [Qd]
Burlica2013: checks 
River0203: checks 
*** RIVER *** [3s 4c 7h Qd] [As]
Burlica2013: bets $4.28
River0203: folds 
Uncalled bet ($4.28) returned to Burlica2013
Burlica2013 collected $5.70 from pot
Burlica2013: doesn't show hand 
*** SUMMARY ***
Total pot $6 | Rake $0.30 
Board [3s 4c 7h Qd As]
Seat 1: BoyLoc0 folded before Flop (didn't bet)
Seat 2: AlexEliseev7 folded before Flop (didn't bet)
Seat 3: gudrozd folded before Flop (didn't bet)
Seat 4: Rysiff (button) folded before Flop (didn't bet)
Seat 5: Burlica2013 (small blind) collected ($5.70)
Seat 6: River0203 (big blind) folded on the River



PokerStars Hand #254702241166:  Hold'em No Limit ($0.50/$1.00 USD) - 2025/02/04 13:56:27 WET [2025/02/04 8:56:27 ET]
Table 'Robelmonte' 6-max Seat #5 is the button
Seat 1: BoyLoc0 ($103.70 in chips) 
Seat 2: AlexEliseev7 ($102.40 in chips) 
Seat 3: gudrozd ($100 in chips) 
Seat 4: Rysiff ($111.05 in chips) 
Seat 5: Burlica2013 ($103.47 in chips) 
Seat 6: River0203 ($123.18 in chips) 
River0203: posts small blind $0.50
BoyLoc0: posts big blind $1
*** HOLE CARDS ***
AlexEliseev7: folds 
gudrozd: folds 
Rysiff: folds 
Burlica2013: raises $1.45 to $2.45
River0203: calls $1.95
BoyLoc0: raises $12.55 to $15
Burlica2013: folds 
River0203: folds [6c]
Uncalled bet ($12.55) returned to BoyLoc0
BoyLoc0 collected $7.35 from pot
BoyLoc0: doesn't show hand 
*** SUMMARY ***
Total pot $7.35 | Rake $0 
Seat 1: BoyLoc0 (big blind) collected ($7.35)
Seat 2: AlexEliseev7 folded before Flop (didn't bet)
Seat 3: gudrozd folded before Flop (didn't bet)
Seat 4: Rysiff folded before Flop (didn't bet)
Seat 5: Burlica2013 (button) folded before Flop
Seat 6: River0203 (small blind) folded before Flop



PokerStars Hand #254702244254:  Hold'em No Limit ($0.50/$1.00 USD) - 2025/02/04 13:56:52 WET [2025/02/04 8:56:52 ET]
Table 'Robelmonte' 6-max Seat #6 is the button
Seat 1: BoyLoc0 ($108.60 in chips) 
Seat 2: AlexEliseev7 ($102.40 in chips) 
Seat 3: gudrozd ($100 in chips) 
Seat 4: Rysiff ($111.05 in chips) 
Seat 5: Burlica2013 ($101.02 in chips) 
Seat 6: River0203 ($120.73 in chips) 
BoyLoc0: posts small blind $0.50
AlexEliseev7: posts big blind $1
*** HOLE CARDS ***
gudrozd: raises $1.50 to $2.50
Rysiff: folds 
Burlica2013: folds 
River0203: folds 
River0203 leaves the table
BoyLoc0: folds 
AlexEliseev7: folds 
Uncalled bet ($1.50) returned to gudrozd
gudrozd collected $2.50 from pot
gudrozd: doesn't show hand 
*** SUMMARY ***
Total pot $2.50 | Rake $0 
Seat 1: BoyLoc0 (small blind) folded before Flop
Seat 2: AlexEliseev7 (big blind) folded before Flop
Seat 3: gudrozd collected ($2.50)
Seat 4: Rysiff folded before Flop (didn't bet)
Seat 5: Burlica2013 folded before Flop (didn't bet)
Seat 6: River0203 (button) folded before Flop (didn't bet)



PokerStars Hand #254702250155:  Hold'em No Limit ($0.50/$1.00 USD) - 2025/02/04 13:57:37 WET [2025/02/04 8:57:37 ET]
Table 'Robelmonte' 6-max Seat #1 is the button
Seat 3: gudrozd ($101.50 in chips) is sitting out
Seat 1: BoyLoc0 ($108.10 in chips) 
Seat 2: AlexEliseev7 ($101.40 in chips) 
Seat 4: Rysiff ($111.05 in chips) 
Seat 5: Burlica2013 ($101.02 in chips) 
AlexEliseev7: posts small blind $0.50
Rysiff: posts big blind $1
*** HOLE CARDS ***
Burlica2013: folds 
BoyLoc0: folds 
gudrozd leaves the table
AlexEliseev7: folds 
Uncalled bet ($0.50) returned to Rysiff
Rysiff collected $1 from pot
Rysiff: doesn't show hand 
*** SUMMARY ***
Total pot $1 | Rake $0 
Seat 3: gudrozd
Seat 1: BoyLoc0 (button) folded before Flop (didn't bet)
Seat 2: AlexEliseev7 (small blind) folded before Flop
Seat 4: Rysiff (big blind) collected ($1)
Seat 5: Burlica2013 folded before Flop (didn't bet)



PokerStars Hand #254702251373:  Hold'em No Limit ($0.50/$1.00 USD) - 2025/02/04 13:57:47 WET [2025/02/04 8:57:47 ET]
Table 'Robelmonte' 6-max Seat #4 is the button
Seat 1: BoyLoc0 ($108.10 in chips) is sitting out
Seat 5: Burlica2013 ($101.02 in chips) is sitting out
Seat 2: AlexEliseev7 ($100.90 in chips) 
Seat 4: Rysiff ($111.55 in chips) 
Rysiff: posts small blind $0.50
Burlica2013: is sitting out 
BoyLoc0: is sitting out 
AlexEliseev7: posts big blind $1
*** HOLE CARDS ***
Burlica2013 leaves the table
BoyLoc0 leaves the table
Rysiff: raises $1.50 to $2.50
AlexEliseev7: raises $9.50 to $12
Rysiff: folds 
Uncalled bet ($9.50) returned to AlexEliseev7
AlexEliseev7 collected $5 from pot
AlexEliseev7: doesn't show hand 
*** SUMMARY ***
Total pot $5 | Rake $0 
Seat 1: BoyLoc0
Seat 5: Burlica2013
Seat 2: AlexEliseev7 (big blind) collected ($5)
Seat 4: Rysiff (button) (small blind) folded before Flop



