PokerStars Hand #254707850634:  Hold'em No Limit ($0.50/$1.00 USD) - 2025/02/04 20:22:00 WET [2025/02/04 15:22:00 ET]
Table 'Catriona II' 6-max Seat #5 is the button
Seat 2: blistein ($101.50 in chips) is sitting out
Seat 1: Pippa83 ($206.05 in chips) 
Seat 3: River0203 ($29.31 in chips) 
Seat 4: MarosNagy ($20.70 in chips) 
Seat 5: ReVeu710 ($100 in chips) 
Pippa83: posts small blind $0.50
blistein: is sitting out 
River0203: posts big blind $1
*** HOLE CARDS ***
MarosNagy: raises $1.20 to $2.20
SorinS28 joins the table at seat #6 
ReVeu710: folds 
Pippa83: folds 
River0203: calls $1.20
*** FLOP *** [6s 7d 7c]
blistein leaves the table
River0203: checks 
MarosNagy: bets $1.30
raketkasix joins the table at seat #2 
River0203: raises $3.63 to $4.93
MarosNagy: folds 
Uncalled bet ($3.63) returned to River0203
River0203 collected $7.12 from pot
*** SUMMARY ***
Total pot $7.50 | Rake $0.38 
Board [6s 7d 7c]
Seat 2: blistein
Seat 1: Pippa83 (small blind) folded before Flop
Seat 3: River0203 (big blind) collected ($7.12)
Seat 4: MarosNagy folded on the Flop
Seat 5: ReVeu710 (button) folded before Flop (didn't bet)



PokerStars Hand #254707858177:  Hold'em No Limit ($0.50/$1.00 USD) - 2025/02/04 20:22:23 WET [2025/02/04 15:22:23 ET]
Table 'Catriona II' 6-max Seat #1 is the button
Seat 2: raketkasix ($100 in chips) is sitting out
Seat 4: MarosNagy ($17.20 in chips) is sitting out
Seat 6: SorinS28 ($100 in chips) is sitting out
Seat 1: Pippa83 ($205.55 in chips) 
Seat 3: River0203 ($32.93 in chips) 
Seat 5: ReVeu710 ($100 in chips) 
River0203: posts small blind $0.50
MarosNagy: is sitting out 
ReVeu710: posts big blind $1
SorinS28: sits out 
*** HOLE CARDS ***
Pippa83: folds 
MarosNagy leaves the table
River0203: raises $2 to $3
ReVeu710: calls $2
*** FLOP *** [5d Jc Qs]
River0203: checks 
ReVeu710: bets $3.08
River0203: folds 
Uncalled bet ($3.08) returned to ReVeu710
ReVeu710 collected $5.70 from pot
ReVeu710: doesn't show hand 
*** SUMMARY ***
Total pot $6 | Rake $0.30 
Board [5d Jc Qs]
Seat 2: raketkasix
Seat 4: MarosNagy
Seat 6: SorinS28
Seat 1: Pippa83 (button) folded before Flop (didn't bet)
Seat 3: River0203 (small blind) folded on the Flop
Seat 5: ReVeu710 (big blind) collected ($5.70)



PokerStars Hand #254707865094:  Hold'em No Limit ($0.50/$1.00 USD) - 2025/02/04 20:22:45 WET [2025/02/04 15:22:45 ET]
Table 'Catriona II' 6-max Seat #3 is the button
Seat 2: raketkasix ($100 in chips) is sitting out
Seat 1: Pippa83 ($205.55 in chips) 
Seat 3: River0203 ($29.93 in chips) 
Seat 5: ReVeu710 ($102.70 in chips) 
Seat 6: SorinS28 ($100 in chips) 
ReVeu710: posts small blind $0.50
SorinS28: posts big blind $1
raketkasix: sits out 
*** HOLE CARDS ***
Pippa83: folds 
Twistenko joins the table at seat #4 
River0203: raises $2.50 to $3.50
ReVeu710: folds 
SorinS28: calls $2.50
*** FLOP *** [7d 3h 3s]
SorinS28: checks 
River0203: checks 
*** TURN *** [7d 3h 3s] [Ac]
SorinS28: checks 
River0203: checks 
*** RIVER *** [7d 3h 3s Ac] [2h]
SorinS28: checks 
River0203: checks 
*** SHOW DOWN ***
SorinS28: shows [4h 4c] (two pair, Fours and Threes)
River0203: mucks hand 
SorinS28 collected $7.12 from pot
*** SUMMARY ***
Total pot $7.50 | Rake $0.38 
Board [7d 3h 3s Ac 2h]
Seat 2: raketkasix
Seat 1: Pippa83 folded before Flop (didn't bet)
Seat 3: River0203 (button) mucked
Seat 5: ReVeu710 (small blind) folded before Flop
Seat 6: SorinS28 (big blind) showed [4h 4c] and won ($7.12) with two pair, Fours and Threes



PokerStars Hand #254707881932:  Hold'em No Limit ($0.50/$1.00 USD) - 2025/02/04 20:23:37 WET [2025/02/04 15:23:37 ET]
Table 'Catriona II' 6-max Seat #5 is the button
Seat 2: raketkasix ($100 in chips) is sitting out
Seat 4: Twistenko ($158.70 in chips) is sitting out
Seat 1: Pippa83 ($205.55 in chips) 
Seat 3: River0203 ($26.43 in chips) 
Seat 5: ReVeu710 ($102.20 in chips) 
Seat 6: SorinS28 ($103.62 in chips) 
SorinS28: posts small blind $0.50
Pippa83: posts big blind $1
raketkasix: sits out 
Twistenko: sits out 
*** HOLE CARDS ***
River0203: folds 
ReVeu710: folds 
SorinS28: raises $2 to $3
Pippa83: calls $2
*** FLOP *** [Ac Qh 8h]
SorinS28: checks 
Pippa83: checks 
*** TURN *** [Ac Qh 8h] [4s]
SorinS28: checks 
Pippa83: checks 
*** RIVER *** [Ac Qh 8h 4s] [9s]
SorinS28: checks 
Pippa83: checks 
*** SHOW DOWN ***
SorinS28: shows [Ts 8d] (a pair of Eights)
Pippa83: mucks hand 
SorinS28 collected $5.70 from pot
*** SUMMARY ***
Total pot $6 | Rake $0.30 
Board [Ac Qh 8h 4s 9s]
Seat 2: raketkasix
Seat 4: Twistenko
Seat 1: Pippa83 (big blind) mucked
Seat 3: River0203 folded before Flop (didn't bet)
Seat 5: ReVeu710 (button) folded before Flop (didn't bet)
Seat 6: SorinS28 (small blind) showed [Ts 8d] and won ($5.70) with a pair of Eights



PokerStars Hand #254707901655:  Hold'em No Limit ($0.50/$1.00 USD) - 2025/02/04 20:24:38 WET [2025/02/04 15:24:38 ET]
Table 'Catriona II' 6-max Seat #6 is the button
Seat 4: Twistenko ($158.70 in chips) is sitting out
Seat 1: Pippa83 ($202.55 in chips) 
Seat 2: raketkasix ($100 in chips) 
Seat 3: River0203 ($26.43 in chips) 
Seat 5: ReVeu710 ($102.20 in chips) 
Seat 6: SorinS28 ($106.32 in chips) 
Pippa83: posts small blind $0.50
raketkasix: posts big blind $1
Twistenko: sits out 
*** HOLE CARDS ***
River0203: calls $1
ReVeu710: folds 
SorinS28: folds 
Pippa83: folds 
raketkasix: checks 
*** FLOP *** [Kh 9d 6d]
raketkasix: checks 
River0203: checks 
*** TURN *** [Kh 9d 6d] [4c]
raketkasix: checks 
River0203: checks 
*** RIVER *** [Kh 9d 6d 4c] [2s]
raketkasix: checks 
River0203: bets $1.19
raketkasix: folds 
Uncalled bet ($1.19) returned to River0203
River0203 collected $2.38 from pot
*** SUMMARY ***
Total pot $2.50 | Rake $0.12 
Board [Kh 9d 6d 4c 2s]
Seat 4: Twistenko
Seat 1: Pippa83 (small blind) folded before Flop
Seat 2: raketkasix (big blind) folded on the River
Seat 3: River0203 collected ($2.38)
Seat 5: ReVeu710 folded before Flop (didn't bet)
Seat 6: SorinS28 (button) folded before Flop (didn't bet)



PokerStars Hand #254707925023:  Hold'em No Limit ($0.50/$1.00 USD) - 2025/02/04 20:25:51 WET [2025/02/04 15:25:51 ET]
Table 'Catriona II' 6-max Seat #1 is the button
Seat 4: Twistenko ($158.70 in chips) is sitting out
Seat 1: Pippa83 ($202.05 in chips) 
Seat 2: raketkasix ($100 in chips) 
Seat 3: River0203 ($27.81 in chips) 
Seat 5: ReVeu710 ($102.20 in chips) 
Seat 6: SorinS28 ($106.32 in chips) 
raketkasix: posts small blind $0.50
River0203: posts big blind $1
Twistenko: sits out 
*** HOLE CARDS ***
ReVeu710: raises $1 to $2
SorinS28: folds 
Pippa83: folds 
raketkasix: folds 
River0203: calls $1
*** FLOP *** [9c 5d 5c]
River0203: checks 
ReVeu710: checks 
*** TURN *** [9c 5d 5c] [7s]
River0203: bets $2.14
ReVeu710: calls $2.14
*** RIVER *** [9c 5d 5c 7s] [Qs]
River0203: checks 
ReVeu710: checks 
*** SHOW DOWN ***
River0203: shows [Qd Js] (two pair, Queens and Fives)
ReVeu710: mucks hand 
River0203 collected $8.34 from pot
*** SUMMARY ***
Total pot $8.78 | Rake $0.44 
Board [9c 5d 5c 7s Qs]
Seat 4: Twistenko
Seat 1: Pippa83 (button) folded before Flop (didn't bet)
Seat 2: raketkasix (small blind) folded before Flop
Seat 3: River0203 (big blind) showed [Qd Js] and won ($8.34) with two pair, Queens and Fives
Seat 5: ReVeu710 mucked
Seat 6: SorinS28 folded before Flop (didn't bet)



PokerStars Hand #254707943968:  Hold'em No Limit ($0.50/$1.00 USD) - 2025/02/04 20:26:51 WET [2025/02/04 15:26:51 ET]
Table 'Catriona II' 6-max Seat #2 is the button
Seat 1: Pippa83 ($202.05 in chips) 
Seat 2: raketkasix ($100 in chips) 
Seat 3: River0203 ($32.01 in chips) 
Seat 4: Twistenko ($158.70 in chips) 
Seat 5: ReVeu710 ($100 in chips) 
Seat 6: SorinS28 ($106.32 in chips) 
River0203: posts small blind $0.50
Twistenko: posts big blind $1
*** HOLE CARDS ***
ReVeu710: folds 
SorinS28: folds 
Pippa83: folds 
raketkasix: folds 
River0203: calls $0.50
Twistenko: raises $2.75 to $3.75
River0203: calls $2.75
*** FLOP *** [2s 3s 3h]
River0203: checks 
Twistenko: bets $7.12
River0203: folds 
Uncalled bet ($7.12) returned to Twistenko
Twistenko collected $7.12 from pot
Twistenko: doesn't show hand 
*** SUMMARY ***
Total pot $7.50 | Rake $0.38 
Board [2s 3s 3h]
Seat 1: Pippa83 folded before Flop (didn't bet)
Seat 2: raketkasix (button) folded before Flop (didn't bet)
Seat 3: River0203 (small blind) folded on the Flop
Seat 4: Twistenko (big blind) collected ($7.12)
Seat 5: ReVeu710 folded before Flop (didn't bet)
Seat 6: SorinS28 folded before Flop (didn't bet)



PokerStars Hand #254707955760:  Hold'em No Limit ($0.50/$1.00 USD) - 2025/02/04 20:27:27 WET [2025/02/04 15:27:27 ET]
Table 'Catriona II' 6-max Seat #3 is the button
Seat 1: Pippa83 ($202.05 in chips) 
Seat 2: raketkasix ($100 in chips) 
Seat 3: River0203 ($28.26 in chips) 
Seat 4: Twistenko ($162.07 in chips) 
Seat 5: ReVeu710 ($100 in chips) 
Seat 6: SorinS28 ($106.32 in chips) 
Twistenko: posts small blind $0.50
ReVeu710: posts big blind $1
*** HOLE CARDS ***
SorinS28: folds 
Pippa83: folds 
raketkasix: folds 
River0203: raises $2 to $3
Twistenko: folds 
ReVeu710: folds 
Uncalled bet ($2) returned to River0203
River0203 collected $2.50 from pot
*** SUMMARY ***
Total pot $2.50 | Rake $0 
Seat 1: Pippa83 folded before Flop (didn't bet)
Seat 2: raketkasix folded before Flop (didn't bet)
Seat 3: River0203 (button) collected ($2.50)
Seat 4: Twistenko (small blind) folded before Flop
Seat 5: ReVeu710 (big blind) folded before Flop
Seat 6: SorinS28 folded before Flop (didn't bet)



PokerStars Hand #254707961673:  Hold'em No Limit ($0.50/$1.00 USD) - 2025/02/04 20:27:46 WET [2025/02/04 15:27:46 ET]
Table 'Catriona II' 6-max Seat #4 is the button
Seat 6: SorinS28 ($106.32 in chips) is sitting out
Seat 1: Pippa83 ($202.05 in chips) 
Seat 2: raketkasix ($100 in chips) 
Seat 3: River0203 ($29.76 in chips) 
Seat 4: Twistenko ($161.57 in chips) 
Seat 5: ReVeu710 ($100 in chips) 
ReVeu710: posts small blind $0.50
SorinS28: is sitting out 
Pippa83: posts big blind $1
*** HOLE CARDS ***
SorinS28 leaves the table
raketkasix: folds 
River0203: calls $1
Twistenko: folds 
ReVeu710: folds 
Pippa83: checks 
*** FLOP *** [Ks 8d 6d]
Pippa83: checks 
River0203: bets $2.38
Pippa83: folds 
Uncalled bet ($2.38) returned to River0203
River0203 collected $2.38 from pot
*** SUMMARY ***
Total pot $2.50 | Rake $0.12 
Board [Ks 8d 6d]
Seat 6: SorinS28
Seat 1: Pippa83 (big blind) folded on the Flop
Seat 2: raketkasix folded before Flop (didn't bet)
Seat 3: River0203 collected ($2.38)
Seat 4: Twistenko (button) folded before Flop (didn't bet)
Seat 5: ReVeu710 (small blind) folded before Flop



PokerStars Hand #254707973165:  Hold'em No Limit ($0.50/$1.00 USD) - 2025/02/04 20:28:22 WET [2025/02/04 15:28:22 ET]
Table 'Catriona II' 6-max Seat #5 is the button
Seat 1: Pippa83 ($201.05 in chips) 
Seat 2: raketkasix ($100 in chips) 
Seat 3: River0203 ($31.14 in chips) 
Seat 4: Twistenko ($161.57 in chips) 
Seat 5: ReVeu710 ($100 in chips) 
Pippa83: posts small blind $0.50
raketkasix: posts big blind $1
*** HOLE CARDS ***
River0203: calls $1
Twistenko: folds 
ReVeu710: folds 
Pippa83: calls $0.50
raketkasix: checks 
*** FLOP *** [Ks 4c Jd]
Pippa83: checks 
henri789 joins the table at seat #6 
raketkasix: checks 
River0203: bets $2.85
Pippa83: folds 
raketkasix: folds 
Uncalled bet ($2.85) returned to River0203
River0203 collected $2.85 from pot
*** SUMMARY ***
Total pot $3 | Rake $0.15 
Board [Ks 4c Jd]
Seat 1: Pippa83 (small blind) folded on the Flop
Seat 2: raketkasix (big blind) folded on the Flop
Seat 3: River0203 collected ($2.85)
Seat 4: Twistenko folded before Flop (didn't bet)
Seat 5: ReVeu710 (button) folded before Flop (didn't bet)



PokerStars Hand #254707990390:  Hold'em No Limit ($0.50/$1.00 USD) - 2025/02/04 20:29:16 WET [2025/02/04 15:29:16 ET]
Table 'Catriona II' 6-max Seat #1 is the button
Seat 6: henri789 ($100 in chips) is sitting out
Seat 1: Pippa83 ($200.05 in chips) 
Seat 2: raketkasix ($100 in chips) 
Seat 3: River0203 ($32.99 in chips) 
Seat 4: Twistenko ($161.57 in chips) 
Seat 5: ReVeu710 ($100 in chips) 
raketkasix: posts small blind $0.50
River0203: posts big blind $1
henri789: sits out 
*** HOLE CARDS ***
Twistenko: folds 
ReVeu710: folds 
Pippa83: folds 
raketkasix: folds 
Uncalled bet ($0.50) returned to River0203
River0203 collected $1 from pot
*** SUMMARY ***
Total pot $1 | Rake $0 
Seat 6: henri789
Seat 1: Pippa83 (button) folded before Flop (didn't bet)
Seat 2: raketkasix (small blind) folded before Flop
Seat 3: River0203 (big blind) collected ($1)
Seat 4: Twistenko folded before Flop (didn't bet)
Seat 5: ReVeu710 folded before Flop (didn't bet)



PokerStars Hand #254707994867:  Hold'em No Limit ($0.50/$1.00 USD) - 2025/02/04 20:29:30 WET [2025/02/04 15:29:30 ET]
Table 'Catriona II' 6-max Seat #2 is the button
Seat 6: henri789 ($100 in chips) is sitting out
Seat 1: Pippa83 ($200.05 in chips) 
Seat 2: raketkasix ($100 in chips) 
Seat 3: River0203 ($33.49 in chips) 
Seat 4: Twistenko ($161.57 in chips) 
Seat 5: ReVeu710 ($100 in chips) 
River0203: posts small blind $0.50
Twistenko: posts big blind $1
henri789: sits out 
*** HOLE CARDS ***
ReVeu710: folds 
Pippa83: folds 
raketkasix: raises $1.50 to $2.50
River0203: calls $2
Twistenko: folds 
*** FLOP *** [7d Kc Ts]
River0203: checks 
raketkasix: bets $1.88
River0203: raises $9.46 to $11.34
raketkasix: folds 
Uncalled bet ($9.46) returned to River0203
River0203 collected $9.27 from pot
*** SUMMARY ***
Total pot $9.76 | Rake $0.49 
Board [7d Kc Ts]
Seat 6: henri789
Seat 1: Pippa83 folded before Flop (didn't bet)
Seat 2: raketkasix (button) folded on the Flop
Seat 3: River0203 (small blind) collected ($9.27)
Seat 4: Twistenko (big blind) folded before Flop
Seat 5: ReVeu710 folded before Flop (didn't bet)



PokerStars Hand #254708012815:  Hold'em No Limit ($0.50/$1.00 USD) - 2025/02/04 20:30:26 WET [2025/02/04 15:30:26 ET]
Table 'Catriona II' 6-max Seat #3 is the button
Seat 6: henri789 ($100 in chips) is sitting out
Seat 1: Pippa83 ($200.05 in chips) 
Seat 2: raketkasix ($100 in chips) 
Seat 3: River0203 ($38.38 in chips) 
Seat 4: Twistenko ($160.57 in chips) 
Seat 5: ReVeu710 ($100 in chips) 
Twistenko: posts small blind $0.50
ReVeu710: posts big blind $1
henri789: sits out 
*** HOLE CARDS ***
Pippa83: raises $1.20 to $2.20
raketkasix: folds 
River0203: folds 
Twistenko: folds 
ReVeu710: folds 
Uncalled bet ($1.20) returned to Pippa83
Pippa83 collected $2.50 from pot
Pippa83: doesn't show hand 
*** SUMMARY ***
Total pot $2.50 | Rake $0 
Seat 6: henri789
Seat 1: Pippa83 collected ($2.50)
Seat 2: raketkasix folded before Flop (didn't bet)
Seat 3: River0203 (button) folded before Flop (didn't bet)
Seat 4: Twistenko (small blind) folded before Flop
Seat 5: ReVeu710 (big blind) folded before Flop



PokerStars Hand #254708017253:  Hold'em No Limit ($0.50/$1.00 USD) - 2025/02/04 20:30:39 WET [2025/02/04 15:30:39 ET]
Table 'Catriona II' 6-max Seat #4 is the button
Seat 1: Pippa83 ($201.55 in chips) 
Seat 2: raketkasix ($100 in chips) 
Seat 3: River0203 ($38.38 in chips) 
Seat 4: Twistenko ($160.07 in chips) 
Seat 5: ReVeu710 ($100 in chips) 
Seat 6: henri789 ($100 in chips) 
ReVeu710: posts small blind $0.50
henri789: posts big blind $1
*** HOLE CARDS ***
Pippa83: folds 
raketkasix: raises $1.50 to $2.50
River0203: folds 
Twistenko: folds 
ReVeu710: folds 
henri789: folds 
Uncalled bet ($1.50) returned to raketkasix
raketkasix collected $2.50 from pot
raketkasix: doesn't show hand 
*** SUMMARY ***
Total pot $2.50 | Rake $0 
Seat 1: Pippa83 folded before Flop (didn't bet)
Seat 2: raketkasix collected ($2.50)
Seat 3: River0203 folded before Flop (didn't bet)
Seat 4: Twistenko (button) folded before Flop (didn't bet)
Seat 5: ReVeu710 (small blind) folded before Flop
Seat 6: henri789 (big blind) folded before Flop



PokerStars Hand #254708024904:  Hold'em No Limit ($0.50/$1.00 USD) - 2025/02/04 20:31:04 WET [2025/02/04 15:31:04 ET]
Table 'Catriona II' 6-max Seat #5 is the button
Seat 1: Pippa83 ($201.55 in chips) 
Seat 2: raketkasix ($101.50 in chips) 
Seat 3: River0203 ($38.38 in chips) 
Seat 4: Twistenko ($160.07 in chips) 
Seat 5: ReVeu710 ($100 in chips) 
Seat 6: henri789 ($100 in chips) 
henri789: posts small blind $0.50
Pippa83: posts big blind $1
*** HOLE CARDS ***
raketkasix: folds 
River0203: raises $2 to $3
Twistenko: folds 
raketkasix leaves the table
ReVeu710: folds 
michasia joins the table at seat #2 
henri789: raises $9 to $12
Pippa83: folds 
River0203: folds 
Uncalled bet ($9) returned to henri789
henri789 collected $7 from pot
henri789: doesn't show hand 
*** SUMMARY ***
Total pot $7 | Rake $0 
Seat 1: Pippa83 (big blind) folded before Flop
Seat 2: raketkasix folded before Flop (didn't bet)
Seat 3: River0203 folded before Flop
Seat 4: Twistenko folded before Flop (didn't bet)
Seat 5: ReVeu710 (button) folded before Flop (didn't bet)
Seat 6: henri789 (small blind) collected ($7)



PokerStars Hand #254708041173:  Hold'em No Limit ($0.50/$1.00 USD) - 2025/02/04 20:31:54 WET [2025/02/04 15:31:54 ET]
Table 'Catriona II' 6-max Seat #6 is the button
Seat 1: Pippa83 ($200.55 in chips) 
Seat 2: michasia ($100 in chips) 
Seat 3: River0203 ($35.38 in chips) 
Seat 4: Twistenko ($160.07 in chips) 
Seat 5: ReVeu710 ($100 in chips) 
Seat 6: henri789 ($104 in chips) 
Pippa83: posts small blind $0.50
michasia: posts big blind $1
*** HOLE CARDS ***
River0203: calls $1
Twistenko: raises $3 to $4
ReVeu710: folds 
henri789: folds 
Pippa83: folds 
michasia: folds 
River0203: raises $31.38 to $35.38 and is all-in
Twistenko: folds 
Uncalled bet ($31.38) returned to River0203
River0203 collected $9.50 from pot
*** SUMMARY ***
Total pot $9.50 | Rake $0 
Seat 1: Pippa83 (small blind) folded before Flop
Seat 2: michasia (big blind) folded before Flop
Seat 3: River0203 collected ($9.50)
Seat 4: Twistenko folded before Flop
Seat 5: ReVeu710 folded before Flop (didn't bet)
Seat 6: henri789 (button) folded before Flop (didn't bet)



PokerStars Hand #254708047582:  Hold'em No Limit ($0.50/$1.00 USD) - 2025/02/04 20:32:14 WET [2025/02/04 15:32:14 ET]
Table 'Catriona II' 6-max Seat #1 is the button
Seat 1: Pippa83 ($200.05 in chips) 
Seat 2: michasia ($100 in chips) 
Seat 3: River0203 ($40.88 in chips) 
Seat 4: Twistenko ($156.07 in chips) 
Seat 5: ReVeu710 ($100 in chips) 
Seat 6: henri789 ($104 in chips) 
michasia: posts small blind $0.50
River0203: posts big blind $1
*** HOLE CARDS ***
Twistenko: folds 
ReVeu710: folds 
henri789: raises $1.25 to $2.25
Pippa83: folds 
michasia: folds 
River0203: folds 
Uncalled bet ($1.25) returned to henri789
henri789 collected $2.50 from pot
henri789: doesn't show hand 
*** SUMMARY ***
Total pot $2.50 | Rake $0 
Seat 1: Pippa83 (button) folded before Flop (didn't bet)
Seat 2: michasia (small blind) folded before Flop
Seat 3: River0203 (big blind) folded before Flop
Seat 4: Twistenko folded before Flop (didn't bet)
Seat 5: ReVeu710 folded before Flop (didn't bet)
Seat 6: henri789 collected ($2.50)



PokerStars Hand #254708052706:  Hold'em No Limit ($0.50/$1.00 USD) - 2025/02/04 20:32:30 WET [2025/02/04 15:32:30 ET]
Table 'Catriona II' 6-max Seat #2 is the button
Seat 1: Pippa83 ($200.05 in chips) 
Seat 2: michasia ($100 in chips) 
Seat 3: River0203 ($39.88 in chips) 
Seat 4: Twistenko ($156.07 in chips) 
Seat 5: ReVeu710 ($100 in chips) 
Seat 6: henri789 ($105.50 in chips) 
River0203: posts small blind $0.50
Twistenko: posts big blind $1
*** HOLE CARDS ***
ReVeu710: folds 
henri789: folds 
Pippa83: folds 
michasia: raises $1.80 to $2.80
River0203: folds 
Twistenko: folds 
Uncalled bet ($1.80) returned to michasia
michasia collected $2.50 from pot
michasia: doesn't show hand 
*** SUMMARY ***
Total pot $2.50 | Rake $0 
Seat 1: Pippa83 folded before Flop (didn't bet)
Seat 2: michasia (button) collected ($2.50)
Seat 3: River0203 (small blind) folded before Flop
Seat 4: Twistenko (big blind) folded before Flop
Seat 5: ReVeu710 folded before Flop (didn't bet)
Seat 6: henri789 folded before Flop (didn't bet)



PokerStars Hand #254708057737:  Hold'em No Limit ($0.50/$1.00 USD) - 2025/02/04 20:32:46 WET [2025/02/04 15:32:46 ET]
Table 'Catriona II' 6-max Seat #3 is the button
Seat 1: Pippa83 ($200.05 in chips) 
Seat 2: michasia ($101.50 in chips) 
Seat 3: River0203 ($39.38 in chips) 
Seat 4: Twistenko ($155.07 in chips) 
Seat 5: ReVeu710 ($100 in chips) 
Seat 6: henri789 ($105.50 in chips) 
Twistenko: posts small blind $0.50
ReVeu710: posts big blind $1
*** HOLE CARDS ***
henri789: raises $1.25 to $2.25
Pippa83: folds 
michasia: folds 
River0203: folds 
Twistenko: folds 
ReVeu710: folds 
Uncalled bet ($1.25) returned to henri789
henri789 collected $2.50 from pot
henri789: doesn't show hand 
*** SUMMARY ***
Total pot $2.50 | Rake $0 
Seat 1: Pippa83 folded before Flop (didn't bet)
Seat 2: michasia folded before Flop (didn't bet)
Seat 3: River0203 (button) folded before Flop (didn't bet)
Seat 4: Twistenko (small blind) folded before Flop
Seat 5: ReVeu710 (big blind) folded before Flop
Seat 6: henri789 collected ($2.50)



PokerStars Hand #254708062194:  Hold'em No Limit ($0.50/$1.00 USD) - 2025/02/04 20:33:00 WET [2025/02/04 15:33:00 ET]
Table 'Catriona II' 6-max Seat #4 is the button
Seat 1: Pippa83 ($200.05 in chips) 
Seat 2: michasia ($101.50 in chips) 
Seat 3: River0203 ($39.38 in chips) 
Seat 4: Twistenko ($154.57 in chips) 
Seat 5: ReVeu710 ($100 in chips) 
Seat 6: henri789 ($107 in chips) 
ReVeu710: posts small blind $0.50
henri789: posts big blind $1
*** HOLE CARDS ***
Pippa83: folds 
michasia: raises $1.60 to $2.60
River0203: calls $2.60
Twistenko: folds 
ReVeu710: folds 
henri789: folds 
*** FLOP *** [6h 8d 3s]
michasia: bets $4.24
River0203: folds 
Uncalled bet ($4.24) returned to michasia
michasia collected $6.36 from pot
michasia: doesn't show hand 
*** SUMMARY ***
Total pot $6.70 | Rake $0.34 
Board [6h 8d 3s]
Seat 1: Pippa83 folded before Flop (didn't bet)
Seat 2: michasia collected ($6.36)
Seat 3: River0203 folded on the Flop
Seat 4: Twistenko (button) folded before Flop (didn't bet)
Seat 5: ReVeu710 (small blind) folded before Flop
Seat 6: henri789 (big blind) folded before Flop



PokerStars Hand #254708072249:  Hold'em No Limit ($0.50/$1.00 USD) - 2025/02/04 20:33:31 WET [2025/02/04 15:33:31 ET]
Table 'Catriona II' 6-max Seat #5 is the button
Seat 1: Pippa83 ($200.05 in chips) 
Seat 2: michasia ($105.26 in chips) 
Seat 3: River0203 ($36.78 in chips) 
Seat 4: Twistenko ($154.57 in chips) 
Seat 5: ReVeu710 ($100 in chips) 
Seat 6: henri789 ($106 in chips) 
henri789: posts small blind $0.50
Pippa83: posts big blind $1
*** HOLE CARDS ***
michasia: folds 
River0203: calls $1
Twistenko: folds 
ReVeu710: folds 
henri789: folds 
Pippa83: raises $3.50 to $4.50
River0203: raises $32.28 to $36.78 and is all-in
Pippa83: calls $32.28
*** FLOP *** [5s Tc 9d]
*** TURN *** [5s Tc 9d] [3c]
*** RIVER *** [5s Tc 9d 3c] [8s]
*** SHOW DOWN ***
Pippa83: shows [Ks Qs] (high card King)
River0203: shows [Qh Kh] (high card King)
Pippa83 collected $35.78 from pot
River0203 collected $35.78 from pot
*** SUMMARY ***
Total pot $74.06 | Rake $2.50 
Board [5s Tc 9d 3c 8s]
Seat 1: Pippa83 (big blind) showed [Ks Qs] and won ($35.78) with high card King
Seat 2: michasia folded before Flop (didn't bet)
Seat 3: River0203 showed [Qh Kh] and won ($35.78) with high card King
Seat 4: Twistenko folded before Flop (didn't bet)
Seat 5: ReVeu710 (button) folded before Flop (didn't bet)
Seat 6: henri789 (small blind) folded before Flop



PokerStars Hand #254708082369:  Hold'em No Limit ($0.50/$1.00 USD) - 2025/02/04 20:34:03 WET [2025/02/04 15:34:03 ET]
Table 'Catriona II' 6-max Seat #6 is the button
Seat 1: Pippa83 ($199.05 in chips) 
Seat 2: michasia ($105.26 in chips) 
Seat 3: River0203 ($35.78 in chips) 
Seat 4: Twistenko ($154.57 in chips) 
Seat 5: ReVeu710 ($100 in chips) 
Seat 6: henri789 ($105.50 in chips) 
Pippa83: posts small blind $0.50
michasia: posts big blind $1
*** HOLE CARDS ***
River0203: calls $1
Twistenko: raises $3 to $4
ReVeu710: folds 
henri789: folds 
Pippa83: folds 
michasia: folds 
River0203: calls $3
*** FLOP *** [7c 4c Kc]
River0203: checks 
Twistenko: checks 
*** TURN *** [7c 4c Kc] [6s]
River0203: bets $31.78 and is all-in
Twistenko: folds 
Uncalled bet ($31.78) returned to River0203
River0203 collected $9.02 from pot
*** SUMMARY ***
Total pot $9.50 | Rake $0.48 
Board [7c 4c Kc 6s]
Seat 1: Pippa83 (small blind) folded before Flop
Seat 2: michasia (big blind) folded before Flop
Seat 3: River0203 collected ($9.02)
Seat 4: Twistenko folded on the Turn
Seat 5: ReVeu710 folded before Flop (didn't bet)
Seat 6: henri789 (button) folded before Flop (didn't bet)



PokerStars Hand #254708095979:  Hold'em No Limit ($0.50/$1.00 USD) - 2025/02/04 20:34:46 WET [2025/02/04 15:34:46 ET]
Table 'Catriona II' 6-max Seat #1 is the button
Seat 1: Pippa83 ($198.55 in chips) 
Seat 2: michasia ($104.26 in chips) 
Seat 3: River0203 ($40.80 in chips) 
Seat 4: Twistenko ($150.57 in chips) 
Seat 5: ReVeu710 ($100 in chips) 
Seat 6: henri789 ($105.50 in chips) 
michasia: posts small blind $0.50
River0203: posts big blind $1
*** HOLE CARDS ***
Twistenko: raises $1.30 to $2.30
ReVeu710: folds 
henri789: folds 
Pippa83: folds 
michasia: folds 
River0203: calls $1.30
*** FLOP *** [Th 3c 9c]
River0203: checks 
Twistenko: bets $4.84
River0203: folds 
Uncalled bet ($4.84) returned to Twistenko
Twistenko collected $4.84 from pot
Twistenko: doesn't show hand 
*** SUMMARY ***
Total pot $5.10 | Rake $0.26 
Board [Th 3c 9c]
Seat 1: Pippa83 (button) folded before Flop (didn't bet)
Seat 2: michasia (small blind) folded before Flop
Seat 3: River0203 (big blind) folded on the Flop
Seat 4: Twistenko collected ($4.84)
Seat 5: ReVeu710 folded before Flop (didn't bet)
Seat 6: henri789 folded before Flop (didn't bet)



PokerStars Hand #254708106252:  Hold'em No Limit ($0.50/$1.00 USD) - 2025/02/04 20:35:18 WET [2025/02/04 15:35:18 ET]
Table 'Catriona II' 6-max Seat #2 is the button
Seat 1: Pippa83 ($198.55 in chips) 
Seat 2: michasia ($103.76 in chips) 
Seat 3: River0203 ($38.50 in chips) 
Seat 4: Twistenko ($153.11 in chips) 
Seat 5: ReVeu710 ($100 in chips) 
Seat 6: henri789 ($105.50 in chips) 
River0203: posts small blind $0.50
Twistenko: posts big blind $1
*** HOLE CARDS ***
ReVeu710: raises $1 to $2
henri789: folds 
Pippa83: folds 
michasia: folds 
River0203: calls $1.50
Twistenko: folds 
*** FLOP *** [2c Jh 6s]
River0203: checks 
ReVeu710: bets $2.90
River0203: raises $10.55 to $13.45
ReVeu710: raises $84.55 to $98 and is all-in
River0203: calls $23.05 and is all-in
Uncalled bet ($61.50) returned to ReVeu710
*** TURN *** [2c Jh 6s] [8s]
*** RIVER *** [2c Jh 6s 8s] [8c]
*** SHOW DOWN ***
River0203: shows [As Ad] (two pair, Aces and Eights)
ReVeu710: shows [Jc Tc] (two pair, Jacks and Eights)
River0203 collected $75.50 from pot
*** SUMMARY ***
Total pot $78 | Rake $2.50 
Board [2c Jh 6s 8s 8c]
Seat 1: Pippa83 folded before Flop (didn't bet)
Seat 2: michasia (button) folded before Flop (didn't bet)
Seat 3: River0203 (small blind) showed [As Ad] and won ($75.50) with two pair, Aces and Eights
Seat 4: Twistenko (big blind) folded before Flop
Seat 5: ReVeu710 showed [Jc Tc] and lost with two pair, Jacks and Eights
Seat 6: henri789 folded before Flop (didn't bet)



PokerStars Hand #254708121329:  Hold'em No Limit ($0.50/$1.00 USD) - 2025/02/04 20:36:05 WET [2025/02/04 15:36:05 ET]
Table 'Catriona II' 6-max Seat #3 is the button
Seat 1: Pippa83 ($198.55 in chips) 
Seat 2: michasia ($103.76 in chips) 
Seat 3: River0203 ($75.50 in chips) 
Seat 4: Twistenko ($152.11 in chips) 
Seat 5: ReVeu710 ($100 in chips) 
Seat 6: henri789 ($105.50 in chips) 
Twistenko: posts small blind $0.50
ReVeu710: posts big blind $1
*** HOLE CARDS ***
henri789: folds 
Pippa83: folds 
michasia: folds 
River0203: calls $1
Twistenko: folds 
ReVeu710: raises $4 to $5
River0203: folds 
Uncalled bet ($4) returned to ReVeu710
ReVeu710 collected $2.50 from pot
ReVeu710: doesn't show hand 
*** SUMMARY ***
Total pot $2.50 | Rake $0 
Seat 1: Pippa83 folded before Flop (didn't bet)
Seat 2: michasia folded before Flop (didn't bet)
Seat 3: River0203 (button) folded before Flop
Seat 4: Twistenko (small blind) folded before Flop
Seat 5: ReVeu710 (big blind) collected ($2.50)
Seat 6: henri789 folded before Flop (didn't bet)



PokerStars Hand #254708128434:  Hold'em No Limit ($0.50/$1.00 USD) - 2025/02/04 20:36:27 WET [2025/02/04 15:36:27 ET]
Table 'Catriona II' 6-max Seat #4 is the button
Seat 1: Pippa83 ($198.55 in chips) 
Seat 2: michasia ($103.76 in chips) 
Seat 3: River0203 ($74.50 in chips) 
Seat 4: Twistenko ($151.61 in chips) 
Seat 5: ReVeu710 ($101.50 in chips) 
Seat 6: henri789 ($105.50 in chips) 
ReVeu710: posts small blind $0.50
henri789: posts big blind $1
*** HOLE CARDS ***
Pippa83: folds 
michasia: folds 
River0203: folds 
Twistenko: raises $1.50 to $2.50
ReVeu710: folds 
henri789: folds 
Uncalled bet ($1.50) returned to Twistenko
Twistenko collected $2.50 from pot
Twistenko: doesn't show hand 
*** SUMMARY ***
Total pot $2.50 | Rake $0 
Seat 1: Pippa83 folded before Flop (didn't bet)
Seat 2: michasia folded before Flop (didn't bet)
Seat 3: River0203 folded before Flop (didn't bet)
Seat 4: Twistenko (button) collected ($2.50)
Seat 5: ReVeu710 (small blind) folded before Flop
Seat 6: henri789 (big blind) folded before Flop



PokerStars Hand #254708136318:  Hold'em No Limit ($0.50/$1.00 USD) - 2025/02/04 20:36:52 WET [2025/02/04 15:36:52 ET]
Table 'Catriona II' 6-max Seat #5 is the button
Seat 1: Pippa83 ($198.55 in chips) 
Seat 2: michasia ($103.76 in chips) 
Seat 3: River0203 ($74.50 in chips) 
Seat 4: Twistenko ($153.11 in chips) 
Seat 5: ReVeu710 ($101 in chips) 
Seat 6: henri789 ($104.50 in chips) 
henri789: posts small blind $0.50
Pippa83: posts big blind $1
*** HOLE CARDS ***
michasia: folds 
River0203: folds 
Twistenko: folds 
ReVeu710: folds 
henri789: folds 
Uncalled bet ($0.50) returned to Pippa83
Pippa83 collected $1 from pot
Pippa83: doesn't show hand 
*** SUMMARY ***
Total pot $1 | Rake $0 
Seat 1: Pippa83 (big blind) collected ($1)
Seat 2: michasia folded before Flop (didn't bet)
Seat 3: River0203 folded before Flop (didn't bet)
Seat 4: Twistenko folded before Flop (didn't bet)
Seat 5: ReVeu710 (button) folded before Flop (didn't bet)
Seat 6: henri789 (small blind) folded before Flop



PokerStars Hand #254708140155:  Hold'em No Limit ($0.50/$1.00 USD) - 2025/02/04 20:37:04 WET [2025/02/04 15:37:04 ET]
Table 'Catriona II' 6-max Seat #6 is the button
Seat 1: Pippa83 ($199.05 in chips) 
Seat 2: michasia ($103.76 in chips) 
Seat 3: River0203 ($74.50 in chips) 
Seat 4: Twistenko ($153.11 in chips) 
Seat 5: ReVeu710 ($101 in chips) 
Seat 6: henri789 ($104 in chips) 
Pippa83: posts small blind $0.50
michasia: posts big blind $1
*** HOLE CARDS ***
River0203: raises $2.50 to $3.50
Twistenko: folds 
ReVeu710: folds 
henri789: raises $6.50 to $10
Pippa83: folds 
michasia: folds 
River0203: folds 
Uncalled bet ($6.50) returned to henri789
henri789 collected $8.50 from pot
henri789: doesn't show hand 
*** SUMMARY ***
Total pot $8.50 | Rake $0 
Seat 1: Pippa83 (small blind) folded before Flop
Seat 2: michasia (big blind) folded before Flop
Seat 3: River0203 folded before Flop
Seat 4: Twistenko folded before Flop (didn't bet)
Seat 5: ReVeu710 folded before Flop (didn't bet)
Seat 6: henri789 (button) collected ($8.50)



PokerStars Hand #254708148520:  Hold'em No Limit ($0.50/$1.00 USD) - 2025/02/04 20:37:31 WET [2025/02/04 15:37:31 ET]
Table 'Catriona II' 6-max Seat #1 is the button
Seat 1: Pippa83 ($198.55 in chips) 
Seat 2: michasia ($102.76 in chips) 
Seat 3: River0203 ($71 in chips) 
Seat 4: Twistenko ($153.11 in chips) 
Seat 5: ReVeu710 ($101 in chips) 
Seat 6: henri789 ($109 in chips) 
michasia: posts small blind $0.50
River0203: posts big blind $1
*** HOLE CARDS ***
Twistenko: folds 
ReVeu710: raises $1 to $2
henri789: folds 
Pippa83: folds 
michasia: folds 
River0203: calls $1
*** FLOP *** [4d Qd 6s]
River0203: checks 
ReVeu710: bets $2.61
River0203: folds 
Uncalled bet ($2.61) returned to ReVeu710
ReVeu710 collected $4.28 from pot
ReVeu710: doesn't show hand 
*** SUMMARY ***
Total pot $4.50 | Rake $0.22 
Board [4d Qd 6s]
Seat 1: Pippa83 (button) folded before Flop (didn't bet)
Seat 2: michasia (small blind) folded before Flop
Seat 3: River0203 (big blind) folded on the Flop
Seat 4: Twistenko folded before Flop (didn't bet)
Seat 5: ReVeu710 collected ($4.28)
Seat 6: henri789 folded before Flop (didn't bet)



PokerStars Hand #254708159078:  Hold'em No Limit ($0.50/$1.00 USD) - 2025/02/04 20:38:04 WET [2025/02/04 15:38:04 ET]
Table 'Catriona II' 6-max Seat #2 is the button
Seat 1: Pippa83 ($198.55 in chips) 
Seat 2: michasia ($102.26 in chips) 
Seat 3: River0203 ($69 in chips) 
Seat 4: Twistenko ($153.11 in chips) 
Seat 5: ReVeu710 ($103.28 in chips) 
Seat 6: henri789 ($109 in chips) 
River0203: posts small blind $0.50
Twistenko: posts big blind $1
*** HOLE CARDS ***
ReVeu710: raises $1 to $2
henri789: folds 
Pippa83: folds 
michasia: folds 
River0203: folds 
Twistenko: folds 
Uncalled bet ($1) returned to ReVeu710
ReVeu710 collected $2.50 from pot
ReVeu710: doesn't show hand 
*** SUMMARY ***
Total pot $2.50 | Rake $0 
Seat 1: Pippa83 folded before Flop (didn't bet)
Seat 2: michasia (button) folded before Flop (didn't bet)
Seat 3: River0203 (small blind) folded before Flop
Seat 4: Twistenko (big blind) folded before Flop
Seat 5: ReVeu710 collected ($2.50)
Seat 6: henri789 folded before Flop (didn't bet)



PokerStars Hand #254708170213:  Hold'em No Limit ($0.50/$1.00 USD) - 2025/02/04 20:38:39 WET [2025/02/04 15:38:39 ET]
Table 'Catriona II' 6-max Seat #3 is the button
Seat 1: Pippa83 ($198.55 in chips) 
Seat 2: michasia ($102.26 in chips) 
Seat 3: River0203 ($68.50 in chips) 
Seat 4: Twistenko ($152.11 in chips) 
Seat 5: ReVeu710 ($104.78 in chips) 
Seat 6: henri789 ($109 in chips) 
Twistenko: posts small blind $0.50
ReVeu710: posts big blind $1
*** HOLE CARDS ***
henri789: folds 
Pippa83: raises $1.20 to $2.20
michasia: folds 
River0203: calls $2.20
Twistenko: folds 
ReVeu710: folds 
*** FLOP *** [3s Ac 7h]
Pippa83: checks 
River0203: checks 
*** TURN *** [3s Ac 7h] [Ks]
Pippa83: checks 
River0203: checks 
*** RIVER *** [3s Ac 7h Ks] [6s]
Pippa83: checks 
River0203: bets $5.60
Pippa83: folds 
Uncalled bet ($5.60) returned to River0203
River0203 collected $5.60 from pot
*** SUMMARY ***
Total pot $5.90 | Rake $0.30 
Board [3s Ac 7h Ks 6s]
Seat 1: Pippa83 folded on the River
Seat 2: michasia folded before Flop (didn't bet)
Seat 3: River0203 (button) collected ($5.60)
Seat 4: Twistenko (small blind) folded before Flop
Seat 5: ReVeu710 (big blind) folded before Flop
Seat 6: henri789 folded before Flop (didn't bet)



PokerStars Hand #254708184764:  Hold'em No Limit ($0.50/$1.00 USD) - 2025/02/04 20:39:25 WET [2025/02/04 15:39:25 ET]
Table 'Catriona II' 6-max Seat #4 is the button
Seat 1: Pippa83 ($196.35 in chips) 
Seat 2: michasia ($102.26 in chips) 
Seat 3: River0203 ($71.90 in chips) 
Seat 4: Twistenko ($151.61 in chips) 
Seat 5: ReVeu710 ($103.78 in chips) 
Seat 6: henri789 ($109 in chips) 
ReVeu710: posts small blind $0.50
henri789: posts big blind $1
*** HOLE CARDS ***
Pippa83: raises $1.20 to $2.20
michasia: folds 
River0203: folds 
Twistenko: folds 
ReVeu710: folds 
henri789: folds 
Uncalled bet ($1.20) returned to Pippa83
Pippa83 collected $2.50 from pot
Pippa83: doesn't show hand 
*** SUMMARY ***
Total pot $2.50 | Rake $0 
Seat 1: Pippa83 collected ($2.50)
Seat 2: michasia folded before Flop (didn't bet)
Seat 3: River0203 folded before Flop (didn't bet)
Seat 4: Twistenko (button) folded before Flop (didn't bet)
Seat 5: ReVeu710 (small blind) folded before Flop
Seat 6: henri789 (big blind) folded before Flop



PokerStars Hand #254708190528:  Hold'em No Limit ($0.50/$1.00 USD) - 2025/02/04 20:39:43 WET [2025/02/04 15:39:43 ET]
Table 'Catriona II' 6-max Seat #5 is the button
Seat 1: Pippa83 ($197.85 in chips) 
Seat 2: michasia ($102.26 in chips) 
Seat 3: River0203 ($71.90 in chips) 
Seat 4: Twistenko ($151.61 in chips) 
Seat 5: ReVeu710 ($103.28 in chips) 
Seat 6: henri789 ($108 in chips) 
henri789: posts small blind $0.50
Pippa83: posts big blind $1
*** HOLE CARDS ***
michasia: folds 
River0203: folds 
Twistenko: folds 
ReVeu710: raises $1.50 to $2.50
henri789: folds 
Pippa83: folds 
Uncalled bet ($1.50) returned to ReVeu710
ReVeu710 collected $2.50 from pot
ReVeu710: doesn't show hand 
*** SUMMARY ***
Total pot $2.50 | Rake $0 
Seat 1: Pippa83 (big blind) folded before Flop
Seat 2: michasia folded before Flop (didn't bet)
Seat 3: River0203 folded before Flop (didn't bet)
Seat 4: Twistenko folded before Flop (didn't bet)
Seat 5: ReVeu710 (button) collected ($2.50)
Seat 6: henri789 (small blind) folded before Flop



PokerStars Hand #254708197154:  Hold'em No Limit ($0.50/$1.00 USD) - 2025/02/04 20:40:04 WET [2025/02/04 15:40:04 ET]
Table 'Catriona II' 6-max Seat #6 is the button
Seat 1: Pippa83 ($196.85 in chips) 
Seat 2: michasia ($102.26 in chips) 
Seat 3: River0203 ($71.90 in chips) 
Seat 4: Twistenko ($151.61 in chips) 
Seat 5: ReVeu710 ($104.78 in chips) 
Seat 6: henri789 ($107.50 in chips) 
Pippa83: posts small blind $0.50
michasia: posts big blind $1
*** HOLE CARDS ***
River0203: calls $1
Twistenko: raises $2.80 to $3.80
ReVeu710: folds 
henri789: folds 
Pippa83: folds 
michasia: raises $11.50 to $15.30
River0203: folds 
Twistenko: folds 
Uncalled bet ($11.50) returned to michasia
michasia collected $9.10 from pot
michasia: doesn't show hand 
*** SUMMARY ***
Total pot $9.10 | Rake $0 
Seat 1: Pippa83 (small blind) folded before Flop
Seat 2: michasia (big blind) collected ($9.10)
Seat 3: River0203 folded before Flop
Seat 4: Twistenko folded before Flop
Seat 5: ReVeu710 folded before Flop (didn't bet)
Seat 6: henri789 (button) folded before Flop (didn't bet)



PokerStars Hand #254708207856:  Hold'em No Limit ($0.50/$1.00 USD) - 2025/02/04 20:40:37 WET [2025/02/04 15:40:37 ET]
Table 'Catriona II' 6-max Seat #1 is the button
Seat 1: Pippa83 ($196.35 in chips) 
Seat 2: michasia ($107.56 in chips) 
Seat 3: River0203 ($70.90 in chips) 
Seat 4: Twistenko ($147.81 in chips) 
Seat 5: ReVeu710 ($104.78 in chips) 
Seat 6: henri789 ($107.50 in chips) 
michasia: posts small blind $0.50
River0203: posts big blind $1
*** HOLE CARDS ***
Twistenko: folds 
ReVeu710: folds 
henri789: folds 
Pippa83: raises $1.50 to $2.50
michasia: folds 
River0203: folds 
Uncalled bet ($1.50) returned to Pippa83
Pippa83 collected $2.50 from pot
Pippa83: doesn't show hand 
*** SUMMARY ***
Total pot $2.50 | Rake $0 
Seat 1: Pippa83 (button) collected ($2.50)
Seat 2: michasia (small blind) folded before Flop
Seat 3: River0203 (big blind) folded before Flop
Seat 4: Twistenko folded before Flop (didn't bet)
Seat 5: ReVeu710 folded before Flop (didn't bet)
Seat 6: henri789 folded before Flop (didn't bet)



PokerStars Hand #254708211751:  Hold'em No Limit ($0.50/$1.00 USD) - 2025/02/04 20:40:50 WET [2025/02/04 15:40:50 ET]
Table 'Catriona II' 6-max Seat #2 is the button
Seat 1: Pippa83 ($197.85 in chips) 
Seat 2: michasia ($107.06 in chips) 
Seat 3: River0203 ($69.90 in chips) 
Seat 4: Twistenko ($147.81 in chips) 
Seat 5: ReVeu710 ($104.78 in chips) 
Seat 6: henri789 ($107.50 in chips) 
River0203: posts small blind $0.50
Twistenko: posts big blind $1
*** HOLE CARDS ***
ReVeu710: raises $1 to $2
henri789: folds 
Pippa83: raises $5 to $7
michasia: folds 
River0203: folds 
Twistenko: folds 
ReVeu710: calls $5
*** FLOP *** [7c 9s 8h]
ReVeu710: checks 
Pippa83: checks 
*** TURN *** [7c 9s 8h] [6h]
ReVeu710: bets $4.86
Pippa83: calls $4.86
*** RIVER *** [7c 9s 8h 6h] [Jd]
ReVeu710: checks 
Pippa83: bets $35.94
henri789 leaves the table
ReVeu710 has timed out
ReVeu710: folds 
Uncalled bet ($35.94) returned to Pippa83
Pippa83 collected $23.96 from pot
Pippa83: doesn't show hand 
*** SUMMARY ***
Total pot $25.22 | Rake $1.26 
Board [7c 9s 8h 6h Jd]
Seat 1: Pippa83 collected ($23.96)
Seat 2: michasia (button) folded before Flop (didn't bet)
Seat 3: River0203 (small blind) folded before Flop
Seat 4: Twistenko (big blind) folded before Flop
Seat 5: ReVeu710 folded on the River
Seat 6: henri789 folded before Flop (didn't bet)



PokerStars Hand #254708251355:  Hold'em No Limit ($0.50/$1.00 USD) - 2025/02/04 20:42:55 WET [2025/02/04 15:42:55 ET]
Table 'Catriona II' 6-max Seat #3 is the button
Seat 1: Pippa83 ($209.95 in chips) 
Seat 2: michasia ($107.06 in chips) 
Seat 3: River0203 ($69.40 in chips) 
Seat 4: Twistenko ($146.81 in chips) 
Seat 5: ReVeu710 ($100 in chips) 
Twistenko: posts small blind $0.50
ReVeu710: posts big blind $1
*** HOLE CARDS ***
Pippa83: folds 
michasia: folds 
Unipoker11 joins the table at seat #6 
River0203: calls $1
Twistenko: folds 
ReVeu710: checks 
*** FLOP *** [Jc 6c Kd]
ReVeu710: checks 
River0203: bets $2.38
ReVeu710: folds 
Uncalled bet ($2.38) returned to River0203
River0203 collected $2.38 from pot
*** SUMMARY ***
Total pot $2.50 | Rake $0.12 
Board [Jc 6c Kd]
Seat 1: Pippa83 folded before Flop (didn't bet)
Seat 2: michasia folded before Flop (didn't bet)
Seat 3: River0203 (button) collected ($2.38)
Seat 4: Twistenko (small blind) folded before Flop
Seat 5: ReVeu710 (big blind) folded on the Flop



PokerStars Hand #254708266073:  Hold'em No Limit ($0.50/$1.00 USD) - 2025/02/04 20:43:42 WET [2025/02/04 15:43:42 ET]
Table 'Catriona II' 6-max Seat #4 is the button
Seat 1: Pippa83 ($209.95 in chips) 
Seat 2: michasia ($107.06 in chips) 
Seat 3: River0203 ($70.78 in chips) 
Seat 4: Twistenko ($146.31 in chips) 
Seat 5: ReVeu710 ($100 in chips) 
Seat 6: Unipoker11 ($100 in chips) 
ReVeu710: posts small blind $0.50
Unipoker11: posts big blind $1
*** HOLE CARDS ***
Pippa83: folds 
michasia: folds 
River0203: folds 
Twistenko: folds 
ReVeu710: folds 
Uncalled bet ($0.50) returned to Unipoker11
Unipoker11 collected $1 from pot
Unipoker11: doesn't show hand 
*** SUMMARY ***
Total pot $1 | Rake $0 
Seat 1: Pippa83 folded before Flop (didn't bet)
Seat 2: michasia folded before Flop (didn't bet)
Seat 3: River0203 folded before Flop (didn't bet)
Seat 4: Twistenko (button) folded before Flop (didn't bet)
Seat 5: ReVeu710 (small blind) folded before Flop
Seat 6: Unipoker11 (big blind) collected ($1)



PokerStars Hand #254708270811:  Hold'em No Limit ($0.50/$1.00 USD) - 2025/02/04 20:43:57 WET [2025/02/04 15:43:57 ET]
Table 'Catriona II' 6-max Seat #5 is the button
Seat 1: Pippa83 ($209.95 in chips) 
Seat 2: michasia ($107.06 in chips) 
Seat 3: River0203 ($70.78 in chips) 
Seat 4: Twistenko ($146.31 in chips) 
Seat 5: ReVeu710 ($100 in chips) 
Seat 6: Unipoker11 ($100.50 in chips) 
Unipoker11: posts small blind $0.50
Pippa83: posts big blind $1
*** HOLE CARDS ***
michasia: raises $1.60 to $2.60
River0203: calls $2.60
Twistenko: raises $7.40 to $10
ReVeu710: folds 
Unipoker11: folds 
Pippa83: folds 
michasia: calls $7.40
River0203: folds 
*** FLOP *** [3h 9s 3s]
michasia: checks 
Twistenko: bets $17.18
michasia: folds 
Uncalled bet ($17.18) returned to Twistenko
Twistenko collected $22.90 from pot
Twistenko: doesn't show hand 
*** SUMMARY ***
Total pot $24.10 | Rake $1.20 
Board [3h 9s 3s]
Seat 1: Pippa83 (big blind) folded before Flop
Seat 2: michasia folded on the Flop
Seat 3: River0203 folded before Flop
Seat 4: Twistenko collected ($22.90)
Seat 5: ReVeu710 (button) folded before Flop (didn't bet)
Seat 6: Unipoker11 (small blind) folded before Flop



PokerStars Hand #254708286843:  Hold'em No Limit ($0.50/$1.00 USD) - 2025/02/04 20:44:47 WET [2025/02/04 15:44:47 ET]
Table 'Catriona II' 6-max Seat #6 is the button
Seat 1: Pippa83 ($208.95 in chips) 
Seat 2: michasia ($100 in chips) 
Seat 3: River0203 ($68.18 in chips) 
Seat 4: Twistenko ($159.21 in chips) 
Seat 5: ReVeu710 ($100 in chips) 
Seat 6: Unipoker11 ($100 in chips) 
Pippa83: posts small blind $0.50
michasia: posts big blind $1
*** HOLE CARDS ***
River0203: folds 
Twistenko: folds 
ReVeu710: folds 
Unipoker11: folds 
Pippa83: raises $2 to $3
michasia: calls $2
*** FLOP *** [9s 5s Td]
Pippa83: checks 
michasia: bets $1.88
Pippa83: calls $1.88
*** TURN *** [9s 5s Td] [6c]
Pippa83: checks 
michasia: bets $13.90
Pippa83: calls $13.90
*** RIVER *** [9s 5s Td 6c] [Kd]
Pippa83: checks 
michasia: bets $81.22 and is all-in
Pippa83: folds 
Uncalled bet ($81.22) returned to michasia
michasia collected $35.68 from pot
michasia: doesn't show hand 
*** SUMMARY ***
Total pot $37.56 | Rake $1.88 
Board [9s 5s Td 6c Kd]
Seat 1: Pippa83 (small blind) folded on the River
Seat 2: michasia (big blind) collected ($35.68)
Seat 3: River0203 folded before Flop (didn't bet)
Seat 4: Twistenko folded before Flop (didn't bet)
Seat 5: ReVeu710 folded before Flop (didn't bet)
Seat 6: Unipoker11 (button) folded before Flop (didn't bet)



PokerStars Hand #254708324291:  Hold'em No Limit ($0.50/$1.00 USD) - 2025/02/04 20:46:45 WET [2025/02/04 15:46:45 ET]
Table 'Catriona II' 6-max Seat #1 is the button
Seat 1: Pippa83 ($190.17 in chips) 
Seat 2: michasia ($116.90 in chips) 
Seat 3: River0203 ($68.18 in chips) 
Seat 4: Twistenko ($159.21 in chips) 
Seat 5: ReVeu710 ($100 in chips) 
Seat 6: Unipoker11 ($100 in chips) 
michasia: posts small blind $0.50
River0203: posts big blind $1
*** HOLE CARDS ***
Twistenko: folds 
ReVeu710: folds 
Unipoker11: folds 
Pippa83: folds 
michasia: raises $2 to $3
River0203: calls $2
*** FLOP *** [5h Ad 8d]
michasia: bets $3.80
River0203: calls $3.80
*** TURN *** [5h Ad 8d] [4d]
michasia: checks 
River0203: bets $12.92
michasia: folds 
Uncalled bet ($12.92) returned to River0203
River0203 collected $12.92 from pot
*** SUMMARY ***
Total pot $13.60 | Rake $0.68 
Board [5h Ad 8d 4d]
Seat 1: Pippa83 (button) folded before Flop (didn't bet)
Seat 2: michasia (small blind) folded on the Turn
Seat 3: River0203 (big blind) collected ($12.92)
Seat 4: Twistenko folded before Flop (didn't bet)
Seat 5: ReVeu710 folded before Flop (didn't bet)
Seat 6: Unipoker11 folded before Flop (didn't bet)



PokerStars Hand #254708335838:  Hold'em No Limit ($0.50/$1.00 USD) - 2025/02/04 20:47:22 WET [2025/02/04 15:47:22 ET]
Table 'Catriona II' 6-max Seat #2 is the button
Seat 1: Pippa83 ($190.17 in chips) 
Seat 2: michasia ($110.10 in chips) 
Seat 3: River0203 ($74.30 in chips) 
Seat 4: Twistenko ($159.21 in chips) 
Seat 5: ReVeu710 ($100 in chips) 
Seat 6: Unipoker11 ($100 in chips) 
River0203: posts small blind $0.50
Twistenko: posts big blind $1
*** HOLE CARDS ***
ReVeu710: folds 
Unipoker11: raises $1 to $2
Pippa83: folds 
michasia: folds 
River0203: calls $1.50
Twistenko: calls $1
*** FLOP *** [Jd Kc Qh]
River0203: bets $5.70
Twistenko: folds 
Unipoker11: calls $5.70
*** TURN *** [Jd Kc Qh] [4s]
River0203: bets $16.53
Unipoker11: calls $16.53
*** RIVER *** [Jd Kc Qh 4s] [3d]
River0203: bets $50.07 and is all-in
Unipoker11: folds 
Uncalled bet ($50.07) returned to River0203
River0203 collected $47.96 from pot
*** SUMMARY ***
Total pot $50.46 | Rake $2.50 
Board [Jd Kc Qh 4s 3d]
Seat 1: Pippa83 folded before Flop (didn't bet)
Seat 2: michasia (button) folded before Flop (didn't bet)
Seat 3: River0203 (small blind) collected ($47.96)
Seat 4: Twistenko (big blind) folded on the Flop
Seat 5: ReVeu710 folded before Flop (didn't bet)
Seat 6: Unipoker11 folded on the River



PokerStars Hand #254708361968:  Hold'em No Limit ($0.50/$1.00 USD) - 2025/02/04 20:48:44 WET [2025/02/04 15:48:44 ET]
Table 'Catriona II' 6-max Seat #3 is the button
Seat 1: Pippa83 ($190.17 in chips) 
Seat 2: michasia ($110.10 in chips) 
Seat 3: River0203 ($98.03 in chips) 
Seat 4: Twistenko ($157.21 in chips) 
Seat 5: ReVeu710 ($100 in chips) 
Seat 6: Unipoker11 ($100 in chips) 
Twistenko: posts small blind $0.50
ReVeu710: posts big blind $1
*** HOLE CARDS ***
Unipoker11: folds 
Pippa83: folds 
michasia: folds 
River0203: folds 
Twistenko: raises $2 to $3
ReVeu710: folds 
Uncalled bet ($2) returned to Twistenko
Twistenko collected $2 from pot
Twistenko: doesn't show hand 
*** SUMMARY ***
Total pot $2 | Rake $0 
Seat 1: Pippa83 folded before Flop (didn't bet)
Seat 2: michasia folded before Flop (didn't bet)
Seat 3: River0203 (button) folded before Flop (didn't bet)
Seat 4: Twistenko (small blind) collected ($2)
Seat 5: ReVeu710 (big blind) folded before Flop
Seat 6: Unipoker11 folded before Flop (didn't bet)



PokerStars Hand #254708366856:  Hold'em No Limit ($0.50/$1.00 USD) - 2025/02/04 20:48:59 WET [2025/02/04 15:48:59 ET]
Table 'Catriona II' 6-max Seat #4 is the button
Seat 1: Pippa83 ($190.17 in chips) 
Seat 2: michasia ($110.10 in chips) 
Seat 3: River0203 ($98.03 in chips) 
Seat 4: Twistenko ($158.21 in chips) 
Seat 5: ReVeu710 ($100 in chips) 
Seat 6: Unipoker11 ($100 in chips) 
ReVeu710: posts small blind $0.50
Unipoker11: posts big blind $1
*** HOLE CARDS ***
Pippa83: folds 
michasia: folds 
River0203: calls $1
Twistenko: folds 
ReVeu710: folds 
Unipoker11: checks 
*** FLOP *** [7h Jc Tc]
Unipoker11: checks 
River0203: checks 
*** TURN *** [7h Jc Tc] [Js]
Unipoker11: checks 
River0203: bets $2.38
Unipoker11: folds 
Uncalled bet ($2.38) returned to River0203
River0203 collected $2.38 from pot
*** SUMMARY ***
Total pot $2.50 | Rake $0.12 
Board [7h Jc Tc Js]
Seat 1: Pippa83 folded before Flop (didn't bet)
Seat 2: michasia folded before Flop (didn't bet)
Seat 3: River0203 collected ($2.38)
Seat 4: Twistenko (button) folded before Flop (didn't bet)
Seat 5: ReVeu710 (small blind) folded before Flop
Seat 6: Unipoker11 (big blind) folded on the Turn



PokerStars Hand #254708376959:  Hold'em No Limit ($0.50/$1.00 USD) - 2025/02/04 20:49:31 WET [2025/02/04 15:49:31 ET]
Table 'Catriona II' 6-max Seat #5 is the button
Seat 1: Pippa83 ($190.17 in chips) 
Seat 2: michasia ($110.10 in chips) 
Seat 3: River0203 ($99.41 in chips) 
Seat 4: Twistenko ($158.21 in chips) 
Seat 5: ReVeu710 ($100 in chips) 
Seat 6: Unipoker11 ($100 in chips) 
Unipoker11: posts small blind $0.50
Pippa83: posts big blind $1
*** HOLE CARDS ***
michasia: raises $1.60 to $2.60
River0203: calls $2.60
Twistenko: folds 
ReVeu710: calls $2.60
Unipoker11: folds 
Pippa83: folds 
*** FLOP *** [As 8d Ks]
michasia: bets $5.89
River0203: folds 
ReVeu710: calls $5.89
*** TURN *** [As 8d Ks] [3s]
michasia: checks 
ReVeu710: checks 
*** RIVER *** [As 8d Ks 3s] [Ac]
michasia: bets $15.02
ReVeu710: calls $15.02
*** SHOW DOWN ***
michasia: shows [8h 8c] (a full house, Eights full of Aces)
ReVeu710: mucks hand 
michasia collected $48.62 from pot
*** SUMMARY ***
Total pot $51.12 | Rake $2.50 
Board [As 8d Ks 3s Ac]
Seat 1: Pippa83 (big blind) folded before Flop
Seat 2: michasia showed [8h 8c] and won ($48.62) with a full house, Eights full of Aces
Seat 3: River0203 folded on the Flop
Seat 4: Twistenko folded before Flop (didn't bet)
Seat 5: ReVeu710 (button) mucked
Seat 6: Unipoker11 (small blind) folded before Flop



PokerStars Hand #254708395420:  Hold'em No Limit ($0.50/$1.00 USD) - 2025/02/04 20:50:30 WET [2025/02/04 15:50:30 ET]
Table 'Catriona II' 6-max Seat #6 is the button
Seat 1: Pippa83 ($189.17 in chips) 
Seat 2: michasia ($135.21 in chips) 
Seat 3: River0203 ($96.81 in chips) 
Seat 4: Twistenko ($158.21 in chips) 
Seat 5: ReVeu710 ($100 in chips) 
Seat 6: Unipoker11 ($100 in chips) 
Pippa83: posts small blind $0.50
michasia: posts big blind $1
*** HOLE CARDS ***
River0203: calls $1
Twistenko: folds 
ReVeu710: folds 
Unipoker11: folds 
Pippa83: calls $0.50
michasia: raises $4 to $5
River0203: folds 
Pippa83: folds 
Uncalled bet ($4) returned to michasia
michasia collected $3 from pot
michasia: doesn't show hand 
*** SUMMARY ***
Total pot $3 | Rake $0 
Seat 1: Pippa83 (small blind) folded before Flop
Seat 2: michasia (big blind) collected ($3)
Seat 3: River0203 folded before Flop
Seat 4: Twistenko folded before Flop (didn't bet)
Seat 5: ReVeu710 folded before Flop (didn't bet)
Seat 6: Unipoker11 (button) folded before Flop (didn't bet)



PokerStars Hand #254708405139:  Hold'em No Limit ($0.50/$1.00 USD) - 2025/02/04 20:51:00 WET [2025/02/04 15:51:00 ET]
Table 'Catriona II' 6-max Seat #1 is the button
Seat 1: Pippa83 ($188.17 in chips) 
Seat 2: michasia ($137.21 in chips) 
Seat 3: River0203 ($95.81 in chips) 
Seat 4: Twistenko ($158.21 in chips) 
Seat 5: ReVeu710 ($100 in chips) 
Seat 6: Unipoker11 ($100 in chips) 
michasia: posts small blind $0.50
River0203: posts big blind $1
*** HOLE CARDS ***
Twistenko: raises $1.30 to $2.30
ReVeu710: folds 
Unipoker11: folds 
Pippa83: folds 
michasia: folds 
River0203: calls $1.30
*** FLOP *** [Qd 9c 4d]
River0203: checks 
Twistenko: bets $1.60
River0203: folds 
Uncalled bet ($1.60) returned to Twistenko
Twistenko collected $4.84 from pot
Twistenko: doesn't show hand 
*** SUMMARY ***
Total pot $5.10 | Rake $0.26 
Board [Qd 9c 4d]
Seat 1: Pippa83 (button) folded before Flop (didn't bet)
Seat 2: michasia (small blind) folded before Flop
Seat 3: River0203 (big blind) folded on the Flop
Seat 4: Twistenko collected ($4.84)
Seat 5: ReVeu710 folded before Flop (didn't bet)
Seat 6: Unipoker11 folded before Flop (didn't bet)



PokerStars Hand #254708419260:  Hold'em No Limit ($0.50/$1.00 USD) - 2025/02/04 20:51:44 WET [2025/02/04 15:51:44 ET]
Table 'Catriona II' 6-max Seat #2 is the button
Seat 1: Pippa83 ($188.17 in chips) 
Seat 2: michasia ($136.71 in chips) 
Seat 3: River0203 ($93.51 in chips) 
Seat 4: Twistenko ($160.75 in chips) 
Seat 5: ReVeu710 ($100 in chips) 
Seat 6: Unipoker11 ($100 in chips) 
River0203: posts small blind $0.50
Twistenko: posts big blind $1
*** HOLE CARDS ***
ReVeu710: folds 
Unipoker11: folds 
Pippa83: folds 
michasia: folds 
River0203: calls $0.50
Twistenko: raises $2.75 to $3.75
River0203: calls $2.75
*** FLOP *** [8d Ks 6s]
River0203: checks 
Twistenko: bets $2.35
River0203: calls $2.35
*** TURN *** [8d Ks 6s] [5d]
River0203: checks 
Twistenko: checks 
*** RIVER *** [8d Ks 6s 5d] [Td]
River0203: bets $5.80
Twistenko: calls $5.80
*** SHOW DOWN ***
River0203: shows [Ad Ts] (a pair of Tens)
Twistenko: mucks hand 
River0203 collected $22.61 from pot
*** SUMMARY ***
Total pot $23.80 | Rake $1.19 
Board [8d Ks 6s 5d Td]
Seat 1: Pippa83 folded before Flop (didn't bet)
Seat 2: michasia (button) folded before Flop (didn't bet)
Seat 3: River0203 (small blind) showed [Ad Ts] and won ($22.61) with a pair of Tens
Seat 4: Twistenko (big blind) mucked
Seat 5: ReVeu710 folded before Flop (didn't bet)
Seat 6: Unipoker11 folded before Flop (didn't bet)



PokerStars Hand #254708434966:  Hold'em No Limit ($0.50/$1.00 USD) - 2025/02/04 20:52:33 WET [2025/02/04 15:52:33 ET]
Table 'Catriona II' 6-max Seat #3 is the button
Seat 1: Pippa83 ($188.17 in chips) 
Seat 2: michasia ($136.71 in chips) 
Seat 3: River0203 ($104.22 in chips) 
Seat 4: Twistenko ($148.85 in chips) 
Seat 5: ReVeu710 ($100 in chips) 
Seat 6: Unipoker11 ($100 in chips) 
Twistenko: posts small blind $0.50
ReVeu710: posts big blind $1
*** HOLE CARDS ***
Unipoker11: raises $1 to $2
Pippa83: folds 
michasia: folds 
River0203: folds 
Twistenko: folds 
ReVeu710: folds 
Uncalled bet ($1) returned to Unipoker11
Unipoker11 collected $2.50 from pot
Unipoker11: doesn't show hand 
*** SUMMARY ***
Total pot $2.50 | Rake $0 
Seat 1: Pippa83 folded before Flop (didn't bet)
Seat 2: michasia folded before Flop (didn't bet)
Seat 3: River0203 (button) folded before Flop (didn't bet)
Seat 4: Twistenko (small blind) folded before Flop
Seat 5: ReVeu710 (big blind) folded before Flop
Seat 6: Unipoker11 collected ($2.50)



PokerStars Hand #254708440860:  Hold'em No Limit ($0.50/$1.00 USD) - 2025/02/04 20:52:51 WET [2025/02/04 15:52:51 ET]
Table 'Catriona II' 6-max Seat #4 is the button
Seat 1: Pippa83 ($188.17 in chips) 
Seat 2: michasia ($136.71 in chips) 
Seat 3: River0203 ($104.22 in chips) 
Seat 4: Twistenko ($148.35 in chips) 
Seat 5: ReVeu710 ($100 in chips) 
Seat 6: Unipoker11 ($101.50 in chips) 
ReVeu710: posts small blind $0.50
Unipoker11: posts big blind $1
*** HOLE CARDS ***
Pippa83: folds 
michasia: raises $1.60 to $2.60
River0203: raises $15.40 to $18
Twistenko: folds 
ReVeu710: folds 
Unipoker11: folds 
michasia: calls $15.40
*** FLOP *** [4d 6s 8s]
michasia: checks 
River0203: bets $35.62
michasia: folds 
Uncalled bet ($35.62) returned to River0203
River0203 collected $35.62 from pot
*** SUMMARY ***
Total pot $37.50 | Rake $1.88 
Board [4d 6s 8s]
Seat 1: Pippa83 folded before Flop (didn't bet)
Seat 2: michasia folded on the Flop
Seat 3: River0203 collected ($35.62)
Seat 4: Twistenko (button) folded before Flop (didn't bet)
Seat 5: ReVeu710 (small blind) folded before Flop
Seat 6: Unipoker11 (big blind) folded before Flop



