PokerStars Hand #254698536545:  Hold'em No Limit ($0.50/$1.00 USD) - 2025/02/04 3:43:56 WET [2025/02/03 22:43:56 ET]
Table 'Bojeva' 6-max Seat #2 is the button
Seat 1: xcinaz ($109.34 in chips) 
Seat 2: 50CandyJoe ($100 in chips) 
Seat 3: Rysiff ($132.22 in chips) 
Seat 4: sutata ($136.71 in chips) 
Seat 5: luckytom94 ($106.50 in chips) 
Seat 6: Magnodive ($100 in chips) 
Rysiff: posts small blind $0.50
sutata: posts big blind $1
*** HOLE CARDS ***
luckytom94: folds 
Magnodive: folds 
xcinaz: folds 
50CandyJoe: folds 
Rysiff: raises $2 to $3
sutata: calls $2
*** FLOP *** [6d Td 3h]
Rysiff: checks 
sutata: checks 
*** TURN *** [6d Td 3h] [7d]
Rysiff: checks 
sutata: checks 
*** RIVER *** [6d Td 3h 7d] [9d]
Rysiff: bets $4.56
sutata: folds 
Uncalled bet ($4.56) returned to Rysiff
Rysiff collected $5.70 from pot
Rysiff: doesn't show hand 
*** SUMMARY ***
Total pot $6 | Rake $0.30 
Board [6d Td 3h 7d 9d]
Seat 1: xcinaz folded before Flop (didn't bet)
Seat 2: 50CandyJoe (button) folded before Flop (didn't bet)
Seat 3: Rysiff (small blind) collected ($5.70)
Seat 4: sutata (big blind) folded on the River
Seat 5: luckytom94 folded before Flop (didn't bet)
Seat 6: Magnodive folded before Flop (didn't bet)



PokerStars Hand #254698542306:  Hold'em No Limit ($0.50/$1.00 USD) - 2025/02/04 3:44:46 WET [2025/02/03 22:44:46 ET]
Table 'Bojeva' 6-max Seat #3 is the button
Seat 1: xcinaz ($109.34 in chips) 
Seat 2: 50CandyJoe ($100 in chips) 
Seat 3: Rysiff ($134.92 in chips) 
Seat 4: sutata ($133.71 in chips) 
Seat 5: luckytom94 ($106.50 in chips) 
Seat 6: Magnodive ($100 in chips) 
sutata: posts small blind $0.50
luckytom94: posts big blind $1
*** HOLE CARDS ***
Magnodive: folds 
xcinaz: folds 
50CandyJoe: raises $1.20 to $2.20
Rysiff: folds 
sutata: folds 
luckytom94: calls $1.20
*** FLOP *** [8c Jh Kd]
luckytom94: checks 
50CandyJoe: bets $1.54
luckytom94: calls $1.54
*** TURN *** [8c Jh Kd] [7h]
luckytom94: bets $2
50CandyJoe: calls $2
*** RIVER *** [8c Jh Kd 7h] [3h]
luckytom94: bets $5
50CandyJoe: folds 
Uncalled bet ($5) returned to luckytom94
luckytom94 collected $11.38 from pot
*** SUMMARY ***
Total pot $11.98 | Rake $0.60 
Board [8c Jh Kd 7h 3h]
Seat 1: xcinaz folded before Flop (didn't bet)
Seat 2: 50CandyJoe folded on the River
Seat 3: Rysiff (button) folded before Flop (didn't bet)
Seat 4: sutata (small blind) folded before Flop
Seat 5: luckytom94 (big blind) collected ($11.38)
Seat 6: Magnodive folded before Flop (didn't bet)



PokerStars Hand #254698550559:  Hold'em No Limit ($0.50/$1.00 USD) - 2025/02/04 3:45:58 WET [2025/02/03 22:45:58 ET]
Table 'Bojeva' 6-max Seat #4 is the button
Seat 1: xcinaz ($109.34 in chips) 
Seat 2: 50CandyJoe ($100 in chips) 
Seat 3: Rysiff ($134.92 in chips) 
Seat 4: sutata ($133.21 in chips) 
Seat 5: luckytom94 ($112.14 in chips) 
Seat 6: Magnodive ($100 in chips) 
luckytom94: posts small blind $0.50
Magnodive: posts big blind $1
*** HOLE CARDS ***
xcinaz: folds 
50CandyJoe: folds 
Rysiff: folds 
sutata: folds 
luckytom94: calls $0.50
Magnodive: checks 
*** FLOP *** [Js Tc 5c]
luckytom94: checks 
Magnodive: checks 
*** TURN *** [Js Tc 5c] [Qh]
luckytom94: bets $1
Magnodive: calls $1
*** RIVER *** [Js Tc 5c Qh] [9h]
luckytom94: checks 
Magnodive: checks 
*** SHOW DOWN ***
luckytom94: shows [7d 6d] (high card Queen)
Magnodive: shows [7s Qc] (a pair of Queens)
Magnodive collected $3.80 from pot
*** SUMMARY ***
Total pot $4 | Rake $0.20 
Board [Js Tc 5c Qh 9h]
Seat 1: xcinaz folded before Flop (didn't bet)
Seat 2: 50CandyJoe folded before Flop (didn't bet)
Seat 3: Rysiff folded before Flop (didn't bet)
Seat 4: sutata (button) folded before Flop (didn't bet)
Seat 5: luckytom94 (small blind) showed [7d 6d] and lost with high card Queen
Seat 6: Magnodive (big blind) showed [7s Qc] and won ($3.80) with a pair of Queens



PokerStars Hand #254698555760:  Hold'em No Limit ($0.50/$1.00 USD) - 2025/02/04 3:46:44 WET [2025/02/03 22:46:44 ET]
Table 'Bojeva' 6-max Seat #5 is the button
Seat 1: xcinaz ($109.34 in chips) 
Seat 2: 50CandyJoe ($100 in chips) 
Seat 3: Rysiff ($134.92 in chips) 
Seat 4: sutata ($133.21 in chips) 
Seat 5: luckytom94 ($110.14 in chips) 
Seat 6: Magnodive ($101.80 in chips) 
Magnodive: posts small blind $0.50
xcinaz: posts big blind $1
*** HOLE CARDS ***
50CandyJoe: folds 
Rysiff: folds 
sutata: folds 
luckytom94: raises $1 to $2
Magnodive: folds 
xcinaz: calls $1
*** FLOP *** [Js 7s Kh]
xcinaz: checks 
luckytom94: bets $3
xcinaz: folds 
Uncalled bet ($3) returned to luckytom94
luckytom94 collected $4.28 from pot
*** SUMMARY ***
Total pot $4.50 | Rake $0.22 
Board [Js 7s Kh]
Seat 1: xcinaz (big blind) folded on the Flop
Seat 2: 50CandyJoe folded before Flop (didn't bet)
Seat 3: Rysiff folded before Flop (didn't bet)
Seat 4: sutata folded before Flop (didn't bet)
Seat 5: luckytom94 (button) collected ($4.28)
Seat 6: Magnodive (small blind) folded before Flop



PokerStars Hand #254698559617:  Hold'em No Limit ($0.50/$1.00 USD) - 2025/02/04 3:47:18 WET [2025/02/03 22:47:18 ET]
Table 'Bojeva' 6-max Seat #6 is the button
Seat 1: xcinaz ($107.34 in chips) 
Seat 2: 50CandyJoe ($100 in chips) 
Seat 3: Rysiff ($134.92 in chips) 
Seat 4: sutata ($133.21 in chips) 
Seat 5: luckytom94 ($112.42 in chips) 
Seat 6: Magnodive ($101.30 in chips) 
xcinaz: posts small blind $0.50
50CandyJoe: posts big blind $1
*** HOLE CARDS ***
Rysiff: folds 
sutata: folds 
luckytom94: raises $1 to $2
Magnodive: folds 
xcinaz: raises $8 to $10
50CandyJoe: folds 
luckytom94: folds 
Uncalled bet ($8) returned to xcinaz
xcinaz collected $5 from pot
xcinaz: doesn't show hand 
*** SUMMARY ***
Total pot $5 | Rake $0 
Seat 1: xcinaz (small blind) collected ($5)
Seat 2: 50CandyJoe (big blind) folded before Flop
Seat 3: Rysiff folded before Flop (didn't bet)
Seat 4: sutata folded before Flop (didn't bet)
Seat 5: luckytom94 folded before Flop
Seat 6: Magnodive (button) folded before Flop (didn't bet)



PokerStars Hand #254698561531:  Hold'em No Limit ($0.50/$1.00 USD) - 2025/02/04 3:47:35 WET [2025/02/03 22:47:35 ET]
Table 'Bojeva' 6-max Seat #1 is the button
Seat 1: xcinaz ($110.34 in chips) 
Seat 2: 50CandyJoe ($100 in chips) 
Seat 3: Rysiff ($134.92 in chips) 
Seat 4: sutata ($133.21 in chips) 
Seat 5: luckytom94 ($110.42 in chips) 
Seat 6: Magnodive ($101.30 in chips) 
50CandyJoe: posts small blind $0.50
Rysiff: posts big blind $1
*** HOLE CARDS ***
sutata: folds 
luckytom94: folds 
Magnodive: raises $1.50 to $2.50
xcinaz: raises $5.50 to $8
50CandyJoe: folds 
Rysiff: folds 
Magnodive: raises $12.80 to $20.80
xcinaz: raises $89.54 to $110.34 and is all-in
Magnodive: calls $80.50 and is all-in
Uncalled bet ($9.04) returned to xcinaz
*** FLOP *** [9s 8c 4d]
*** TURN *** [9s 8c 4d] [4s]
*** RIVER *** [9s 8c 4d 4s] [4c]
*** SHOW DOWN ***
Magnodive: shows [Kc As] (three of a kind, Fours)
xcinaz: shows [Kh Ad] (three of a kind, Fours)
Magnodive collected $100.80 from pot
xcinaz collected $100.80 from pot
*** SUMMARY ***
Total pot $204.10 | Rake $2.50 
Board [9s 8c 4d 4s 4c]
Seat 1: xcinaz (button) showed [Kh Ad] and won ($100.80) with three of a kind, Fours
Seat 2: 50CandyJoe (small blind) folded before Flop
Seat 3: Rysiff (big blind) folded before Flop
Seat 4: sutata folded before Flop (didn't bet)
Seat 5: luckytom94 folded before Flop (didn't bet)
Seat 6: Magnodive showed [Kc As] and won ($100.80) with three of a kind, Fours



PokerStars Hand #254698566849:  Hold'em No Limit ($0.50/$1.00 USD) - 2025/02/04 3:48:22 WET [2025/02/03 22:48:22 ET]
Table 'Bojeva' 6-max Seat #2 is the button
Seat 1: xcinaz ($109.84 in chips) 
Seat 2: 50CandyJoe ($100 in chips) 
Seat 3: Rysiff ($133.92 in chips) 
Seat 4: sutata ($133.21 in chips) 
Seat 5: luckytom94 ($110.42 in chips) 
Seat 6: Magnodive ($100.80 in chips) 
Rysiff: posts small blind $0.50
sutata: posts big blind $1
*** HOLE CARDS ***
luckytom94: raises $1 to $2
Magnodive: folds 
xcinaz: folds 
50CandyJoe: folds 
Rysiff: folds 
sutata: calls $1
*** FLOP *** [Ad 4c 5h]
sutata: checks 
luckytom94: bets $3
sutata: calls $3
*** TURN *** [Ad 4c 5h] [3s]
sutata: checks 
luckytom94: bets $5
sutata: calls $5
*** RIVER *** [Ad 4c 5h 3s] [5d]
sutata: checks 
luckytom94: bets $15
sutata: folds 
Uncalled bet ($15) returned to luckytom94
luckytom94 collected $19.48 from pot
*** SUMMARY ***
Total pot $20.50 | Rake $1.02 
Board [Ad 4c 5h 3s 5d]
Seat 1: xcinaz folded before Flop (didn't bet)
Seat 2: 50CandyJoe (button) folded before Flop (didn't bet)
Seat 3: Rysiff (small blind) folded before Flop
Seat 4: sutata (big blind) folded on the River
Seat 5: luckytom94 collected ($19.48)
Seat 6: Magnodive folded before Flop (didn't bet)



PokerStars Hand #254698573143:  Hold'em No Limit ($0.50/$1.00 USD) - 2025/02/04 3:49:19 WET [2025/02/03 22:49:19 ET]
Table 'Bojeva' 6-max Seat #3 is the button
Seat 1: xcinaz ($109.84 in chips) 
Seat 2: 50CandyJoe ($100 in chips) 
Seat 3: Rysiff ($133.42 in chips) 
Seat 4: sutata ($123.21 in chips) 
Seat 5: luckytom94 ($119.90 in chips) 
Seat 6: Magnodive ($100.80 in chips) 
sutata: posts small blind $0.50
luckytom94: posts big blind $1
*** HOLE CARDS ***
Magnodive: folds 
xcinaz: raises $1 to $2
50CandyJoe: folds 
Rysiff: calls $2
sutata: folds 
luckytom94: calls $1
*** FLOP *** [9d 7c Ac]
luckytom94: checks 
xcinaz: checks 
Rysiff: checks 
*** TURN *** [9d 7c Ac] [5s]
luckytom94: checks 
xcinaz: checks 
Rysiff: checks 
*** RIVER *** [9d 7c Ac 5s] [Qd]
luckytom94: bets $7
xcinaz: folds 
Rysiff: folds 
Uncalled bet ($7) returned to luckytom94
luckytom94 collected $6.18 from pot
*** SUMMARY ***
Total pot $6.50 | Rake $0.32 
Board [9d 7c Ac 5s Qd]
Seat 1: xcinaz folded on the River
Seat 2: 50CandyJoe folded before Flop (didn't bet)
Seat 3: Rysiff (button) folded on the River
Seat 4: sutata (small blind) folded before Flop
Seat 5: luckytom94 (big blind) collected ($6.18)
Seat 6: Magnodive folded before Flop (didn't bet)



PokerStars Hand #254698582388:  Hold'em No Limit ($0.50/$1.00 USD) - 2025/02/04 3:50:43 WET [2025/02/03 22:50:43 ET]
Table 'Bojeva' 6-max Seat #4 is the button
Seat 1: xcinaz ($107.84 in chips) 
Seat 2: 50CandyJoe ($100 in chips) 
Seat 3: Rysiff ($131.42 in chips) 
Seat 4: sutata ($122.71 in chips) 
Seat 5: luckytom94 ($124.08 in chips) 
Seat 6: Magnodive ($100.80 in chips) 
luckytom94: posts small blind $0.50
Magnodive: posts big blind $1
*** HOLE CARDS ***
xcinaz: folds 
50CandyJoe has timed out
50CandyJoe: folds 
Rysiff: folds 
sutata: folds 
luckytom94: calls $0.50
Magnodive: checks 
*** FLOP *** [Kc 7c 2d]
luckytom94: checks 
Magnodive: checks 
*** TURN *** [Kc 7c 2d] [Jd]
luckytom94: bets $1
Magnodive: folds 
Uncalled bet ($1) returned to luckytom94
luckytom94 collected $1.90 from pot
*** SUMMARY ***
Total pot $2 | Rake $0.10 
Board [Kc 7c 2d Jd]
Seat 1: xcinaz folded before Flop (didn't bet)
Seat 2: 50CandyJoe folded before Flop (didn't bet)
Seat 3: Rysiff folded before Flop (didn't bet)
Seat 4: sutata (button) folded before Flop (didn't bet)
Seat 5: luckytom94 (small blind) collected ($1.90)
Seat 6: Magnodive (big blind) folded on the Turn



PokerStars Hand #254698590458:  Hold'em No Limit ($0.50/$1.00 USD) - 2025/02/04 3:51:57 WET [2025/02/03 22:51:57 ET]
Table 'Bojeva' 6-max Seat #5 is the button
Seat 1: xcinaz ($107.84 in chips) 
Seat 2: 50CandyJoe ($100 in chips) 
Seat 3: Rysiff ($131.42 in chips) 
Seat 4: sutata ($122.71 in chips) 
Seat 5: luckytom94 ($124.98 in chips) 
Seat 6: Magnodive ($100 in chips) 
Magnodive: posts small blind $0.50
xcinaz: posts big blind $1
*** HOLE CARDS ***
50CandyJoe has timed out
50CandyJoe: folds 
Rysiff: folds 
sutata: folds 
luckytom94: folds 
Magnodive: raises $2 to $3
xcinaz: folds 
Uncalled bet ($2) returned to Magnodive
Magnodive collected $2 from pot
Magnodive: doesn't show hand 
*** SUMMARY ***
Total pot $2 | Rake $0 
Seat 1: xcinaz (big blind) folded before Flop
Seat 2: 50CandyJoe folded before Flop (didn't bet)
Seat 3: Rysiff folded before Flop (didn't bet)
Seat 4: sutata folded before Flop (didn't bet)
Seat 5: luckytom94 (button) folded before Flop (didn't bet)
Seat 6: Magnodive (small blind) collected ($2)



PokerStars Hand #254698592763:  Hold'em No Limit ($0.50/$1.00 USD) - 2025/02/04 3:52:18 WET [2025/02/03 22:52:18 ET]
Table 'Bojeva' 6-max Seat #6 is the button
Seat 1: xcinaz ($106.84 in chips) 
Seat 2: 50CandyJoe ($100 in chips) 
Seat 3: Rysiff ($131.42 in chips) 
Seat 4: sutata ($122.71 in chips) 
Seat 5: luckytom94 ($124.98 in chips) 
Seat 6: Magnodive ($101 in chips) 
xcinaz: posts small blind $0.50
50CandyJoe: posts big blind $1
*** HOLE CARDS ***
Rysiff: folds 
sutata: folds 
luckytom94: folds 
Magnodive: folds 
xcinaz: folds 
Uncalled bet ($0.50) returned to 50CandyJoe
50CandyJoe collected $1 from pot
50CandyJoe: doesn't show hand 
*** SUMMARY ***
Total pot $1 | Rake $0 
Seat 1: xcinaz (small blind) folded before Flop
Seat 2: 50CandyJoe (big blind) collected ($1)
Seat 3: Rysiff folded before Flop (didn't bet)
Seat 4: sutata folded before Flop (didn't bet)
Seat 5: luckytom94 folded before Flop (didn't bet)
Seat 6: Magnodive (button) folded before Flop (didn't bet)



PokerStars Hand #254698594878:  Hold'em No Limit ($0.50/$1.00 USD) - 2025/02/04 3:52:37 WET [2025/02/03 22:52:37 ET]
Table 'Bojeva' 6-max Seat #1 is the button
Seat 1: xcinaz ($106.34 in chips) 
Seat 2: 50CandyJoe ($100.50 in chips) 
Seat 3: Rysiff ($131.42 in chips) 
Seat 4: sutata ($122.71 in chips) 
Seat 5: luckytom94 ($124.98 in chips) 
Seat 6: Magnodive ($101 in chips) 
50CandyJoe: posts small blind $0.50
Rysiff: posts big blind $1
*** HOLE CARDS ***
sutata: folds 
luckytom94: folds 
Magnodive: folds 
xcinaz: folds 
50CandyJoe: raises $2 to $3
Rysiff: raises $6 to $9
50CandyJoe: raises $13 to $22
Rysiff: calls $13
*** FLOP *** [4c 3s Kd]
50CandyJoe: bets $10.45
Rysiff: folds 
Uncalled bet ($10.45) returned to 50CandyJoe
50CandyJoe collected $41.80 from pot
50CandyJoe: doesn't show hand 
*** SUMMARY ***
Total pot $44 | Rake $2.20 
Board [4c 3s Kd]
Seat 1: xcinaz (button) folded before Flop (didn't bet)
Seat 2: 50CandyJoe (small blind) collected ($41.80)
Seat 3: Rysiff (big blind) folded on the Flop
Seat 4: sutata folded before Flop (didn't bet)
Seat 5: luckytom94 folded before Flop (didn't bet)
Seat 6: Magnodive folded before Flop (didn't bet)



PokerStars Hand #254698599403:  Hold'em No Limit ($0.50/$1.00 USD) - 2025/02/04 3:53:19 WET [2025/02/03 22:53:19 ET]
Table 'Bojeva' 6-max Seat #2 is the button
Seat 1: xcinaz ($106.34 in chips) 
Seat 2: 50CandyJoe ($120.30 in chips) 
Seat 3: Rysiff ($109.42 in chips) 
Seat 4: sutata ($122.71 in chips) 
Seat 5: luckytom94 ($124.98 in chips) 
Seat 6: Magnodive ($101 in chips) 
Rysiff: posts small blind $0.50
sutata: posts big blind $1
*** HOLE CARDS ***
luckytom94: folds 
Magnodive: folds 
xcinaz: folds 
50CandyJoe: folds 
Rysiff: raises $2 to $3
sutata: calls $2
*** FLOP *** [As 8d 8c]
Rysiff: bets $1.88
sutata: calls $1.88
*** TURN *** [As 8d 8c] [Ks]
Rysiff: checks 
sutata: checks 
*** RIVER *** [As 8d 8c Ks] [8s]
Rysiff: bets $1.85
sutata: raises $3.70 to $5.55
Rysiff: calls $3.70
*** SHOW DOWN ***
sutata: shows [5s Ac] (a full house, Eights full of Aces)
Rysiff: mucks hand 
sutata collected $19.82 from pot
*** SUMMARY ***
Total pot $20.86 | Rake $1.04 
Board [As 8d 8c Ks 8s]
Seat 1: xcinaz folded before Flop (didn't bet)
Seat 2: 50CandyJoe (button) folded before Flop (didn't bet)
Seat 3: Rysiff (small blind) mucked
Seat 4: sutata (big blind) showed [5s Ac] and won ($19.82) with a full house, Eights full of Aces
Seat 5: luckytom94 folded before Flop (didn't bet)
Seat 6: Magnodive folded before Flop (didn't bet)



PokerStars Hand #254698607137:  Hold'em No Limit ($0.50/$1.00 USD) - 2025/02/04 3:54:30 WET [2025/02/03 22:54:30 ET]
Table 'Bojeva' 6-max Seat #3 is the button
Seat 1: xcinaz ($106.34 in chips) 
Seat 2: 50CandyJoe ($120.30 in chips) 
Seat 3: Rysiff ($100 in chips) 
Seat 4: sutata ($132.10 in chips) 
Seat 5: luckytom94 ($124.98 in chips) 
Seat 6: Magnodive ($101 in chips) 
sutata: posts small blind $0.50
luckytom94: posts big blind $1
*** HOLE CARDS ***
Magnodive: folds 
xcinaz: folds 
50CandyJoe: folds 
Rysiff: raises $1.50 to $2.50
sutata: folds 
luckytom94: folds 
Uncalled bet ($1.50) returned to Rysiff
Rysiff collected $2.50 from pot
Rysiff: doesn't show hand 
*** SUMMARY ***
Total pot $2.50 | Rake $0 
Seat 1: xcinaz folded before Flop (didn't bet)
Seat 2: 50CandyJoe folded before Flop (didn't bet)
Seat 3: Rysiff (button) collected ($2.50)
Seat 4: sutata (small blind) folded before Flop
Seat 5: luckytom94 (big blind) folded before Flop
Seat 6: Magnodive folded before Flop (didn't bet)



PokerStars Hand #254698608991:  Hold'em No Limit ($0.50/$1.00 USD) - 2025/02/04 3:54:47 WET [2025/02/03 22:54:47 ET]
Table 'Bojeva' 6-max Seat #4 is the button
Seat 1: xcinaz ($106.34 in chips) 
Seat 2: 50CandyJoe ($120.30 in chips) 
Seat 3: Rysiff ($101.50 in chips) 
Seat 4: sutata ($131.60 in chips) 
Seat 5: luckytom94 ($123.98 in chips) 
Seat 6: Magnodive ($101 in chips) 
luckytom94: posts small blind $0.50
Magnodive: posts big blind $1
*** HOLE CARDS ***
xcinaz: folds 
50CandyJoe: raises $1.20 to $2.20
Rysiff: folds 
sutata: folds 
luckytom94: calls $1.70
Magnodive: folds 
*** FLOP *** [3c Ad 6h]
luckytom94: bets $1
50CandyJoe: calls $1
*** TURN *** [3c Ad 6h] [7c]
luckytom94: checks 
50CandyJoe: bets $4.64
luckytom94: folds 
Uncalled bet ($4.64) returned to 50CandyJoe
50CandyJoe collected $7.03 from pot
50CandyJoe: doesn't show hand 
*** SUMMARY ***
Total pot $7.40 | Rake $0.37 
Board [3c Ad 6h 7c]
Seat 1: xcinaz folded before Flop (didn't bet)
Seat 2: 50CandyJoe collected ($7.03)
Seat 3: Rysiff folded before Flop (didn't bet)
Seat 4: sutata (button) folded before Flop (didn't bet)
Seat 5: luckytom94 (small blind) folded on the Turn
Seat 6: Magnodive (big blind) folded before Flop



PokerStars Hand #254698612317:  Hold'em No Limit ($0.50/$1.00 USD) - 2025/02/04 3:55:20 WET [2025/02/03 22:55:20 ET]
Table 'Bojeva' 6-max Seat #5 is the button
Seat 1: xcinaz ($106.34 in chips) 
Seat 2: 50CandyJoe ($124.13 in chips) 
Seat 3: Rysiff ($101.50 in chips) 
Seat 4: sutata ($131.60 in chips) 
Seat 5: luckytom94 ($120.78 in chips) 
Seat 6: Magnodive ($100 in chips) 
Magnodive: posts small blind $0.50
xcinaz: posts big blind $1
*** HOLE CARDS ***
50CandyJoe: folds 
Rysiff: raises $1.50 to $2.50
sutata: folds 
luckytom94: folds 
Magnodive: folds 
xcinaz: calls $1.50
*** FLOP *** [9d 4h Ah]
xcinaz: checks 
Rysiff: bets $1.72
xcinaz: raises $4.33 to $6.05
Rysiff: folds 
Uncalled bet ($4.33) returned to xcinaz
xcinaz collected $8.49 from pot
xcinaz: doesn't show hand 
*** SUMMARY ***
Total pot $8.94 | Rake $0.45 
Board [9d 4h Ah]
Seat 1: xcinaz (big blind) collected ($8.49)
Seat 2: 50CandyJoe folded before Flop (didn't bet)
Seat 3: Rysiff folded on the Flop
Seat 4: sutata folded before Flop (didn't bet)
Seat 5: luckytom94 (button) folded before Flop (didn't bet)
Seat 6: Magnodive (small blind) folded before Flop



PokerStars Hand #254698614424:  Hold'em No Limit ($0.50/$1.00 USD) - 2025/02/04 3:55:44 WET [2025/02/03 22:55:44 ET]
Table 'Bojeva' 6-max Seat #6 is the button
Seat 1: xcinaz ($110.61 in chips) 
Seat 2: 50CandyJoe ($124.13 in chips) 
Seat 3: Rysiff ($100 in chips) 
Seat 4: sutata ($131.60 in chips) 
Seat 5: luckytom94 ($120.78 in chips) 
Seat 6: Magnodive ($100 in chips) 
xcinaz: posts small blind $0.50
50CandyJoe: posts big blind $1
*** HOLE CARDS ***
Rysiff: folds 
sutata: folds 
luckytom94: raises $1 to $2
Magnodive: folds 
xcinaz: raises $8 to $10
50CandyJoe: folds 
luckytom94: folds 
Uncalled bet ($8) returned to xcinaz
xcinaz collected $5 from pot
xcinaz: doesn't show hand 
*** SUMMARY ***
Total pot $5 | Rake $0 
Seat 1: xcinaz (small blind) collected ($5)
Seat 2: 50CandyJoe (big blind) folded before Flop
Seat 3: Rysiff folded before Flop (didn't bet)
Seat 4: sutata folded before Flop (didn't bet)
Seat 5: luckytom94 folded before Flop
Seat 6: Magnodive (button) folded before Flop (didn't bet)



PokerStars Hand #254698617318:  Hold'em No Limit ($0.50/$1.00 USD) - 2025/02/04 3:56:17 WET [2025/02/03 22:56:17 ET]
Table 'Bojeva' 6-max Seat #1 is the button
Seat 1: xcinaz ($113.61 in chips) 
Seat 2: 50CandyJoe ($123.13 in chips) 
Seat 3: Rysiff ($100 in chips) 
Seat 4: sutata ($131.60 in chips) 
Seat 5: luckytom94 ($118.78 in chips) 
Seat 6: Magnodive ($100 in chips) 
50CandyJoe: posts small blind $0.50
Rysiff: posts big blind $1
*** HOLE CARDS ***
sutata: raises $1.50 to $2.50
luckytom94: calls $2.50
Magnodive: raises $8.50 to $11
xcinaz: folds 
50CandyJoe: folds 
Rysiff: folds 
sutata: folds 
luckytom94: calls $8.50
*** FLOP *** [8s Qc 9h]
luckytom94: bets $7
Magnodive: calls $7
*** TURN *** [8s Qc 9h] [4h]
luckytom94: bets $20
Magnodive: folds 
Uncalled bet ($20) returned to luckytom94
luckytom94 collected $38 from pot
*** SUMMARY ***
Total pot $40 | Rake $2 
Board [8s Qc 9h 4h]
Seat 1: xcinaz (button) folded before Flop (didn't bet)
Seat 2: 50CandyJoe (small blind) folded before Flop
Seat 3: Rysiff (big blind) folded before Flop
Seat 4: sutata folded before Flop
Seat 5: luckytom94 collected ($38)
Seat 6: Magnodive folded on the Turn



PokerStars Hand #254698621799:  Hold'em No Limit ($0.50/$1.00 USD) - 2025/02/04 3:57:09 WET [2025/02/03 22:57:09 ET]
Table 'Bojeva' 6-max Seat #2 is the button
Seat 1: xcinaz ($113.61 in chips) 
Seat 2: 50CandyJoe ($122.63 in chips) 
Seat 3: Rysiff ($100 in chips) 
Seat 4: sutata ($129.10 in chips) 
Seat 5: luckytom94 ($138.78 in chips) 
Seat 6: Magnodive ($100 in chips) 
Rysiff: posts small blind $0.50
sutata: posts big blind $1
*** HOLE CARDS ***
luckytom94: raises $1 to $2
Magnodive: folds 
xcinaz: folds 
50CandyJoe: raises $5.50 to $7.50
Rysiff: folds 
sutata: folds 
luckytom94: calls $5.50
*** FLOP *** [5s 6c Td]
luckytom94: checks 
50CandyJoe: bets $1.57
luckytom94: calls $1.57
*** TURN *** [5s 6c Td] [4s]
luckytom94: checks 
50CandyJoe: checks 
*** RIVER *** [5s 6c Td 4s] [8s]
luckytom94: checks 
50CandyJoe: checks 
*** SHOW DOWN ***
luckytom94: shows [As 9s] (a flush, Ace high)
50CandyJoe: mucks hand 
luckytom94 collected $18.66 from pot
*** SUMMARY ***
Total pot $19.64 | Rake $0.98 
Board [5s 6c Td 4s 8s]
Seat 1: xcinaz folded before Flop (didn't bet)
Seat 2: 50CandyJoe (button) mucked
Seat 3: Rysiff (small blind) folded before Flop
Seat 4: sutata (big blind) folded before Flop
Seat 5: luckytom94 showed [As 9s] and won ($18.66) with a flush, Ace high
Seat 6: Magnodive folded before Flop (didn't bet)



PokerStars Hand #254698625297:  Hold'em No Limit ($0.50/$1.00 USD) - 2025/02/04 3:57:50 WET [2025/02/03 22:57:50 ET]
Table 'Bojeva' 6-max Seat #3 is the button
Seat 1: xcinaz ($113.61 in chips) 
Seat 2: 50CandyJoe ($113.56 in chips) 
Seat 3: Rysiff ($100 in chips) 
Seat 4: sutata ($128.10 in chips) 
Seat 5: luckytom94 ($148.37 in chips) 
Seat 6: Magnodive ($100 in chips) 
sutata: posts small blind $0.50
luckytom94: posts big blind $1
*** HOLE CARDS ***
Magnodive: raises $1.50 to $2.50
xcinaz: folds 
50CandyJoe: calls $2.50
Rysiff: folds 
sutata: folds 
luckytom94: calls $1.50
*** FLOP *** [Qd 2c Td]
luckytom94: bets $3
Magnodive: calls $3
50CandyJoe: folds 
*** TURN *** [Qd 2c Td] [8s]
luckytom94: checks 
Magnodive: checks 
*** RIVER *** [Qd 2c Td 8s] [6s]
luckytom94: checks 
Magnodive: checks 
*** SHOW DOWN ***
luckytom94: shows [Ah 3d] (high card Ace)
Magnodive: mucks hand 
luckytom94 collected $13.30 from pot
*** SUMMARY ***
Total pot $14 | Rake $0.70 
Board [Qd 2c Td 8s 6s]
Seat 1: xcinaz folded before Flop (didn't bet)
Seat 2: 50CandyJoe folded on the Flop
Seat 3: Rysiff (button) folded before Flop (didn't bet)
Seat 4: sutata (small blind) folded before Flop
Seat 5: luckytom94 (big blind) showed [Ah 3d] and won ($13.30) with high card Ace
Seat 6: Magnodive mucked



PokerStars Hand #254698632540:  Hold'em No Limit ($0.50/$1.00 USD) - 2025/02/04 3:59:13 WET [2025/02/03 22:59:13 ET]
Table 'Bojeva' 6-max Seat #4 is the button
Seat 1: xcinaz ($113.61 in chips) 
Seat 2: 50CandyJoe ($111.06 in chips) 
Seat 3: Rysiff ($100 in chips) 
Seat 4: sutata ($127.60 in chips) 
Seat 5: luckytom94 ($156.17 in chips) 
Seat 6: Magnodive ($100 in chips) 
luckytom94: posts small blind $0.50
Magnodive: posts big blind $1
*** HOLE CARDS ***
xcinaz: folds 
50CandyJoe: folds 
Rysiff: folds 
sutata: folds 
luckytom94: calls $0.50
Magnodive: checks 
*** FLOP *** [Qd 4s 9c]
luckytom94: checks 
Magnodive: checks 
*** TURN *** [Qd 4s 9c] [Tc]
luckytom94: bets $1
Magnodive: calls $1
*** RIVER *** [Qd 4s 9c Tc] [Ah]
luckytom94: checks 
Magnodive: checks 
*** SHOW DOWN ***
luckytom94: shows [3c Jc] (high card Ace)
Magnodive: shows [Qh 2s] (a pair of Queens)
Magnodive collected $3.80 from pot
*** SUMMARY ***
Total pot $4 | Rake $0.20 
Board [Qd 4s 9c Tc Ah]
Seat 1: xcinaz folded before Flop (didn't bet)
Seat 2: 50CandyJoe folded before Flop (didn't bet)
Seat 3: Rysiff folded before Flop (didn't bet)
Seat 4: sutata (button) folded before Flop (didn't bet)
Seat 5: luckytom94 (small blind) showed [3c Jc] and lost with high card Ace
Seat 6: Magnodive (big blind) showed [Qh 2s] and won ($3.80) with a pair of Queens



PokerStars Hand #254698636230:  Hold'em No Limit ($0.50/$1.00 USD) - 2025/02/04 3:59:55 WET [2025/02/03 22:59:55 ET]
Table 'Bojeva' 6-max Seat #5 is the button
Seat 1: xcinaz ($113.61 in chips) 
Seat 2: 50CandyJoe ($111.06 in chips) 
Seat 3: Rysiff ($100 in chips) 
Seat 4: sutata ($127.60 in chips) 
Seat 5: luckytom94 ($154.17 in chips) 
Seat 6: Magnodive ($101.80 in chips) 
Magnodive: posts small blind $0.50
xcinaz: posts big blind $1
*** HOLE CARDS ***
50CandyJoe: folds 
Rysiff: folds 
sutata: folds 
luckytom94: folds 
Magnodive: raises $2 to $3
xcinaz: calls $2
*** FLOP *** [Ah Td 7d]
Magnodive: bets $1.88
xcinaz: calls $1.88
*** TURN *** [Ah Td 7d] [2d]
Magnodive: checks 
xcinaz: checks 
*** RIVER *** [Ah Td 7d 2d] [5h]
Magnodive: bets $6.95
xcinaz: folds 
Uncalled bet ($6.95) returned to Magnodive
Magnodive collected $9.27 from pot
Magnodive: doesn't show hand 
*** SUMMARY ***
Total pot $9.76 | Rake $0.49 
Board [Ah Td 7d 2d 5h]
Seat 1: xcinaz (big blind) folded on the River
Seat 2: 50CandyJoe folded before Flop (didn't bet)
Seat 3: Rysiff folded before Flop (didn't bet)
Seat 4: sutata folded before Flop (didn't bet)
Seat 5: luckytom94 (button) folded before Flop (didn't bet)
Seat 6: Magnodive (small blind) collected ($9.27)



PokerStars Hand #254698643417:  Hold'em No Limit ($0.50/$1.00 USD) - 2025/02/04 4:01:10 WET [2025/02/03 23:01:10 ET]
Table 'Bojeva' 6-max Seat #6 is the button
Seat 1: xcinaz ($108.73 in chips) 
Seat 2: 50CandyJoe ($111.06 in chips) 
Seat 3: Rysiff ($100 in chips) 
Seat 4: sutata ($127.60 in chips) 
Seat 5: luckytom94 ($154.17 in chips) 
Seat 6: Magnodive ($106.19 in chips) 
xcinaz: posts small blind $0.50
50CandyJoe: posts big blind $1
*** HOLE CARDS ***
Rysiff: folds 
sutata: folds 
luckytom94: raises $2 to $3
Magnodive: raises $6 to $9
xcinaz: folds 
50CandyJoe: folds 
luckytom94: calls $6
*** FLOP *** [9h 7c Ac]
luckytom94: checks 
Magnodive: bets $6.11
luckytom94: calls $6.11
*** TURN *** [9h 7c Ac] [Qh]
luckytom94: checks 
Magnodive: checks 
*** RIVER *** [9h 7c Ac Qh] [Kh]
luckytom94: bets $9
Magnodive: folds 
Uncalled bet ($9) returned to luckytom94
luckytom94 collected $30.13 from pot
*** SUMMARY ***
Total pot $31.72 | Rake $1.59 
Board [9h 7c Ac Qh Kh]
Seat 1: xcinaz (small blind) folded before Flop
Seat 2: 50CandyJoe (big blind) folded before Flop
Seat 3: Rysiff folded before Flop (didn't bet)
Seat 4: sutata folded before Flop (didn't bet)
Seat 5: luckytom94 collected ($30.13)
Seat 6: Magnodive (button) folded on the River



PokerStars Hand #254698647815:  Hold'em No Limit ($0.50/$1.00 USD) - 2025/02/04 4:01:53 WET [2025/02/03 23:01:53 ET]
Table 'Bojeva' 6-max Seat #1 is the button
Seat 1: xcinaz ($108.23 in chips) 
Seat 2: 50CandyJoe ($110.06 in chips) 
Seat 3: Rysiff ($100 in chips) 
Seat 4: sutata ($127.60 in chips) 
Seat 5: luckytom94 ($169.19 in chips) 
Seat 6: Magnodive ($100 in chips) 
50CandyJoe: posts small blind $0.50
Rysiff: posts big blind $1
*** HOLE CARDS ***
sutata: folds 
luckytom94: raises $3 to $4
Magnodive: folds 
xcinaz: folds 
50CandyJoe: folds 
Rysiff: folds 
Uncalled bet ($3) returned to luckytom94
luckytom94 collected $2.50 from pot
*** SUMMARY ***
Total pot $2.50 | Rake $0 
Seat 1: xcinaz (button) folded before Flop (didn't bet)
Seat 2: 50CandyJoe (small blind) folded before Flop
Seat 3: Rysiff (big blind) folded before Flop
Seat 4: sutata folded before Flop (didn't bet)
Seat 5: luckytom94 collected ($2.50)
Seat 6: Magnodive folded before Flop (didn't bet)



PokerStars Hand #254698649206:  Hold'em No Limit ($0.50/$1.00 USD) - 2025/02/04 4:02:07 WET [2025/02/03 23:02:07 ET]
Table 'Bojeva' 6-max Seat #2 is the button
Seat 1: xcinaz ($108.23 in chips) 
Seat 2: 50CandyJoe ($109.56 in chips) 
Seat 3: Rysiff ($100 in chips) 
Seat 4: sutata ($127.60 in chips) 
Seat 5: luckytom94 ($170.69 in chips) 
Seat 6: Magnodive ($100 in chips) 
Rysiff: posts small blind $0.50
sutata: posts big blind $1
*** HOLE CARDS ***
luckytom94: folds 
Magnodive: raises $1.50 to $2.50
xcinaz: folds 
50CandyJoe: folds 
Rysiff: folds 
sutata: calls $1.50
*** FLOP *** [Qh 5d 9c]
sutata: checks 
Magnodive: checks 
*** TURN *** [Qh 5d 9c] [Jc]
sutata: bets $3.97
Magnodive: folds 
Uncalled bet ($3.97) returned to sutata
sutata collected $5.22 from pot
sutata: doesn't show hand 
*** SUMMARY ***
Total pot $5.50 | Rake $0.28 
Board [Qh 5d 9c Jc]
Seat 1: xcinaz folded before Flop (didn't bet)
Seat 2: 50CandyJoe (button) folded before Flop (didn't bet)
Seat 3: Rysiff (small blind) folded before Flop
Seat 4: sutata (big blind) collected ($5.22)
Seat 5: luckytom94 folded before Flop (didn't bet)
Seat 6: Magnodive folded on the Turn



PokerStars Hand #254698652228:  Hold'em No Limit ($0.50/$1.00 USD) - 2025/02/04 4:02:35 WET [2025/02/03 23:02:35 ET]
Table 'Bojeva' 6-max Seat #3 is the button
Seat 1: xcinaz ($108.23 in chips) 
Seat 2: 50CandyJoe ($109.56 in chips) 
Seat 3: Rysiff ($100 in chips) 
Seat 4: sutata ($130.32 in chips) 
Seat 5: luckytom94 ($170.69 in chips) 
Seat 6: Magnodive ($100 in chips) 
sutata: posts small blind $0.50
luckytom94: posts big blind $1
*** HOLE CARDS ***
Magnodive: raises $1.50 to $2.50
xcinaz: folds 
50CandyJoe: folds 
Rysiff: raises $4.50 to $7
sutata: folds 
luckytom94: folds 
Magnodive: folds 
Uncalled bet ($4.50) returned to Rysiff
Rysiff collected $6.50 from pot
Rysiff: doesn't show hand 
*** SUMMARY ***
Total pot $6.50 | Rake $0 
Seat 1: xcinaz folded before Flop (didn't bet)
Seat 2: 50CandyJoe folded before Flop (didn't bet)
Seat 3: Rysiff (button) collected ($6.50)
Seat 4: sutata (small blind) folded before Flop
Seat 5: luckytom94 (big blind) folded before Flop
Seat 6: Magnodive folded before Flop



PokerStars Hand #254698653758:  Hold'em No Limit ($0.50/$1.00 USD) - 2025/02/04 4:02:50 WET [2025/02/03 23:02:50 ET]
Table 'Bojeva' 6-max Seat #4 is the button
Seat 1: xcinaz ($108.23 in chips) 
Seat 2: 50CandyJoe ($109.56 in chips) 
Seat 3: Rysiff ($104 in chips) 
Seat 4: sutata ($129.82 in chips) 
Seat 5: luckytom94 ($169.69 in chips) 
Seat 6: Magnodive ($100 in chips) 
luckytom94: posts small blind $0.50
Magnodive: posts big blind $1
*** HOLE CARDS ***
xcinaz: folds 
50CandyJoe: folds 
Rysiff: folds 
sutata: raises $2 to $3
luckytom94: calls $2.50
Magnodive: folds 
*** FLOP *** [Ac 5c 5h]
luckytom94: checks 
sutata: bets $2.22
luckytom94: calls $2.22
*** TURN *** [Ac 5c 5h] [5d]
luckytom94: bets $4
sutata: calls $4
*** RIVER *** [Ac 5c 5h 5d] [Js]
luckytom94: checks 
sutata: bets $6.16
luckytom94: calls $6.16
*** SHOW DOWN ***
sutata: shows [Jc As] (a full house, Fives full of Aces)
luckytom94: mucks hand 
sutata collected $30.17 from pot
*** SUMMARY ***
Total pot $31.76 | Rake $1.59 
Board [Ac 5c 5h 5d Js]
Seat 1: xcinaz folded before Flop (didn't bet)
Seat 2: 50CandyJoe folded before Flop (didn't bet)
Seat 3: Rysiff folded before Flop (didn't bet)
Seat 4: sutata (button) showed [Jc As] and won ($30.17) with a full house, Fives full of Aces
Seat 5: luckytom94 (small blind) mucked
Seat 6: Magnodive (big blind) folded before Flop



PokerStars Hand #254698657514:  Hold'em No Limit ($0.50/$1.00 USD) - 2025/02/04 4:03:26 WET [2025/02/03 23:03:26 ET]
Table 'Bojeva' 6-max Seat #5 is the button
Seat 1: xcinaz ($108.23 in chips) 
Seat 2: 50CandyJoe ($109.56 in chips) 
Seat 3: Rysiff ($104 in chips) 
Seat 4: sutata ($144.61 in chips) 
Seat 5: luckytom94 ($154.31 in chips) 
Seat 6: Magnodive ($100 in chips) 
Magnodive: posts small blind $0.50
xcinaz: posts big blind $1
*** HOLE CARDS ***
50CandyJoe: folds 
Rysiff: folds 
sutata: folds 
luckytom94: calls $1
Magnodive: folds 
xcinaz: checks 
*** FLOP *** [Qd Js Jh]
xcinaz: checks 
luckytom94: checks 
*** TURN *** [Qd Js Jh] [9d]
xcinaz: checks 
luckytom94: bets $3
xcinaz: folds 
Uncalled bet ($3) returned to luckytom94
luckytom94 collected $2.38 from pot
*** SUMMARY ***
Total pot $2.50 | Rake $0.12 
Board [Qd Js Jh 9d]
Seat 1: xcinaz (big blind) folded on the Turn
Seat 2: 50CandyJoe folded before Flop (didn't bet)
Seat 3: Rysiff folded before Flop (didn't bet)
Seat 4: sutata folded before Flop (didn't bet)
Seat 5: luckytom94 (button) collected ($2.38)
Seat 6: Magnodive (small blind) folded before Flop



PokerStars Hand #254698660985:  Hold'em No Limit ($0.50/$1.00 USD) - 2025/02/04 4:03:59 WET [2025/02/03 23:03:59 ET]
Table 'Bojeva' 6-max Seat #6 is the button
Seat 1: xcinaz ($107.23 in chips) 
Seat 2: 50CandyJoe ($109.56 in chips) 
Seat 3: Rysiff ($104 in chips) 
Seat 4: sutata ($144.61 in chips) 
Seat 5: luckytom94 ($155.69 in chips) 
Seat 6: Magnodive ($100 in chips) 
xcinaz: posts small blind $0.50
50CandyJoe: posts big blind $1
*** HOLE CARDS ***
Rysiff: folds 
sutata: folds 
luckytom94: raises $1 to $2
Magnodive: folds 
xcinaz: folds 
50CandyJoe: folds 
Uncalled bet ($1) returned to luckytom94
luckytom94 collected $2.50 from pot
*** SUMMARY ***
Total pot $2.50 | Rake $0 
Seat 1: xcinaz (small blind) folded before Flop
Seat 2: 50CandyJoe (big blind) folded before Flop
Seat 3: Rysiff folded before Flop (didn't bet)
Seat 4: sutata folded before Flop (didn't bet)
Seat 5: luckytom94 collected ($2.50)
Seat 6: Magnodive (button) folded before Flop (didn't bet)



PokerStars Hand #254698662392:  Hold'em No Limit ($0.50/$1.00 USD) - 2025/02/04 4:04:13 WET [2025/02/03 23:04:13 ET]
Table 'Bojeva' 6-max Seat #1 is the button
Seat 1: xcinaz ($106.73 in chips) 
Seat 2: 50CandyJoe ($108.56 in chips) 
Seat 3: Rysiff ($104 in chips) 
Seat 4: sutata ($144.61 in chips) 
Seat 5: luckytom94 ($157.19 in chips) 
Seat 6: Magnodive ($100 in chips) 
50CandyJoe: posts small blind $0.50
Rysiff: posts big blind $1
*** HOLE CARDS ***
sutata: raises $1.50 to $2.50
luckytom94: folds 
Magnodive: folds 
xcinaz: folds 
50CandyJoe: folds 
Rysiff: folds 
Uncalled bet ($1.50) returned to sutata
sutata collected $2.50 from pot
sutata: doesn't show hand 
*** SUMMARY ***
Total pot $2.50 | Rake $0 
Seat 1: xcinaz (button) folded before Flop (didn't bet)
Seat 2: 50CandyJoe (small blind) folded before Flop
Seat 3: Rysiff (big blind) folded before Flop
Seat 4: sutata collected ($2.50)
Seat 5: luckytom94 folded before Flop (didn't bet)
Seat 6: Magnodive folded before Flop (didn't bet)



PokerStars Hand #254698664026:  Hold'em No Limit ($0.50/$1.00 USD) - 2025/02/04 4:04:28 WET [2025/02/03 23:04:28 ET]
Table 'Bojeva' 6-max Seat #2 is the button
Seat 1: xcinaz ($106.73 in chips) 
Seat 2: 50CandyJoe ($108.06 in chips) 
Seat 3: Rysiff ($103 in chips) 
Seat 4: sutata ($146.11 in chips) 
Seat 5: luckytom94 ($157.19 in chips) 
Seat 6: Magnodive ($100 in chips) 
Rysiff: posts small blind $0.50
sutata: posts big blind $1
*** HOLE CARDS ***
luckytom94: folds 
Magnodive: folds 
xcinaz: folds 
50CandyJoe: folds 
Rysiff: folds 
Uncalled bet ($0.50) returned to sutata
sutata collected $1 from pot
sutata: doesn't show hand 
*** SUMMARY ***
Total pot $1 | Rake $0 
Seat 1: xcinaz folded before Flop (didn't bet)
Seat 2: 50CandyJoe (button) folded before Flop (didn't bet)
Seat 3: Rysiff (small blind) folded before Flop
Seat 4: sutata (big blind) collected ($1)
Seat 5: luckytom94 folded before Flop (didn't bet)
Seat 6: Magnodive folded before Flop (didn't bet)



PokerStars Hand #254698665453:  Hold'em No Limit ($0.50/$1.00 USD) - 2025/02/04 4:04:41 WET [2025/02/03 23:04:41 ET]
Table 'Bojeva' 6-max Seat #3 is the button
Seat 1: xcinaz ($106.73 in chips) 
Seat 2: 50CandyJoe ($108.06 in chips) 
Seat 3: Rysiff ($102.50 in chips) 
Seat 4: sutata ($146.61 in chips) 
Seat 5: luckytom94 ($157.19 in chips) 
Seat 6: Magnodive ($100 in chips) 
sutata: posts small blind $0.50
luckytom94: posts big blind $1
*** HOLE CARDS ***
Magnodive: folds 
xcinaz: folds 
50CandyJoe: folds 
Rysiff: folds 
sutata: folds 
Uncalled bet ($0.50) returned to luckytom94
luckytom94 collected $1 from pot
*** SUMMARY ***
Total pot $1 | Rake $0 
Seat 1: xcinaz folded before Flop (didn't bet)
Seat 2: 50CandyJoe folded before Flop (didn't bet)
Seat 3: Rysiff (button) folded before Flop (didn't bet)
Seat 4: sutata (small blind) folded before Flop
Seat 5: luckytom94 (big blind) collected ($1)
Seat 6: Magnodive folded before Flop (didn't bet)



PokerStars Hand #254698666705:  Hold'em No Limit ($0.50/$1.00 USD) - 2025/02/04 4:04:53 WET [2025/02/03 23:04:53 ET]
Table 'Bojeva' 6-max Seat #4 is the button
Seat 1: xcinaz ($106.73 in chips) 
Seat 2: 50CandyJoe ($108.06 in chips) 
Seat 3: Rysiff ($102.50 in chips) 
Seat 4: sutata ($146.11 in chips) 
Seat 5: luckytom94 ($157.69 in chips) 
Seat 6: Magnodive ($100 in chips) 
luckytom94: posts small blind $0.50
Magnodive: posts big blind $1
*** HOLE CARDS ***
xcinaz: folds 
50CandyJoe: folds 
Rysiff: raises $1.50 to $2.50
sutata: calls $2.50
luckytom94: calls $2
Magnodive: folds 
*** FLOP *** [6d Th Jc]
luckytom94: checks 
Rysiff: checks 
sutata: bets $6.14
luckytom94: calls $6.14
Rysiff: folds 
*** TURN *** [6d Th Jc] [Ks]
luckytom94: bets $9
sutata: calls $9
*** RIVER *** [6d Th Jc Ks] [Td]
luckytom94: checks 
sutata: bets $29
luckytom94: folds 
Uncalled bet ($29) returned to sutata
sutata collected $36.84 from pot
sutata: doesn't show hand 
*** SUMMARY ***
Total pot $38.78 | Rake $1.94 
Board [6d Th Jc Ks Td]
Seat 1: xcinaz folded before Flop (didn't bet)
Seat 2: 50CandyJoe folded before Flop (didn't bet)
Seat 3: Rysiff folded on the Flop
Seat 4: sutata (button) collected ($36.84)
Seat 5: luckytom94 (small blind) folded on the River
Seat 6: Magnodive (big blind) folded before Flop



PokerStars Hand #254698672703:  Hold'em No Limit ($0.50/$1.00 USD) - 2025/02/04 4:05:51 WET [2025/02/03 23:05:51 ET]
Table 'Bojeva' 6-max Seat #5 is the button
Seat 1: xcinaz ($106.73 in chips) 
Seat 2: 50CandyJoe ($108.06 in chips) 
Seat 3: Rysiff ($100 in chips) 
Seat 4: sutata ($165.31 in chips) 
Seat 5: luckytom94 ($140.05 in chips) 
Seat 6: Magnodive ($100 in chips) 
Magnodive: posts small blind $0.50
xcinaz: posts big blind $1
*** HOLE CARDS ***
50CandyJoe: folds 
Rysiff: folds 
sutata: folds 
luckytom94: folds 
Magnodive: raises $2 to $3
xcinaz: folds 
Uncalled bet ($2) returned to Magnodive
Magnodive collected $2 from pot
Magnodive: doesn't show hand 
*** SUMMARY ***
Total pot $2 | Rake $0 
Seat 1: xcinaz (big blind) folded before Flop
Seat 2: 50CandyJoe folded before Flop (didn't bet)
Seat 3: Rysiff folded before Flop (didn't bet)
Seat 4: sutata folded before Flop (didn't bet)
Seat 5: luckytom94 (button) folded before Flop (didn't bet)
Seat 6: Magnodive (small blind) collected ($2)



PokerStars Hand #254698674375:  Hold'em No Limit ($0.50/$1.00 USD) - 2025/02/04 4:06:08 WET [2025/02/03 23:06:08 ET]
Table 'Bojeva' 6-max Seat #6 is the button
Seat 1: xcinaz ($105.73 in chips) 
Seat 2: 50CandyJoe ($108.06 in chips) 
Seat 3: Rysiff ($100 in chips) 
Seat 4: sutata ($165.31 in chips) 
Seat 5: luckytom94 ($140.05 in chips) 
Seat 6: Magnodive ($101 in chips) 
xcinaz: posts small blind $0.50
50CandyJoe: posts big blind $1
*** HOLE CARDS ***
Rysiff: raises $1.50 to $2.50
sutata: folds 
luckytom94: folds 
Magnodive: folds 
xcinaz: folds 
50CandyJoe: folds 
Uncalled bet ($1.50) returned to Rysiff
Rysiff collected $2.50 from pot
Rysiff: doesn't show hand 
*** SUMMARY ***
Total pot $2.50 | Rake $0 
Seat 1: xcinaz (small blind) folded before Flop
Seat 2: 50CandyJoe (big blind) folded before Flop
Seat 3: Rysiff collected ($2.50)
Seat 4: sutata folded before Flop (didn't bet)
Seat 5: luckytom94 folded before Flop (didn't bet)
Seat 6: Magnodive (button) folded before Flop (didn't bet)



PokerStars Hand #254698676917:  Hold'em No Limit ($0.50/$1.00 USD) - 2025/02/04 4:06:33 WET [2025/02/03 23:06:33 ET]
Table 'Bojeva' 6-max Seat #1 is the button
Seat 1: xcinaz ($105.23 in chips) 
Seat 2: 50CandyJoe ($107.06 in chips) 
Seat 3: Rysiff ($101.50 in chips) 
Seat 4: sutata ($165.31 in chips) 
Seat 5: luckytom94 ($140.05 in chips) 
Seat 6: Magnodive ($101 in chips) 
50CandyJoe: posts small blind $0.50
Rysiff: posts big blind $1
*** HOLE CARDS ***
sutata: raises $1.50 to $2.50
luckytom94: raises $2.50 to $5
Magnodive: folds 
xcinaz: folds 
50CandyJoe: folds 
Rysiff: folds 
sutata: calls $2.50
*** FLOP *** [9s 4c 8d]
sutata: checks 
luckytom94: bets $5
sutata: calls $5
*** TURN *** [9s 4c 8d] [Qs]
sutata: checks 
luckytom94: bets $10
sutata: calls $10
*** RIVER *** [9s 4c 8d Qs] [Ts]
sutata: checks 
luckytom94: checks 
*** SHOW DOWN ***
sutata: shows [3h 3c] (a pair of Threes)
luckytom94: mucks hand 
sutata collected $39.42 from pot
*** SUMMARY ***
Total pot $41.50 | Rake $2.08 
Board [9s 4c 8d Qs Ts]
Seat 1: xcinaz (button) folded before Flop (didn't bet)
Seat 2: 50CandyJoe (small blind) folded before Flop
Seat 3: Rysiff (big blind) folded before Flop
Seat 4: sutata showed [3h 3c] and won ($39.42) with a pair of Threes
Seat 5: luckytom94 mucked
Seat 6: Magnodive folded before Flop (didn't bet)



PokerStars Hand #254698683287:  Hold'em No Limit ($0.50/$1.00 USD) - 2025/02/04 4:07:34 WET [2025/02/03 23:07:34 ET]
Table 'Bojeva' 6-max Seat #2 is the button
Seat 1: xcinaz ($105.23 in chips) 
Seat 2: 50CandyJoe ($106.56 in chips) 
Seat 3: Rysiff ($100.50 in chips) 
Seat 4: sutata ($184.73 in chips) 
Seat 5: luckytom94 ($120.05 in chips) 
Seat 6: Magnodive ($101 in chips) 
Rysiff: posts small blind $0.50
sutata: posts big blind $1
*** HOLE CARDS ***
luckytom94: folds 
Magnodive: folds 
xcinaz: folds 
50CandyJoe: folds 
Rysiff: raises $2 to $3
sutata: calls $2
*** FLOP *** [Qd 5h Kd]
Rysiff: bets $1.88
sutata: calls $1.88
*** TURN *** [Qd 5h Kd] [Th]
Rysiff: checks 
sutata: checks 
*** RIVER *** [Qd 5h Kd Th] [Jd]
Rysiff: bets $7.42
sutata: raises $172.43 to $179.85 and is all-in
Rysiff: folds 
Uncalled bet ($172.43) returned to sutata
sutata collected $23.37 from pot
sutata: doesn't show hand 
*** SUMMARY ***
Total pot $24.60 | Rake $1.23 
Board [Qd 5h Kd Th Jd]
Seat 1: xcinaz folded before Flop (didn't bet)
Seat 2: 50CandyJoe (button) folded before Flop (didn't bet)
Seat 3: Rysiff (small blind) folded on the River
Seat 4: sutata (big blind) collected ($23.37)
Seat 5: luckytom94 folded before Flop (didn't bet)
Seat 6: Magnodive folded before Flop (didn't bet)



PokerStars Hand #254698689746:  Hold'em No Limit ($0.50/$1.00 USD) - 2025/02/04 4:08:37 WET [2025/02/03 23:08:37 ET]
Table 'Bojeva' 6-max Seat #3 is the button
Seat 1: xcinaz ($105.23 in chips) 
Seat 2: 50CandyJoe ($106.56 in chips) 
Seat 3: Rysiff ($100 in chips) 
Seat 4: sutata ($195.80 in chips) 
Seat 5: luckytom94 ($120.05 in chips) 
Seat 6: Magnodive ($101 in chips) 
sutata: posts small blind $0.50
luckytom94: posts big blind $1
*** HOLE CARDS ***
Magnodive: folds 
xcinaz: folds 
50CandyJoe: raises $1.20 to $2.20
Rysiff: folds 
sutata: folds 
luckytom94: folds 
Uncalled bet ($1.20) returned to 50CandyJoe
50CandyJoe collected $2.50 from pot
50CandyJoe: doesn't show hand 
*** SUMMARY ***
Total pot $2.50 | Rake $0 
Seat 1: xcinaz folded before Flop (didn't bet)
Seat 2: 50CandyJoe collected ($2.50)
Seat 3: Rysiff (button) folded before Flop (didn't bet)
Seat 4: sutata (small blind) folded before Flop
Seat 5: luckytom94 (big blind) folded before Flop
Seat 6: Magnodive folded before Flop (didn't bet)



PokerStars Hand #254698690912:  Hold'em No Limit ($0.50/$1.00 USD) - 2025/02/04 4:08:49 WET [2025/02/03 23:08:49 ET]
Table 'Bojeva' 6-max Seat #4 is the button
Seat 1: xcinaz ($105.23 in chips) 
Seat 2: 50CandyJoe ($108.06 in chips) 
Seat 3: Rysiff ($100 in chips) 
Seat 4: sutata ($195.30 in chips) 
Seat 5: luckytom94 ($119.05 in chips) 
Seat 6: Magnodive ($101 in chips) 
luckytom94: posts small blind $0.50
Magnodive: posts big blind $1
*** HOLE CARDS ***
xcinaz: folds 
50CandyJoe: folds 
Rysiff: folds 
sutata: raises $2 to $3
luckytom94: folds 
Magnodive: raises $9 to $12
sutata: folds 
Uncalled bet ($9) returned to Magnodive
Magnodive collected $6.50 from pot
Magnodive: doesn't show hand 
*** SUMMARY ***
Total pot $6.50 | Rake $0 
Seat 1: xcinaz folded before Flop (didn't bet)
Seat 2: 50CandyJoe folded before Flop (didn't bet)
Seat 3: Rysiff folded before Flop (didn't bet)
Seat 4: sutata (button) folded before Flop
Seat 5: luckytom94 (small blind) folded before Flop
Seat 6: Magnodive (big blind) collected ($6.50)



PokerStars Hand #254698693062:  Hold'em No Limit ($0.50/$1.00 USD) - 2025/02/04 4:09:10 WET [2025/02/03 23:09:10 ET]
Table 'Bojeva' 6-max Seat #5 is the button
Seat 1: xcinaz ($105.23 in chips) 
Seat 2: 50CandyJoe ($108.06 in chips) 
Seat 3: Rysiff ($100 in chips) 
Seat 4: sutata ($192.30 in chips) 
Seat 5: luckytom94 ($118.55 in chips) 
Seat 6: Magnodive ($104.50 in chips) 
Magnodive: posts small blind $0.50
xcinaz: posts big blind $1
*** HOLE CARDS ***
50CandyJoe: raises $1.20 to $2.20
Rysiff: raises $4.80 to $7
sutata: folds 
luckytom94: calls $7
Magnodive: folds 
xcinaz: folds 
50CandyJoe: folds 
*** FLOP *** [7c 5d Qc]
Rysiff: checks 
luckytom94: checks 
*** TURN *** [7c 5d Qc] [2d]
Rysiff: checks 
luckytom94: checks 
*** RIVER *** [7c 5d Qc 2d] [2h]
Rysiff: bets $5.55
luckytom94: raises $17.55 to $23.10
Rysiff: calls $17.55
*** SHOW DOWN ***
luckytom94: shows [9h Jh] (a pair of Deuces)
Rysiff: shows [Ad Kc] (a pair of Deuces - Ace kicker)
Rysiff collected $61.40 from pot
*** SUMMARY ***
Total pot $63.90 | Rake $2.50 
Board [7c 5d Qc 2d 2h]
Seat 1: xcinaz (big blind) folded before Flop
Seat 2: 50CandyJoe folded before Flop
Seat 3: Rysiff showed [Ad Kc] and won ($61.40) with a pair of Deuces
Seat 4: sutata folded before Flop (didn't bet)
Seat 5: luckytom94 (button) showed [9h Jh] and lost with a pair of Deuces
Seat 6: Magnodive (small blind) folded before Flop



PokerStars Hand #254698696832:  Hold'em No Limit ($0.50/$1.00 USD) - 2025/02/04 4:09:47 WET [2025/02/03 23:09:47 ET]
Table 'Bojeva' 6-max Seat #6 is the button
Seat 1: xcinaz ($104.23 in chips) 
Seat 2: 50CandyJoe ($105.86 in chips) 
Seat 3: Rysiff ($131.30 in chips) 
Seat 4: sutata ($192.30 in chips) 
Seat 5: luckytom94 ($88.45 in chips) 
Seat 6: Magnodive ($104 in chips) 
xcinaz: posts small blind $0.50
50CandyJoe: posts big blind $1
*** HOLE CARDS ***
Rysiff: folds 
sutata: folds 
luckytom94: raises $1 to $2
Magnodive: raises $5.50 to $7.50
xcinaz: folds 
50CandyJoe: folds 
luckytom94: calls $5.50
*** FLOP *** [2s 5h Qs]
luckytom94: checks 
Magnodive: checks 
*** TURN *** [2s 5h Qs] [9s]
luckytom94: bets $1
Magnodive: raises $11 to $12
luckytom94: calls $11
*** RIVER *** [2s 5h Qs 9s] [2h]
luckytom94: checks 
Magnodive: bets $19.24
luckytom94: folds 
Uncalled bet ($19.24) returned to Magnodive
Magnodive collected $38.48 from pot
Magnodive: doesn't show hand 
*** SUMMARY ***
Total pot $40.50 | Rake $2.02 
Board [2s 5h Qs 9s 2h]
Seat 1: xcinaz (small blind) folded before Flop
Seat 2: 50CandyJoe (big blind) folded before Flop
Seat 3: Rysiff folded before Flop (didn't bet)
Seat 4: sutata folded before Flop (didn't bet)
Seat 5: luckytom94 folded on the River
Seat 6: Magnodive (button) collected ($38.48)



PokerStars Hand #254698702686:  Hold'em No Limit ($0.50/$1.00 USD) - 2025/02/04 4:10:45 WET [2025/02/03 23:10:45 ET]
Table 'Bojeva' 6-max Seat #1 is the button
Seat 1: xcinaz ($103.73 in chips) 
Seat 2: 50CandyJoe ($104.86 in chips) 
Seat 3: Rysiff ($131.30 in chips) 
Seat 4: sutata ($192.30 in chips) 
Seat 5: luckytom94 ($68.95 in chips) 
Seat 6: Magnodive ($122.98 in chips) 
50CandyJoe: posts small blind $0.50
Rysiff: posts big blind $1
*** HOLE CARDS ***
sutata: folds 
luckytom94: folds 
luckytom94 leaves the table
Magnodive: raises $1.50 to $2.50
xcinaz: folds 
50CandyJoe: folds 
Rysiff: folds 
Uncalled bet ($1.50) returned to Magnodive
Magnodive collected $2.50 from pot
Magnodive: doesn't show hand 
*** SUMMARY ***
Total pot $2.50 | Rake $0 
Seat 1: xcinaz (button) folded before Flop (didn't bet)
Seat 2: 50CandyJoe (small blind) folded before Flop
Seat 3: Rysiff (big blind) folded before Flop
Seat 4: sutata folded before Flop (didn't bet)
Seat 5: luckytom94 folded before Flop (didn't bet)
Seat 6: Magnodive collected ($2.50)



PokerStars Hand #254698706018:  Hold'em No Limit ($0.50/$1.00 USD) - 2025/02/04 4:11:18 WET [2025/02/03 23:11:18 ET]
Table 'Bojeva' 6-max Seat #2 is the button
Seat 4: sutata ($192.30 in chips) is sitting out
Seat 6: Magnodive ($124.48 in chips) is sitting out
Seat 1: xcinaz ($103.73 in chips) 
Seat 2: 50CandyJoe ($104.36 in chips) 
Seat 3: Rysiff ($130.30 in chips) 
Rysiff: posts small blind $0.50
sutata: is sitting out 
Magnodive: is sitting out 
xcinaz: posts big blind $1
*** HOLE CARDS ***
50CandyJoe: folds 
Rysiff: folds 
Uncalled bet ($0.50) returned to xcinaz
xcinaz collected $1 from pot
xcinaz: doesn't show hand 
*** SUMMARY ***
Total pot $1 | Rake $0 
Seat 4: sutata
Seat 6: Magnodive
Seat 1: xcinaz (big blind) collected ($1)
Seat 2: 50CandyJoe (button) folded before Flop (didn't bet)
Seat 3: Rysiff (small blind) folded before Flop



PokerStars Hand #254698706692:  Hold'em No Limit ($0.50/$1.00 USD) - 2025/02/04 4:11:24 WET [2025/02/03 23:11:24 ET]
Table 'Bojeva' 6-max Seat #3 is the button
Seat 6: Magnodive ($124.48 in chips) is sitting out
Seat 1: xcinaz ($104.23 in chips) 
Seat 2: 50CandyJoe ($104.36 in chips) 
Seat 3: Rysiff ($129.80 in chips) 
sutata leaves the table
xcinaz: posts small blind $0.50
50CandyJoe: posts big blind $1
*** HOLE CARDS ***
Rysiff: raises $1.50 to $2.50
xcinaz: folds 
50CandyJoe: calls $1.50
*** FLOP *** [Jd 7d 2c]
50CandyJoe: checks 
Rysiff: checks 
*** TURN *** [Jd 7d 2c] [4d]
Magnodive leaves the table
50CandyJoe: bets $3.45
Rysiff: raises $8.55 to $12
50CandyJoe: folds 
Uncalled bet ($8.55) returned to Rysiff
Rysiff collected $11.78 from pot
Rysiff: doesn't show hand 
*** SUMMARY ***
Total pot $12.40 | Rake $0.62 
Board [Jd 7d 2c 4d]
Seat 6: Magnodive
Seat 1: xcinaz (small blind) folded before Flop
Seat 2: 50CandyJoe (big blind) folded on the Turn
Seat 3: Rysiff (button) collected ($11.78)



