PokerStars Hand #254699763806:  Hold'em No Limit ($0.50/$1.00 USD) - 2025/02/04 8:00:39 WET [2025/02/04 3:00:39 ET]
Table 'Cebriones' 6-max Seat #1 is the button
Seat 4: ptolejmus ($10 in chips) is sitting out
Seat 1: florin40190 ($39.67 in chips) 
Seat 2: m0nTTu ($10 in chips) 
Seat 3: NOTfishON ($100 in chips) 
Seat 5: peak joker33 ($101.50 in chips) 
m0nTTu: posts small blind $0.50
NOTfishON: posts big blind $1
ptolejmus: sits out 
*** HOLE CARDS ***
peak joker33: folds 
florin40190: folds 
m0nTTu: raises $9 to $10 and is all-in
NOTfishON: folds 
Uncalled bet ($9) returned to m0nTTu
m0nTTu collected $2 from pot
m0nTTu: doesn't show hand 
*** SUMMARY ***
Total pot $2 | Rake $0 
Seat 4: ptolejmus
Seat 1: florin40190 (button) folded before Flop (didn't bet)
Seat 2: m0nTTu (small blind) collected ($2)
Seat 3: NOTfishON (big blind) folded before Flop
Seat 5: peak joker33 folded before Flop (didn't bet)



PokerStars Hand #254699764687:  Hold'em No Limit ($0.50/$1.00 USD) - 2025/02/04 8:00:52 WET [2025/02/04 3:00:52 ET]
Table 'Cebriones' 6-max Seat #2 is the button
Seat 1: florin40190 ($39.67 in chips) 
Seat 2: m0nTTu ($11 in chips) 
Seat 3: NOTfishON ($100 in chips) 
Seat 4: ptolejmus ($10 in chips) 
Seat 5: peak joker33 ($101.50 in chips) 
NOTfishON: posts small blind $0.50
ptolejmus: posts big blind $1
*** HOLE CARDS ***
peak joker33: raises $1.50 to $2.50
florin40190: folds 
m0nTTu: folds 
NOTfishON: folds 
ptolejmus: folds 
Uncalled bet ($1.50) returned to peak joker33
peak joker33 collected $2.50 from pot
peak joker33: doesn't show hand 
*** SUMMARY ***
Total pot $2.50 | Rake $0 
Seat 1: florin40190 folded before Flop (didn't bet)
Seat 2: m0nTTu (button) folded before Flop (didn't bet)
Seat 3: NOTfishON (small blind) folded before Flop
Seat 4: ptolejmus (big blind) folded before Flop
Seat 5: peak joker33 collected ($2.50)



PokerStars Hand #254699766479:  Hold'em No Limit ($0.50/$1.00 USD) - 2025/02/04 8:01:16 WET [2025/02/04 3:01:16 ET]
Table 'Cebriones' 6-max Seat #3 is the button
Seat 1: florin40190 ($39.67 in chips) 
Seat 2: m0nTTu ($11 in chips) 
Seat 3: NOTfishON ($100 in chips) 
Seat 4: ptolejmus ($10 in chips) 
Seat 5: peak joker33 ($103 in chips) 
ptolejmus: posts small blind $0.50
peak joker33: posts big blind $1
*** HOLE CARDS ***
florin40190: folds 
m0nTTu: folds 
florin40190 leaves the table
NOTfishON: folds 
ptolejmus: raises $2 to $3
peak joker33: folds 
Uncalled bet ($2) returned to ptolejmus
ptolejmus collected $2 from pot
*** SUMMARY ***
Total pot $2 | Rake $0 
Seat 1: florin40190 folded before Flop (didn't bet)
Seat 2: m0nTTu folded before Flop (didn't bet)
Seat 3: NOTfishON (button) folded before Flop (didn't bet)
Seat 4: ptolejmus (small blind) collected ($2)
Seat 5: peak joker33 (big blind) folded before Flop



PokerStars Hand #254699768221:  Hold'em No Limit ($0.50/$1.00 USD) - 2025/02/04 8:01:40 WET [2025/02/04 3:01:40 ET]
Table 'Cebriones' 6-max Seat #4 is the button
Seat 2: m0nTTu ($11 in chips) 
Seat 3: NOTfishON ($100 in chips) 
Seat 4: ptolejmus ($11 in chips) 
Seat 5: peak joker33 ($102 in chips) 
peak joker33: posts small blind $0.50
m0nTTu: posts big blind $1
*** HOLE CARDS ***
NOTfishON: folds 
ptolejmus: raises $1 to $2
peak joker33: folds 
m0nTTu: folds 
Uncalled bet ($1) returned to ptolejmus
ptolejmus collected $2.50 from pot
*** SUMMARY ***
Total pot $2.50 | Rake $0 
Seat 2: m0nTTu (big blind) folded before Flop
Seat 3: NOTfishON folded before Flop (didn't bet)
Seat 4: ptolejmus (button) collected ($2.50)
Seat 5: peak joker33 (small blind) folded before Flop



PokerStars Hand #254700044710:  Hold'em No Limit ($0.50/$1.00 USD) - 2025/02/04 9:00:13 WET [2025/02/04 4:00:13 ET]
Table 'Cebriones' 6-max Seat #4 is the button
Seat 1: Y_19 ($100 in chips) 
Seat 2: NikoPale ($100 in chips) 
Seat 3: AlexEliseev7 ($100 in chips) 
Seat 4: raketkasix ($100 in chips) 
Seat 5: Felix9Kreuz ($60.57 in chips) 
Seat 6: OrgazmPoint ($10 in chips) 
Felix9Kreuz: posts small blind $0.50
OrgazmPoint: posts big blind $1
*** HOLE CARDS ***
Y_19: folds 
NikoPale: raises $2 to $3
AlexEliseev7: folds 
raketkasix: folds 
Felix9Kreuz: folds 
OrgazmPoint: folds 
Uncalled bet ($2) returned to NikoPale
NikoPale collected $2.50 from pot
NikoPale: doesn't show hand 
*** SUMMARY ***
Total pot $2.50 | Rake $0 
Seat 1: Y_19 folded before Flop (didn't bet)
Seat 2: NikoPale collected ($2.50)
Seat 3: AlexEliseev7 folded before Flop (didn't bet)
Seat 4: raketkasix (button) folded before Flop (didn't bet)
Seat 5: Felix9Kreuz (small blind) folded before Flop
Seat 6: OrgazmPoint (big blind) folded before Flop



PokerStars Hand #254700046889:  Hold'em No Limit ($0.50/$1.00 USD) - 2025/02/04 9:00:43 WET [2025/02/04 4:00:43 ET]
Table 'Cebriones' 6-max Seat #5 is the button
Seat 1: Y_19 ($100 in chips) 
Seat 2: NikoPale ($101.50 in chips) 
Seat 3: AlexEliseev7 ($100 in chips) 
Seat 4: raketkasix ($100 in chips) 
Seat 5: Felix9Kreuz ($60.07 in chips) 
Seat 6: OrgazmPoint ($9 in chips) 
OrgazmPoint: posts small blind $0.50
Y_19: posts big blind $1
*** HOLE CARDS ***
NikoPale: folds 
AlexEliseev7: folds 
raketkasix: raises $1.50 to $2.50
Felix9Kreuz: folds 
OrgazmPoint: folds 
Y_19: folds 
Uncalled bet ($1.50) returned to raketkasix
raketkasix collected $2.50 from pot
raketkasix: doesn't show hand 
*** SUMMARY ***
Total pot $2.50 | Rake $0 
Seat 1: Y_19 (big blind) folded before Flop
Seat 2: NikoPale folded before Flop (didn't bet)
Seat 3: AlexEliseev7 folded before Flop (didn't bet)
Seat 4: raketkasix collected ($2.50)
Seat 5: Felix9Kreuz (button) folded before Flop (didn't bet)
Seat 6: OrgazmPoint (small blind) folded before Flop



PokerStars Hand #254700049682:  Hold'em No Limit ($0.50/$1.00 USD) - 2025/02/04 9:01:17 WET [2025/02/04 4:01:17 ET]
Table 'Cebriones' 6-max Seat #6 is the button
Seat 1: Y_19 ($100 in chips) 
Seat 2: NikoPale ($101.50 in chips) 
Seat 3: AlexEliseev7 ($100 in chips) 
Seat 4: raketkasix ($101.50 in chips) 
Seat 5: Felix9Kreuz ($60.07 in chips) 
Seat 6: OrgazmPoint ($8.50 in chips) 
Y_19: posts small blind $0.50
NikoPale: posts big blind $1
*** HOLE CARDS ***
AlexEliseev7: folds 
raketkasix: folds 
Felix9Kreuz: calls $1
OrgazmPoint: folds 
Y_19: raises $4 to $5
NikoPale: folds 
Felix9Kreuz: calls $4
*** FLOP *** [6s 8c 7s]
Y_19: checks 
Felix9Kreuz: bets $5.23
Y_19: calls $5.23
*** TURN *** [6s 8c 7s] [3h]
Y_19: checks 
Felix9Kreuz: bets $10.20
Y_19: folds 
Uncalled bet ($10.20) returned to Felix9Kreuz
Felix9Kreuz collected $20.39 from pot
*** SUMMARY ***
Total pot $21.46 | Rake $1.07 
Board [6s 8c 7s 3h]
Seat 1: Y_19 (small blind) folded on the Turn
Seat 2: NikoPale (big blind) folded before Flop
Seat 3: AlexEliseev7 folded before Flop (didn't bet)
Seat 4: raketkasix folded before Flop (didn't bet)
Seat 5: Felix9Kreuz collected ($20.39)
Seat 6: OrgazmPoint (button) folded before Flop (didn't bet)



PokerStars Hand #254700054378:  Hold'em No Limit ($0.50/$1.00 USD) - 2025/02/04 9:02:11 WET [2025/02/04 4:02:11 ET]
Table 'Cebriones' 6-max Seat #1 is the button
Seat 1: Y_19 ($100 in chips) 
Seat 2: NikoPale ($100.50 in chips) 
Seat 3: AlexEliseev7 ($100 in chips) 
Seat 4: raketkasix ($101.50 in chips) 
Seat 5: Felix9Kreuz ($70.23 in chips) 
Seat 6: OrgazmPoint ($8.50 in chips) 
NikoPale: posts small blind $0.50
AlexEliseev7: posts big blind $1
*** HOLE CARDS ***
raketkasix: raises $1.50 to $2.50
Felix9Kreuz: folds 
OrgazmPoint: folds 
Y_19: folds 
NikoPale: folds 
AlexEliseev7: folds 
Uncalled bet ($1.50) returned to raketkasix
raketkasix collected $2.50 from pot
raketkasix: doesn't show hand 
*** SUMMARY ***
Total pot $2.50 | Rake $0 
Seat 1: Y_19 (button) folded before Flop (didn't bet)
Seat 2: NikoPale (small blind) folded before Flop
Seat 3: AlexEliseev7 (big blind) folded before Flop
Seat 4: raketkasix collected ($2.50)
Seat 5: Felix9Kreuz folded before Flop (didn't bet)
Seat 6: OrgazmPoint folded before Flop (didn't bet)



PokerStars Hand #254700056192:  Hold'em No Limit ($0.50/$1.00 USD) - 2025/02/04 9:02:32 WET [2025/02/04 4:02:32 ET]
Table 'Cebriones' 6-max Seat #2 is the button
Seat 1: Y_19 ($100 in chips) 
Seat 2: NikoPale ($100 in chips) 
Seat 3: AlexEliseev7 ($100 in chips) 
Seat 4: raketkasix ($103 in chips) 
Seat 5: Felix9Kreuz ($70.23 in chips) 
Seat 6: OrgazmPoint ($8.50 in chips) 
AlexEliseev7: posts small blind $0.50
raketkasix: posts big blind $1
*** HOLE CARDS ***
Felix9Kreuz: folds 
OrgazmPoint: raises $7.50 to $8.50 and is all-in
Y_19: folds 
NikoPale: folds 
AlexEliseev7: folds 
raketkasix: folds 
Uncalled bet ($7.50) returned to OrgazmPoint
OrgazmPoint collected $2.50 from pot
*** SUMMARY ***
Total pot $2.50 | Rake $0 
Seat 1: Y_19 folded before Flop (didn't bet)
Seat 2: NikoPale (button) folded before Flop (didn't bet)
Seat 3: AlexEliseev7 (small blind) folded before Flop
Seat 4: raketkasix (big blind) folded before Flop
Seat 5: Felix9Kreuz folded before Flop (didn't bet)
Seat 6: OrgazmPoint collected ($2.50)



PokerStars Hand #254700057572:  Hold'em No Limit ($0.50/$1.00 USD) - 2025/02/04 9:02:49 WET [2025/02/04 4:02:49 ET]
Table 'Cebriones' 6-max Seat #3 is the button
Seat 1: Y_19 ($100 in chips) 
Seat 2: NikoPale ($100 in chips) 
Seat 3: AlexEliseev7 ($100 in chips) 
Seat 4: raketkasix ($102 in chips) 
Seat 5: Felix9Kreuz ($70.23 in chips) 
Seat 6: OrgazmPoint ($10 in chips) 
raketkasix: posts small blind $0.50
Felix9Kreuz: posts big blind $1
*** HOLE CARDS ***
OrgazmPoint: folds 
Y_19: folds 
NikoPale: folds 
AlexEliseev7: folds 
raketkasix: raises $2 to $3
Felix9Kreuz: calls $2
*** FLOP *** [Kc 4c 6s]
raketkasix: checks 
Felix9Kreuz: checks 
*** TURN *** [Kc 4c 6s] [Ks]
raketkasix: checks 
Felix9Kreuz: checks 
*** RIVER *** [Kc 4c 6s Ks] [5d]
raketkasix: checks 
Felix9Kreuz: checks 
*** SHOW DOWN ***
raketkasix: shows [As 7d] (a pair of Kings)
Felix9Kreuz: mucks hand 
raketkasix collected $5.70 from pot
*** SUMMARY ***
Total pot $6 | Rake $0.30 
Board [Kc 4c 6s Ks 5d]
Seat 1: Y_19 folded before Flop (didn't bet)
Seat 2: NikoPale folded before Flop (didn't bet)
Seat 3: AlexEliseev7 (button) folded before Flop (didn't bet)
Seat 4: raketkasix (small blind) showed [As 7d] and won ($5.70) with a pair of Kings
Seat 5: Felix9Kreuz (big blind) mucked
Seat 6: OrgazmPoint folded before Flop (didn't bet)



PokerStars Hand #254700062407:  Hold'em No Limit ($0.50/$1.00 USD) - 2025/02/04 9:03:44 WET [2025/02/04 4:03:44 ET]
Table 'Cebriones' 6-max Seat #4 is the button
Seat 1: Y_19 ($100 in chips) 
Seat 2: NikoPale ($100 in chips) 
Seat 3: AlexEliseev7 ($100 in chips) 
Seat 4: raketkasix ($104.70 in chips) 
Seat 5: Felix9Kreuz ($67.23 in chips) 
Seat 6: OrgazmPoint ($10 in chips) 
Felix9Kreuz: posts small blind $0.50
OrgazmPoint: posts big blind $1
*** HOLE CARDS ***
Y_19: folds 
NikoPale: folds 
AlexEliseev7: folds 
raketkasix: folds 
Felix9Kreuz: folds 
Uncalled bet ($0.50) returned to OrgazmPoint
OrgazmPoint collected $1 from pot
*** SUMMARY ***
Total pot $1 | Rake $0 
Seat 1: Y_19 folded before Flop (didn't bet)
Seat 2: NikoPale folded before Flop (didn't bet)
Seat 3: AlexEliseev7 folded before Flop (didn't bet)
Seat 4: raketkasix (button) folded before Flop (didn't bet)
Seat 5: Felix9Kreuz (small blind) folded before Flop
Seat 6: OrgazmPoint (big blind) collected ($1)



PokerStars Hand #254700063959:  Hold'em No Limit ($0.50/$1.00 USD) - 2025/02/04 9:04:02 WET [2025/02/04 4:04:02 ET]
Table 'Cebriones' 6-max Seat #5 is the button
Seat 1: Y_19 ($100 in chips) 
Seat 2: NikoPale ($100 in chips) 
Seat 3: AlexEliseev7 ($100 in chips) 
Seat 4: raketkasix ($104.70 in chips) 
Seat 5: Felix9Kreuz ($66.73 in chips) 
Seat 6: OrgazmPoint ($10.50 in chips) 
OrgazmPoint: posts small blind $0.50
Y_19: posts big blind $1
*** HOLE CARDS ***
NikoPale: raises $1.50 to $2.50
AlexEliseev7: folds 
raketkasix: folds 
Felix9Kreuz: calls $2.50
OrgazmPoint: folds 
Y_19: folds 
*** FLOP *** [5h 9c 4h]
NikoPale: checks 
Felix9Kreuz: checks 
*** TURN *** [5h 9c 4h] [Kh]
NikoPale: bets $4.14
Felix9Kreuz: calls $4.14
*** RIVER *** [5h 9c 4h Kh] [Ts]
NikoPale: checks 
Felix9Kreuz: bets $14.04
NikoPale: folds 
Uncalled bet ($14.04) returned to Felix9Kreuz
Felix9Kreuz collected $14.04 from pot
*** SUMMARY ***
Total pot $14.78 | Rake $0.74 
Board [5h 9c 4h Kh Ts]
Seat 1: Y_19 (big blind) folded before Flop
Seat 2: NikoPale folded on the River
Seat 3: AlexEliseev7 folded before Flop (didn't bet)
Seat 4: raketkasix folded before Flop (didn't bet)
Seat 5: Felix9Kreuz (button) collected ($14.04)
Seat 6: OrgazmPoint (small blind) folded before Flop



PokerStars Hand #254700068497:  Hold'em No Limit ($0.50/$1.00 USD) - 2025/02/04 9:04:54 WET [2025/02/04 4:04:54 ET]
Table 'Cebriones' 6-max Seat #6 is the button
Seat 2: NikoPale ($100 in chips) is sitting out
Seat 1: Y_19 ($100 in chips) 
Seat 3: AlexEliseev7 ($100 in chips) 
Seat 4: raketkasix ($104.70 in chips) 
Seat 5: Felix9Kreuz ($74.13 in chips) 
Seat 6: OrgazmPoint ($10 in chips) 
Y_19: posts small blind $0.50
NikoPale: is sitting out 
AlexEliseev7: posts big blind $1
*** HOLE CARDS ***
NikoPale leaves the table
raketkasix: folds 
Felix9Kreuz: folds 
OrgazmPoint: folds 
Y_19: raises $2 to $3
AlexEliseev7: calls $2
*** FLOP *** [Td 8h 5h]
Y_19: checks 
fobot21 joins the table at seat #2 
AlexEliseev7: checks 
*** TURN *** [Td 8h 5h] [Qc]
Y_19: checks 
AlexEliseev7: checks 
*** RIVER *** [Td 8h 5h Qc] [4h]
Y_19: bets $2.85
AlexEliseev7: folds 
Uncalled bet ($2.85) returned to Y_19
Y_19 collected $5.70 from pot
Y_19: doesn't show hand 
*** SUMMARY ***
Total pot $6 | Rake $0.30 
Board [Td 8h 5h Qc 4h]
Seat 2: NikoPale
Seat 1: Y_19 (small blind) collected ($5.70)
Seat 3: AlexEliseev7 (big blind) folded on the River
Seat 4: raketkasix folded before Flop (didn't bet)
Seat 5: Felix9Kreuz folded before Flop (didn't bet)
Seat 6: OrgazmPoint (button) folded before Flop (didn't bet)



PokerStars Hand #254700075005:  Hold'em No Limit ($0.50/$1.00 USD) - 2025/02/04 9:06:10 WET [2025/02/04 4:06:10 ET]
Table 'Cebriones' 6-max Seat #1 is the button
Seat 2: fobot21 ($100 in chips) is sitting out
Seat 1: Y_19 ($102.70 in chips) 
Seat 3: AlexEliseev7 ($100 in chips) 
Seat 4: raketkasix ($104.70 in chips) 
Seat 5: Felix9Kreuz ($74.13 in chips) 
Seat 6: OrgazmPoint ($10 in chips) 
AlexEliseev7: posts small blind $0.50
raketkasix: posts big blind $1
*** HOLE CARDS ***
Felix9Kreuz: calls $1
OrgazmPoint: folds 
Y_19: folds 
AlexEliseev7: folds 
raketkasix: checks 
*** FLOP *** [8d Qh Jh]
raketkasix: checks 
Felix9Kreuz: checks 
*** TURN *** [8d Qh Jh] [6d]
raketkasix: checks 
Felix9Kreuz: bets $1
raketkasix: folds 
Uncalled bet ($1) returned to Felix9Kreuz
Felix9Kreuz collected $2.38 from pot
*** SUMMARY ***
Total pot $2.50 | Rake $0.12 
Board [8d Qh Jh 6d]
Seat 2: fobot21
Seat 1: Y_19 (button) folded before Flop (didn't bet)
Seat 3: AlexEliseev7 (small blind) folded before Flop
Seat 4: raketkasix (big blind) folded on the Turn
Seat 5: Felix9Kreuz collected ($2.38)
Seat 6: OrgazmPoint folded before Flop (didn't bet)



PokerStars Hand #254700080617:  Hold'em No Limit ($0.50/$1.00 USD) - 2025/02/04 9:07:15 WET [2025/02/04 4:07:15 ET]
Table 'Cebriones' 6-max Seat #3 is the button
Seat 2: fobot21 ($100 in chips) is sitting out
Seat 1: Y_19 ($102.70 in chips) 
Seat 3: AlexEliseev7 ($100 in chips) 
Seat 4: raketkasix ($103.70 in chips) 
Seat 5: Felix9Kreuz ($75.51 in chips) 
Seat 6: OrgazmPoint ($10 in chips) 
raketkasix: posts small blind $0.50
Felix9Kreuz: posts big blind $1
fobot21: sits out 
*** HOLE CARDS ***
OrgazmPoint: folds 
Y_19: folds 
AlexEliseev7: raises $1.50 to $2.50
raketkasix: folds 
Felix9Kreuz: folds 
Uncalled bet ($1.50) returned to AlexEliseev7
AlexEliseev7 collected $2.50 from pot
AlexEliseev7: doesn't show hand 
*** SUMMARY ***
Total pot $2.50 | Rake $0 
Seat 2: fobot21
Seat 1: Y_19 folded before Flop (didn't bet)
Seat 3: AlexEliseev7 (button) collected ($2.50)
Seat 4: raketkasix (small blind) folded before Flop
Seat 5: Felix9Kreuz (big blind) folded before Flop
Seat 6: OrgazmPoint folded before Flop (didn't bet)



PokerStars Hand #254700082289:  Hold'em No Limit ($0.50/$1.00 USD) - 2025/02/04 9:07:33 WET [2025/02/04 4:07:33 ET]
Table 'Cebriones' 6-max Seat #4 is the button
Seat 2: fobot21 ($100 in chips) is sitting out
Seat 1: Y_19 ($102.70 in chips) 
Seat 3: AlexEliseev7 ($101.50 in chips) 
Seat 4: raketkasix ($103.20 in chips) 
Seat 5: Felix9Kreuz ($74.51 in chips) 
Seat 6: OrgazmPoint ($10 in chips) 
Felix9Kreuz: posts small blind $0.50
OrgazmPoint: posts big blind $1
fobot21: sits out 
*** HOLE CARDS ***
Y_19: folds 
AlexEliseev7: raises $1.50 to $2.50
raketkasix: folds 
Felix9Kreuz: folds 
OrgazmPoint: folds 
Uncalled bet ($1.50) returned to AlexEliseev7
Felix9Kreuz leaves the table
AlexEliseev7 collected $2.50 from pot
AlexEliseev7: doesn't show hand 
*** SUMMARY ***
Total pot $2.50 | Rake $0 
Seat 2: fobot21
Seat 1: Y_19 folded before Flop (didn't bet)
Seat 3: AlexEliseev7 collected ($2.50)
Seat 4: raketkasix (button) folded before Flop (didn't bet)
Seat 5: Felix9Kreuz (small blind) folded before Flop
Seat 6: OrgazmPoint (big blind) folded before Flop



PokerStars Hand #254700084197:  Hold'em No Limit ($0.50/$1.00 USD) - 2025/02/04 9:07:55 WET [2025/02/04 4:07:55 ET]
Table 'Cebriones' 6-max Seat #6 is the button
Seat 1: Y_19 ($102.70 in chips) 
Seat 2: fobot21 ($100 in chips) 
Seat 3: AlexEliseev7 ($103 in chips) 
Seat 4: raketkasix ($103.20 in chips) 
Seat 6: OrgazmPoint ($9 in chips) 
Y_19: posts small blind $0.50
fobot21: posts big blind $1
*** HOLE CARDS ***
jeffy27dt1 joins the table at seat #5 
AlexEliseev7: folds 
raketkasix: folds 
OrgazmPoint: folds 
Y_19: raises $2 to $3
fobot21: raises $7 to $10
Y_19: raises $14.50 to $24.50
fobot21: raises $75.50 to $100 and is all-in
Y_19: folds 
Uncalled bet ($75.50) returned to fobot21
fobot21 collected $49 from pot
fobot21: doesn't show hand 
*** SUMMARY ***
Total pot $49 | Rake $0 
Seat 1: Y_19 (small blind) folded before Flop
Seat 2: fobot21 (big blind) collected ($49)
Seat 3: AlexEliseev7 folded before Flop (didn't bet)
Seat 4: raketkasix folded before Flop (didn't bet)
Seat 6: OrgazmPoint (button) folded before Flop (didn't bet)



PokerStars Hand #254700088316:  Hold'em No Limit ($0.50/$1.00 USD) - 2025/02/04 9:08:42 WET [2025/02/04 4:08:42 ET]
Table 'Cebriones' 6-max Seat #1 is the button
Seat 3: AlexEliseev7 ($103 in chips) is sitting out
Seat 5: jeffy27dt1 ($100 in chips) is sitting out
Seat 1: Y_19 ($100 in chips) 
Seat 2: fobot21 ($124.50 in chips) 
Seat 4: raketkasix ($103.20 in chips) 
Seat 6: OrgazmPoint ($9 in chips) 
fobot21: posts small blind $0.50
AlexEliseev7: is sitting out 
raketkasix: posts big blind $1
jeffy27dt1: sits out 
*** HOLE CARDS ***
OrgazmPoint: folds 
Y_19: raises $1.23 to $2.23
AlexEliseev7 leaves the table
fobot21: folds 
raketkasix: folds 
Uncalled bet ($1.23) returned to Y_19
Y_19 collected $2.50 from pot
Y_19: doesn't show hand 
*** SUMMARY ***
Total pot $2.50 | Rake $0 
Seat 3: AlexEliseev7
Seat 5: jeffy27dt1
Seat 1: Y_19 (button) collected ($2.50)
Seat 2: fobot21 (small blind) folded before Flop
Seat 4: raketkasix (big blind) folded before Flop
Seat 6: OrgazmPoint folded before Flop (didn't bet)



PokerStars Hand #254700089401:  Hold'em No Limit ($0.50/$1.00 USD) - 2025/02/04 9:08:54 WET [2025/02/04 4:08:54 ET]
Table 'Cebriones' 6-max Seat #2 is the button
Seat 1: Y_19 ($101.50 in chips) 
Seat 2: fobot21 ($124 in chips) 
Seat 4: raketkasix ($102.20 in chips) 
Seat 5: jeffy27dt1 ($100 in chips) 
Seat 6: OrgazmPoint ($9 in chips) 
raketkasix: posts small blind $0.50
jeffy27dt1: posts big blind $1
*** HOLE CARDS ***
OrgazmPoint: folds 
Y_19: folds 
fobot21: raises $1.50 to $2.50
raketkasix: folds 
jeffy27dt1: folds 
Uncalled bet ($1.50) returned to fobot21
fobot21 collected $2.50 from pot
fobot21: doesn't show hand 
*** SUMMARY ***
Total pot $2.50 | Rake $0 
Seat 1: Y_19 folded before Flop (didn't bet)
Seat 2: fobot21 (button) collected ($2.50)
Seat 4: raketkasix (small blind) folded before Flop
Seat 5: jeffy27dt1 (big blind) folded before Flop
Seat 6: OrgazmPoint folded before Flop (didn't bet)



PokerStars Hand #254700090573:  Hold'em No Limit ($0.50/$1.00 USD) - 2025/02/04 9:09:07 WET [2025/02/04 4:09:07 ET]
Table 'Cebriones' 6-max Seat #4 is the button
Seat 1: Y_19 ($101.50 in chips) 
Seat 2: fobot21 ($125.50 in chips) 
Seat 4: raketkasix ($101.70 in chips) 
Seat 5: jeffy27dt1 ($100 in chips) 
Seat 6: OrgazmPoint ($9 in chips) 
jeffy27dt1: posts small blind $0.50
OrgazmPoint: posts big blind $1
*** HOLE CARDS ***
Y_19: raises $1.23 to $2.23
fobot21: raises $5.27 to $7.50
raketkasix: folds 
jeffy27dt1: folds 
OrgazmPoint: folds 
Y_19: calls $5.27
*** FLOP *** [4c Ts 3s]
Y_19: checks 
fobot21: bets $8.47
Y_19: calls $8.47
*** TURN *** [4c Ts 3s] [4s]
Y_19: checks 
fobot21: checks 
*** RIVER *** [4c Ts 3s 4s] [Th]
Y_19: checks 
fobot21: checks 
*** SHOW DOWN ***
Y_19: shows [9h 9c] (two pair, Tens and Nines)
fobot21: shows [Qs Qc] (two pair, Queens and Tens)
fobot21 collected $31.77 from pot
*** SUMMARY ***
Total pot $33.44 | Rake $1.67 
Board [4c Ts 3s 4s Th]
Seat 1: Y_19 showed [9h 9c] and lost with two pair, Tens and Nines
Seat 2: fobot21 showed [Qs Qc] and won ($31.77) with two pair, Queens and Tens
Seat 4: raketkasix (button) folded before Flop (didn't bet)
Seat 5: jeffy27dt1 (small blind) folded before Flop
Seat 6: OrgazmPoint (big blind) folded before Flop



