PokerStars Hand #254702524890:  Hold'em No Limit ($0.50/$1.00 USD) - 2025/02/04 14:25:31 WET [2025/02/04 9:25:31 ET]
Table 'Euaimon II' 6-max Seat #2 is the button
Seat 1: treidei3 ($111.39 in chips) 
Seat 2: Aleqseuka ($100 in chips) 
Seat 3: 2g00d4youu ($100 in chips) 
Seat 4: jeffy27dt1 ($100 in chips) 
Seat 5: whlzor ($100 in chips) 
Seat 6: radibay ($42.80 in chips) 
2g00d4youu: posts small blind $0.50
jeffy27dt1: posts big blind $1
*** HOLE CARDS ***
whlzor: folds 
radibay: calls $1
treidei3: folds 
Aleqseuka: raises $3 to $4
2g00d4youu: folds 
jeffy27dt1: folds 
radibay: folds 
Uncalled bet ($3) returned to Aleqseuka
Aleqseuka collected $3.50 from pot
Aleqseuka: doesn't show hand 
*** SUMMARY ***
Total pot $3.50 | Rake $0 
Seat 1: treidei3 folded before Flop (didn't bet)
Seat 2: Aleqseuka (button) collected ($3.50)
Seat 3: 2g00d4youu (small blind) folded before Flop
Seat 4: jeffy27dt1 (big blind) folded before Flop
Seat 5: whlzor folded before Flop (didn't bet)
Seat 6: radibay folded before Flop



PokerStars Hand #254702528770:  Hold'em No Limit ($0.50/$1.00 USD) - 2025/02/04 14:25:54 WET [2025/02/04 9:25:54 ET]
Table 'Euaimon II' 6-max Seat #3 is the button
Seat 1: treidei3 ($111.39 in chips) 
Seat 2: Aleqseuka ($102.50 in chips) 
Seat 3: 2g00d4youu ($100 in chips) 
Seat 4: jeffy27dt1 ($100 in chips) 
Seat 5: whlzor ($100 in chips) 
Seat 6: radibay ($41.80 in chips) 
jeffy27dt1: posts small blind $0.50
whlzor: posts big blind $1
*** HOLE CARDS ***
radibay: folds 
treidei3: folds 
Aleqseuka: folds 
2g00d4youu: raises $1.50 to $2.50
jeffy27dt1: folds 
whlzor: calls $1.50
*** FLOP *** [8c 4s 2h]
whlzor: checks 
2g00d4youu: bets $3.92
whlzor: folds 
Uncalled bet ($3.92) returned to 2g00d4youu
2g00d4youu collected $5.22 from pot
2g00d4youu: doesn't show hand 
*** SUMMARY ***
Total pot $5.50 | Rake $0.28 
Board [8c 4s 2h]
Seat 1: treidei3 folded before Flop (didn't bet)
Seat 2: Aleqseuka folded before Flop (didn't bet)
Seat 3: 2g00d4youu (button) collected ($5.22)
Seat 4: jeffy27dt1 (small blind) folded before Flop
Seat 5: whlzor (big blind) folded on the Flop
Seat 6: radibay folded before Flop (didn't bet)



PokerStars Hand #254702535341:  Hold'em No Limit ($0.50/$1.00 USD) - 2025/02/04 14:26:32 WET [2025/02/04 9:26:32 ET]
Table 'Euaimon II' 6-max Seat #4 is the button
Seat 1: treidei3 ($111.39 in chips) 
Seat 2: Aleqseuka ($102.50 in chips) 
Seat 3: 2g00d4youu ($102.72 in chips) 
Seat 4: jeffy27dt1 ($100 in chips) 
Seat 5: whlzor ($100 in chips) 
Seat 6: radibay ($41.80 in chips) 
whlzor: posts small blind $0.50
radibay: posts big blind $1
*** HOLE CARDS ***
treidei3: folds 
Aleqseuka: raises $1.35 to $2.35
2g00d4youu: folds 
jeffy27dt1: folds 
whlzor: folds 
radibay: calls $1.35
*** FLOP *** [Jd 4c Jh]
radibay: bets $4.94
Aleqseuka: folds 
Uncalled bet ($4.94) returned to radibay
radibay collected $4.88 from pot
radibay: doesn't show hand 
*** SUMMARY ***
Total pot $5.20 | Rake $0.32 
Board [Jd 4c Jh]
Seat 1: treidei3 folded before Flop (didn't bet)
Seat 2: Aleqseuka folded on the Flop
Seat 3: 2g00d4youu folded before Flop (didn't bet)
Seat 4: jeffy27dt1 (button) folded before Flop (didn't bet)
Seat 5: whlzor (small blind) folded before Flop
Seat 6: radibay (big blind) collected ($4.88)



PokerStars Hand #254702540790:  Hold'em No Limit ($0.50/$1.00 USD) - 2025/02/04 14:27:04 WET [2025/02/04 9:27:04 ET]
Table 'Euaimon II' 6-max Seat #5 is the button
Seat 1: treidei3 ($111.39 in chips) 
Seat 2: Aleqseuka ($100.15 in chips) 
Seat 3: 2g00d4youu ($102.72 in chips) 
Seat 4: jeffy27dt1 ($100 in chips) 
Seat 5: whlzor ($100 in chips) 
Seat 6: radibay ($44.33 in chips) 
radibay: posts small blind $0.50
treidei3: posts big blind $1
*** HOLE CARDS ***
Aleqseuka: raises $1.35 to $2.35
2g00d4youu: folds 
jeffy27dt1: folds 
whlzor: folds 
radibay: calls $1.85
treidei3: calls $1.35
*** FLOP *** [Qh 8d 7h]
radibay: checks 
treidei3: checks 
Aleqseuka: bets $2.21
radibay: folds 
treidei3: folds 
Uncalled bet ($2.21) returned to Aleqseuka
Aleqseuka collected $6.70 from pot
Aleqseuka: doesn't show hand 
*** SUMMARY ***
Total pot $7.05 | Rake $0.35 
Board [Qh 8d 7h]
Seat 1: treidei3 (big blind) folded on the Flop
Seat 2: Aleqseuka collected ($6.70)
Seat 3: 2g00d4youu folded before Flop (didn't bet)
Seat 4: jeffy27dt1 folded before Flop (didn't bet)
Seat 5: whlzor (button) folded before Flop (didn't bet)
Seat 6: radibay (small blind) folded on the Flop



PokerStars Hand #254702549106:  Hold'em No Limit ($0.50/$1.00 USD) - 2025/02/04 14:27:52 WET [2025/02/04 9:27:52 ET]
Table 'Euaimon II' 6-max Seat #6 is the button
Seat 1: treidei3 ($109.04 in chips) 
Seat 2: Aleqseuka ($104.50 in chips) 
Seat 3: 2g00d4youu ($102.72 in chips) 
Seat 4: jeffy27dt1 ($100 in chips) 
Seat 5: whlzor ($100 in chips) 
Seat 6: radibay ($41.98 in chips) 
treidei3: posts small blind $0.50
Aleqseuka: posts big blind $1
*** HOLE CARDS ***
2g00d4youu: folds 
jeffy27dt1: folds 
whlzor: folds 
radibay: calls $1
treidei3: calls $0.50
Aleqseuka: checks 
*** FLOP *** [8h 7h 5d]
treidei3: checks 
Aleqseuka: checks 
radibay: checks 
*** TURN *** [8h 7h 5d] [2h]
treidei3: checks 
Aleqseuka: checks 
radibay: checks 
*** RIVER *** [8h 7h 5d 2h] [8s]
treidei3: checks 
Aleqseuka: bets $1
radibay: folds 
treidei3: folds 
Uncalled bet ($1) returned to Aleqseuka
Aleqseuka collected $2.85 from pot
Aleqseuka: doesn't show hand 
*** SUMMARY ***
Total pot $3 | Rake $0.15 
Board [8h 7h 5d 2h 8s]
Seat 1: treidei3 (small blind) folded on the River
Seat 2: Aleqseuka (big blind) collected ($2.85)
Seat 3: 2g00d4youu folded before Flop (didn't bet)
Seat 4: jeffy27dt1 folded before Flop (didn't bet)
Seat 5: whlzor folded before Flop (didn't bet)
Seat 6: radibay (button) folded on the River



PokerStars Hand #254702560429:  Hold'em No Limit ($0.50/$1.00 USD) - 2025/02/04 14:28:58 WET [2025/02/04 9:28:58 ET]
Table 'Euaimon II' 6-max Seat #1 is the button
Seat 1: treidei3 ($108.04 in chips) 
Seat 2: Aleqseuka ($106.35 in chips) 
Seat 3: 2g00d4youu ($102.72 in chips) 
Seat 4: jeffy27dt1 ($100 in chips) 
Seat 5: whlzor ($100 in chips) 
Seat 6: radibay ($40.98 in chips) 
Aleqseuka: posts small blind $0.50
2g00d4youu: posts big blind $1
*** HOLE CARDS ***
jeffy27dt1: folds 
whlzor: raises $1.50 to $2.50
radibay: folds 
treidei3: raises $4.50 to $7
Aleqseuka: folds 
2g00d4youu: folds 
whlzor: raises $14 to $21
treidei3: calls $14
*** FLOP *** [Qs 6s 8d]
whlzor: checks 
treidei3: bets $13.64
whlzor: folds 
Uncalled bet ($13.64) returned to treidei3
treidei3 collected $41.32 from pot
treidei3: doesn't show hand 
*** SUMMARY ***
Total pot $43.50 | Rake $2.18 
Board [Qs 6s 8d]
Seat 1: treidei3 (button) collected ($41.32)
Seat 2: Aleqseuka (small blind) folded before Flop
Seat 3: 2g00d4youu (big blind) folded before Flop
Seat 4: jeffy27dt1 folded before Flop (didn't bet)
Seat 5: whlzor folded on the Flop
Seat 6: radibay folded before Flop (didn't bet)



PokerStars Hand #254702571999:  Hold'em No Limit ($0.50/$1.00 USD) - 2025/02/04 14:30:05 WET [2025/02/04 9:30:05 ET]
Table 'Euaimon II' 6-max Seat #2 is the button
Seat 1: treidei3 ($128.36 in chips) 
Seat 2: Aleqseuka ($105.85 in chips) 
Seat 3: 2g00d4youu ($101.72 in chips) 
Seat 4: jeffy27dt1 ($100 in chips) 
Seat 5: whlzor ($100 in chips) 
Seat 6: radibay ($40.98 in chips) 
2g00d4youu: posts small blind $0.50
jeffy27dt1: posts big blind $1
*** HOLE CARDS ***
whlzor: folds 
radibay: folds 
treidei3: folds 
Aleqseuka: raises $1.50 to $2.50
2g00d4youu: folds 
jeffy27dt1: raises $10.50 to $13
Aleqseuka: folds 
Uncalled bet ($10.50) returned to jeffy27dt1
jeffy27dt1 collected $5.50 from pot
jeffy27dt1: doesn't show hand 
*** SUMMARY ***
Total pot $5.50 | Rake $0 
Seat 1: treidei3 folded before Flop (didn't bet)
Seat 2: Aleqseuka (button) folded before Flop
Seat 3: 2g00d4youu (small blind) folded before Flop
Seat 4: jeffy27dt1 (big blind) collected ($5.50)
Seat 5: whlzor folded before Flop (didn't bet)
Seat 6: radibay folded before Flop (didn't bet)



PokerStars Hand #254702577675:  Hold'em No Limit ($0.50/$1.00 USD) - 2025/02/04 14:30:37 WET [2025/02/04 9:30:37 ET]
Table 'Euaimon II' 6-max Seat #3 is the button
Seat 1: treidei3 ($128.36 in chips) 
Seat 2: Aleqseuka ($103.35 in chips) 
Seat 3: 2g00d4youu ($101.22 in chips) 
Seat 4: jeffy27dt1 ($103 in chips) 
Seat 5: whlzor ($100 in chips) 
Seat 6: radibay ($40.98 in chips) 
jeffy27dt1: posts small blind $0.50
whlzor: posts big blind $1
*** HOLE CARDS ***
radibay: folds 
treidei3: folds 
Aleqseuka: folds 
2g00d4youu: raises $1.50 to $2.50
jeffy27dt1: folds 
whlzor: folds 
Uncalled bet ($1.50) returned to 2g00d4youu
2g00d4youu collected $2.50 from pot
2g00d4youu: doesn't show hand 
*** SUMMARY ***
Total pot $2.50 | Rake $0 
Seat 1: treidei3 folded before Flop (didn't bet)
Seat 2: Aleqseuka folded before Flop (didn't bet)
Seat 3: 2g00d4youu (button) collected ($2.50)
Seat 4: jeffy27dt1 (small blind) folded before Flop
Seat 5: whlzor (big blind) folded before Flop
Seat 6: radibay folded before Flop (didn't bet)



PokerStars Hand #254702580438:  Hold'em No Limit ($0.50/$1.00 USD) - 2025/02/04 14:30:54 WET [2025/02/04 9:30:54 ET]
Table 'Euaimon II' 6-max Seat #4 is the button
Seat 1: treidei3 ($128.36 in chips) 
Seat 2: Aleqseuka ($103.35 in chips) 
Seat 3: 2g00d4youu ($102.72 in chips) 
Seat 4: jeffy27dt1 ($102.50 in chips) 
Seat 5: whlzor ($100 in chips) 
Seat 6: radibay ($40.98 in chips) 
whlzor: posts small blind $0.50
radibay: posts big blind $1
*** HOLE CARDS ***
treidei3: folds 
Aleqseuka: folds 
2g00d4youu: raises $1.50 to $2.50
jeffy27dt1: folds 
whlzor: folds 
radibay: folds 
Uncalled bet ($1.50) returned to 2g00d4youu
2g00d4youu collected $2.50 from pot
2g00d4youu: doesn't show hand 
*** SUMMARY ***
Total pot $2.50 | Rake $0 
Seat 1: treidei3 folded before Flop (didn't bet)
Seat 2: Aleqseuka folded before Flop (didn't bet)
Seat 3: 2g00d4youu collected ($2.50)
Seat 4: jeffy27dt1 (button) folded before Flop (didn't bet)
Seat 5: whlzor (small blind) folded before Flop
Seat 6: radibay (big blind) folded before Flop



PokerStars Hand #254702583622:  Hold'em No Limit ($0.50/$1.00 USD) - 2025/02/04 14:31:12 WET [2025/02/04 9:31:12 ET]
Table 'Euaimon II' 6-max Seat #5 is the button
Seat 1: treidei3 ($128.36 in chips) 
Seat 2: Aleqseuka ($103.35 in chips) 
Seat 3: 2g00d4youu ($104.22 in chips) 
Seat 4: jeffy27dt1 ($102.50 in chips) 
Seat 5: whlzor ($100 in chips) 
Seat 6: radibay ($39.98 in chips) 
radibay: posts small blind $0.50
treidei3: posts big blind $1
*** HOLE CARDS ***
Aleqseuka: folds 
2g00d4youu: folds 
jeffy27dt1: folds 
whlzor: folds 
radibay: folds 
Uncalled bet ($0.50) returned to treidei3
treidei3 collected $1 from pot
treidei3: doesn't show hand 
*** SUMMARY ***
Total pot $1 | Rake $0 
Seat 1: treidei3 (big blind) collected ($1)
Seat 2: Aleqseuka folded before Flop (didn't bet)
Seat 3: 2g00d4youu folded before Flop (didn't bet)
Seat 4: jeffy27dt1 folded before Flop (didn't bet)
Seat 5: whlzor (button) folded before Flop (didn't bet)
Seat 6: radibay (small blind) folded before Flop



PokerStars Hand #254702586583:  Hold'em No Limit ($0.50/$1.00 USD) - 2025/02/04 14:31:30 WET [2025/02/04 9:31:30 ET]
Table 'Euaimon II' 6-max Seat #6 is the button
Seat 1: treidei3 ($128.86 in chips) 
Seat 2: Aleqseuka ($103.35 in chips) 
Seat 3: 2g00d4youu ($104.22 in chips) 
Seat 4: jeffy27dt1 ($102.50 in chips) 
Seat 5: whlzor ($100 in chips) 
Seat 6: radibay ($39.48 in chips) 
treidei3: posts small blind $0.50
Aleqseuka: posts big blind $1
*** HOLE CARDS ***
2g00d4youu: raises $1.50 to $2.50
jeffy27dt1: folds 
whlzor: folds 
radibay: folds 
treidei3: folds 
Aleqseuka: folds 
Uncalled bet ($1.50) returned to 2g00d4youu
2g00d4youu collected $2.50 from pot
2g00d4youu: doesn't show hand 
*** SUMMARY ***
Total pot $2.50 | Rake $0 
Seat 1: treidei3 (small blind) folded before Flop
Seat 2: Aleqseuka (big blind) folded before Flop
Seat 3: 2g00d4youu collected ($2.50)
Seat 4: jeffy27dt1 folded before Flop (didn't bet)
Seat 5: whlzor folded before Flop (didn't bet)
Seat 6: radibay (button) folded before Flop (didn't bet)



PokerStars Hand #254702590354:  Hold'em No Limit ($0.50/$1.00 USD) - 2025/02/04 14:31:51 WET [2025/02/04 9:31:51 ET]
Table 'Euaimon II' 6-max Seat #1 is the button
Seat 1: treidei3 ($128.36 in chips) 
Seat 2: Aleqseuka ($102.35 in chips) 
Seat 3: 2g00d4youu ($105.72 in chips) 
Seat 4: jeffy27dt1 ($102.50 in chips) 
Seat 5: whlzor ($100 in chips) 
Seat 6: radibay ($39.48 in chips) 
Aleqseuka: posts small blind $0.50
2g00d4youu: posts big blind $1
*** HOLE CARDS ***
jeffy27dt1: folds 
whlzor: raises $1.50 to $2.50
radibay: folds 
treidei3: folds 
Aleqseuka: folds 
2g00d4youu: folds 
Uncalled bet ($1.50) returned to whlzor
whlzor collected $2.50 from pot
whlzor: doesn't show hand 
*** SUMMARY ***
Total pot $2.50 | Rake $0 
Seat 1: treidei3 (button) folded before Flop (didn't bet)
Seat 2: Aleqseuka (small blind) folded before Flop
Seat 3: 2g00d4youu (big blind) folded before Flop
Seat 4: jeffy27dt1 folded before Flop (didn't bet)
Seat 5: whlzor collected ($2.50)
Seat 6: radibay folded before Flop (didn't bet)



PokerStars Hand #254702593592:  Hold'em No Limit ($0.50/$1.00 USD) - 2025/02/04 14:32:10 WET [2025/02/04 9:32:10 ET]
Table 'Euaimon II' 6-max Seat #2 is the button
Seat 1: treidei3 ($128.36 in chips) 
Seat 2: Aleqseuka ($101.85 in chips) 
Seat 3: 2g00d4youu ($104.72 in chips) 
Seat 4: jeffy27dt1 ($102.50 in chips) 
Seat 5: whlzor ($101.50 in chips) 
Seat 6: radibay ($39.48 in chips) 
2g00d4youu: posts small blind $0.50
jeffy27dt1: posts big blind $1
*** HOLE CARDS ***
whlzor: folds 
radibay: calls $1
treidei3: folds 
Aleqseuka: raises $3 to $4
2g00d4youu: folds 
jeffy27dt1: folds 
radibay: calls $3
*** FLOP *** [3h 9d Ac]
radibay: bets $9.02
Aleqseuka: calls $9.02
*** TURN *** [3h 9d Ac] [9c]
radibay: bets $13.08
Aleqseuka: raises $26.16 to $39.24
radibay: calls $13.38 and is all-in
Uncalled bet ($12.78) returned to Aleqseuka
*** RIVER *** [3h 9d Ac 9c] [8d]
*** SHOW DOWN ***
radibay: shows [Ad Kh] (two pair, Aces and Nines)
Aleqseuka: shows [Ah Qh] (two pair, Aces and Nines - lower kicker)
radibay collected $77.34 from pot
*** SUMMARY ***
Total pot $80.46 | Rake $3.12 
Board [3h 9d Ac 9c 8d]
Seat 1: treidei3 folded before Flop (didn't bet)
Seat 2: Aleqseuka (button) showed [Ah Qh] and lost with two pair, Aces and Nines
Seat 3: 2g00d4youu (small blind) folded before Flop
Seat 4: jeffy27dt1 (big blind) folded before Flop
Seat 5: whlzor folded before Flop (didn't bet)
Seat 6: radibay showed [Ad Kh] and won ($77.34) with two pair, Aces and Nines



PokerStars Hand #254702600516:  Hold'em No Limit ($0.50/$1.00 USD) - 2025/02/04 14:32:49 WET [2025/02/04 9:32:49 ET]
Table 'Euaimon II' 6-max Seat #3 is the button
Seat 1: treidei3 ($128.36 in chips) 
Seat 2: Aleqseuka ($100 in chips) 
Seat 3: 2g00d4youu ($104.22 in chips) 
Seat 4: jeffy27dt1 ($101.50 in chips) 
Seat 5: whlzor ($101.50 in chips) 
Seat 6: radibay ($77.34 in chips) 
jeffy27dt1: posts small blind $0.50
whlzor: posts big blind $1
*** HOLE CARDS ***
radibay: calls $1
treidei3: folds 
Aleqseuka: raises $3 to $4
2g00d4youu: folds 
jeffy27dt1: folds 
whlzor: folds 
radibay: calls $3
*** FLOP *** [6h Qd 9c]
radibay: checks 
Aleqseuka: bets $2.25
radibay: calls $2.25
*** TURN *** [6h Qd 9c] [8s]
radibay: checks 
Aleqseuka: bets $17.02
radibay: folds 
Uncalled bet ($17.02) returned to Aleqseuka
Aleqseuka collected $13.30 from pot
Aleqseuka: doesn't show hand 
*** SUMMARY ***
Total pot $14 | Rake $0.70 
Board [6h Qd 9c 8s]
Seat 1: treidei3 folded before Flop (didn't bet)
Seat 2: Aleqseuka collected ($13.30)
Seat 3: 2g00d4youu (button) folded before Flop (didn't bet)
Seat 4: jeffy27dt1 (small blind) folded before Flop
Seat 5: whlzor (big blind) folded before Flop
Seat 6: radibay folded on the Turn



PokerStars Hand #254702613697:  Hold'em No Limit ($0.50/$1.00 USD) - 2025/02/04 14:34:05 WET [2025/02/04 9:34:05 ET]
Table 'Euaimon II' 6-max Seat #4 is the button
Seat 1: treidei3 ($128.36 in chips) 
Seat 2: Aleqseuka ($107.05 in chips) 
Seat 3: 2g00d4youu ($104.22 in chips) 
Seat 4: jeffy27dt1 ($101 in chips) 
Seat 5: whlzor ($100.50 in chips) 
Seat 6: radibay ($71.09 in chips) 
whlzor: posts small blind $0.50
radibay: posts big blind $1
*** HOLE CARDS ***
treidei3: folds 
Aleqseuka: raises $1.35 to $2.35
2g00d4youu: folds 
jeffy27dt1: folds 
whlzor: folds 
radibay: calls $1.35
*** FLOP *** [3c 5c Ts]
radibay: checks 
Aleqseuka: bets $3.71
radibay: folds 
Uncalled bet ($3.71) returned to Aleqseuka
Aleqseuka collected $4.94 from pot
Aleqseuka: doesn't show hand 
*** SUMMARY ***
Total pot $5.20 | Rake $0.26 
Board [3c 5c Ts]
Seat 1: treidei3 folded before Flop (didn't bet)
Seat 2: Aleqseuka collected ($4.94)
Seat 3: 2g00d4youu folded before Flop (didn't bet)
Seat 4: jeffy27dt1 (button) folded before Flop (didn't bet)
Seat 5: whlzor (small blind) folded before Flop
Seat 6: radibay (big blind) folded on the Flop



PokerStars Hand #254702618650:  Hold'em No Limit ($0.50/$1.00 USD) - 2025/02/04 14:34:32 WET [2025/02/04 9:34:32 ET]
Table 'Euaimon II' 6-max Seat #5 is the button
Seat 1: treidei3 ($128.36 in chips) 
Seat 2: Aleqseuka ($109.64 in chips) 
Seat 3: 2g00d4youu ($104.22 in chips) 
Seat 4: jeffy27dt1 ($101 in chips) 
Seat 5: whlzor ($100 in chips) 
Seat 6: radibay ($68.74 in chips) 
radibay: posts small blind $0.50
treidei3: posts big blind $1
*** HOLE CARDS ***
Aleqseuka: folds 
2g00d4youu: folds 
jeffy27dt1: folds 
whlzor: folds 
radibay: folds 
Uncalled bet ($0.50) returned to treidei3
treidei3 collected $1 from pot
treidei3: doesn't show hand 
*** SUMMARY ***
Total pot $1 | Rake $0 
Seat 1: treidei3 (big blind) collected ($1)
Seat 2: Aleqseuka folded before Flop (didn't bet)
Seat 3: 2g00d4youu folded before Flop (didn't bet)
Seat 4: jeffy27dt1 folded before Flop (didn't bet)
Seat 5: whlzor (button) folded before Flop (didn't bet)
Seat 6: radibay (small blind) folded before Flop



PokerStars Hand #254702620945:  Hold'em No Limit ($0.50/$1.00 USD) - 2025/02/04 14:34:45 WET [2025/02/04 9:34:45 ET]
Table 'Euaimon II' 6-max Seat #6 is the button
Seat 1: treidei3 ($128.86 in chips) 
Seat 2: Aleqseuka ($109.64 in chips) 
Seat 3: 2g00d4youu ($104.22 in chips) 
Seat 4: jeffy27dt1 ($101 in chips) 
Seat 5: whlzor ($100 in chips) 
Seat 6: radibay ($68.24 in chips) 
treidei3: posts small blind $0.50
Aleqseuka: posts big blind $1
*** HOLE CARDS ***
2g00d4youu: folds 
jeffy27dt1: folds 
whlzor: raises $2 to $3
radibay: folds 
treidei3: folds 
Aleqseuka: calls $2
*** FLOP *** [5d 7h 9s]
Aleqseuka: checks 
whlzor: checks 
*** TURN *** [5d 7h 9s] [8s]
Aleqseuka: bets $4.63
whlzor: calls $4.63
*** RIVER *** [5d 7h 9s 8s] [Qc]
Aleqseuka: checks 
whlzor: bets $10.88
Aleqseuka: folds 
Uncalled bet ($10.88) returned to whlzor
whlzor collected $14.97 from pot
whlzor: doesn't show hand 
*** SUMMARY ***
Total pot $15.76 | Rake $0.79 
Board [5d 7h 9s 8s Qc]
Seat 1: treidei3 (small blind) folded before Flop
Seat 2: Aleqseuka (big blind) folded on the River
Seat 3: 2g00d4youu folded before Flop (didn't bet)
Seat 4: jeffy27dt1 folded before Flop (didn't bet)
Seat 5: whlzor collected ($14.97)
Seat 6: radibay (button) folded before Flop (didn't bet)



PokerStars Hand #254702638732:  Hold'em No Limit ($0.50/$1.00 USD) - 2025/02/04 14:36:25 WET [2025/02/04 9:36:25 ET]
Table 'Euaimon II' 6-max Seat #1 is the button
Seat 1: treidei3 ($128.36 in chips) 
Seat 2: Aleqseuka ($102.01 in chips) 
Seat 3: 2g00d4youu ($104.22 in chips) 
Seat 4: jeffy27dt1 ($101 in chips) 
Seat 5: whlzor ($107.34 in chips) 
Seat 6: radibay ($68.24 in chips) 
Aleqseuka: posts small blind $0.50
2g00d4youu: posts big blind $1
*** HOLE CARDS ***
jeffy27dt1: folds 
whlzor: folds 
radibay: folds 
treidei3: raises $1.20 to $2.20
Aleqseuka: folds 
2g00d4youu: calls $1.20
*** FLOP *** [Qs 9d 9c]
2g00d4youu: checks 
treidei3: bets $1.54
2g00d4youu: calls $1.54
*** TURN *** [Qs 9d 9c] [Qd]
2g00d4youu: checks 
treidei3: bets $1
2g00d4youu: raises $7.19 to $8.19
treidei3: folds 
Uncalled bet ($7.19) returned to 2g00d4youu
2g00d4youu collected $9.48 from pot
2g00d4youu: doesn't show hand 
*** SUMMARY ***
Total pot $9.98 | Rake $0.50 
Board [Qs 9d 9c Qd]
Seat 1: treidei3 (button) folded on the Turn
Seat 2: Aleqseuka (small blind) folded before Flop
Seat 3: 2g00d4youu (big blind) collected ($9.48)
Seat 4: jeffy27dt1 folded before Flop (didn't bet)
Seat 5: whlzor folded before Flop (didn't bet)
Seat 6: radibay folded before Flop (didn't bet)



PokerStars Hand #254702650162:  Hold'em No Limit ($0.50/$1.00 USD) - 2025/02/04 14:37:28 WET [2025/02/04 9:37:28 ET]
Table 'Euaimon II' 6-max Seat #2 is the button
Seat 1: treidei3 ($123.62 in chips) 
Seat 2: Aleqseuka ($101.51 in chips) 
Seat 3: 2g00d4youu ($108.96 in chips) 
Seat 4: jeffy27dt1 ($101 in chips) 
Seat 5: whlzor ($107.34 in chips) 
Seat 6: radibay ($68.24 in chips) 
2g00d4youu: posts small blind $0.50
jeffy27dt1: posts big blind $1
*** HOLE CARDS ***
whlzor: folds 
radibay: folds 
treidei3: raises $1.20 to $2.20
Aleqseuka: folds 
2g00d4youu: folds 
jeffy27dt1: folds 
Uncalled bet ($1.20) returned to treidei3
treidei3 collected $2.50 from pot
treidei3: doesn't show hand 
*** SUMMARY ***
Total pot $2.50 | Rake $0 
Seat 1: treidei3 collected ($2.50)
Seat 2: Aleqseuka (button) folded before Flop (didn't bet)
Seat 3: 2g00d4youu (small blind) folded before Flop
Seat 4: jeffy27dt1 (big blind) folded before Flop
Seat 5: whlzor folded before Flop (didn't bet)
Seat 6: radibay folded before Flop (didn't bet)



PokerStars Hand #254702653112:  Hold'em No Limit ($0.50/$1.00 USD) - 2025/02/04 14:37:45 WET [2025/02/04 9:37:45 ET]
Table 'Euaimon II' 6-max Seat #3 is the button
Seat 1: treidei3 ($125.12 in chips) 
Seat 2: Aleqseuka ($101.51 in chips) 
Seat 3: 2g00d4youu ($108.46 in chips) 
Seat 4: jeffy27dt1 ($100 in chips) 
Seat 5: whlzor ($107.34 in chips) 
Seat 6: radibay ($68.24 in chips) 
jeffy27dt1: posts small blind $0.50
whlzor: posts big blind $1
*** HOLE CARDS ***
radibay: calls $1
treidei3: folds 
Aleqseuka: folds 
2g00d4youu: folds 
jeffy27dt1: folds 
whlzor: raises $4 to $5
radibay: calls $4
*** FLOP *** [As 8c 4d]
whlzor: bets $4.99
radibay: calls $4.99
*** TURN *** [As 8c 4d] [5s]
whlzor: checks 
radibay: bets $9.73
whlzor: folds 
Uncalled bet ($9.73) returned to radibay
radibay collected $19.20 from pot
radibay: doesn't show hand 
*** SUMMARY ***
Total pot $20.48 | Rake $1.28 
Board [As 8c 4d 5s]
Seat 1: treidei3 folded before Flop (didn't bet)
Seat 2: Aleqseuka folded before Flop (didn't bet)
Seat 3: 2g00d4youu (button) folded before Flop (didn't bet)
Seat 4: jeffy27dt1 (small blind) folded before Flop
Seat 5: whlzor (big blind) folded on the Turn
Seat 6: radibay collected ($19.20)



PokerStars Hand #254702660065:  Hold'em No Limit ($0.50/$1.00 USD) - 2025/02/04 14:38:24 WET [2025/02/04 9:38:24 ET]
Table 'Euaimon II' 6-max Seat #4 is the button
Seat 1: treidei3 ($125.12 in chips) 
Seat 2: Aleqseuka ($101.51 in chips) 
Seat 3: 2g00d4youu ($108.46 in chips) 
Seat 4: jeffy27dt1 ($100 in chips) 
Seat 5: whlzor ($100 in chips) 
Seat 6: radibay ($77.45 in chips) 
whlzor: posts small blind $0.50
radibay: posts big blind $1
*** HOLE CARDS ***
treidei3: folds 
Aleqseuka: folds 
2g00d4youu: folds 
jeffy27dt1: folds 
whlzor: folds 
Uncalled bet ($0.50) returned to radibay
radibay collected $1 from pot
radibay: doesn't show hand 
*** SUMMARY ***
Total pot $1 | Rake $0 
Seat 1: treidei3 folded before Flop (didn't bet)
Seat 2: Aleqseuka folded before Flop (didn't bet)
Seat 3: 2g00d4youu folded before Flop (didn't bet)
Seat 4: jeffy27dt1 (button) folded before Flop (didn't bet)
Seat 5: whlzor (small blind) folded before Flop
Seat 6: radibay (big blind) collected ($1)



PokerStars Hand #254702662769:  Hold'em No Limit ($0.50/$1.00 USD) - 2025/02/04 14:38:39 WET [2025/02/04 9:38:39 ET]
Table 'Euaimon II' 6-max Seat #5 is the button
Seat 1: treidei3 ($125.12 in chips) 
Seat 2: Aleqseuka ($101.51 in chips) 
Seat 3: 2g00d4youu ($108.46 in chips) 
Seat 4: jeffy27dt1 ($100 in chips) 
Seat 5: whlzor ($100 in chips) 
Seat 6: radibay ($77.95 in chips) 
radibay: posts small blind $0.50
treidei3: posts big blind $1
*** HOLE CARDS ***
Aleqseuka: folds 
2g00d4youu: folds 
Aleqseuka leaves the table
jeffy27dt1: raises $1.50 to $2.50
whlzor: raises $6 to $8.50
radibay: folds 
treidei3: folds 
ka100pka527 joins the table at seat #2 
jeffy27dt1: raises $14.50 to $23
whlzor: calls $14.50
*** FLOP *** [7d 9h 9d]
jeffy27dt1: bets $19
whlzor: raises $58 to $77 and is all-in
jeffy27dt1: folds 
Uncalled bet ($58) returned to whlzor
whlzor collected $83 from pot
whlzor: doesn't show hand 
*** SUMMARY ***
Total pot $85.50 | Rake $2.50 
Board [7d 9h 9d]
Seat 1: treidei3 (big blind) folded before Flop
Seat 2: Aleqseuka folded before Flop (didn't bet)
Seat 3: 2g00d4youu folded before Flop (didn't bet)
Seat 4: jeffy27dt1 folded on the Flop
Seat 5: whlzor (button) collected ($83)
Seat 6: radibay (small blind) folded before Flop



PokerStars Hand #254702682067:  Hold'em No Limit ($0.50/$1.00 USD) - 2025/02/04 14:40:26 WET [2025/02/04 9:40:26 ET]
Table 'Euaimon II' 6-max Seat #6 is the button
Seat 1: treidei3 ($124.12 in chips) 
Seat 2: ka100pka527 ($100 in chips) 
Seat 3: 2g00d4youu ($108.46 in chips) 
Seat 4: jeffy27dt1 ($100 in chips) 
Seat 5: whlzor ($141 in chips) 
Seat 6: radibay ($77.45 in chips) 
treidei3: posts small blind $0.50
ka100pka527: posts big blind $1
*** HOLE CARDS ***
2g00d4youu: folds 
jeffy27dt1: folds 
whlzor: folds 
radibay: folds 
treidei3: folds 
Uncalled bet ($0.50) returned to ka100pka527
ka100pka527 collected $1 from pot
ka100pka527: doesn't show hand 
*** SUMMARY ***
Total pot $1 | Rake $0 
Seat 1: treidei3 (small blind) folded before Flop
Seat 2: ka100pka527 (big blind) collected ($1)
Seat 3: 2g00d4youu folded before Flop (didn't bet)
Seat 4: jeffy27dt1 folded before Flop (didn't bet)
Seat 5: whlzor folded before Flop (didn't bet)
Seat 6: radibay (button) folded before Flop (didn't bet)



PokerStars Hand #254702685951:  Hold'em No Limit ($0.50/$1.00 USD) - 2025/02/04 14:40:47 WET [2025/02/04 9:40:47 ET]
Table 'Euaimon II' 6-max Seat #1 is the button
Seat 1: treidei3 ($123.62 in chips) 
Seat 2: ka100pka527 ($100.50 in chips) 
Seat 3: 2g00d4youu ($108.46 in chips) 
Seat 4: jeffy27dt1 ($100 in chips) 
Seat 5: whlzor ($141 in chips) 
Seat 6: radibay ($77.45 in chips) 
ka100pka527: posts small blind $0.50
2g00d4youu: posts big blind $1
*** HOLE CARDS ***
jeffy27dt1: raises $1.50 to $2.50
whlzor: folds 
radibay: folds 
treidei3: raises $4.50 to $7
ka100pka527: folds 
2g00d4youu: folds 
jeffy27dt1: folds 
Uncalled bet ($4.50) returned to treidei3
treidei3 collected $6.50 from pot
treidei3: doesn't show hand 
*** SUMMARY ***
Total pot $6.50 | Rake $0 
Seat 1: treidei3 (button) collected ($6.50)
Seat 2: ka100pka527 (small blind) folded before Flop
Seat 3: 2g00d4youu (big blind) folded before Flop
Seat 4: jeffy27dt1 folded before Flop
Seat 5: whlzor folded before Flop (didn't bet)
Seat 6: radibay folded before Flop (didn't bet)



PokerStars Hand #254702693734:  Hold'em No Limit ($0.50/$1.00 USD) - 2025/02/04 14:41:30 WET [2025/02/04 9:41:30 ET]
Table 'Euaimon II' 6-max Seat #2 is the button
Seat 1: treidei3 ($127.62 in chips) 
Seat 2: ka100pka527 ($100 in chips) 
Seat 3: 2g00d4youu ($107.46 in chips) 
Seat 4: jeffy27dt1 ($100 in chips) 
Seat 5: whlzor ($141 in chips) 
Seat 6: radibay ($77.45 in chips) 
2g00d4youu: posts small blind $0.50
jeffy27dt1: posts big blind $1
*** HOLE CARDS ***
whlzor: folds 
radibay: folds 
treidei3: folds 
ka100pka527: raises $1.50 to $2.50
2g00d4youu: folds 
jeffy27dt1: folds 
Uncalled bet ($1.50) returned to ka100pka527
ka100pka527 collected $2.50 from pot
ka100pka527: doesn't show hand 
*** SUMMARY ***
Total pot $2.50 | Rake $0 
Seat 1: treidei3 folded before Flop (didn't bet)
Seat 2: ka100pka527 (button) collected ($2.50)
Seat 3: 2g00d4youu (small blind) folded before Flop
Seat 4: jeffy27dt1 (big blind) folded before Flop
Seat 5: whlzor folded before Flop (didn't bet)
Seat 6: radibay folded before Flop (didn't bet)



PokerStars Hand #254702697473:  Hold'em No Limit ($0.50/$1.00 USD) - 2025/02/04 14:41:50 WET [2025/02/04 9:41:50 ET]
Table 'Euaimon II' 6-max Seat #3 is the button
Seat 1: treidei3 ($127.62 in chips) 
Seat 2: ka100pka527 ($101.50 in chips) 
Seat 3: 2g00d4youu ($106.96 in chips) 
Seat 4: jeffy27dt1 ($100 in chips) 
Seat 5: whlzor ($141 in chips) 
Seat 6: radibay ($77.45 in chips) 
jeffy27dt1: posts small blind $0.50
whlzor: posts big blind $1
*** HOLE CARDS ***
radibay: folds 
treidei3: raises $1.20 to $2.20
ka100pka527: folds 
2g00d4youu: folds 
jeffy27dt1: folds 
whlzor: raises $8.30 to $10.50
treidei3: folds 
Uncalled bet ($8.30) returned to whlzor
whlzor collected $4.90 from pot
whlzor: doesn't show hand 
*** SUMMARY ***
Total pot $4.90 | Rake $0 
Seat 1: treidei3 folded before Flop
Seat 2: ka100pka527 folded before Flop (didn't bet)
Seat 3: 2g00d4youu (button) folded before Flop (didn't bet)
Seat 4: jeffy27dt1 (small blind) folded before Flop
Seat 5: whlzor (big blind) collected ($4.90)
Seat 6: radibay folded before Flop (didn't bet)



PokerStars Hand #254702701760:  Hold'em No Limit ($0.50/$1.00 USD) - 2025/02/04 14:42:14 WET [2025/02/04 9:42:14 ET]
Table 'Euaimon II' 6-max Seat #4 is the button
Seat 1: treidei3 ($125.42 in chips) 
Seat 2: ka100pka527 ($101.50 in chips) 
Seat 3: 2g00d4youu ($106.96 in chips) 
Seat 4: jeffy27dt1 ($100 in chips) 
Seat 5: whlzor ($143.70 in chips) 
Seat 6: radibay ($77.45 in chips) 
whlzor: posts small blind $0.50
radibay: posts big blind $1
*** HOLE CARDS ***
treidei3: raises $1.20 to $2.20
ka100pka527: folds 
2g00d4youu: folds 
jeffy27dt1: folds 
whlzor: folds 
radibay: folds 
Uncalled bet ($1.20) returned to treidei3
treidei3 collected $2.50 from pot
treidei3: doesn't show hand 
*** SUMMARY ***
Total pot $2.50 | Rake $0 
Seat 1: treidei3 collected ($2.50)
Seat 2: ka100pka527 folded before Flop (didn't bet)
Seat 3: 2g00d4youu folded before Flop (didn't bet)
Seat 4: jeffy27dt1 (button) folded before Flop (didn't bet)
Seat 5: whlzor (small blind) folded before Flop
Seat 6: radibay (big blind) folded before Flop



PokerStars Hand #254702705449:  Hold'em No Limit ($0.50/$1.00 USD) - 2025/02/04 14:42:34 WET [2025/02/04 9:42:34 ET]
Table 'Euaimon II' 6-max Seat #5 is the button
Seat 1: treidei3 ($126.92 in chips) 
Seat 2: ka100pka527 ($101.50 in chips) 
Seat 3: 2g00d4youu ($106.96 in chips) 
Seat 4: jeffy27dt1 ($100 in chips) 
Seat 5: whlzor ($143.20 in chips) 
Seat 6: radibay ($76.45 in chips) 
radibay: posts small blind $0.50
treidei3: posts big blind $1
*** HOLE CARDS ***
ka100pka527: folds 
2g00d4youu: folds 
jeffy27dt1: folds 
whlzor: raises $2 to $3
radibay: folds 
treidei3: folds 
Uncalled bet ($2) returned to whlzor
whlzor collected $2.50 from pot
whlzor: doesn't show hand 
*** SUMMARY ***
Total pot $2.50 | Rake $0 
Seat 1: treidei3 (big blind) folded before Flop
Seat 2: ka100pka527 folded before Flop (didn't bet)
Seat 3: 2g00d4youu folded before Flop (didn't bet)
Seat 4: jeffy27dt1 folded before Flop (didn't bet)
Seat 5: whlzor (button) collected ($2.50)
Seat 6: radibay (small blind) folded before Flop



PokerStars Hand #254702712806:  Hold'em No Limit ($0.50/$1.00 USD) - 2025/02/04 14:43:14 WET [2025/02/04 9:43:14 ET]
Table 'Euaimon II' 6-max Seat #6 is the button
Seat 1: treidei3 ($125.92 in chips) 
Seat 2: ka100pka527 ($101.50 in chips) 
Seat 3: 2g00d4youu ($106.96 in chips) 
Seat 4: jeffy27dt1 ($100 in chips) 
Seat 5: whlzor ($144.70 in chips) 
Seat 6: radibay ($75.95 in chips) 
treidei3: posts small blind $0.50
ka100pka527: posts big blind $1
*** HOLE CARDS ***
2g00d4youu: folds 
jeffy27dt1: folds 
whlzor: folds 
radibay: folds 
treidei3: raises $2 to $3
ka100pka527: folds 
Uncalled bet ($2) returned to treidei3
treidei3 collected $2 from pot
treidei3: doesn't show hand 
*** SUMMARY ***
Total pot $2 | Rake $0 
Seat 1: treidei3 (small blind) collected ($2)
Seat 2: ka100pka527 (big blind) folded before Flop
Seat 3: 2g00d4youu folded before Flop (didn't bet)
Seat 4: jeffy27dt1 folded before Flop (didn't bet)
Seat 5: whlzor folded before Flop (didn't bet)
Seat 6: radibay (button) folded before Flop (didn't bet)



PokerStars Hand #254702716814:  Hold'em No Limit ($0.50/$1.00 USD) - 2025/02/04 14:43:35 WET [2025/02/04 9:43:35 ET]
Table 'Euaimon II' 6-max Seat #1 is the button
Seat 1: treidei3 ($126.92 in chips) 
Seat 2: ka100pka527 ($100.50 in chips) 
Seat 3: 2g00d4youu ($106.96 in chips) 
Seat 4: jeffy27dt1 ($100 in chips) 
Seat 5: whlzor ($144.70 in chips) 
Seat 6: radibay ($75.95 in chips) 
ka100pka527: posts small blind $0.50
2g00d4youu: posts big blind $1
*** HOLE CARDS ***
jeffy27dt1: folds 
whlzor: folds 
radibay: folds 
treidei3: folds 
ka100pka527: folds 
Uncalled bet ($0.50) returned to 2g00d4youu
2g00d4youu collected $1 from pot
2g00d4youu: doesn't show hand 
*** SUMMARY ***
Total pot $1 | Rake $0 
Seat 1: treidei3 (button) folded before Flop (didn't bet)
Seat 2: ka100pka527 (small blind) folded before Flop
Seat 3: 2g00d4youu (big blind) collected ($1)
Seat 4: jeffy27dt1 folded before Flop (didn't bet)
Seat 5: whlzor folded before Flop (didn't bet)
Seat 6: radibay folded before Flop (didn't bet)



PokerStars Hand #254702721544:  Hold'em No Limit ($0.50/$1.00 USD) - 2025/02/04 14:44:01 WET [2025/02/04 9:44:01 ET]
Table 'Euaimon II' 6-max Seat #2 is the button
Seat 1: treidei3 ($126.92 in chips) 
Seat 2: ka100pka527 ($100 in chips) 
Seat 3: 2g00d4youu ($107.46 in chips) 
Seat 4: jeffy27dt1 ($100 in chips) 
Seat 5: whlzor ($144.70 in chips) 
Seat 6: radibay ($75.95 in chips) 
2g00d4youu: posts small blind $0.50
jeffy27dt1: posts big blind $1
*** HOLE CARDS ***
whlzor: folds 
radibay: folds 
treidei3: folds 
ka100pka527: folds 
2g00d4youu: folds 
Uncalled bet ($0.50) returned to jeffy27dt1
jeffy27dt1 collected $1 from pot
jeffy27dt1: doesn't show hand 
*** SUMMARY ***
Total pot $1 | Rake $0 
Seat 1: treidei3 folded before Flop (didn't bet)
Seat 2: ka100pka527 (button) folded before Flop (didn't bet)
Seat 3: 2g00d4youu (small blind) folded before Flop
Seat 4: jeffy27dt1 (big blind) collected ($1)
Seat 5: whlzor folded before Flop (didn't bet)
Seat 6: radibay folded before Flop (didn't bet)



PokerStars Hand #254702723107:  Hold'em No Limit ($0.50/$1.00 USD) - 2025/02/04 14:44:09 WET [2025/02/04 9:44:09 ET]
Table 'Euaimon II' 6-max Seat #3 is the button
Seat 1: treidei3 ($126.92 in chips) 
Seat 2: ka100pka527 ($100 in chips) 
Seat 3: 2g00d4youu ($106.96 in chips) 
Seat 4: jeffy27dt1 ($100.50 in chips) 
Seat 5: whlzor ($144.70 in chips) 
Seat 6: radibay ($75.95 in chips) 
jeffy27dt1: posts small blind $0.50
whlzor: posts big blind $1
*** HOLE CARDS ***
radibay has timed out
radibay: folds 
treidei3: folds 
ka100pka527: folds 
2g00d4youu: folds 
jeffy27dt1: raises $2 to $3
whlzor: folds 
Uncalled bet ($2) returned to jeffy27dt1
jeffy27dt1 collected $2 from pot
jeffy27dt1: doesn't show hand 
*** SUMMARY ***
Total pot $2 | Rake $0 
Seat 1: treidei3 folded before Flop (didn't bet)
Seat 2: ka100pka527 folded before Flop (didn't bet)
Seat 3: 2g00d4youu (button) folded before Flop (didn't bet)
Seat 4: jeffy27dt1 (small blind) collected ($2)
Seat 5: whlzor (big blind) folded before Flop
Seat 6: radibay folded before Flop (didn't bet)



PokerStars Hand #254702728928:  Hold'em No Limit ($0.50/$1.00 USD) - 2025/02/04 14:44:41 WET [2025/02/04 9:44:41 ET]
Table 'Euaimon II' 6-max Seat #4 is the button
Seat 1: treidei3 ($126.92 in chips) 
Seat 2: ka100pka527 ($100 in chips) 
Seat 3: 2g00d4youu ($106.96 in chips) 
Seat 4: jeffy27dt1 ($101.50 in chips) 
Seat 5: whlzor ($143.70 in chips) 
Seat 6: radibay ($75.95 in chips) 
whlzor: posts small blind $0.50
radibay: posts big blind $1
*** HOLE CARDS ***
treidei3: folds 
ka100pka527: folds 
2g00d4youu: folds 
jeffy27dt1: folds 
whlzor: calls $0.50
radibay: checks 
*** FLOP *** [4s 5d 6c]
whlzor: bets $1.25
radibay: folds 
Uncalled bet ($1.25) returned to whlzor
whlzor collected $1.90 from pot
whlzor: doesn't show hand 
*** SUMMARY ***
Total pot $2 | Rake $0.10 
Board [4s 5d 6c]
Seat 1: treidei3 folded before Flop (didn't bet)
Seat 2: ka100pka527 folded before Flop (didn't bet)
Seat 3: 2g00d4youu folded before Flop (didn't bet)
Seat 4: jeffy27dt1 (button) folded before Flop (didn't bet)
Seat 5: whlzor (small blind) collected ($1.90)
Seat 6: radibay (big blind) folded on the Flop



PokerStars Hand #254702733237:  Hold'em No Limit ($0.50/$1.00 USD) - 2025/02/04 14:45:04 WET [2025/02/04 9:45:04 ET]
Table 'Euaimon II' 6-max Seat #5 is the button
Seat 1: treidei3 ($126.92 in chips) is sitting out
Seat 2: ka100pka527 ($100 in chips) 
Seat 3: 2g00d4youu ($106.96 in chips) 
Seat 4: jeffy27dt1 ($101.50 in chips) 
Seat 5: whlzor ($144.60 in chips) 
Seat 6: radibay ($74.95 in chips) 
radibay: posts small blind $0.50
treidei3: is sitting out 
ka100pka527: posts big blind $1
*** HOLE CARDS ***
2g00d4youu: raises $1.50 to $2.50
jeffy27dt1: folds 
whlzor: folds 
radibay: folds 
ka100pka527: folds 
Uncalled bet ($1.50) returned to 2g00d4youu
2g00d4youu collected $2.50 from pot
2g00d4youu: doesn't show hand 
*** SUMMARY ***
Total pot $2.50 | Rake $0 
Seat 1: treidei3
Seat 2: ka100pka527 (big blind) folded before Flop
Seat 3: 2g00d4youu collected ($2.50)
Seat 4: jeffy27dt1 folded before Flop (didn't bet)
Seat 5: whlzor (button) folded before Flop (didn't bet)
Seat 6: radibay (small blind) folded before Flop



PokerStars Hand #254702737245:  Hold'em No Limit ($0.50/$1.00 USD) - 2025/02/04 14:45:25 WET [2025/02/04 9:45:25 ET]
Table 'Euaimon II' 6-max Seat #6 is the button
Seat 1: treidei3 ($126.92 in chips) is sitting out
Seat 2: ka100pka527 ($100 in chips) 
Seat 3: 2g00d4youu ($108.46 in chips) 
Seat 4: jeffy27dt1 ($101.50 in chips) 
Seat 5: whlzor ($144.60 in chips) 
Seat 6: radibay ($74.45 in chips) 
ka100pka527: posts small blind $0.50
2g00d4youu: posts big blind $1
*** HOLE CARDS ***
jeffy27dt1: folds 
whlzor: folds 
radibay: calls $1
ka100pka527: calls $0.50
2g00d4youu: raises $4 to $5
radibay: folds 
ka100pka527: folds 
Uncalled bet ($4) returned to 2g00d4youu
ka100pka527 leaves the table
2g00d4youu collected $3 from pot
2g00d4youu: doesn't show hand 
*** SUMMARY ***
Total pot $3 | Rake $0 
Seat 1: treidei3
Seat 2: ka100pka527 (small blind) folded before Flop
Seat 3: 2g00d4youu (big blind) collected ($3)
Seat 4: jeffy27dt1 folded before Flop (didn't bet)
Seat 5: whlzor folded before Flop (didn't bet)
Seat 6: radibay (button) folded before Flop



PokerStars Hand #254702743082:  Hold'em No Limit ($0.50/$1.00 USD) - 2025/02/04 14:45:57 WET [2025/02/04 9:45:57 ET]
Table 'Euaimon II' 6-max Seat #3 is the button
Seat 1: treidei3 ($126.92 in chips) is sitting out
Seat 3: 2g00d4youu ($110.46 in chips) 
Seat 4: jeffy27dt1 ($101.50 in chips) 
Seat 5: whlzor ($144.60 in chips) 
Seat 6: radibay ($73.45 in chips) 
jeffy27dt1: posts small blind $0.50
whlzor: posts big blind $1
*** HOLE CARDS ***
BoyLoc0 joins the table at seat #2 
radibay: folds 
2g00d4youu: raises $1.50 to $2.50
jeffy27dt1: folds 
whlzor: folds 
Uncalled bet ($1.50) returned to 2g00d4youu
2g00d4youu collected $2.50 from pot
2g00d4youu: doesn't show hand 
*** SUMMARY ***
Total pot $2.50 | Rake $0 
Seat 1: treidei3
Seat 3: 2g00d4youu (button) collected ($2.50)
Seat 4: jeffy27dt1 (small blind) folded before Flop
Seat 5: whlzor (big blind) folded before Flop
Seat 6: radibay folded before Flop (didn't bet)



PokerStars Hand #254702746680:  Hold'em No Limit ($0.50/$1.00 USD) - 2025/02/04 14:46:17 WET [2025/02/04 9:46:17 ET]
Table 'Euaimon II' 6-max Seat #4 is the button
Seat 1: treidei3 ($126.92 in chips) is sitting out
Seat 2: BoyLoc0 ($100 in chips) is sitting out
Seat 3: 2g00d4youu ($111.96 in chips) 
Seat 4: jeffy27dt1 ($101 in chips) 
Seat 5: whlzor ($143.60 in chips) 
Seat 6: radibay ($73.45 in chips) 
whlzor: posts small blind $0.50
radibay: posts big blind $1
treidei3: sits out 
BoyLoc0: sits out 
*** HOLE CARDS ***
2g00d4youu: folds 
jeffy27dt1: folds 
whlzor: raises $2 to $3
radibay: folds 
Uncalled bet ($2) returned to whlzor
whlzor collected $2 from pot
whlzor: doesn't show hand 
*** SUMMARY ***
Total pot $2 | Rake $0 
Seat 1: treidei3
Seat 2: BoyLoc0
Seat 3: 2g00d4youu folded before Flop (didn't bet)
Seat 4: jeffy27dt1 (button) folded before Flop (didn't bet)
Seat 5: whlzor (small blind) collected ($2)
Seat 6: radibay (big blind) folded before Flop



PokerStars Hand #254702748537:  Hold'em No Limit ($0.50/$1.00 USD) - 2025/02/04 14:46:26 WET [2025/02/04 9:46:26 ET]
Table 'Euaimon II' 6-max Seat #5 is the button
Seat 2: BoyLoc0 ($100 in chips) is sitting out
Seat 1: treidei3 ($126.92 in chips) 
Seat 3: 2g00d4youu ($111.96 in chips) 
Seat 4: jeffy27dt1 ($101 in chips) 
Seat 5: whlzor ($144.60 in chips) 
Seat 6: radibay ($72.45 in chips) 
radibay: posts small blind $0.50
treidei3: posts big blind $1
BoyLoc0: sits out 
*** HOLE CARDS ***
2g00d4youu: folds 
jeffy27dt1: raises $1.50 to $2.50
whlzor: folds 
radibay: folds 
treidei3: folds 
Uncalled bet ($1.50) returned to jeffy27dt1
jeffy27dt1 collected $2.50 from pot
jeffy27dt1: doesn't show hand 
*** SUMMARY ***
Total pot $2.50 | Rake $0 
Seat 2: BoyLoc0
Seat 1: treidei3 (big blind) folded before Flop
Seat 3: 2g00d4youu folded before Flop (didn't bet)
Seat 4: jeffy27dt1 collected ($2.50)
Seat 5: whlzor (button) folded before Flop (didn't bet)
Seat 6: radibay (small blind) folded before Flop



PokerStars Hand #254702751978:  Hold'em No Limit ($0.50/$1.00 USD) - 2025/02/04 14:46:45 WET [2025/02/04 9:46:45 ET]
Table 'Euaimon II' 6-max Seat #6 is the button
Seat 1: treidei3 ($125.92 in chips) 
Seat 2: BoyLoc0 ($100 in chips) 
Seat 3: 2g00d4youu ($111.96 in chips) 
Seat 4: jeffy27dt1 ($102.50 in chips) 
Seat 5: whlzor ($144.60 in chips) 
Seat 6: radibay ($71.95 in chips) 
treidei3: posts small blind $0.50
BoyLoc0: posts big blind $1
*** HOLE CARDS ***
2g00d4youu: folds 
jeffy27dt1: folds 
whlzor: folds 
radibay: folds 
treidei3: folds 
Uncalled bet ($0.50) returned to BoyLoc0
BoyLoc0 collected $1 from pot
BoyLoc0: doesn't show hand 
*** SUMMARY ***
Total pot $1 | Rake $0 
Seat 1: treidei3 (small blind) folded before Flop
Seat 2: BoyLoc0 (big blind) collected ($1)
Seat 3: 2g00d4youu folded before Flop (didn't bet)
Seat 4: jeffy27dt1 folded before Flop (didn't bet)
Seat 5: whlzor folded before Flop (didn't bet)
Seat 6: radibay (button) folded before Flop (didn't bet)



PokerStars Hand #254702755662:  Hold'em No Limit ($0.50/$1.00 USD) - 2025/02/04 14:47:05 WET [2025/02/04 9:47:05 ET]
Table 'Euaimon II' 6-max Seat #1 is the button
Seat 1: treidei3 ($125.42 in chips) 
Seat 2: BoyLoc0 ($100.50 in chips) 
Seat 3: 2g00d4youu ($111.96 in chips) 
Seat 4: jeffy27dt1 ($102.50 in chips) 
Seat 5: whlzor ($144.60 in chips) 
Seat 6: radibay ($71.95 in chips) 
BoyLoc0: posts small blind $0.50
2g00d4youu: posts big blind $1
*** HOLE CARDS ***
jeffy27dt1: folds 
whlzor: raises $1.50 to $2.50
radibay: folds 
treidei3: folds 
BoyLoc0: raises $7.50 to $10
2g00d4youu: folds 
whlzor: folds 
Uncalled bet ($7.50) returned to BoyLoc0
BoyLoc0 collected $6 from pot
BoyLoc0: doesn't show hand 
*** SUMMARY ***
Total pot $6 | Rake $0 
Seat 1: treidei3 (button) folded before Flop (didn't bet)
Seat 2: BoyLoc0 (small blind) collected ($6)
Seat 3: 2g00d4youu (big blind) folded before Flop
Seat 4: jeffy27dt1 folded before Flop (didn't bet)
Seat 5: whlzor folded before Flop
Seat 6: radibay folded before Flop (didn't bet)



PokerStars Hand #254702760121:  Hold'em No Limit ($0.50/$1.00 USD) - 2025/02/04 14:47:29 WET [2025/02/04 9:47:29 ET]
Table 'Euaimon II' 6-max Seat #2 is the button
Seat 1: treidei3 ($125.42 in chips) 
Seat 2: BoyLoc0 ($104 in chips) 
Seat 3: 2g00d4youu ($110.96 in chips) 
Seat 4: jeffy27dt1 ($102.50 in chips) 
Seat 5: whlzor ($142.10 in chips) 
Seat 6: radibay ($71.95 in chips) 
2g00d4youu: posts small blind $0.50
jeffy27dt1: posts big blind $1
*** HOLE CARDS ***
whlzor: folds 
radibay: folds 
treidei3: folds 
BoyLoc0: raises $1.50 to $2.50
2g00d4youu: folds 
jeffy27dt1: raises $10.50 to $13
BoyLoc0: folds 
Uncalled bet ($10.50) returned to jeffy27dt1
jeffy27dt1 collected $5.50 from pot
jeffy27dt1: doesn't show hand 
*** SUMMARY ***
Total pot $5.50 | Rake $0 
Seat 1: treidei3 folded before Flop (didn't bet)
Seat 2: BoyLoc0 (button) folded before Flop
Seat 3: 2g00d4youu (small blind) folded before Flop
Seat 4: jeffy27dt1 (big blind) collected ($5.50)
Seat 5: whlzor folded before Flop (didn't bet)
Seat 6: radibay folded before Flop (didn't bet)



PokerStars Hand #254702773304:  Hold'em No Limit ($0.50/$1.00 USD) - 2025/02/04 14:48:40 WET [2025/02/04 9:48:40 ET]
Table 'Euaimon II' 6-max Seat #3 is the button
Seat 1: treidei3 ($125.42 in chips) 
Seat 2: BoyLoc0 ($101.50 in chips) 
Seat 3: 2g00d4youu ($110.46 in chips) 
Seat 4: jeffy27dt1 ($105.50 in chips) 
Seat 5: whlzor ($142.10 in chips) 
Seat 6: radibay ($71.95 in chips) 
jeffy27dt1: posts small blind $0.50
whlzor: posts big blind $1
*** HOLE CARDS ***
radibay: folds 
treidei3: folds 
BoyLoc0: folds 
2g00d4youu: raises $1.50 to $2.50
jeffy27dt1: folds 
whlzor: calls $1.50
*** FLOP *** [Jh 3h 9c]
whlzor: checks 
2g00d4youu: bets $3.92
whlzor: calls $3.92
*** TURN *** [Jh 3h 9c] [Tc]
whlzor: checks 
2g00d4youu: checks 
*** RIVER *** [Jh 3h 9c Tc] [5d]
whlzor: checks 
2g00d4youu: checks 
*** SHOW DOWN ***
whlzor: shows [9h Kd] (a pair of Nines)
2g00d4youu: mucks hand 
whlzor collected $12.67 from pot
*** SUMMARY ***
Total pot $13.34 | Rake $0.67 
Board [Jh 3h 9c Tc 5d]
Seat 1: treidei3 folded before Flop (didn't bet)
Seat 2: BoyLoc0 folded before Flop (didn't bet)
Seat 3: 2g00d4youu (button) mucked
Seat 4: jeffy27dt1 (small blind) folded before Flop
Seat 5: whlzor (big blind) showed [9h Kd] and won ($12.67) with a pair of Nines
Seat 6: radibay folded before Flop (didn't bet)



PokerStars Hand #254702788718:  Hold'em No Limit ($0.50/$1.00 USD) - 2025/02/04 14:50:03 WET [2025/02/04 9:50:03 ET]
Table 'Euaimon II' 6-max Seat #4 is the button
Seat 1: treidei3 ($125.42 in chips) 
Seat 2: BoyLoc0 ($101.50 in chips) 
Seat 3: 2g00d4youu ($104.04 in chips) 
Seat 4: jeffy27dt1 ($105 in chips) 
Seat 5: whlzor ($148.35 in chips) 
Seat 6: radibay ($71.95 in chips) 
whlzor: posts small blind $0.50
radibay: posts big blind $1
*** HOLE CARDS ***
treidei3: folds 
BoyLoc0: folds 
2g00d4youu: folds 
jeffy27dt1: folds 
whlzor: raises $2 to $3
radibay: folds 
Uncalled bet ($2) returned to whlzor
whlzor collected $2 from pot
whlzor: doesn't show hand 
*** SUMMARY ***
Total pot $2 | Rake $0 
Seat 1: treidei3 folded before Flop (didn't bet)
Seat 2: BoyLoc0 folded before Flop (didn't bet)
Seat 3: 2g00d4youu folded before Flop (didn't bet)
Seat 4: jeffy27dt1 (button) folded before Flop (didn't bet)
Seat 5: whlzor (small blind) collected ($2)
Seat 6: radibay (big blind) folded before Flop



PokerStars Hand #254702791148:  Hold'em No Limit ($0.50/$1.00 USD) - 2025/02/04 14:50:16 WET [2025/02/04 9:50:16 ET]
Table 'Euaimon II' 6-max Seat #5 is the button
Seat 1: treidei3 ($125.42 in chips) 
Seat 2: BoyLoc0 ($101.50 in chips) 
Seat 3: 2g00d4youu ($104.04 in chips) 
Seat 4: jeffy27dt1 ($105 in chips) 
Seat 5: whlzor ($149.35 in chips) 
Seat 6: radibay ($70.95 in chips) 
radibay: posts small blind $0.50
treidei3: posts big blind $1
*** HOLE CARDS ***
BoyLoc0: folds 
2g00d4youu: folds 
jeffy27dt1: folds 
whlzor: raises $2 to $3
radibay has timed out
radibay: folds 
treidei3: raises $9.50 to $12.50
whlzor: calls $9.50
*** FLOP *** [Th 9d Qc]
treidei3: bets $7.99
whlzor: calls $7.99
*** TURN *** [Th 9d Qc] [Jc]
treidei3: bets $29.56
whlzor: calls $29.56
*** RIVER *** [Th 9d Qc Jc] [9s]
treidei3: checks 
whlzor: checks 
*** SHOW DOWN ***
treidei3: shows [Ad Kd] (a straight, Ten to Ace)
whlzor: mucks hand 
treidei3 collected $98.10 from pot
*** SUMMARY ***
Total pot $100.60 | Rake $2.50 
Board [Th 9d Qc Jc 9s]
Seat 1: treidei3 (big blind) showed [Ad Kd] and won ($98.10) with a straight, Ten to Ace
Seat 2: BoyLoc0 folded before Flop (didn't bet)
Seat 3: 2g00d4youu folded before Flop (didn't bet)
Seat 4: jeffy27dt1 folded before Flop (didn't bet)
Seat 5: whlzor (button) mucked
Seat 6: radibay (small blind) folded before Flop



PokerStars Hand #254702811663:  Hold'em No Limit ($0.50/$1.00 USD) - 2025/02/04 14:52:06 WET [2025/02/04 9:52:06 ET]
Table 'Euaimon II' 6-max Seat #6 is the button
Seat 1: treidei3 ($173.47 in chips) 
Seat 2: BoyLoc0 ($101.50 in chips) 
Seat 3: 2g00d4youu ($104.04 in chips) 
Seat 4: jeffy27dt1 ($105 in chips) 
Seat 5: whlzor ($100 in chips) 
Seat 6: radibay ($70.45 in chips) 
treidei3: posts small blind $0.50
BoyLoc0: posts big blind $1
*** HOLE CARDS ***
2g00d4youu: raises $1.50 to $2.50
jeffy27dt1: folds 
whlzor: folds 
radibay: folds 
treidei3: folds 
BoyLoc0: folds 
Uncalled bet ($1.50) returned to 2g00d4youu
2g00d4youu collected $2.50 from pot
2g00d4youu: doesn't show hand 
*** SUMMARY ***
Total pot $2.50 | Rake $0 
Seat 1: treidei3 (small blind) folded before Flop
Seat 2: BoyLoc0 (big blind) folded before Flop
Seat 3: 2g00d4youu collected ($2.50)
Seat 4: jeffy27dt1 folded before Flop (didn't bet)
Seat 5: whlzor folded before Flop (didn't bet)
Seat 6: radibay (button) folded before Flop (didn't bet)



PokerStars Hand #254702814273:  Hold'em No Limit ($0.50/$1.00 USD) - 2025/02/04 14:52:19 WET [2025/02/04 9:52:19 ET]
Table 'Euaimon II' 6-max Seat #1 is the button
Seat 1: treidei3 ($172.97 in chips) 
Seat 2: BoyLoc0 ($100.50 in chips) 
Seat 3: 2g00d4youu ($105.54 in chips) 
Seat 4: jeffy27dt1 ($105 in chips) 
Seat 5: whlzor ($100 in chips) 
Seat 6: radibay ($70.45 in chips) 
BoyLoc0: posts small blind $0.50
2g00d4youu: posts big blind $1
*** HOLE CARDS ***
jeffy27dt1: folds 
whlzor: folds 
radibay: folds 
treidei3: folds 
BoyLoc0: folds 
Uncalled bet ($0.50) returned to 2g00d4youu
2g00d4youu collected $1 from pot
2g00d4youu: doesn't show hand 
*** SUMMARY ***
Total pot $1 | Rake $0 
Seat 1: treidei3 (button) folded before Flop (didn't bet)
Seat 2: BoyLoc0 (small blind) folded before Flop
Seat 3: 2g00d4youu (big blind) collected ($1)
Seat 4: jeffy27dt1 folded before Flop (didn't bet)
Seat 5: whlzor folded before Flop (didn't bet)
Seat 6: radibay folded before Flop (didn't bet)



PokerStars Hand #254702816279:  Hold'em No Limit ($0.50/$1.00 USD) - 2025/02/04 14:52:30 WET [2025/02/04 9:52:30 ET]
Table 'Euaimon II' 6-max Seat #2 is the button
Seat 1: treidei3 ($172.97 in chips) 
Seat 2: BoyLoc0 ($100 in chips) 
Seat 3: 2g00d4youu ($106.04 in chips) 
Seat 4: jeffy27dt1 ($105 in chips) 
Seat 5: whlzor ($100 in chips) 
Seat 6: radibay ($70.45 in chips) 
2g00d4youu: posts small blind $0.50
jeffy27dt1: posts big blind $1
*** HOLE CARDS ***
whlzor: raises $1.50 to $2.50
radibay: folds 
treidei3: raises $4.50 to $7
BoyLoc0: folds 
2g00d4youu: folds 
jeffy27dt1: folds 
whlzor: folds 
Uncalled bet ($4.50) returned to treidei3
treidei3 collected $6.50 from pot
treidei3: doesn't show hand 
*** SUMMARY ***
Total pot $6.50 | Rake $0 
Seat 1: treidei3 collected ($6.50)
Seat 2: BoyLoc0 (button) folded before Flop (didn't bet)
Seat 3: 2g00d4youu (small blind) folded before Flop
Seat 4: jeffy27dt1 (big blind) folded before Flop
Seat 5: whlzor folded before Flop
Seat 6: radibay folded before Flop (didn't bet)



PokerStars Hand #254702819667:  Hold'em No Limit ($0.50/$1.00 USD) - 2025/02/04 14:52:48 WET [2025/02/04 9:52:48 ET]
Table 'Euaimon II' 6-max Seat #3 is the button
Seat 1: treidei3 ($176.97 in chips) 
Seat 2: BoyLoc0 ($100 in chips) 
Seat 3: 2g00d4youu ($105.54 in chips) 
Seat 4: jeffy27dt1 ($104 in chips) 
Seat 5: whlzor ($100 in chips) 
Seat 6: radibay ($70.45 in chips) 
jeffy27dt1: posts small blind $0.50
whlzor: posts big blind $1
*** HOLE CARDS ***
radibay: calls $1
treidei3: folds 
BoyLoc0: folds 
2g00d4youu: raises $3 to $4
jeffy27dt1: folds 
whlzor: folds 
radibay: calls $3
*** FLOP *** [Jh 4c 9s]
radibay: checks 
2g00d4youu: bets $2.98
radibay: folds 
Uncalled bet ($2.98) returned to 2g00d4youu
2g00d4youu collected $9.02 from pot
2g00d4youu: doesn't show hand 
*** SUMMARY ***
Total pot $9.50 | Rake $0.48 
Board [Jh 4c 9s]
Seat 1: treidei3 folded before Flop (didn't bet)
Seat 2: BoyLoc0 folded before Flop (didn't bet)
Seat 3: 2g00d4youu (button) collected ($9.02)
Seat 4: jeffy27dt1 (small blind) folded before Flop
Seat 5: whlzor (big blind) folded before Flop
Seat 6: radibay folded on the Flop



PokerStars Hand #254702851468:  Hold'em No Limit ($0.50/$1.00 USD) - 2025/02/04 14:55:44 WET [2025/02/04 9:55:44 ET]
Table 'Euaimon II' 6-max Seat #1 is the button
Seat 1: treidei3 ($175.47 in chips) 
Seat 2: BoyLoc0 ($100.50 in chips) 
Seat 3: 2g00d4youu ($110.56 in chips) 
Seat 4: jeffy27dt1 ($105 in chips) 
Seat 5: whlzor ($100.50 in chips) 
Seat 6: radibay ($65.14 in chips) 
BoyLoc0: posts small blind $0.50
2g00d4youu: posts big blind $1
*** HOLE CARDS ***
jeffy27dt1: folds 
whlzor: folds 
radibay: calls $1
treidei3: folds 
BoyLoc0: folds 
2g00d4youu: checks 
*** FLOP *** [3s 2h 8c]
2g00d4youu: checks 
radibay: checks 
*** TURN *** [3s 2h 8c] [Kh]
2g00d4youu: checks 
radibay: checks 
*** RIVER *** [3s 2h 8c Kh] [Ad]
2g00d4youu: bets $1.31
radibay: folds 
Uncalled bet ($1.31) returned to 2g00d4youu
2g00d4youu collected $2.38 from pot
2g00d4youu: doesn't show hand 
*** SUMMARY ***
Total pot $2.50 | Rake $0.12 
Board [3s 2h 8c Kh Ad]
Seat 1: treidei3 (button) folded before Flop (didn't bet)
Seat 2: BoyLoc0 (small blind) folded before Flop
Seat 3: 2g00d4youu (big blind) collected ($2.38)
Seat 4: jeffy27dt1 folded before Flop (didn't bet)
Seat 5: whlzor folded before Flop (didn't bet)
Seat 6: radibay folded on the River



PokerStars Hand #254702857981:  Hold'em No Limit ($0.50/$1.00 USD) - 2025/02/04 14:56:27 WET [2025/02/04 9:56:27 ET]
Table 'Euaimon II' 6-max Seat #2 is the button
Seat 1: treidei3 ($175.47 in chips) 
Seat 2: BoyLoc0 ($100 in chips) 
Seat 3: 2g00d4youu ($111.94 in chips) 
Seat 4: jeffy27dt1 ($105 in chips) 
Seat 5: whlzor ($100.50 in chips) 
Seat 6: radibay ($64.14 in chips) 
2g00d4youu: posts small blind $0.50
jeffy27dt1: posts big blind $1
*** HOLE CARDS ***
whlzor: folds 
radibay: folds 
treidei3: folds 
BoyLoc0: folds 
2g00d4youu: raises $2 to $3
jeffy27dt1: folds 
Uncalled bet ($2) returned to 2g00d4youu
2g00d4youu collected $2 from pot
2g00d4youu: doesn't show hand 
*** SUMMARY ***
Total pot $2 | Rake $0 
Seat 1: treidei3 folded before Flop (didn't bet)
Seat 2: BoyLoc0 (button) folded before Flop (didn't bet)
Seat 3: 2g00d4youu (small blind) collected ($2)
Seat 4: jeffy27dt1 (big blind) folded before Flop
Seat 5: whlzor folded before Flop (didn't bet)
Seat 6: radibay folded before Flop (didn't bet)



PokerStars Hand #254702860914:  Hold'em No Limit ($0.50/$1.00 USD) - 2025/02/04 14:56:46 WET [2025/02/04 9:56:46 ET]
Table 'Euaimon II' 6-max Seat #3 is the button
Seat 5: whlzor ($100.50 in chips) is sitting out
Seat 1: treidei3 ($175.47 in chips) 
Seat 2: BoyLoc0 ($100 in chips) 
Seat 3: 2g00d4youu ($112.94 in chips) 
Seat 4: jeffy27dt1 ($104 in chips) 
Seat 6: radibay ($64.14 in chips) 
jeffy27dt1: posts small blind $0.50
whlzor: is sitting out 
radibay: posts big blind $1
*** HOLE CARDS ***
treidei3: folds 
BoyLoc0: folds 
2g00d4youu: raises $1.50 to $2.50
jeffy27dt1: folds 
whlzor leaves the table
radibay: folds 
Uncalled bet ($1.50) returned to 2g00d4youu
2g00d4youu collected $2.50 from pot
2g00d4youu: doesn't show hand 
*** SUMMARY ***
Total pot $2.50 | Rake $0 
Seat 5: whlzor
Seat 1: treidei3 folded before Flop (didn't bet)
Seat 2: BoyLoc0 folded before Flop (didn't bet)
Seat 3: 2g00d4youu (button) collected ($2.50)
Seat 4: jeffy27dt1 (small blind) folded before Flop
Seat 6: radibay (big blind) folded before Flop



PokerStars Hand #254702865420:  Hold'em No Limit ($0.50/$1.00 USD) - 2025/02/04 14:57:15 WET [2025/02/04 9:57:15 ET]
Table 'Euaimon II' 6-max Seat #4 is the button
Seat 1: treidei3 ($175.47 in chips) is sitting out
Seat 2: BoyLoc0 ($100 in chips) 
Seat 3: 2g00d4youu ($114.44 in chips) 
Seat 4: jeffy27dt1 ($103.50 in chips) 
Seat 6: radibay ($63.14 in chips) 
radibay: posts small blind $0.50
treidei3: is sitting out 
BoyLoc0: posts big blind $1
*** HOLE CARDS ***
2g00d4youu: raises $1.50 to $2.50
treidei3 leaves the table
jeffy27dt1: folds 
radibay: calls $2
BoyLoc0: folds 
*** FLOP *** [5d 3s 7c]
BGS013 joins the table at seat #5 
radibay: checks 
2g00d4youu: bets $2.28
radibay: folds 
Uncalled bet ($2.28) returned to 2g00d4youu
2g00d4youu collected $5.70 from pot
2g00d4youu: doesn't show hand 
*** SUMMARY ***
Total pot $6 | Rake $0.30 
Board [5d 3s 7c]
Seat 1: treidei3
Seat 2: BoyLoc0 (big blind) folded before Flop
Seat 3: 2g00d4youu collected ($5.70)
Seat 4: jeffy27dt1 (button) folded before Flop (didn't bet)
Seat 6: radibay (small blind) folded on the Flop



PokerStars Hand #254702870380:  Hold'em No Limit ($0.50/$1.00 USD) - 2025/02/04 14:57:47 WET [2025/02/04 9:57:47 ET]
Table 'Euaimon II' 6-max Seat #6 is the button
Seat 5: BGS013 ($100 in chips) is sitting out
Seat 2: BoyLoc0 ($100 in chips) 
Seat 3: 2g00d4youu ($117.64 in chips) 
Seat 4: jeffy27dt1 ($103.50 in chips) 
Seat 6: radibay ($60.64 in chips) 
BoyLoc0: posts small blind $0.50
2g00d4youu: posts big blind $1
BGS013: sits out 
*** HOLE CARDS ***
jeffy27dt1: folds 
radibay: folds 
BoyLoc0: folds 
Uncalled bet ($0.50) returned to 2g00d4youu
2g00d4youu collected $1 from pot
2g00d4youu: doesn't show hand 
*** SUMMARY ***
Total pot $1 | Rake $0 
Seat 5: BGS013
Seat 2: BoyLoc0 (small blind) folded before Flop
Seat 3: 2g00d4youu (big blind) collected ($1)
Seat 4: jeffy27dt1 folded before Flop (didn't bet)
Seat 6: radibay (button) folded before Flop (didn't bet)



PokerStars Hand #254702872597:  Hold'em No Limit ($0.50/$1.00 USD) - 2025/02/04 14:58:03 WET [2025/02/04 9:58:03 ET]
Table 'Euaimon II' 6-max Seat #2 is the button
Seat 5: BGS013 ($100 in chips) is sitting out
Seat 2: BoyLoc0 ($100 in chips) 
Seat 3: 2g00d4youu ($118.14 in chips) 
Seat 4: jeffy27dt1 ($103.50 in chips) 
Seat 6: radibay ($60.64 in chips) 
2g00d4youu: posts small blind $0.50
jeffy27dt1: posts big blind $1
BGS013: sits out 
*** HOLE CARDS ***
radibay: folds 
BoyLoc0: raises $1.50 to $2.50
xxxZeka joins the table at seat #1 
2g00d4youu: folds 
jeffy27dt1: raises $10.50 to $13
BoyLoc0: raises $14 to $27
jeffy27dt1: folds 
Uncalled bet ($14) returned to BoyLoc0
BoyLoc0 collected $26.50 from pot
BoyLoc0: doesn't show hand 
*** SUMMARY ***
Total pot $26.50 | Rake $0 
Seat 5: BGS013
Seat 2: BoyLoc0 (button) collected ($26.50)
Seat 3: 2g00d4youu (small blind) folded before Flop
Seat 4: jeffy27dt1 (big blind) folded before Flop
Seat 6: radibay folded before Flop (didn't bet)



PokerStars Hand #254702881559:  Hold'em No Limit ($0.50/$1.00 USD) - 2025/02/04 14:59:00 WET [2025/02/04 9:59:00 ET]
Table 'Euaimon II' 6-max Seat #3 is the button
Seat 1: xxxZeka ($100 in chips) is sitting out
Seat 2: BoyLoc0 ($113.50 in chips) 
Seat 3: 2g00d4youu ($117.64 in chips) 
Seat 4: jeffy27dt1 ($100 in chips) 
Seat 5: BGS013 ($100 in chips) 
Seat 6: radibay ($60.64 in chips) 
jeffy27dt1: posts small blind $0.50
BGS013: posts big blind $1
xxxZeka: sits out 
*** HOLE CARDS ***
radibay: folds 
BoyLoc0: raises $1.50 to $2.50
2g00d4youu: folds 
jeffy27dt1: folds 
BGS013: calls $1.50
*** FLOP *** [Ah 6s 3d]
BGS013: checks 
BoyLoc0: checks 
*** TURN *** [Ah 6s 3d] [4c]
BGS013: checks 
BoyLoc0: checks 
*** RIVER *** [Ah 6s 3d 4c] [Jd]
BGS013: bets $4.07
BoyLoc0: folds 
Uncalled bet ($4.07) returned to BGS013
BGS013 collected $5.22 from pot
BGS013: doesn't show hand 
*** SUMMARY ***
Total pot $5.50 | Rake $0.28 
Board [Ah 6s 3d 4c Jd]
Seat 1: xxxZeka
Seat 2: BoyLoc0 folded on the River
Seat 3: 2g00d4youu (button) folded before Flop (didn't bet)
Seat 4: jeffy27dt1 (small blind) folded before Flop
Seat 5: BGS013 (big blind) collected ($5.22)
Seat 6: radibay folded before Flop (didn't bet)



PokerStars Hand #254702891733:  Hold'em No Limit ($0.50/$1.00 USD) - 2025/02/04 15:00:06 WET [2025/02/04 10:00:06 ET]
Table 'Euaimon II' 6-max Seat #4 is the button
Seat 1: xxxZeka ($100 in chips) is sitting out
Seat 2: BoyLoc0 ($111 in chips) 
Seat 3: 2g00d4youu ($117.64 in chips) 
Seat 4: jeffy27dt1 ($100 in chips) 
Seat 5: BGS013 ($102.72 in chips) 
Seat 6: radibay ($60.64 in chips) 
BGS013: posts small blind $0.50
radibay: posts big blind $1
xxxZeka: sits out 
*** HOLE CARDS ***
BoyLoc0: folds 
2g00d4youu: folds 
jeffy27dt1: folds 
BGS013: raises $2 to $3
radibay: folds 
Uncalled bet ($2) returned to BGS013
BGS013 collected $2 from pot
BGS013: doesn't show hand 
*** SUMMARY ***
Total pot $2 | Rake $0 
Seat 1: xxxZeka
Seat 2: BoyLoc0 folded before Flop (didn't bet)
Seat 3: 2g00d4youu folded before Flop (didn't bet)
Seat 4: jeffy27dt1 (button) folded before Flop (didn't bet)
Seat 5: BGS013 (small blind) collected ($2)
Seat 6: radibay (big blind) folded before Flop



PokerStars Hand #254702895913:  Hold'em No Limit ($0.50/$1.00 USD) - 2025/02/04 15:00:31 WET [2025/02/04 10:00:31 ET]
Table 'Euaimon II' 6-max Seat #5 is the button
Seat 1: xxxZeka ($100 in chips) 
Seat 2: BoyLoc0 ($111 in chips) 
Seat 3: 2g00d4youu ($117.64 in chips) 
Seat 4: jeffy27dt1 ($100 in chips) 
Seat 5: BGS013 ($103.72 in chips) 
Seat 6: radibay ($59.64 in chips) 
radibay: posts small blind $0.50
xxxZeka: posts big blind $1
*** HOLE CARDS ***
BoyLoc0: raises $1.50 to $2.50
2g00d4youu: folds 
jeffy27dt1: folds 
BGS013: folds 
radibay: calls $2
xxxZeka: calls $1.50
*** FLOP *** [4d 5c 5s]
radibay: checks 
xxxZeka: checks 
BoyLoc0: bets $5.34
radibay: folds 
xxxZeka: calls $5.34
*** TURN *** [4d 5c 5s] [7d]
xxxZeka: checks 
BoyLoc0: bets $12.95
xxxZeka: raises $23.05 to $36
BoyLoc0: calls $23.05
*** RIVER *** [4d 5c 5s 7d] [9d]
xxxZeka: bets $56.16 and is all-in
BoyLoc0: folds 
Uncalled bet ($56.16) returned to xxxZeka
xxxZeka collected $87.68 from pot
xxxZeka: doesn't show hand 
*** SUMMARY ***
Total pot $90.18 | Rake $2.50 
Board [4d 5c 5s 7d 9d]
Seat 1: xxxZeka (big blind) collected ($87.68)
Seat 2: BoyLoc0 folded on the River
Seat 3: 2g00d4youu folded before Flop (didn't bet)
Seat 4: jeffy27dt1 folded before Flop (didn't bet)
Seat 5: BGS013 (button) folded before Flop (didn't bet)
Seat 6: radibay (small blind) folded on the Flop



PokerStars Hand #254702917618:  Hold'em No Limit ($0.50/$1.00 USD) - 2025/02/04 15:02:31 WET [2025/02/04 10:02:31 ET]
Table 'Euaimon II' 6-max Seat #6 is the button
Seat 1: xxxZeka ($143.84 in chips) 
Seat 2: BoyLoc0 ($100 in chips) 
Seat 3: 2g00d4youu ($117.64 in chips) 
Seat 4: jeffy27dt1 ($100 in chips) 
Seat 5: BGS013 ($103.72 in chips) 
Seat 6: radibay ($57.14 in chips) 
xxxZeka: posts small blind $0.50
BoyLoc0: posts big blind $1
*** HOLE CARDS ***
2g00d4youu: folds 
jeffy27dt1: folds 
BGS013: folds 
radibay: folds 
xxxZeka: folds 
Uncalled bet ($0.50) returned to BoyLoc0
BoyLoc0 collected $1 from pot
BoyLoc0: doesn't show hand 
*** SUMMARY ***
Total pot $1 | Rake $0 
Seat 1: xxxZeka (small blind) folded before Flop
Seat 2: BoyLoc0 (big blind) collected ($1)
Seat 3: 2g00d4youu folded before Flop (didn't bet)
Seat 4: jeffy27dt1 folded before Flop (didn't bet)
Seat 5: BGS013 folded before Flop (didn't bet)
Seat 6: radibay (button) folded before Flop (didn't bet)



PokerStars Hand #254702920261:  Hold'em No Limit ($0.50/$1.00 USD) - 2025/02/04 15:02:46 WET [2025/02/04 10:02:46 ET]
Table 'Euaimon II' 6-max Seat #1 is the button
Seat 3: 2g00d4youu ($117.64 in chips) is sitting out
Seat 1: xxxZeka ($143.34 in chips) 
Seat 2: BoyLoc0 ($100.50 in chips) 
Seat 4: jeffy27dt1 ($100 in chips) 
Seat 5: BGS013 ($103.72 in chips) 
Seat 6: radibay ($57.14 in chips) 
BoyLoc0: posts small blind $0.50
2g00d4youu: is sitting out 
jeffy27dt1: posts big blind $1
*** HOLE CARDS ***
BGS013: folds 
radibay: folds 
xxxZeka: raises $1.50 to $2.50
BoyLoc0: folds 
jeffy27dt1: folds 
Uncalled bet ($1.50) returned to xxxZeka
xxxZeka collected $2.50 from pot
xxxZeka: doesn't show hand 
*** SUMMARY ***
Total pot $2.50 | Rake $0 
Seat 3: 2g00d4youu
Seat 1: xxxZeka (button) collected ($2.50)
Seat 2: BoyLoc0 (small blind) folded before Flop
Seat 4: jeffy27dt1 (big blind) folded before Flop
Seat 5: BGS013 folded before Flop (didn't bet)
Seat 6: radibay folded before Flop (didn't bet)



PokerStars Hand #254702927044:  Hold'em No Limit ($0.50/$1.00 USD) - 2025/02/04 15:03:22 WET [2025/02/04 10:03:22 ET]
Table 'Euaimon II' 6-max Seat #2 is the button
Seat 3: 2g00d4youu ($117.64 in chips) is sitting out
Seat 1: xxxZeka ($144.84 in chips) 
Seat 2: BoyLoc0 ($100 in chips) 
Seat 4: jeffy27dt1 ($100 in chips) 
Seat 5: BGS013 ($103.72 in chips) 
Seat 6: radibay ($57.14 in chips) 
jeffy27dt1: posts small blind $0.50
BGS013: posts big blind $1
*** HOLE CARDS ***
radibay: folds 
xxxZeka: folds 
BoyLoc0: raises $1.50 to $2.50
jeffy27dt1: folds 
BGS013: folds 
Uncalled bet ($1.50) returned to BoyLoc0
BoyLoc0 collected $2.50 from pot
BoyLoc0: doesn't show hand 
*** SUMMARY ***
Total pot $2.50 | Rake $0 
Seat 3: 2g00d4youu
Seat 1: xxxZeka folded before Flop (didn't bet)
Seat 2: BoyLoc0 (button) collected ($2.50)
Seat 4: jeffy27dt1 (small blind) folded before Flop
Seat 5: BGS013 (big blind) folded before Flop
Seat 6: radibay folded before Flop (didn't bet)



PokerStars Hand #254702930516:  Hold'em No Limit ($0.50/$1.00 USD) - 2025/02/04 15:03:41 WET [2025/02/04 10:03:41 ET]
Table 'Euaimon II' 6-max Seat #4 is the button
Seat 3: 2g00d4youu ($117.64 in chips) is sitting out
Seat 1: xxxZeka ($144.84 in chips) 
Seat 2: BoyLoc0 ($101.50 in chips) 
Seat 4: jeffy27dt1 ($100 in chips) 
Seat 5: BGS013 ($102.72 in chips) 
Seat 6: radibay ($57.14 in chips) 
BGS013: posts small blind $0.50
radibay: posts big blind $1
*** HOLE CARDS ***
xxxZeka: folds 
BoyLoc0: raises $1.50 to $2.50
jeffy27dt1: folds 
BGS013: raises $8.50 to $11
radibay: calls $10
BoyLoc0: calls $8.50
*** FLOP *** [Ah Qd Ac]
BGS013: bets $3.65
radibay: folds 
BoyLoc0: raises $10.75 to $14.40
BGS013: calls $10.75
*** TURN *** [Ah Qd Ac] [Jh]
BGS013: checks 
BoyLoc0: checks 
*** RIVER *** [Ah Qd Ac Jh] [9s]
BGS013: checks 
BoyLoc0: bets $76.10 and is all-in
BGS013: folds 
Uncalled bet ($76.10) returned to BoyLoc0
BoyLoc0 collected $59.30 from pot
BoyLoc0: doesn't show hand 
*** SUMMARY ***
Total pot $61.80 | Rake $2.50 
Board [Ah Qd Ac Jh 9s]
Seat 3: 2g00d4youu
Seat 1: xxxZeka folded before Flop (didn't bet)
Seat 2: BoyLoc0 collected ($59.30)
Seat 4: jeffy27dt1 (button) folded before Flop (didn't bet)
Seat 5: BGS013 (small blind) folded on the River
Seat 6: radibay (big blind) folded on the Flop



PokerStars Hand #254702942650:  Hold'em No Limit ($0.50/$1.00 USD) - 2025/02/04 15:04:46 WET [2025/02/04 10:04:46 ET]
Table 'Euaimon II' 6-max Seat #5 is the button
Seat 3: 2g00d4youu ($117.64 in chips) is sitting out
Seat 1: xxxZeka ($144.84 in chips) 
Seat 2: BoyLoc0 ($135.40 in chips) 
Seat 4: jeffy27dt1 ($100 in chips) 
Seat 5: BGS013 ($100 in chips) 
Seat 6: radibay ($46.14 in chips) 
radibay: posts small blind $0.50
xxxZeka: posts big blind $1
2g00d4youu: sits out 
*** HOLE CARDS ***
BoyLoc0: folds 
jeffy27dt1: folds 
BGS013: raises $1.50 to $2.50
radibay: folds 
xxxZeka: folds 
Uncalled bet ($1.50) returned to BGS013
BGS013 collected $2.50 from pot
BGS013: doesn't show hand 
*** SUMMARY ***
Total pot $2.50 | Rake $0 
Seat 3: 2g00d4youu
Seat 1: xxxZeka (big blind) folded before Flop
Seat 2: BoyLoc0 folded before Flop (didn't bet)
Seat 4: jeffy27dt1 folded before Flop (didn't bet)
Seat 5: BGS013 (button) collected ($2.50)
Seat 6: radibay (small blind) folded before Flop



PokerStars Hand #254702946728:  Hold'em No Limit ($0.50/$1.00 USD) - 2025/02/04 15:05:07 WET [2025/02/04 10:05:07 ET]
Table 'Euaimon II' 6-max Seat #6 is the button
Seat 3: 2g00d4youu ($117.64 in chips) is sitting out
Seat 1: xxxZeka ($143.84 in chips) 
Seat 2: BoyLoc0 ($135.40 in chips) 
Seat 4: jeffy27dt1 ($100 in chips) 
Seat 5: BGS013 ($101.50 in chips) 
Seat 6: radibay ($45.64 in chips) 
xxxZeka: posts small blind $0.50
BoyLoc0: posts big blind $1
2g00d4youu: sits out 
*** HOLE CARDS ***
jeffy27dt1: folds 
BGS013: folds 
radibay: calls $1
xxxZeka: folds 
BoyLoc0: raises $4 to $5
radibay: calls $4
*** FLOP *** [3h Jh Jc]
BoyLoc0: bets $7.49
radibay: folds 
Uncalled bet ($7.49) returned to BoyLoc0
BoyLoc0 collected $9.98 from pot
BoyLoc0: doesn't show hand 
*** SUMMARY ***
Total pot $10.50 | Rake $0.52 
Board [3h Jh Jc]
Seat 3: 2g00d4youu
Seat 1: xxxZeka (small blind) folded before Flop
Seat 2: BoyLoc0 (big blind) collected ($9.98)
Seat 4: jeffy27dt1 folded before Flop (didn't bet)
Seat 5: BGS013 folded before Flop (didn't bet)
Seat 6: radibay (button) folded on the Flop



PokerStars Hand #254702951458:  Hold'em No Limit ($0.50/$1.00 USD) - 2025/02/04 15:05:33 WET [2025/02/04 10:05:33 ET]
Table 'Euaimon II' 6-max Seat #1 is the button
Seat 1: xxxZeka ($143.34 in chips) 
Seat 2: BoyLoc0 ($140.38 in chips) 
Seat 3: 2g00d4youu ($117.64 in chips) 
Seat 4: jeffy27dt1 ($100 in chips) 
Seat 5: BGS013 ($101.50 in chips) 
Seat 6: radibay ($40.64 in chips) 
BoyLoc0: posts small blind $0.50
2g00d4youu: posts big blind $1
*** HOLE CARDS ***
jeffy27dt1: folds 
BGS013: folds 
radibay: folds 
xxxZeka: folds 
BoyLoc0: folds 
Uncalled bet ($0.50) returned to 2g00d4youu
2g00d4youu collected $1 from pot
2g00d4youu: doesn't show hand 
*** SUMMARY ***
Total pot $1 | Rake $0 
Seat 1: xxxZeka (button) folded before Flop (didn't bet)
Seat 2: BoyLoc0 (small blind) folded before Flop
Seat 3: 2g00d4youu (big blind) collected ($1)
Seat 4: jeffy27dt1 folded before Flop (didn't bet)
Seat 5: BGS013 folded before Flop (didn't bet)
Seat 6: radibay folded before Flop (didn't bet)



PokerStars Hand #254702954321:  Hold'em No Limit ($0.50/$1.00 USD) - 2025/02/04 15:05:48 WET [2025/02/04 10:05:48 ET]
Table 'Euaimon II' 6-max Seat #2 is the button
Seat 4: jeffy27dt1 ($100 in chips) is sitting out
Seat 1: xxxZeka ($143.34 in chips) 
Seat 2: BoyLoc0 ($139.88 in chips) 
Seat 3: 2g00d4youu ($118.14 in chips) 
Seat 5: BGS013 ($101.50 in chips) 
Seat 6: radibay ($40.64 in chips) 
2g00d4youu: posts small blind $0.50
jeffy27dt1: is sitting out 
BGS013: posts big blind $1
*** HOLE CARDS ***
radibay: folds 
xxxZeka: folds 
BoyLoc0: folds 
2g00d4youu: raises $2 to $3
BGS013: calls $2
*** FLOP *** [2c Td 5h]
2g00d4youu: checks 
BGS013: bets $1.48
2g00d4youu: calls $1.48
*** TURN *** [2c Td 5h] [5c]
2g00d4youu: checks 
BGS013: checks 
*** RIVER *** [2c Td 5h 5c] [7s]
2g00d4youu: checks 
BGS013: bets $12.50
jeffy27dt1 leaves the table
2g00d4youu: folds 
Uncalled bet ($12.50) returned to BGS013
BGS013 collected $8.51 from pot
*** SUMMARY ***
Total pot $8.96 | Rake $0.45 
Board [2c Td 5h 5c 7s]
Seat 4: jeffy27dt1
Seat 1: xxxZeka folded before Flop (didn't bet)
Seat 2: BoyLoc0 (button) folded before Flop (didn't bet)
Seat 3: 2g00d4youu (small blind) folded on the River
Seat 5: BGS013 (big blind) collected ($8.51)
Seat 6: radibay folded before Flop (didn't bet)



PokerStars Hand #254702969376:  Hold'em No Limit ($0.50/$1.00 USD) - 2025/02/04 15:07:09 WET [2025/02/04 10:07:09 ET]
Table 'Euaimon II' 6-max Seat #3 is the button
Seat 1: xxxZeka ($143.34 in chips) 
Seat 2: BoyLoc0 ($139.88 in chips) 
Seat 3: 2g00d4youu ($113.66 in chips) 
Seat 5: BGS013 ($105.53 in chips) 
Seat 6: radibay ($40.64 in chips) 
BGS013: posts small blind $0.50
radibay: posts big blind $1
*** HOLE CARDS ***
xxxZeka: folds 
BoyLoc0: folds 
2g00d4youu: raises $1.50 to $2.50
BGS013: folds 
radibay: folds 
Uncalled bet ($1.50) returned to 2g00d4youu
BGS013 leaves the table
2g00d4youu collected $2.50 from pot
2g00d4youu: doesn't show hand 
*** SUMMARY ***
Total pot $2.50 | Rake $0 
Seat 1: xxxZeka folded before Flop (didn't bet)
Seat 2: BoyLoc0 folded before Flop (didn't bet)
Seat 3: 2g00d4youu (button) collected ($2.50)
Seat 5: BGS013 (small blind) folded before Flop
Seat 6: radibay (big blind) folded before Flop



PokerStars Hand #254702972404:  Hold'em No Limit ($0.50/$1.00 USD) - 2025/02/04 15:07:25 WET [2025/02/04 10:07:25 ET]
Table 'Euaimon II' 6-max Seat #6 is the button
Seat 1: xxxZeka ($143.34 in chips) 
Seat 2: BoyLoc0 ($139.88 in chips) 
Seat 3: 2g00d4youu ($115.16 in chips) 
Seat 6: radibay ($39.64 in chips) 
xxxZeka: posts small blind $0.50
BoyLoc0: posts big blind $1
*** HOLE CARDS ***
2g00d4youu: folds 
radibay: folds 
xxxZeka: folds 
Uncalled bet ($0.50) returned to BoyLoc0
BoyLoc0 collected $1 from pot
BoyLoc0: doesn't show hand 
*** SUMMARY ***
Total pot $1 | Rake $0 
Seat 1: xxxZeka (small blind) folded before Flop
Seat 2: BoyLoc0 (big blind) collected ($1)
Seat 3: 2g00d4youu folded before Flop (didn't bet)
Seat 6: radibay (button) folded before Flop (didn't bet)



PokerStars Hand #254702974774:  Hold'em No Limit ($0.50/$1.00 USD) - 2025/02/04 15:07:38 WET [2025/02/04 10:07:38 ET]
Table 'Euaimon II' 6-max Seat #1 is the button
Seat 1: xxxZeka ($142.84 in chips) 
Seat 2: BoyLoc0 ($140.38 in chips) 
Seat 3: 2g00d4youu ($115.16 in chips) 
Seat 6: radibay ($39.64 in chips) 
BoyLoc0: posts small blind $0.50
2g00d4youu: posts big blind $1
*** HOLE CARDS ***
radibay: folds 
xxxZeka: folds 
BoyLoc0: folds 
Uncalled bet ($0.50) returned to 2g00d4youu
2g00d4youu collected $1 from pot
2g00d4youu: doesn't show hand 
*** SUMMARY ***
Total pot $1 | Rake $0 
Seat 1: xxxZeka (button) folded before Flop (didn't bet)
Seat 2: BoyLoc0 (small blind) folded before Flop
Seat 3: 2g00d4youu (big blind) collected ($1)
Seat 6: radibay folded before Flop (didn't bet)



PokerStars Hand #254702977863:  Hold'em No Limit ($0.50/$1.00 USD) - 2025/02/04 15:07:54 WET [2025/02/04 10:07:54 ET]
Table 'Euaimon II' 6-max Seat #2 is the button
Seat 1: xxxZeka ($142.84 in chips) is sitting out
Seat 2: BoyLoc0 ($139.88 in chips) 
Seat 3: 2g00d4youu ($115.66 in chips) 
Seat 6: radibay ($39.64 in chips) 
2g00d4youu: posts small blind $0.50
radibay: posts big blind $1
*** HOLE CARDS ***
sta$igk joins the table at seat #4 
BoyLoc0: folds 
2g00d4youu: raises $2 to $3
radibay: calls $2
*** FLOP *** [9s 4s 6h]
2g00d4youu: bets $1.88
radibay: folds 
Uncalled bet ($1.88) returned to 2g00d4youu
2g00d4youu collected $5.70 from pot
2g00d4youu: doesn't show hand 
*** SUMMARY ***
Total pot $6 | Rake $0.30 
Board [9s 4s 6h]
Seat 1: xxxZeka
Seat 2: BoyLoc0 (button) folded before Flop (didn't bet)
Seat 3: 2g00d4youu (small blind) collected ($5.70)
Seat 6: radibay (big blind) folded on the Flop



PokerStars Hand #254702982928:  Hold'em No Limit ($0.50/$1.00 USD) - 2025/02/04 15:08:22 WET [2025/02/04 10:08:22 ET]
Table 'Euaimon II' 6-max Seat #3 is the button
Seat 1: xxxZeka ($142.84 in chips) is sitting out
Seat 4: sta$igk ($100 in chips) is sitting out
Seat 2: BoyLoc0 ($139.88 in chips) 
Seat 3: 2g00d4youu ($118.36 in chips) 
Seat 6: radibay ($36.64 in chips) 
radibay: posts small blind $0.50
BoyLoc0: posts big blind $1
*** HOLE CARDS ***
2g00d4youu: raises $1.50 to $2.50
radibay: folds 
BoyLoc0: folds 
Uncalled bet ($1.50) returned to 2g00d4youu
2g00d4youu collected $2.50 from pot
2g00d4youu: doesn't show hand 
*** SUMMARY ***
Total pot $2.50 | Rake $0 
Seat 1: xxxZeka
Seat 4: sta$igk
Seat 2: BoyLoc0 (big blind) folded before Flop
Seat 3: 2g00d4youu (button) collected ($2.50)
Seat 6: radibay (small blind) folded before Flop



PokerStars Hand #254702984811:  Hold'em No Limit ($0.50/$1.00 USD) - 2025/02/04 15:08:32 WET [2025/02/04 10:08:32 ET]
Table 'Euaimon II' 6-max Seat #6 is the button
Seat 1: xxxZeka ($142.84 in chips) is sitting out
Seat 4: sta$igk ($100 in chips) is sitting out
Seat 2: BoyLoc0 ($138.88 in chips) 
Seat 3: 2g00d4youu ($119.86 in chips) 
Seat 6: radibay ($36.14 in chips) 
BoyLoc0: posts small blind $0.50
2g00d4youu: posts big blind $1
sta$igk: sits out 
*** HOLE CARDS ***
radibay has timed out
radibay: folds 
BoyLoc0: folds 
Uncalled bet ($0.50) returned to 2g00d4youu
2g00d4youu collected $1 from pot
2g00d4youu: doesn't show hand 
*** SUMMARY ***
Total pot $1 | Rake $0 
Seat 1: xxxZeka
Seat 4: sta$igk
Seat 2: BoyLoc0 (small blind) folded before Flop
Seat 3: 2g00d4youu (big blind) collected ($1)
Seat 6: radibay (button) folded before Flop (didn't bet)



PokerStars Hand #254702987742:  Hold'em No Limit ($0.50/$1.00 USD) - 2025/02/04 15:08:48 WET [2025/02/04 10:08:48 ET]
Table 'Euaimon II' 6-max Seat #2 is the button
Seat 1: xxxZeka ($142.84 in chips) is sitting out
Seat 6: radibay ($36.14 in chips) is sitting out
Seat 2: BoyLoc0 ($138.38 in chips) 
Seat 3: 2g00d4youu ($120.36 in chips) 
Seat 4: sta$igk ($100 in chips) 
2g00d4youu: posts small blind $0.50
sta$igk: posts big blind $1
*** HOLE CARDS ***
BoyLoc0: raises $1.50 to $2.50
2g00d4youu: folds 
sta$igk: folds 
Uncalled bet ($1.50) returned to BoyLoc0
BoyLoc0 collected $2.50 from pot
BoyLoc0: doesn't show hand 
*** SUMMARY ***
Total pot $2.50 | Rake $0 
Seat 1: xxxZeka
Seat 6: radibay
Seat 2: BoyLoc0 (button) collected ($2.50)
Seat 3: 2g00d4youu (small blind) folded before Flop
Seat 4: sta$igk (big blind) folded before Flop



PokerStars Hand #254702989457:  Hold'em No Limit ($0.50/$1.00 USD) - 2025/02/04 15:08:57 WET [2025/02/04 10:08:57 ET]
Table 'Euaimon II' 6-max Seat #3 is the button
Seat 1: xxxZeka ($142.84 in chips) is sitting out
Seat 2: BoyLoc0 ($139.88 in chips) 
Seat 3: 2g00d4youu ($119.86 in chips) 
Seat 4: sta$igk ($100 in chips) 
Seat 6: radibay ($36.14 in chips) 
sta$igk: posts small blind $0.50
radibay: posts big blind $1
xxxZeka: sits out 
*** HOLE CARDS ***
BoyLoc0: folds 
2g00d4youu: folds 
sta$igk: raises $2 to $3
radibay: calls $2
*** FLOP *** [Qs Qd 9s]
sta$igk: bets $1.88
radibay: raises $1.88 to $3.76
fedor0f joins the table at seat #5 
sta$igk: calls $1.88
*** TURN *** [Qs Qd 9s] [5d]
sta$igk: checks 
radibay: bets $12.84
sta$igk: folds 
Uncalled bet ($12.84) returned to radibay
radibay collected $12.67 from pot
radibay: doesn't show hand 
*** SUMMARY ***
Total pot $13.52 | Rake $0.85 
Board [Qs Qd 9s 5d]
Seat 1: xxxZeka
Seat 2: BoyLoc0 folded before Flop (didn't bet)
Seat 3: 2g00d4youu (button) folded before Flop (didn't bet)
Seat 4: sta$igk (small blind) folded on the Turn
Seat 6: radibay (big blind) collected ($12.67)



PokerStars Hand #254702999165:  Hold'em No Limit ($0.50/$1.00 USD) - 2025/02/04 15:09:50 WET [2025/02/04 10:09:50 ET]
Table 'Euaimon II' 6-max Seat #4 is the button
Seat 5: fedor0f ($100 in chips) is sitting out
Seat 1: xxxZeka ($142.84 in chips) 
Seat 2: BoyLoc0 ($139.88 in chips) 
Seat 3: 2g00d4youu ($119.86 in chips) 
Seat 4: sta$igk ($100 in chips) 
Seat 6: radibay ($42.05 in chips) 
radibay: posts small blind $0.50
xxxZeka: posts big blind $1
*** HOLE CARDS ***
BoyLoc0: raises $1.50 to $2.50
2g00d4youu: folds 
sta$igk: raises $5.50 to $8
radibay: folds 
xxxZeka: folds 
BoyLoc0: folds 
Uncalled bet ($5.50) returned to sta$igk
sta$igk collected $6.50 from pot
sta$igk: doesn't show hand 
*** SUMMARY ***
Total pot $6.50 | Rake $0 
Seat 5: fedor0f
Seat 1: xxxZeka (big blind) folded before Flop
Seat 2: BoyLoc0 folded before Flop
Seat 3: 2g00d4youu folded before Flop (didn't bet)
Seat 4: sta$igk (button) collected ($6.50)
Seat 6: radibay (small blind) folded before Flop



PokerStars Hand #254703004586:  Hold'em No Limit ($0.50/$1.00 USD) - 2025/02/04 15:10:19 WET [2025/02/04 10:10:19 ET]
Table 'Euaimon II' 6-max Seat #6 is the button
Seat 5: fedor0f ($100 in chips) is sitting out
Seat 1: xxxZeka ($141.84 in chips) 
Seat 2: BoyLoc0 ($137.38 in chips) 
Seat 3: 2g00d4youu ($119.86 in chips) 
Seat 4: sta$igk ($104 in chips) 
Seat 6: radibay ($41.55 in chips) 
xxxZeka: posts small blind $0.50
BoyLoc0: posts big blind $1
fedor0f: sits out 
*** HOLE CARDS ***
2g00d4youu: folds 
sta$igk: raises $1.50 to $2.50
radibay: folds 
xxxZeka: folds 
BoyLoc0: folds 
Uncalled bet ($1.50) returned to sta$igk
sta$igk collected $2.50 from pot
sta$igk: doesn't show hand 
*** SUMMARY ***
Total pot $2.50 | Rake $0 
Seat 5: fedor0f
Seat 1: xxxZeka (small blind) folded before Flop
Seat 2: BoyLoc0 (big blind) folded before Flop
Seat 3: 2g00d4youu folded before Flop (didn't bet)
Seat 4: sta$igk collected ($2.50)
Seat 6: radibay (button) folded before Flop (didn't bet)



PokerStars Hand #254703006461:  Hold'em No Limit ($0.50/$1.00 USD) - 2025/02/04 15:10:29 WET [2025/02/04 10:10:29 ET]
Table 'Euaimon II' 6-max Seat #1 is the button
Seat 5: fedor0f ($100 in chips) is sitting out
Seat 1: xxxZeka ($141.34 in chips) 
Seat 2: BoyLoc0 ($136.38 in chips) 
Seat 3: 2g00d4youu ($119.86 in chips) 
Seat 4: sta$igk ($105.50 in chips) 
Seat 6: radibay ($41.55 in chips) 
BoyLoc0: posts small blind $0.50
2g00d4youu: posts big blind $1
fedor0f: sits out 
*** HOLE CARDS ***
sta$igk: folds 
radibay: folds 
xxxZeka: folds 
BoyLoc0: folds 
Uncalled bet ($0.50) returned to 2g00d4youu
2g00d4youu collected $1 from pot
2g00d4youu: doesn't show hand 
*** SUMMARY ***
Total pot $1 | Rake $0 
Seat 5: fedor0f
Seat 1: xxxZeka (button) folded before Flop (didn't bet)
Seat 2: BoyLoc0 (small blind) folded before Flop
Seat 3: 2g00d4youu (big blind) collected ($1)
Seat 4: sta$igk folded before Flop (didn't bet)
Seat 6: radibay folded before Flop (didn't bet)



PokerStars Hand #254703010572:  Hold'em No Limit ($0.50/$1.00 USD) - 2025/02/04 15:10:51 WET [2025/02/04 10:10:51 ET]
Table 'Euaimon II' 6-max Seat #2 is the button
Seat 5: fedor0f ($100 in chips) is sitting out
Seat 1: xxxZeka ($141.34 in chips) 
Seat 2: BoyLoc0 ($135.88 in chips) 
Seat 3: 2g00d4youu ($120.36 in chips) 
Seat 4: sta$igk ($105.50 in chips) 
Seat 6: radibay ($41.55 in chips) 
2g00d4youu: posts small blind $0.50
sta$igk: posts big blind $1
fedor0f: sits out 
*** HOLE CARDS ***
radibay: calls $1
xxxZeka: folds 
BoyLoc0: folds 
2g00d4youu: raises $4 to $5
sta$igk: folds 
radibay: calls $4
*** FLOP *** [6h 8d 8c]
2g00d4youu: checks 
radibay: checks 
*** TURN *** [6h 8d 8c] [Th]
2g00d4youu: bets $21
radibay: folds 
Uncalled bet ($21) returned to 2g00d4youu
2g00d4youu collected $10.45 from pot
2g00d4youu: doesn't show hand 
*** SUMMARY ***
Total pot $11 | Rake $0.55 
Board [6h 8d 8c Th]
Seat 5: fedor0f
Seat 1: xxxZeka folded before Flop (didn't bet)
Seat 2: BoyLoc0 (button) folded before Flop (didn't bet)
Seat 3: 2g00d4youu (small blind) collected ($10.45)
Seat 4: sta$igk (big blind) folded before Flop
Seat 6: radibay folded on the Turn



PokerStars Hand #254703022747:  Hold'em No Limit ($0.50/$1.00 USD) - 2025/02/04 15:11:57 WET [2025/02/04 10:11:57 ET]
Table 'Euaimon II' 6-max Seat #3 is the button
Seat 1: xxxZeka ($141.34 in chips) 
Seat 2: BoyLoc0 ($135.88 in chips) 
Seat 3: 2g00d4youu ($125.81 in chips) 
Seat 4: sta$igk ($104.50 in chips) 
Seat 5: fedor0f ($100 in chips) 
Seat 6: radibay ($36.55 in chips) 
sta$igk: posts small blind $0.50
fedor0f: posts big blind $1
*** HOLE CARDS ***
radibay: calls $1
xxxZeka: folds 
BoyLoc0: folds 
2g00d4youu: folds 
sta$igk: raises $3.50 to $4.50
fedor0f: folds 
radibay: calls $3.50
*** FLOP *** [2s Tc 8s]
sta$igk: bets $8.07
radibay: folds 
Uncalled bet ($8.07) returned to sta$igk
sta$igk collected $9.50 from pot
sta$igk: doesn't show hand 
*** SUMMARY ***
Total pot $10 | Rake $0.50 
Board [2s Tc 8s]
Seat 1: xxxZeka folded before Flop (didn't bet)
Seat 2: BoyLoc0 folded before Flop (didn't bet)
Seat 3: 2g00d4youu (button) folded before Flop (didn't bet)
Seat 4: sta$igk (small blind) collected ($9.50)
Seat 5: fedor0f (big blind) folded before Flop
Seat 6: radibay folded on the Flop



PokerStars Hand #254703028594:  Hold'em No Limit ($0.50/$1.00 USD) - 2025/02/04 15:12:28 WET [2025/02/04 10:12:28 ET]
Table 'Euaimon II' 6-max Seat #4 is the button
Seat 1: xxxZeka ($141.34 in chips) 
Seat 2: BoyLoc0 ($135.88 in chips) 
Seat 3: 2g00d4youu ($125.81 in chips) 
Seat 4: sta$igk ($109.50 in chips) 
Seat 5: fedor0f ($100 in chips) 
Seat 6: radibay ($32.05 in chips) 
fedor0f: posts small blind $0.50
radibay: posts big blind $1
*** HOLE CARDS ***
xxxZeka: raises $1.50 to $2.50
BoyLoc0: folds 
2g00d4youu: folds 
sta$igk: raises $5.50 to $8
fedor0f: folds 
radibay: folds 
xxxZeka: folds 
Uncalled bet ($5.50) returned to sta$igk
sta$igk collected $6.50 from pot
sta$igk: doesn't show hand 
*** SUMMARY ***
Total pot $6.50 | Rake $0 
Seat 1: xxxZeka folded before Flop
Seat 2: BoyLoc0 folded before Flop (didn't bet)
Seat 3: 2g00d4youu folded before Flop (didn't bet)
Seat 4: sta$igk (button) collected ($6.50)
Seat 5: fedor0f (small blind) folded before Flop
Seat 6: radibay (big blind) folded before Flop



PokerStars Hand #254703032099:  Hold'em No Limit ($0.50/$1.00 USD) - 2025/02/04 15:12:48 WET [2025/02/04 10:12:48 ET]
Table 'Euaimon II' 6-max Seat #5 is the button
Seat 1: xxxZeka ($138.84 in chips) 
Seat 2: BoyLoc0 ($135.88 in chips) 
Seat 3: 2g00d4youu ($125.81 in chips) 
Seat 4: sta$igk ($113.50 in chips) 
Seat 5: fedor0f ($100 in chips) 
Seat 6: radibay ($31.05 in chips) 
radibay: posts small blind $0.50
xxxZeka: posts big blind $1
*** HOLE CARDS ***
BoyLoc0: folds 
2g00d4youu: folds 
sta$igk: folds 
fedor0f: folds 
radibay: calls $0.50
xxxZeka: raises $3 to $4
radibay: calls $3
*** FLOP *** [Qd Qs Tc]
radibay: checks 
xxxZeka: checks 
*** TURN *** [Qd Qs Tc] [9h]
radibay: bets $7.60
xxxZeka: folds 
Uncalled bet ($7.60) returned to radibay
radibay collected $7.50 from pot
radibay: doesn't show hand 
*** SUMMARY ***
Total pot $8 | Rake $0.50 
Board [Qd Qs Tc 9h]
Seat 1: xxxZeka (big blind) folded on the Turn
Seat 2: BoyLoc0 folded before Flop (didn't bet)
Seat 3: 2g00d4youu folded before Flop (didn't bet)
Seat 4: sta$igk folded before Flop (didn't bet)
Seat 5: fedor0f (button) folded before Flop (didn't bet)
Seat 6: radibay (small blind) collected ($7.50)



PokerStars Hand #254703042069:  Hold'em No Limit ($0.50/$1.00 USD) - 2025/02/04 15:13:41 WET [2025/02/04 10:13:41 ET]
Table 'Euaimon II' 6-max Seat #6 is the button
Seat 1: xxxZeka ($134.84 in chips) 
Seat 2: BoyLoc0 ($135.88 in chips) 
Seat 3: 2g00d4youu ($125.81 in chips) 
Seat 4: sta$igk ($113.50 in chips) 
Seat 5: fedor0f ($100 in chips) 
Seat 6: radibay ($34.55 in chips) 
xxxZeka: posts small blind $0.50
BoyLoc0: posts big blind $1
*** HOLE CARDS ***
2g00d4youu: folds 
sta$igk: raises $1.50 to $2.50
fedor0f: folds 
radibay: folds 
xxxZeka: folds 
BoyLoc0: folds 
Uncalled bet ($1.50) returned to sta$igk
sta$igk collected $2.50 from pot
sta$igk: doesn't show hand 
*** SUMMARY ***
Total pot $2.50 | Rake $0 
Seat 1: xxxZeka (small blind) folded before Flop
Seat 2: BoyLoc0 (big blind) folded before Flop
Seat 3: 2g00d4youu folded before Flop (didn't bet)
Seat 4: sta$igk collected ($2.50)
Seat 5: fedor0f folded before Flop (didn't bet)
Seat 6: radibay (button) folded before Flop (didn't bet)



PokerStars Hand #254703044812:  Hold'em No Limit ($0.50/$1.00 USD) - 2025/02/04 15:13:56 WET [2025/02/04 10:13:56 ET]
Table 'Euaimon II' 6-max Seat #1 is the button
Seat 1: xxxZeka ($134.34 in chips) 
Seat 2: BoyLoc0 ($134.88 in chips) 
Seat 3: 2g00d4youu ($125.81 in chips) 
Seat 4: sta$igk ($115 in chips) 
Seat 5: fedor0f ($100 in chips) 
Seat 6: radibay ($34.55 in chips) 
BoyLoc0: posts small blind $0.50
2g00d4youu: posts big blind $1
*** HOLE CARDS ***
sta$igk: raises $1.50 to $2.50
fedor0f: folds 
radibay: folds 
xxxZeka: folds 
BoyLoc0: folds 
2g00d4youu: folds 
Uncalled bet ($1.50) returned to sta$igk
sta$igk collected $2.50 from pot
sta$igk: doesn't show hand 
*** SUMMARY ***
Total pot $2.50 | Rake $0 
Seat 1: xxxZeka (button) folded before Flop (didn't bet)
Seat 2: BoyLoc0 (small blind) folded before Flop
Seat 3: 2g00d4youu (big blind) folded before Flop
Seat 4: sta$igk collected ($2.50)
Seat 5: fedor0f folded before Flop (didn't bet)
Seat 6: radibay folded before Flop (didn't bet)



PokerStars Hand #254703047126:  Hold'em No Limit ($0.50/$1.00 USD) - 2025/02/04 15:14:08 WET [2025/02/04 10:14:08 ET]
Table 'Euaimon II' 6-max Seat #2 is the button
Seat 1: xxxZeka ($134.34 in chips) 
Seat 2: BoyLoc0 ($134.38 in chips) 
Seat 3: 2g00d4youu ($124.81 in chips) 
Seat 4: sta$igk ($116.50 in chips) 
Seat 5: fedor0f ($100 in chips) 
Seat 6: radibay ($34.55 in chips) 
2g00d4youu: posts small blind $0.50
sta$igk: posts big blind $1
*** HOLE CARDS ***
fedor0f: raises $1 to $2
radibay: calls $2
xxxZeka: folds 
BoyLoc0: folds 
2g00d4youu: folds 
sta$igk: folds 
*** FLOP *** [7h Jh Ks]
fedor0f: bets $1.72
radibay: folds 
Uncalled bet ($1.72) returned to fedor0f
fedor0f collected $5.22 from pot
fedor0f: doesn't show hand 
*** SUMMARY ***
Total pot $5.50 | Rake $0.28 
Board [7h Jh Ks]
Seat 1: xxxZeka folded before Flop (didn't bet)
Seat 2: BoyLoc0 (button) folded before Flop (didn't bet)
Seat 3: 2g00d4youu (small blind) folded before Flop
Seat 4: sta$igk (big blind) folded before Flop
Seat 5: fedor0f collected ($5.22)
Seat 6: radibay folded on the Flop



PokerStars Hand #254703052745:  Hold'em No Limit ($0.50/$1.00 USD) - 2025/02/04 15:14:37 WET [2025/02/04 10:14:37 ET]
Table 'Euaimon II' 6-max Seat #3 is the button
Seat 5: fedor0f ($103.22 in chips) is sitting out
Seat 1: xxxZeka ($134.34 in chips) 
Seat 2: BoyLoc0 ($134.38 in chips) 
Seat 3: 2g00d4youu ($124.31 in chips) 
Seat 4: sta$igk ($115.50 in chips) 
Seat 6: radibay ($32.55 in chips) 
sta$igk: posts small blind $0.50
fedor0f: is sitting out 
radibay: posts big blind $1
*** HOLE CARDS ***
xxxZeka: folds 
fedor0f leaves the table
BoyLoc0: folds 
2g00d4youu: folds 
sta$igk: folds 
Uncalled bet ($0.50) returned to radibay
radibay collected $1 from pot
radibay: doesn't show hand 
*** SUMMARY ***
Total pot $1 | Rake $0 
Seat 5: fedor0f
Seat 1: xxxZeka folded before Flop (didn't bet)
Seat 2: BoyLoc0 folded before Flop (didn't bet)
Seat 3: 2g00d4youu (button) folded before Flop (didn't bet)
Seat 4: sta$igk (small blind) folded before Flop
Seat 6: radibay (big blind) collected ($1)



PokerStars Hand #254703055659:  Hold'em No Limit ($0.50/$1.00 USD) - 2025/02/04 15:14:53 WET [2025/02/04 10:14:53 ET]
Table 'Euaimon II' 6-max Seat #4 is the button
Seat 1: xxxZeka ($134.34 in chips) 
Seat 2: BoyLoc0 ($134.38 in chips) 
Seat 3: 2g00d4youu ($124.31 in chips) 
Seat 4: sta$igk ($115 in chips) 
Seat 6: radibay ($33.05 in chips) 
radibay: posts small blind $0.50
xxxZeka: posts big blind $1
*** HOLE CARDS ***
BoyLoc0: folds 
2g00d4youu: folds 
sta$igk: raises $1.50 to $2.50
radibay: folds 
Timonessb joins the table at seat #5 
xxxZeka: folds 
Uncalled bet ($1.50) returned to sta$igk
sta$igk collected $2.50 from pot
sta$igk: doesn't show hand 
*** SUMMARY ***
Total pot $2.50 | Rake $0 
Seat 1: xxxZeka (big blind) folded before Flop
Seat 2: BoyLoc0 folded before Flop (didn't bet)
Seat 3: 2g00d4youu folded before Flop (didn't bet)
Seat 4: sta$igk (button) collected ($2.50)
Seat 6: radibay (small blind) folded before Flop



PokerStars Hand #254703060009:  Hold'em No Limit ($0.50/$1.00 USD) - 2025/02/04 15:15:16 WET [2025/02/04 10:15:16 ET]
Table 'Euaimon II' 6-max Seat #6 is the button
Seat 5: Timonessb ($100 in chips) is sitting out
Seat 1: xxxZeka ($133.34 in chips) 
Seat 2: BoyLoc0 ($134.38 in chips) 
Seat 3: 2g00d4youu ($124.31 in chips) 
Seat 4: sta$igk ($116.50 in chips) 
Seat 6: radibay ($32.55 in chips) 
xxxZeka: posts small blind $0.50
BoyLoc0: posts big blind $1
Timonessb: sits out 
*** HOLE CARDS ***
2g00d4youu: folds 
sta$igk: raises $1.50 to $2.50
radibay: folds 
xxxZeka: folds 
BoyLoc0: raises $9.50 to $12
sta$igk: calls $9.50
*** FLOP *** [4h 7s Ks]
BoyLoc0: bets $7.68
sta$igk: folds 
Uncalled bet ($7.68) returned to BoyLoc0
BoyLoc0 collected $23.28 from pot
BoyLoc0: doesn't show hand 
*** SUMMARY ***
Total pot $24.50 | Rake $1.22 
Board [4h 7s Ks]
Seat 5: Timonessb
Seat 1: xxxZeka (small blind) folded before Flop
Seat 2: BoyLoc0 (big blind) collected ($23.28)
Seat 3: 2g00d4youu folded before Flop (didn't bet)
Seat 4: sta$igk folded on the Flop
Seat 6: radibay (button) folded before Flop (didn't bet)



PokerStars Hand #254703070077:  Hold'em No Limit ($0.50/$1.00 USD) - 2025/02/04 15:16:08 WET [2025/02/04 10:16:08 ET]
Table 'Euaimon II' 6-max Seat #1 is the button
Seat 5: Timonessb ($100 in chips) is sitting out
Seat 1: xxxZeka ($132.84 in chips) 
Seat 2: BoyLoc0 ($145.66 in chips) 
Seat 3: 2g00d4youu ($124.31 in chips) 
Seat 4: sta$igk ($104.50 in chips) 
Seat 6: radibay ($32.55 in chips) 
BoyLoc0: posts small blind $0.50
2g00d4youu: posts big blind $1
Timonessb: sits out 
*** HOLE CARDS ***
sta$igk: folds 
radibay: calls $1
xxxZeka: raises $3.20 to $4.20
BoyLoc0: folds 
2g00d4youu: folds 
radibay: calls $3.20
*** FLOP *** [7h 9d 8s]
radibay: checks 
xxxZeka: checks 
*** TURN *** [7h 9d 8s] [7s]
radibay: checks 
xxxZeka: bets $2
radibay: folds 
Uncalled bet ($2) returned to xxxZeka
xxxZeka collected $9.40 from pot
xxxZeka: doesn't show hand 
*** SUMMARY ***
Total pot $9.90 | Rake $0.50 
Board [7h 9d 8s 7s]
Seat 5: Timonessb
Seat 1: xxxZeka (button) collected ($9.40)
Seat 2: BoyLoc0 (small blind) folded before Flop
Seat 3: 2g00d4youu (big blind) folded before Flop
Seat 4: sta$igk folded before Flop (didn't bet)
Seat 6: radibay folded on the Turn



PokerStars Hand #254703080225:  Hold'em No Limit ($0.50/$1.00 USD) - 2025/02/04 15:17:00 WET [2025/02/04 10:17:00 ET]
Table 'Euaimon II' 6-max Seat #2 is the button
Seat 5: Timonessb ($100 in chips) is sitting out
Seat 1: xxxZeka ($138.04 in chips) 
Seat 2: BoyLoc0 ($145.16 in chips) 
Seat 3: 2g00d4youu ($123.31 in chips) 
Seat 4: sta$igk ($104.50 in chips) 
Seat 6: radibay ($28.35 in chips) 
2g00d4youu: posts small blind $0.50
sta$igk: posts big blind $1
Timonessb: sits out 
*** HOLE CARDS ***
radibay: calls $1
xxxZeka: folds 
BoyLoc0: folds 
2g00d4youu: folds 
sta$igk: checks 
*** FLOP *** [6d Ks Tc]
sta$igk: checks 
radibay: checks 
*** TURN *** [6d Ks Tc] [6c]
sta$igk: bets $1.79
radibay: folds 
Uncalled bet ($1.79) returned to sta$igk
sta$igk collected $2.38 from pot
sta$igk: doesn't show hand 
*** SUMMARY ***
Total pot $2.50 | Rake $0.12 
Board [6d Ks Tc 6c]
Seat 5: Timonessb
Seat 1: xxxZeka folded before Flop (didn't bet)
Seat 2: BoyLoc0 (button) folded before Flop (didn't bet)
Seat 3: 2g00d4youu (small blind) folded before Flop
Seat 4: sta$igk (big blind) collected ($2.38)
Seat 6: radibay folded on the Turn



PokerStars Hand #254703089423:  Hold'em No Limit ($0.50/$1.00 USD) - 2025/02/04 15:17:47 WET [2025/02/04 10:17:47 ET]
Table 'Euaimon II' 6-max Seat #3 is the button
Seat 1: xxxZeka ($138.04 in chips) 
Seat 2: BoyLoc0 ($145.16 in chips) 
Seat 3: 2g00d4youu ($122.81 in chips) 
Seat 4: sta$igk ($105.88 in chips) 
Seat 5: Timonessb ($100 in chips) 
Seat 6: radibay ($27.35 in chips) 
sta$igk: posts small blind $0.50
Timonessb: posts big blind $1
*** HOLE CARDS ***
radibay has timed out
radibay: folds 
xxxZeka: folds 
BoyLoc0: folds 
2g00d4youu: folds 
sta$igk: folds 
Uncalled bet ($0.50) returned to Timonessb
Timonessb collected $1 from pot
*** SUMMARY ***
Total pot $1 | Rake $0 
Seat 1: xxxZeka folded before Flop (didn't bet)
Seat 2: BoyLoc0 folded before Flop (didn't bet)
Seat 3: 2g00d4youu (button) folded before Flop (didn't bet)
Seat 4: sta$igk (small blind) folded before Flop
Seat 5: Timonessb (big blind) collected ($1)
Seat 6: radibay folded before Flop (didn't bet)



PokerStars Hand #254703094489:  Hold'em No Limit ($0.50/$1.00 USD) - 2025/02/04 15:18:13 WET [2025/02/04 10:18:13 ET]
Table 'Euaimon II' 6-max Seat #4 is the button
Seat 1: xxxZeka ($138.04 in chips) 
Seat 2: BoyLoc0 ($145.16 in chips) 
Seat 3: 2g00d4youu ($122.81 in chips) 
Seat 4: sta$igk ($105.38 in chips) 
Seat 5: Timonessb ($100.50 in chips) 
Seat 6: radibay ($27.35 in chips) 
Timonessb: posts small blind $0.50
radibay: posts big blind $1
*** HOLE CARDS ***
xxxZeka: folds 
BoyLoc0: folds 
2g00d4youu: folds 
sta$igk: folds 
Timonessb: raises $1.50 to $2.50
radibay: folds 
Uncalled bet ($1.50) returned to Timonessb
Timonessb collected $2 from pot
*** SUMMARY ***
Total pot $2 | Rake $0 
Seat 1: xxxZeka folded before Flop (didn't bet)
Seat 2: BoyLoc0 folded before Flop (didn't bet)
Seat 3: 2g00d4youu folded before Flop (didn't bet)
Seat 4: sta$igk (button) folded before Flop (didn't bet)
Seat 5: Timonessb (small blind) collected ($2)
Seat 6: radibay (big blind) folded before Flop



PokerStars Hand #254703097709:  Hold'em No Limit ($0.50/$1.00 USD) - 2025/02/04 15:18:30 WET [2025/02/04 10:18:30 ET]
Table 'Euaimon II' 6-max Seat #5 is the button
Seat 1: xxxZeka ($138.04 in chips) 
Seat 2: BoyLoc0 ($145.16 in chips) 
Seat 3: 2g00d4youu ($122.81 in chips) 
Seat 4: sta$igk ($105.38 in chips) 
Seat 5: Timonessb ($101.50 in chips) 
Seat 6: radibay ($26.35 in chips) 
radibay: posts small blind $0.50
xxxZeka: posts big blind $1
*** HOLE CARDS ***
BoyLoc0: folds 
2g00d4youu: folds 
sta$igk: raises $1.50 to $2.50
Timonessb: folds 
radibay: folds 
xxxZeka: folds 
Uncalled bet ($1.50) returned to sta$igk
sta$igk collected $2.50 from pot
sta$igk: doesn't show hand 
*** SUMMARY ***
Total pot $2.50 | Rake $0 
Seat 1: xxxZeka (big blind) folded before Flop
Seat 2: BoyLoc0 folded before Flop (didn't bet)
Seat 3: 2g00d4youu folded before Flop (didn't bet)
Seat 4: sta$igk collected ($2.50)
Seat 5: Timonessb (button) folded before Flop (didn't bet)
Seat 6: radibay (small blind) folded before Flop



PokerStars Hand #254703102557:  Hold'em No Limit ($0.50/$1.00 USD) - 2025/02/04 15:18:54 WET [2025/02/04 10:18:54 ET]
Table 'Euaimon II' 6-max Seat #6 is the button
Seat 1: xxxZeka ($137.04 in chips) 
Seat 2: BoyLoc0 ($145.16 in chips) 
Seat 3: 2g00d4youu ($122.81 in chips) 
Seat 4: sta$igk ($106.88 in chips) 
Seat 5: Timonessb ($101.50 in chips) 
Seat 6: radibay ($25.85 in chips) 
xxxZeka: posts small blind $0.50
BoyLoc0: posts big blind $1
*** HOLE CARDS ***
2g00d4youu: folds 
sta$igk: raises $1.50 to $2.50
Timonessb: folds 
radibay: folds 
xxxZeka: folds 
BoyLoc0: folds 
Uncalled bet ($1.50) returned to sta$igk
sta$igk collected $2.50 from pot
sta$igk: doesn't show hand 
*** SUMMARY ***
Total pot $2.50 | Rake $0 
Seat 1: xxxZeka (small blind) folded before Flop
Seat 2: BoyLoc0 (big blind) folded before Flop
Seat 3: 2g00d4youu folded before Flop (didn't bet)
Seat 4: sta$igk collected ($2.50)
Seat 5: Timonessb folded before Flop (didn't bet)
Seat 6: radibay (button) folded before Flop (didn't bet)



PokerStars Hand #254703106614:  Hold'em No Limit ($0.50/$1.00 USD) - 2025/02/04 15:19:15 WET [2025/02/04 10:19:15 ET]
Table 'Euaimon II' 6-max Seat #1 is the button
Seat 1: xxxZeka ($136.54 in chips) 
Seat 2: BoyLoc0 ($144.16 in chips) 
Seat 3: 2g00d4youu ($122.81 in chips) 
Seat 4: sta$igk ($108.38 in chips) 
Seat 5: Timonessb ($101.50 in chips) 
Seat 6: radibay ($25.85 in chips) 
BoyLoc0: posts small blind $0.50
2g00d4youu: posts big blind $1
*** HOLE CARDS ***
sta$igk: folds 
Timonessb: folds 
radibay: folds 
xxxZeka: raises $1.50 to $2.50
BoyLoc0: folds 
2g00d4youu: folds 
Uncalled bet ($1.50) returned to xxxZeka
xxxZeka collected $2.50 from pot
xxxZeka: doesn't show hand 
*** SUMMARY ***
Total pot $2.50 | Rake $0 
Seat 1: xxxZeka (button) collected ($2.50)
Seat 2: BoyLoc0 (small blind) folded before Flop
Seat 3: 2g00d4youu (big blind) folded before Flop
Seat 4: sta$igk folded before Flop (didn't bet)
Seat 5: Timonessb folded before Flop (didn't bet)
Seat 6: radibay folded before Flop (didn't bet)



PokerStars Hand #254703111634:  Hold'em No Limit ($0.50/$1.00 USD) - 2025/02/04 15:19:40 WET [2025/02/04 10:19:40 ET]
Table 'Euaimon II' 6-max Seat #2 is the button
Seat 1: xxxZeka ($138.04 in chips) 
Seat 2: BoyLoc0 ($143.66 in chips) 
Seat 3: 2g00d4youu ($121.81 in chips) 
Seat 4: sta$igk ($108.38 in chips) 
Seat 5: Timonessb ($101.50 in chips) 
Seat 6: radibay ($25.85 in chips) 
2g00d4youu: posts small blind $0.50
sta$igk: posts big blind $1
*** HOLE CARDS ***
Timonessb: folds 
radibay: calls $1
xxxZeka: folds 
BoyLoc0: folds 
2g00d4youu: folds 
sta$igk: checks 
*** FLOP *** [Qh Kd 2c]
sta$igk: checks 
radibay: checks 
*** TURN *** [Qh Kd 2c] [8h]
sta$igk: checks 
radibay: checks 
*** RIVER *** [Qh Kd 2c 8h] [Qd]
sta$igk: bets $3.57
radibay: folds 
Uncalled bet ($3.57) returned to sta$igk
sta$igk collected $2.38 from pot
sta$igk: doesn't show hand 
*** SUMMARY ***
Total pot $2.50 | Rake $0.12 
Board [Qh Kd 2c 8h Qd]
Seat 1: xxxZeka folded before Flop (didn't bet)
Seat 2: BoyLoc0 (button) folded before Flop (didn't bet)
Seat 3: 2g00d4youu (small blind) folded before Flop
Seat 4: sta$igk (big blind) collected ($2.38)
Seat 5: Timonessb folded before Flop (didn't bet)
Seat 6: radibay folded on the River



PokerStars Hand #254703123639:  Hold'em No Limit ($0.50/$1.00 USD) - 2025/02/04 15:20:42 WET [2025/02/04 10:20:42 ET]
Table 'Euaimon II' 6-max Seat #3 is the button
Seat 1: xxxZeka ($138.04 in chips) 
Seat 2: BoyLoc0 ($143.66 in chips) 
Seat 3: 2g00d4youu ($121.31 in chips) 
Seat 4: sta$igk ($109.76 in chips) 
Seat 5: Timonessb ($101.50 in chips) 
Seat 6: radibay ($24.85 in chips) 
sta$igk: posts small blind $0.50
Timonessb: posts big blind $1
*** HOLE CARDS ***
radibay: calls $1
xxxZeka: folds 
BoyLoc0: folds 
2g00d4youu: folds 
sta$igk: folds 
Timonessb: raises $3 to $4
radibay: calls $3
*** FLOP *** [Ks 6c 5h]
Timonessb: bets $4.12
radibay: folds 
Uncalled bet ($4.12) returned to Timonessb
Timonessb collected $8.08 from pot
*** SUMMARY ***
Total pot $8.50 | Rake $0.42 
Board [Ks 6c 5h]
Seat 1: xxxZeka folded before Flop (didn't bet)
Seat 2: BoyLoc0 folded before Flop (didn't bet)
Seat 3: 2g00d4youu (button) folded before Flop (didn't bet)
Seat 4: sta$igk (small blind) folded before Flop
Seat 5: Timonessb (big blind) collected ($8.08)
Seat 6: radibay folded on the Flop



PokerStars Hand #254703135735:  Hold'em No Limit ($0.50/$1.00 USD) - 2025/02/04 15:21:43 WET [2025/02/04 10:21:43 ET]
Table 'Euaimon II' 6-max Seat #4 is the button
Seat 6: radibay ($20.85 in chips) is sitting out
Seat 1: xxxZeka ($138.04 in chips) 
Seat 2: BoyLoc0 ($143.66 in chips) 
Seat 3: 2g00d4youu ($121.31 in chips) 
Seat 4: sta$igk ($109.26 in chips) 
Seat 5: Timonessb ($105.58 in chips) 
Timonessb: posts small blind $0.50
xxxZeka: posts big blind $1
*** HOLE CARDS ***
BoyLoc0: folds 
2g00d4youu: folds 
sta$igk: folds 
Timonessb: folds 
Uncalled bet ($0.50) returned to xxxZeka
xxxZeka collected $1 from pot
xxxZeka: doesn't show hand 
*** SUMMARY ***
Total pot $1 | Rake $0 
Seat 6: radibay
Seat 1: xxxZeka (big blind) collected ($1)
Seat 2: BoyLoc0 folded before Flop (didn't bet)
Seat 3: 2g00d4youu folded before Flop (didn't bet)
Seat 4: sta$igk (button) folded before Flop (didn't bet)
Seat 5: Timonessb (small blind) folded before Flop



PokerStars Hand #254703138843:  Hold'em No Limit ($0.50/$1.00 USD) - 2025/02/04 15:21:59 WET [2025/02/04 10:21:59 ET]
Table 'Euaimon II' 6-max Seat #5 is the button
Seat 6: radibay ($20.85 in chips) is sitting out
Seat 1: xxxZeka ($138.54 in chips) 
Seat 2: BoyLoc0 ($143.66 in chips) 
Seat 3: 2g00d4youu ($121.31 in chips) 
Seat 4: sta$igk ($109.26 in chips) 
Seat 5: Timonessb ($105.08 in chips) 
xxxZeka: posts small blind $0.50
BoyLoc0: posts big blind $1
*** HOLE CARDS ***
2g00d4youu: folds 
2g00d4youu leaves the table
sta$igk: folds 
Timonessb: raises $1.50 to $2.50
xxxZeka: folds 
BoyLoc0: calls $1.50
*** FLOP *** [4h 4s Jc]
BoyLoc0: checks 
Timonessb: checks 
*** TURN *** [4h 4s Jc] [As]
BoyLoc0: checks 
Timonessb: bets $2.66
BoyLoc0: calls $2.66
*** RIVER *** [4h 4s Jc As] [3s]
BoyLoc0: checks 
Timonessb: checks 
*** SHOW DOWN ***
BoyLoc0: shows [Qh Kd] (a pair of Fours)
Timonessb: mucks hand 
BoyLoc0 collected $10.28 from pot
*** SUMMARY ***
Total pot $10.82 | Rake $0.54 
Board [4h 4s Jc As 3s]
Seat 6: radibay
Seat 1: xxxZeka (small blind) folded before Flop
Seat 2: BoyLoc0 (big blind) showed [Qh Kd] and won ($10.28) with a pair of Fours
Seat 3: 2g00d4youu folded before Flop (didn't bet)
Seat 4: sta$igk folded before Flop (didn't bet)
Seat 5: Timonessb (button) mucked



PokerStars Hand #254703148099:  Hold'em No Limit ($0.50/$1.00 USD) - 2025/02/04 15:22:45 WET [2025/02/04 10:22:45 ET]
Table 'Euaimon II' 6-max Seat #1 is the button
Seat 6: radibay ($20.85 in chips) is sitting out
Seat 1: xxxZeka ($138.04 in chips) 
Seat 2: BoyLoc0 ($148.78 in chips) 
Seat 4: sta$igk ($109.26 in chips) 
Seat 5: Timonessb ($100 in chips) 
BoyLoc0: posts small blind $0.50
sta$igk: posts big blind $1
*** HOLE CARDS ***
Timonessb: folds 
xxxZeka: folds 
BoyLoc0: raises $2 to $3
sta$igk: calls $2
*** FLOP *** [6c 5h 4c]
BoyLoc0: checks 
sta$igk: bets $3.82
BoyLoc0: folds 
Uncalled bet ($3.82) returned to sta$igk
sta$igk collected $5.70 from pot
sta$igk: doesn't show hand 
*** SUMMARY ***
Total pot $6 | Rake $0.30 
Board [6c 5h 4c]
Seat 6: radibay
Seat 1: xxxZeka (button) folded before Flop (didn't bet)
Seat 2: BoyLoc0 (small blind) folded on the Flop
Seat 4: sta$igk (big blind) collected ($5.70)
Seat 5: Timonessb folded before Flop (didn't bet)



PokerStars Hand #254703155064:  Hold'em No Limit ($0.50/$1.00 USD) - 2025/02/04 15:23:20 WET [2025/02/04 10:23:20 ET]
Table 'Euaimon II' 6-max Seat #2 is the button
Seat 6: radibay ($20.85 in chips) is sitting out
Seat 1: xxxZeka ($138.04 in chips) 
Seat 2: BoyLoc0 ($145.78 in chips) 
Seat 4: sta$igk ($111.96 in chips) 
Seat 5: Timonessb ($100 in chips) 
sta$igk: posts small blind $0.50
Timonessb: posts big blind $1
*** HOLE CARDS ***
xxxZeka: folds 
BoyLoc0: raises $1.50 to $2.50
sta$igk: folds 
Timonessb: calls $1.50
*** FLOP *** [Jh 2h 4h]
Timonessb: checks 
BoyLoc0: checks 
*** TURN *** [Jh 2h 4h] [Ad]
Timonessb: bets $5.17
BoyLoc0: calls $5.17
*** RIVER *** [Jh 2h 4h Ad] [Jd]
Timonessb: bets $30
BoyLoc0: raises $108.11 to $138.11 and is all-in
Timonessb: folds 
Uncalled bet ($108.11) returned to BoyLoc0
BoyLoc0 collected $74.84 from pot
BoyLoc0: doesn't show hand 
*** SUMMARY ***
Total pot $75.84 | Rake $1 
Board [Jh 2h 4h Ad Jd]
Seat 6: radibay
Seat 1: xxxZeka folded before Flop (didn't bet)
Seat 2: BoyLoc0 (button) collected ($74.84)
Seat 4: sta$igk (small blind) folded before Flop
Seat 5: Timonessb (big blind) folded on the River



PokerStars Hand #254703168815:  Hold'em No Limit ($0.50/$1.00 USD) - 2025/02/04 15:24:29 WET [2025/02/04 10:24:29 ET]
Table 'Euaimon II' 6-max Seat #4 is the button
Seat 1: xxxZeka ($138.04 in chips) 
Seat 2: BoyLoc0 ($182.95 in chips) 
Seat 4: sta$igk ($111.46 in chips) 
Seat 5: Timonessb ($100 in chips) 
Seat 6: radibay ($20.85 in chips) 
Timonessb: posts small blind $0.50
radibay: posts big blind $1
*** HOLE CARDS ***
xxxZeka: folds 
BoyLoc0: folds 
sta$igk: raises $1 to $2
Timonessb: raises $9 to $11
xxxZeka leaves the table
radibay: folds 
sta$igk: folds 
Uncalled bet ($9) returned to Timonessb
Timonessb collected $5 from pot
*** SUMMARY ***
Total pot $5 | Rake $0 
Seat 1: xxxZeka folded before Flop (didn't bet)
Seat 2: BoyLoc0 folded before Flop (didn't bet)
Seat 4: sta$igk (button) folded before Flop
Seat 5: Timonessb (small blind) collected ($5)
Seat 6: radibay (big blind) folded before Flop



PokerStars Hand #254703174583:  Hold'em No Limit ($0.50/$1.00 USD) - 2025/02/04 15:24:57 WET [2025/02/04 10:24:57 ET]
Table 'Euaimon II' 6-max Seat #5 is the button
Seat 2: BoyLoc0 ($182.95 in chips) 
Seat 4: sta$igk ($109.46 in chips) 
Seat 5: Timonessb ($103 in chips) 
Seat 6: radibay ($19.85 in chips) 
radibay: posts small blind $0.50
BoyLoc0: posts big blind $1
*** HOLE CARDS ***
sta$igk: folds 
Timonessb: folds 
radibay: calls $0.50
BoyLoc0: checks 
*** FLOP *** [7s Kc As]
radibay: checks 
BoyLoc0: checks 
*** TURN *** [7s Kc As] [2h]
radibay: checks 
PhoenixAssassin joins the table at seat #1 
BoyLoc0: checks 
*** RIVER *** [7s Kc As 2h] [9h]
Pon4uk.ua joins the table at seat #3 
radibay: bets $3.90
BoyLoc0: folds 
Uncalled bet ($3.90) returned to radibay
radibay collected $1.88 from pot
radibay: doesn't show hand 
*** SUMMARY ***
Total pot $2 | Rake $0.12 
Board [7s Kc As 2h 9h]
Seat 2: BoyLoc0 (big blind) folded on the River
Seat 4: sta$igk folded before Flop (didn't bet)
Seat 5: Timonessb (button) folded before Flop (didn't bet)
Seat 6: radibay (small blind) collected ($1.88)



PokerStars Hand #254703193757:  Hold'em No Limit ($0.50/$1.00 USD) - 2025/02/04 15:26:32 WET [2025/02/04 10:26:32 ET]
Table 'Euaimon II' 6-max Seat #6 is the button
Seat 1: PhoenixAssassin ($100 in chips) is sitting out
Seat 2: BoyLoc0 ($181.95 in chips) 
Seat 3: Pon4uk.ua ($100 in chips) 
Seat 4: sta$igk ($109.46 in chips) 
Seat 5: Timonessb ($103 in chips) 
Seat 6: radibay ($20.73 in chips) 
BoyLoc0: posts small blind $0.50
Pon4uk.ua: posts big blind $1
*** HOLE CARDS ***
sta$igk: folds 
Timonessb: folds 
radibay: folds 
BoyLoc0: folds 
Uncalled bet ($0.50) returned to Pon4uk.ua
Pon4uk.ua collected $1 from pot
Pon4uk.ua: doesn't show hand 
*** SUMMARY ***
Total pot $1 | Rake $0 
Seat 1: PhoenixAssassin
Seat 2: BoyLoc0 (small blind) folded before Flop
Seat 3: Pon4uk.ua (big blind) collected ($1)
Seat 4: sta$igk folded before Flop (didn't bet)
Seat 5: Timonessb folded before Flop (didn't bet)
Seat 6: radibay (button) folded before Flop (didn't bet)



PokerStars Hand #254703195763:  Hold'em No Limit ($0.50/$1.00 USD) - 2025/02/04 15:26:42 WET [2025/02/04 10:26:42 ET]
Table 'Euaimon II' 6-max Seat #2 is the button
Seat 1: PhoenixAssassin ($100 in chips) is sitting out
Seat 2: BoyLoc0 ($181.45 in chips) 
Seat 3: Pon4uk.ua ($100.50 in chips) 
Seat 4: sta$igk ($109.46 in chips) 
Seat 5: Timonessb ($103 in chips) 
Seat 6: radibay ($20.73 in chips) 
Pon4uk.ua: posts small blind $0.50
sta$igk: posts big blind $1
PhoenixAssassin: sits out 
*** HOLE CARDS ***
Timonessb: folds 
radibay: folds 
BoyLoc0: raises $1.50 to $2.50
Pon4uk.ua: folds 
sta$igk: folds 
Uncalled bet ($1.50) returned to BoyLoc0
BoyLoc0 collected $2.50 from pot
BoyLoc0: doesn't show hand 
*** SUMMARY ***
Total pot $2.50 | Rake $0 
Seat 1: PhoenixAssassin
Seat 2: BoyLoc0 (button) collected ($2.50)
Seat 3: Pon4uk.ua (small blind) folded before Flop
Seat 4: sta$igk (big blind) folded before Flop
Seat 5: Timonessb folded before Flop (didn't bet)
Seat 6: radibay folded before Flop (didn't bet)



PokerStars Hand #254703198836:  Hold'em No Limit ($0.50/$1.00 USD) - 2025/02/04 15:26:58 WET [2025/02/04 10:26:58 ET]
Table 'Euaimon II' 6-max Seat #3 is the button
Seat 1: PhoenixAssassin ($100 in chips) is sitting out
Seat 2: BoyLoc0 ($182.95 in chips) 
Seat 3: Pon4uk.ua ($100 in chips) 
Seat 4: sta$igk ($108.46 in chips) 
Seat 5: Timonessb ($103 in chips) 
Seat 6: radibay ($20.73 in chips) 
sta$igk: posts small blind $0.50
Timonessb: posts big blind $1
PhoenixAssassin: sits out 
*** HOLE CARDS ***
radibay: folds 
BoyLoc0: raises $1.50 to $2.50
Pon4uk.ua: raises $5 to $7.50
sta$igk: folds 
Timonessb: folds 
BoyLoc0: raises $14.50 to $22
Pon4uk.ua: raises $78 to $100 and is all-in
BoyLoc0: calls $78
*** FLOP *** [Qc Js Ks]
*** TURN *** [Qc Js Ks] [9h]
*** RIVER *** [Qc Js Ks 9h] [7c]
*** SHOW DOWN ***
BoyLoc0: shows [Ts Th] (a straight, Nine to King)
Pon4uk.ua: shows [Kc Kh] (three of a kind, Kings)
BoyLoc0 collected $199 from pot
*** SUMMARY ***
Total pot $201.50 | Rake $2.50 
Board [Qc Js Ks 9h 7c]
Seat 1: PhoenixAssassin
Seat 2: BoyLoc0 showed [Ts Th] and won ($199) with a straight, Nine to King
Seat 3: Pon4uk.ua (button) showed [Kc Kh] and lost with three of a kind, Kings
Seat 4: sta$igk (small blind) folded before Flop
Seat 5: Timonessb (big blind) folded before Flop
Seat 6: radibay folded before Flop (didn't bet)



PokerStars Hand #254703208866:  Hold'em No Limit ($0.50/$1.00 USD) - 2025/02/04 15:27:48 WET [2025/02/04 10:27:48 ET]
Table 'Euaimon II' 6-max Seat #4 is the button
Seat 6: radibay ($20.73 in chips) is sitting out
Seat 1: PhoenixAssassin ($100 in chips) 
Seat 2: BoyLoc0 ($281.95 in chips) 
Seat 3: Pon4uk.ua ($100 in chips) 
Seat 4: sta$igk ($107.96 in chips) 
Seat 5: Timonessb ($102 in chips) 
Timonessb: posts small blind $0.50
PhoenixAssassin: posts big blind $1
*** HOLE CARDS ***
BoyLoc0: folds 
Pon4uk.ua has timed out
Pon4uk.ua: folds 
sta$igk: folds 
Timonessb: folds 
Uncalled bet ($0.50) returned to PhoenixAssassin
PhoenixAssassin collected $1 from pot
PhoenixAssassin: doesn't show hand 
*** SUMMARY ***
Total pot $1 | Rake $0 
Seat 6: radibay
Seat 1: PhoenixAssassin (big blind) collected ($1)
Seat 2: BoyLoc0 folded before Flop (didn't bet)
Seat 3: Pon4uk.ua folded before Flop (didn't bet)
Seat 4: sta$igk (button) folded before Flop (didn't bet)
Seat 5: Timonessb (small blind) folded before Flop



PokerStars Hand #254703212592:  Hold'em No Limit ($0.50/$1.00 USD) - 2025/02/04 15:28:06 WET [2025/02/04 10:28:06 ET]
Table 'Euaimon II' 6-max Seat #5 is the button
Seat 2: BoyLoc0 ($281.95 in chips) is sitting out
Seat 3: Pon4uk.ua ($100 in chips) is sitting out
Seat 6: radibay ($20.73 in chips) is sitting out
Seat 1: PhoenixAssassin ($100.50 in chips) 
Seat 4: sta$igk ($107.96 in chips) 
Seat 5: Timonessb ($101.50 in chips) 
PhoenixAssassin: posts small blind $0.50
BoyLoc0: is sitting out 
Pon4uk.ua: is sitting out 
sta$igk: posts big blind $1
*** HOLE CARDS ***
Timonessb: folds 
BoyLoc0 leaves the table
Pon4uk.ua leaves the table
PhoenixAssassin: folds 
Uncalled bet ($0.50) returned to sta$igk
sta$igk collected $1 from pot
sta$igk: doesn't show hand 
*** SUMMARY ***
Total pot $1 | Rake $0 
Seat 2: BoyLoc0
Seat 3: Pon4uk.ua
Seat 6: radibay
Seat 1: PhoenixAssassin (small blind) folded before Flop
Seat 4: sta$igk (big blind) collected ($1)
Seat 5: Timonessb (button) folded before Flop (didn't bet)



PokerStars Hand #254703220442:  Hold'em No Limit ($0.50/$1.00 USD) - 2025/02/04 15:28:45 WET [2025/02/04 10:28:45 ET]
Table 'Euaimon II' 6-max Seat #6 is the button
Seat 1: PhoenixAssassin ($100 in chips) 
Seat 4: sta$igk ($108.46 in chips) 
Seat 6: radibay ($20.73 in chips) 
PhoenixAssassin: posts small blind $0.50
sta$igk: posts big blind $1
*** HOLE CARDS ***
radibay: folds 
BGS013 joins the table at seat #2 
PhoenixAssassin: raises $2 to $3
sta$igk: folds 
Uncalled bet ($2) returned to PhoenixAssassin
PhoenixAssassin collected $2 from pot
PhoenixAssassin: doesn't show hand 
*** SUMMARY ***
Total pot $2 | Rake $0 
Seat 1: PhoenixAssassin (small blind) collected ($2)
Seat 4: sta$igk (big blind) folded before Flop
Seat 6: radibay (button) folded before Flop (didn't bet)



PokerStars Hand #254703222578:  Hold'em No Limit ($0.50/$1.00 USD) - 2025/02/04 15:28:56 WET [2025/02/04 10:28:56 ET]
Table 'Euaimon II' 6-max Seat #1 is the button
Seat 2: BGS013 ($105.03 in chips) is sitting out
Seat 1: PhoenixAssassin ($101 in chips) 
Seat 4: sta$igk ($107.46 in chips) 
Seat 6: radibay ($20.73 in chips) 
sta$igk: posts small blind $0.50
radibay: posts big blind $1
*** HOLE CARDS ***
PhoenixAssassin: raises $1.50 to $2.50
sta$igk: folds 
radibay: calls $1.50
*** FLOP *** [7h 9h Ad]
radibay: checks 
PhoenixAssassin: bets $1.72
sta$igk leaves the table
radibay: folds 
Uncalled bet ($1.72) returned to PhoenixAssassin
PhoenixAssassin collected $5.22 from pot
PhoenixAssassin: doesn't show hand 
*** SUMMARY ***
Total pot $5.50 | Rake $0.28 
Board [7h 9h Ad]
Seat 2: BGS013
Seat 1: PhoenixAssassin (button) collected ($5.22)
Seat 4: sta$igk (small blind) folded before Flop
Seat 6: radibay (big blind) folded on the Flop



PokerStars Hand #254703227087:  Hold'em No Limit ($0.50/$1.00 USD) - 2025/02/04 15:29:18 WET [2025/02/04 10:29:18 ET]
Table 'Euaimon II' 6-max Seat #6 is the button
Seat 1: PhoenixAssassin ($103.72 in chips) 
Seat 2: BGS013 ($105.03 in chips) 
Seat 6: radibay ($18.23 in chips) 
PhoenixAssassin: posts small blind $0.50
BGS013: posts big blind $1
*** HOLE CARDS ***
radibay: calls $1
PhoenixAssassin: calls $0.50
BGS013: raises $7 to $8
radibay: calls $7
PhoenixAssassin: folds 
*** FLOP *** [Kd Qs Kh]
BGS013: bets $20.51
radibay: folds 
Uncalled bet ($20.51) returned to BGS013
BGS013 collected $16.15 from pot
BGS013: doesn't show hand 
*** SUMMARY ***
Total pot $17 | Rake $0.85 
Board [Kd Qs Kh]
Seat 1: PhoenixAssassin (small blind) folded before Flop
Seat 2: BGS013 (big blind) collected ($16.15)
Seat 6: radibay (button) folded on the Flop



PokerStars Hand #254703231999:  Hold'em No Limit ($0.50/$1.00 USD) - 2025/02/04 15:29:43 WET [2025/02/04 10:29:43 ET]
Table 'Euaimon II' 6-max Seat #2 is the button
Seat 6: radibay ($10.23 in chips) is sitting out
Seat 1: PhoenixAssassin ($102.72 in chips) 
Seat 2: BGS013 ($113.18 in chips) 
BGS013: posts small blind $0.50
PhoenixAssassin: posts big blind $1
*** HOLE CARDS ***
BGS013: folds 
Uncalled bet ($0.50) returned to PhoenixAssassin
PhoenixAssassin collected $1 from pot
PhoenixAssassin: doesn't show hand 
*** SUMMARY ***
Total pot $1 | Rake $0 
Seat 6: radibay
Seat 1: PhoenixAssassin (big blind) collected ($1)
Seat 2: BGS013 (button) (small blind) folded before Flop



PokerStars Hand #254703233163:  Hold'em No Limit ($0.50/$1.00 USD) - 2025/02/04 15:29:48 WET [2025/02/04 10:29:48 ET]
Table 'Euaimon II' 6-max Seat #1 is the button
Seat 6: radibay ($10.23 in chips) is sitting out
Seat 1: PhoenixAssassin ($103.22 in chips) 
Seat 2: BGS013 ($112.68 in chips) 
PhoenixAssassin: posts small blind $0.50
BGS013: posts big blind $1
*** HOLE CARDS ***
PhoenixAssassin: folds 
Uncalled bet ($0.50) returned to BGS013
BGS013 collected $1 from pot
BGS013: doesn't show hand 
*** SUMMARY ***
Total pot $1 | Rake $0 
Seat 6: radibay
Seat 1: PhoenixAssassin (button) (small blind) folded before Flop
Seat 2: BGS013 (big blind) collected ($1)



