PokerStars Hand #254702033071:  Hold'em No Limit ($0.50/$1.00 USD) - 2025/02/04 13:35:14 WET [2025/02/04 8:35:14 ET]
Table 'Sagitta II' 6-max Seat #3 is the button
Seat 1: highspeedclimb ($100 in chips) is sitting out
Seat 6: easy_sarcasm ($100 in chips) is sitting out
Seat 2: AlexEliseev7 ($100 in chips) 
Seat 3: lisanulgayb ($97.50 in chips) 
Seat 4: magzi777 ($102.70 in chips) 
Seat 5: Burlica2013 ($103.50 in chips) 
magzi777: posts small blind $0.50
Burlica2013: posts big blind $1
easy_sarcasm: sits out 
highspeedclimb: sits out 
*** HOLE CARDS ***
AlexEliseev7: raises $1.50 to $2.50
lisanulgayb: folds 
magzi777: folds 
Burlica2013: folds 
Uncalled bet ($1.50) returned to AlexEliseev7
AlexEliseev7 collected $2.50 from pot
AlexEliseev7: doesn't show hand 
*** SUMMARY ***
Total pot $2.50 | Rake $0 
Seat 1: highspeedclimb
Seat 6: easy_sarcasm
Seat 2: AlexEliseev7 collected ($2.50)
Seat 3: lisanulgayb (button) folded before Flop (didn't bet)
Seat 4: magzi777 (small blind) folded before Flop
Seat 5: Burlica2013 (big blind) folded before Flop



PokerStars Hand #254702035890:  Hold'em No Limit ($0.50/$1.00 USD) - 2025/02/04 13:35:31 WET [2025/02/04 8:35:31 ET]
Table 'Sagitta II' 6-max Seat #4 is the button
Seat 1: highspeedclimb ($100 in chips) is sitting out
Seat 2: AlexEliseev7 ($101.50 in chips) 
Seat 3: lisanulgayb ($97.50 in chips) 
Seat 4: magzi777 ($102.20 in chips) 
Seat 5: Burlica2013 ($102.50 in chips) 
Seat 6: easy_sarcasm ($100 in chips) 
Burlica2013: posts small blind $0.50
easy_sarcasm: posts big blind $1
highspeedclimb: sits out 
*** HOLE CARDS ***
AlexEliseev7: raises $1.50 to $2.50
lisanulgayb: folds 
magzi777: folds 
Burlica2013: folds 
easy_sarcasm: folds 
Uncalled bet ($1.50) returned to AlexEliseev7
AlexEliseev7 collected $2.50 from pot
AlexEliseev7: doesn't show hand 
*** SUMMARY ***
Total pot $2.50 | Rake $0 
Seat 1: highspeedclimb
Seat 2: AlexEliseev7 collected ($2.50)
Seat 3: lisanulgayb folded before Flop (didn't bet)
Seat 4: magzi777 (button) folded before Flop (didn't bet)
Seat 5: Burlica2013 (small blind) folded before Flop
Seat 6: easy_sarcasm (big blind) folded before Flop



PokerStars Hand #254702038528:  Hold'em No Limit ($0.50/$1.00 USD) - 2025/02/04 13:35:47 WET [2025/02/04 8:35:47 ET]
Table 'Sagitta II' 6-max Seat #5 is the button
Seat 1: highspeedclimb ($100 in chips) 
Seat 2: AlexEliseev7 ($103 in chips) 
Seat 3: lisanulgayb ($97.50 in chips) 
Seat 4: magzi777 ($102.20 in chips) 
Seat 5: Burlica2013 ($102 in chips) 
Seat 6: easy_sarcasm ($100 in chips) 
easy_sarcasm: posts small blind $0.50
highspeedclimb: posts big blind $1
*** HOLE CARDS ***
AlexEliseev7: folds 
lisanulgayb: folds 
magzi777: raises $1.50 to $2.50
Burlica2013: raises $5.53 to $8.03
easy_sarcasm: folds 
highspeedclimb: folds 
magzi777: raises $13.97 to $22
Burlica2013: raises $80 to $102 and is all-in
magzi777: calls $80
*** FIRST FLOP *** [2c 7s Qs]
*** FIRST TURN *** [2c 7s Qs] [6s]
*** FIRST RIVER *** [2c 7s Qs 6s] [4s]
*** SECOND FLOP *** [5d 7d 9s]
*** SECOND TURN *** [5d 7d 9s] [4c]
*** SECOND RIVER *** [5d 7d 9s 4c] [8c]
*** FIRST SHOW DOWN ***
magzi777: shows [Kd Ac] (high card Ace)
Burlica2013: shows [Ah Kc] (high card Ace)
magzi777 collected $50.75 from pot
Burlica2013 collected $50.75 from pot
*** SECOND SHOW DOWN ***
magzi777: shows [Kd Ac] (high card Ace)
Burlica2013: shows [Ah Kc] (high card Ace)
magzi777 collected $50.75 from pot
Burlica2013 collected $50.75 from pot
*** SUMMARY ***
Total pot $205.50 | Rake $2.50 
Hand was run twice
FIRST Board [2c 7s Qs 6s 4s]
SECOND Board [5d 7d 9s 4c 8c]
Seat 1: highspeedclimb (big blind) folded before Flop
Seat 2: AlexEliseev7 folded before Flop (didn't bet)
Seat 3: lisanulgayb folded before Flop (didn't bet)
Seat 4: magzi777 showed [Kd Ac] and won ($50.75) with high card Ace, and won ($50.75) with high card Ace
Seat 5: Burlica2013 (button) showed [Ah Kc] and won ($50.75) with high card Ace, and won ($50.75) with high card Ace
Seat 6: easy_sarcasm (small blind) folded before Flop



PokerStars Hand #254702049519:  Hold'em No Limit ($0.50/$1.00 USD) - 2025/02/04 13:36:54 WET [2025/02/04 8:36:54 ET]
Table 'Sagitta II' 6-max Seat #6 is the button
Seat 1: highspeedclimb ($99 in chips) 
Seat 2: AlexEliseev7 ($103 in chips) 
Seat 3: lisanulgayb ($97.50 in chips) 
Seat 4: magzi777 ($101.70 in chips) 
Seat 5: Burlica2013 ($101.50 in chips) 
Seat 6: easy_sarcasm ($100 in chips) 
highspeedclimb: posts small blind $0.50
AlexEliseev7: posts big blind $1
*** HOLE CARDS ***
lisanulgayb: calls $1
magzi777: raises $3 to $4
Burlica2013: folds 
easy_sarcasm: folds 
highspeedclimb: folds 
AlexEliseev7: folds 
lisanulgayb: calls $3
*** FLOP *** [9d 2c Tc]
lisanulgayb: checks 
magzi777: checks 
*** TURN *** [9d 2c Tc] [8d]
lisanulgayb: checks 
magzi777: checks 
*** RIVER *** [9d 2c Tc 8d] [3d]
lisanulgayb: checks 
magzi777: bets $7
lisanulgayb: calls $7
*** SHOW DOWN ***
magzi777: shows [As 5s] (high card Ace)
lisanulgayb: shows [3h 3c] (three of a kind, Threes)
lisanulgayb collected $22.32 from pot
*** SUMMARY ***
Total pot $23.50 | Rake $1.18 
Board [9d 2c Tc 8d 3d]
Seat 1: highspeedclimb (small blind) folded before Flop
Seat 2: AlexEliseev7 (big blind) folded before Flop
Seat 3: lisanulgayb showed [3h 3c] and won ($22.32) with three of a kind, Threes
Seat 4: magzi777 showed [As 5s] and lost with high card Ace
Seat 5: Burlica2013 folded before Flop (didn't bet)
Seat 6: easy_sarcasm (button) folded before Flop (didn't bet)



PokerStars Hand #254702064102:  Hold'em No Limit ($0.50/$1.00 USD) - 2025/02/04 13:38:22 WET [2025/02/04 8:38:22 ET]
Table 'Sagitta II' 6-max Seat #1 is the button
Seat 1: highspeedclimb ($98.50 in chips) 
Seat 2: AlexEliseev7 ($102 in chips) 
Seat 3: lisanulgayb ($108.82 in chips) 
Seat 4: magzi777 ($100 in chips) 
Seat 5: Burlica2013 ($101.50 in chips) 
Seat 6: easy_sarcasm ($100 in chips) 
AlexEliseev7: posts small blind $0.50
lisanulgayb: posts big blind $1
*** HOLE CARDS ***
magzi777: folds 
Burlica2013: folds 
easy_sarcasm: folds 
highspeedclimb: raises $1.20 to $2.20
AlexEliseev7: folds 
lisanulgayb: folds 
Uncalled bet ($1.20) returned to highspeedclimb
highspeedclimb collected $2.50 from pot
*** SUMMARY ***
Total pot $2.50 | Rake $0 
Seat 1: highspeedclimb (button) collected ($2.50)
Seat 2: AlexEliseev7 (small blind) folded before Flop
Seat 3: lisanulgayb (big blind) folded before Flop
Seat 4: magzi777 folded before Flop (didn't bet)
Seat 5: Burlica2013 folded before Flop (didn't bet)
Seat 6: easy_sarcasm folded before Flop (didn't bet)



PokerStars Hand #254702069750:  Hold'em No Limit ($0.50/$1.00 USD) - 2025/02/04 13:38:56 WET [2025/02/04 8:38:56 ET]
Table 'Sagitta II' 6-max Seat #2 is the button
Seat 1: highspeedclimb ($100 in chips) 
Seat 2: AlexEliseev7 ($101.50 in chips) 
Seat 3: lisanulgayb ($107.82 in chips) 
Seat 4: magzi777 ($100 in chips) 
Seat 5: Burlica2013 ($101.50 in chips) 
Seat 6: easy_sarcasm ($100 in chips) 
lisanulgayb: posts small blind $0.50
magzi777: posts big blind $1
*** HOLE CARDS ***
Burlica2013: raises $1.20 to $2.20
easy_sarcasm: folds 
highspeedclimb: folds 
AlexEliseev7: folds 
lisanulgayb: folds 
magzi777: folds 
Uncalled bet ($1.20) returned to Burlica2013
Burlica2013 collected $2.50 from pot
Burlica2013: doesn't show hand 
*** SUMMARY ***
Total pot $2.50 | Rake $0 
Seat 1: highspeedclimb folded before Flop (didn't bet)
Seat 2: AlexEliseev7 (button) folded before Flop (didn't bet)
Seat 3: lisanulgayb (small blind) folded before Flop
Seat 4: magzi777 (big blind) folded before Flop
Seat 5: Burlica2013 collected ($2.50)
Seat 6: easy_sarcasm folded before Flop (didn't bet)



PokerStars Hand #254702071882:  Hold'em No Limit ($0.50/$1.00 USD) - 2025/02/04 13:39:08 WET [2025/02/04 8:39:08 ET]
Table 'Sagitta II' 6-max Seat #3 is the button
Seat 1: highspeedclimb ($100 in chips) 
Seat 2: AlexEliseev7 ($101.50 in chips) 
Seat 3: lisanulgayb ($107.32 in chips) 
Seat 4: magzi777 ($100 in chips) 
Seat 5: Burlica2013 ($103 in chips) 
Seat 6: easy_sarcasm ($100 in chips) 
magzi777: posts small blind $0.50
Burlica2013: posts big blind $1
*** HOLE CARDS ***
easy_sarcasm: raises $2 to $3
highspeedclimb: folds 
AlexEliseev7: folds 
lisanulgayb: folds 
magzi777: folds 
Burlica2013: folds 
Uncalled bet ($2) returned to easy_sarcasm
easy_sarcasm collected $2.50 from pot
*** SUMMARY ***
Total pot $2.50 | Rake $0 
Seat 1: highspeedclimb folded before Flop (didn't bet)
Seat 2: AlexEliseev7 folded before Flop (didn't bet)
Seat 3: lisanulgayb (button) folded before Flop (didn't bet)
Seat 4: magzi777 (small blind) folded before Flop
Seat 5: Burlica2013 (big blind) folded before Flop
Seat 6: easy_sarcasm collected ($2.50)



PokerStars Hand #254702075010:  Hold'em No Limit ($0.50/$1.00 USD) - 2025/02/04 13:39:27 WET [2025/02/04 8:39:27 ET]
Table 'Sagitta II' 6-max Seat #4 is the button
Seat 6: easy_sarcasm ($101.50 in chips) is sitting out
Seat 1: highspeedclimb ($100 in chips) 
Seat 2: AlexEliseev7 ($101.50 in chips) 
Seat 3: lisanulgayb ($107.32 in chips) 
Seat 4: magzi777 ($100 in chips) 
Seat 5: Burlica2013 ($102 in chips) 
Burlica2013: posts small blind $0.50
easy_sarcasm: is sitting out 
highspeedclimb: posts big blind $1
*** HOLE CARDS ***
easy_sarcasm leaves the table
AlexEliseev7: folds 
lisanulgayb: folds 
magzi777: folds 
ponchua joins the table at seat #6 
Burlica2013: raises $2 to $3
highspeedclimb: calls $2
*** FLOP *** [Ks 7h 5h]
Burlica2013: bets $4.28
ponchua leaves the table
highspeedclimb: folds 
Uncalled bet ($4.28) returned to Burlica2013
Burlica2013 collected $5.70 from pot
Burlica2013: doesn't show hand 
*** SUMMARY ***
Total pot $6 | Rake $0.30 
Board [Ks 7h 5h]
Seat 6: easy_sarcasm
Seat 1: highspeedclimb (big blind) folded on the Flop
Seat 2: AlexEliseev7 folded before Flop (didn't bet)
Seat 3: lisanulgayb folded before Flop (didn't bet)
Seat 4: magzi777 (button) folded before Flop (didn't bet)
Seat 5: Burlica2013 (small blind) collected ($5.70)



PokerStars Hand #254702080712:  Hold'em No Limit ($0.50/$1.00 USD) - 2025/02/04 13:40:01 WET [2025/02/04 8:40:01 ET]
Table 'Sagitta II' 6-max Seat #5 is the button
Seat 1: highspeedclimb ($97 in chips) 
Seat 2: AlexEliseev7 ($101.50 in chips) 
Seat 3: lisanulgayb ($107.32 in chips) 
Seat 4: magzi777 ($100 in chips) 
Seat 5: Burlica2013 ($104.70 in chips) 
highspeedclimb: posts small blind $0.50
AlexEliseev7: posts big blind $1
*** HOLE CARDS ***
lisanulgayb: calls $1
magzi777: raises $3 to $4
Burlica2013: folds 
highspeedclimb: folds 
AlexEliseev7: folds 
skanb joins the table at seat #6 
lisanulgayb: calls $3
*** FLOP *** [6c 2c Jd]
lisanulgayb: checks 
magzi777: bets $3
lisanulgayb: folds 
Uncalled bet ($3) returned to magzi777
magzi777 collected $9.02 from pot
*** SUMMARY ***
Total pot $9.50 | Rake $0.48 
Board [6c 2c Jd]
Seat 1: highspeedclimb (small blind) folded before Flop
Seat 2: AlexEliseev7 (big blind) folded before Flop
Seat 3: lisanulgayb folded on the Flop
Seat 4: magzi777 collected ($9.02)
Seat 5: Burlica2013 (button) folded before Flop (didn't bet)



PokerStars Hand #254702086712:  Hold'em No Limit ($0.50/$1.00 USD) - 2025/02/04 13:40:37 WET [2025/02/04 8:40:37 ET]
Table 'Sagitta II' 6-max Seat #1 is the button
Seat 6: skanb ($100 in chips) is sitting out
Seat 1: highspeedclimb ($96.50 in chips) 
Seat 2: AlexEliseev7 ($100.50 in chips) 
Seat 3: lisanulgayb ($103.32 in chips) 
Seat 4: magzi777 ($105.02 in chips) 
Seat 5: Burlica2013 ($104.70 in chips) 
AlexEliseev7: posts small blind $0.50
lisanulgayb: posts big blind $1
skanb: sits out 
*** HOLE CARDS ***
magzi777: folds 
Burlica2013: raises $1.25 to $2.25
highspeedclimb: folds 
AlexEliseev7: folds 
lisanulgayb: calls $1.25
*** FLOP *** [4d 5h Qh]
lisanulgayb: checks 
Burlica2013: bets $1.57
lisanulgayb: calls $1.57
*** TURN *** [4d 5h Qh] [5c]
lisanulgayb: checks 
Burlica2013: checks 
*** RIVER *** [4d 5h Qh 5c] [Qd]
lisanulgayb: checks 
Burlica2013: checks 
*** SHOW DOWN ***
lisanulgayb: shows [5d 5s] (four of a kind, Fives)
Burlica2013: mucks hand 
lisanulgayb collected $7.73 from pot
*** SUMMARY ***
Total pot $8.14 | Rake $0.41 
Board [4d 5h Qh 5c Qd]
Seat 6: skanb
Seat 1: highspeedclimb (button) folded before Flop (didn't bet)
Seat 2: AlexEliseev7 (small blind) folded before Flop
Seat 3: lisanulgayb (big blind) showed [5d 5s] and won ($7.73) with four of a kind, Fives
Seat 4: magzi777 folded before Flop (didn't bet)
Seat 5: Burlica2013 mucked



PokerStars Hand #254702092547:  Hold'em No Limit ($0.50/$1.00 USD) - 2025/02/04 13:41:12 WET [2025/02/04 8:41:12 ET]
Table 'Sagitta II' 6-max Seat #2 is the button
Seat 6: skanb ($100 in chips) is sitting out
Seat 1: highspeedclimb ($96.50 in chips) 
Seat 2: AlexEliseev7 ($100 in chips) 
Seat 3: lisanulgayb ($107.23 in chips) 
Seat 4: magzi777 ($105.02 in chips) 
Seat 5: Burlica2013 ($100.88 in chips) 
lisanulgayb: posts small blind $0.50
magzi777: posts big blind $1
skanb: sits out 
*** HOLE CARDS ***
Burlica2013: raises $1.20 to $2.20
highspeedclimb: folds 
AlexEliseev7: folds 
lisanulgayb: folds 
magzi777: folds 
Uncalled bet ($1.20) returned to Burlica2013
Burlica2013 collected $2.50 from pot
Burlica2013: doesn't show hand 
*** SUMMARY ***
Total pot $2.50 | Rake $0 
Seat 6: skanb
Seat 1: highspeedclimb folded before Flop (didn't bet)
Seat 2: AlexEliseev7 (button) folded before Flop (didn't bet)
Seat 3: lisanulgayb (small blind) folded before Flop
Seat 4: magzi777 (big blind) folded before Flop
Seat 5: Burlica2013 collected ($2.50)



PokerStars Hand #254702094348:  Hold'em No Limit ($0.50/$1.00 USD) - 2025/02/04 13:41:23 WET [2025/02/04 8:41:23 ET]
Table 'Sagitta II' 6-max Seat #3 is the button
Seat 6: skanb ($100 in chips) is sitting out
Seat 1: highspeedclimb ($96.50 in chips) 
Seat 2: AlexEliseev7 ($100 in chips) 
Seat 3: lisanulgayb ($106.73 in chips) 
Seat 4: magzi777 ($104.02 in chips) 
Seat 5: Burlica2013 ($102.38 in chips) 
magzi777: posts small blind $0.50
Burlica2013: posts big blind $1
skanb: sits out 
*** HOLE CARDS ***
highspeedclimb: folds 
AlexEliseev7: folds 
lisanulgayb: raises $1 to $2
magzi777: raises $8 to $10
Burlica2013: folds 
lisanulgayb: folds 
Uncalled bet ($8) returned to magzi777
magzi777 collected $5 from pot
*** SUMMARY ***
Total pot $5 | Rake $0 
Seat 6: skanb
Seat 1: highspeedclimb folded before Flop (didn't bet)
Seat 2: AlexEliseev7 folded before Flop (didn't bet)
Seat 3: lisanulgayb (button) folded before Flop
Seat 4: magzi777 (small blind) collected ($5)
Seat 5: Burlica2013 (big blind) folded before Flop



PokerStars Hand #254702098151:  Hold'em No Limit ($0.50/$1.00 USD) - 2025/02/04 13:41:46 WET [2025/02/04 8:41:46 ET]
Table 'Sagitta II' 6-max Seat #4 is the button
Seat 1: highspeedclimb ($96.50 in chips) 
Seat 2: AlexEliseev7 ($100 in chips) 
Seat 3: lisanulgayb ($104.73 in chips) 
Seat 4: magzi777 ($107.02 in chips) 
Seat 5: Burlica2013 ($101.38 in chips) 
Seat 6: skanb ($100 in chips) 
Burlica2013: posts small blind $0.50
skanb: posts big blind $1
*** HOLE CARDS ***
highspeedclimb: raises $1.30 to $2.30
AlexEliseev7: folds 
lisanulgayb: folds 
magzi777: folds 
Burlica2013: folds 
skanb: folds 
Uncalled bet ($1.30) returned to highspeedclimb
highspeedclimb collected $2.50 from pot
*** SUMMARY ***
Total pot $2.50 | Rake $0 
Seat 1: highspeedclimb collected ($2.50)
Seat 2: AlexEliseev7 folded before Flop (didn't bet)
Seat 3: lisanulgayb folded before Flop (didn't bet)
Seat 4: magzi777 (button) folded before Flop (didn't bet)
Seat 5: Burlica2013 (small blind) folded before Flop
Seat 6: skanb (big blind) folded before Flop



PokerStars Hand #254702102040:  Hold'em No Limit ($0.50/$1.00 USD) - 2025/02/04 13:42:09 WET [2025/02/04 8:42:09 ET]
Table 'Sagitta II' 6-max Seat #5 is the button
Seat 1: highspeedclimb ($98 in chips) 
Seat 2: AlexEliseev7 ($100 in chips) 
Seat 3: lisanulgayb ($104.73 in chips) 
Seat 4: magzi777 ($107.02 in chips) 
Seat 5: Burlica2013 ($100.88 in chips) 
Seat 6: skanb ($100 in chips) 
skanb: posts small blind $0.50
highspeedclimb: posts big blind $1
*** HOLE CARDS ***
AlexEliseev7: folds 
lisanulgayb: raises $1 to $2
magzi777: folds 
Burlica2013: folds 
skanb: raises $8 to $10
highspeedclimb: folds 
lisanulgayb: folds 
Uncalled bet ($8) returned to skanb
skanb collected $5 from pot
skanb: doesn't show hand 
*** SUMMARY ***
Total pot $5 | Rake $0 
Seat 1: highspeedclimb (big blind) folded before Flop
Seat 2: AlexEliseev7 folded before Flop (didn't bet)
Seat 3: lisanulgayb folded before Flop
Seat 4: magzi777 folded before Flop (didn't bet)
Seat 5: Burlica2013 (button) folded before Flop (didn't bet)
Seat 6: skanb (small blind) collected ($5)



PokerStars Hand #254702105893:  Hold'em No Limit ($0.50/$1.00 USD) - 2025/02/04 13:42:32 WET [2025/02/04 8:42:32 ET]
Table 'Sagitta II' 6-max Seat #6 is the button
Seat 1: highspeedclimb ($97 in chips) 
Seat 2: AlexEliseev7 ($100 in chips) 
Seat 3: lisanulgayb ($102.73 in chips) 
Seat 4: magzi777 ($107.02 in chips) 
Seat 5: Burlica2013 ($100.88 in chips) 
Seat 6: skanb ($103 in chips) 
highspeedclimb: posts small blind $0.50
AlexEliseev7: posts big blind $1
*** HOLE CARDS ***
lisanulgayb: folds 
magzi777: raises $1.50 to $2.50
Burlica2013: folds 
skanb: folds 
highspeedclimb: folds 
AlexEliseev7: folds 
Uncalled bet ($1.50) returned to magzi777
magzi777 collected $2.50 from pot
*** SUMMARY ***
Total pot $2.50 | Rake $0 
Seat 1: highspeedclimb (small blind) folded before Flop
Seat 2: AlexEliseev7 (big blind) folded before Flop
Seat 3: lisanulgayb folded before Flop (didn't bet)
Seat 4: magzi777 collected ($2.50)
Seat 5: Burlica2013 folded before Flop (didn't bet)
Seat 6: skanb (button) folded before Flop (didn't bet)



PokerStars Hand #254702108675:  Hold'em No Limit ($0.50/$1.00 USD) - 2025/02/04 13:42:49 WET [2025/02/04 8:42:49 ET]
Table 'Sagitta II' 6-max Seat #1 is the button
Seat 1: highspeedclimb ($96.50 in chips) 
Seat 2: AlexEliseev7 ($100 in chips) 
Seat 3: lisanulgayb ($102.73 in chips) 
Seat 4: magzi777 ($108.52 in chips) 
Seat 5: Burlica2013 ($100.88 in chips) 
Seat 6: skanb ($103 in chips) 
AlexEliseev7: posts small blind $0.50
lisanulgayb: posts big blind $1
*** HOLE CARDS ***
magzi777: raises $1.50 to $2.50
Burlica2013: folds 
skanb: folds 
highspeedclimb: folds 
AlexEliseev7: folds 
lisanulgayb: calls $1.50
*** FLOP *** [2c 6h 3d]
lisanulgayb: checks 
magzi777: bets $2.61
lisanulgayb: calls $2.61
*** TURN *** [2c 6h 3d] [Ts]
lisanulgayb: checks 
magzi777: bets $3.50
lisanulgayb: calls $3.50
*** RIVER *** [2c 6h 3d Ts] [Qh]
lisanulgayb: checks 
magzi777: checks 
*** SHOW DOWN ***
lisanulgayb: shows [8d 8h] (a pair of Eights)
magzi777: mucks hand 
lisanulgayb collected $16.83 from pot
*** SUMMARY ***
Total pot $17.72 | Rake $0.89 
Board [2c 6h 3d Ts Qh]
Seat 1: highspeedclimb (button) folded before Flop (didn't bet)
Seat 2: AlexEliseev7 (small blind) folded before Flop
Seat 3: lisanulgayb (big blind) showed [8d 8h] and won ($16.83) with a pair of Eights
Seat 4: magzi777 mucked
Seat 5: Burlica2013 folded before Flop (didn't bet)
Seat 6: skanb folded before Flop (didn't bet)



PokerStars Hand #254702115134:  Hold'em No Limit ($0.50/$1.00 USD) - 2025/02/04 13:43:29 WET [2025/02/04 8:43:29 ET]
Table 'Sagitta II' 6-max Seat #2 is the button
Seat 1: highspeedclimb ($96.50 in chips) 
Seat 2: AlexEliseev7 ($100 in chips) 
Seat 3: lisanulgayb ($110.95 in chips) 
Seat 4: magzi777 ($100 in chips) 
Seat 5: Burlica2013 ($100.88 in chips) 
Seat 6: skanb ($103 in chips) 
lisanulgayb: posts small blind $0.50
magzi777: posts big blind $1
*** HOLE CARDS ***
Burlica2013: folds 
skanb: raises $1.50 to $2.50
highspeedclimb: calls $2.50
AlexEliseev7: folds 
lisanulgayb: folds 
magzi777: raises $11 to $13.50
skanb: folds 
highspeedclimb: calls $11
*** FLOP *** [3c 9s 2h]
magzi777: bets $9.50
highspeedclimb: calls $9.50
*** TURN *** [3c 9s 2h] [3d]
magzi777: bets $28
highspeedclimb: calls $28
*** RIVER *** [3c 9s 2h 3d] [4s]
magzi777: checks 
highspeedclimb: bets $24
magzi777: folds 
Uncalled bet ($24) returned to highspeedclimb
highspeedclimb collected $102.50 from pot
*** SUMMARY ***
Total pot $105 | Rake $2.50 
Board [3c 9s 2h 3d 4s]
Seat 1: highspeedclimb collected ($102.50)
Seat 2: AlexEliseev7 (button) folded before Flop (didn't bet)
Seat 3: lisanulgayb (small blind) folded before Flop
Seat 4: magzi777 (big blind) folded on the River
Seat 5: Burlica2013 folded before Flop (didn't bet)
Seat 6: skanb folded before Flop



PokerStars Hand #254702128622:  Hold'em No Limit ($0.50/$1.00 USD) - 2025/02/04 13:44:50 WET [2025/02/04 8:44:50 ET]
Table 'Sagitta II' 6-max Seat #3 is the button
Seat 1: highspeedclimb ($148 in chips) 
Seat 2: AlexEliseev7 ($100 in chips) 
Seat 3: lisanulgayb ($110.45 in chips) 
Seat 4: magzi777 ($100 in chips) 
Seat 5: Burlica2013 ($100.88 in chips) 
Seat 6: skanb ($100.50 in chips) 
magzi777: posts small blind $0.50
Burlica2013: posts big blind $1
*** HOLE CARDS ***
skanb: folds 
highspeedclimb: folds 
AlexEliseev7: folds 
lisanulgayb: folds 
magzi777: raises $2 to $3
Burlica2013: folds 
Uncalled bet ($2) returned to magzi777
magzi777 collected $2 from pot
*** SUMMARY ***
Total pot $2 | Rake $0 
Seat 1: highspeedclimb folded before Flop (didn't bet)
Seat 2: AlexEliseev7 folded before Flop (didn't bet)
Seat 3: lisanulgayb (button) folded before Flop (didn't bet)
Seat 4: magzi777 (small blind) collected ($2)
Seat 5: Burlica2013 (big blind) folded before Flop
Seat 6: skanb folded before Flop (didn't bet)



PokerStars Hand #254702133570:  Hold'em No Limit ($0.50/$1.00 USD) - 2025/02/04 13:45:19 WET [2025/02/04 8:45:19 ET]
Table 'Sagitta II' 6-max Seat #4 is the button
Seat 6: skanb ($100.50 in chips) is sitting out
Seat 1: highspeedclimb ($148 in chips) 
Seat 2: AlexEliseev7 ($100 in chips) 
Seat 3: lisanulgayb ($110.45 in chips) 
Seat 4: magzi777 ($101 in chips) 
Seat 5: Burlica2013 ($100 in chips) 
Burlica2013: posts small blind $0.50
skanb: is sitting out 
highspeedclimb: posts big blind $1
*** HOLE CARDS ***
AlexEliseev7: folds 
skanb leaves the table
lisanulgayb: raises $1 to $2
magzi777: folds 
Burlica2013: folds 
highspeedclimb: folds 
Uncalled bet ($1) returned to lisanulgayb
lisanulgayb collected $2.50 from pot
*** SUMMARY ***
Total pot $2.50 | Rake $0 
Seat 6: skanb
Seat 1: highspeedclimb (big blind) folded before Flop
Seat 2: AlexEliseev7 folded before Flop (didn't bet)
Seat 3: lisanulgayb collected ($2.50)
Seat 4: magzi777 (button) folded before Flop (didn't bet)
Seat 5: Burlica2013 (small blind) folded before Flop



PokerStars Hand #254702135562:  Hold'em No Limit ($0.50/$1.00 USD) - 2025/02/04 13:45:31 WET [2025/02/04 8:45:31 ET]
Table 'Sagitta II' 6-max Seat #5 is the button
Seat 1: highspeedclimb ($147 in chips) 
Seat 2: AlexEliseev7 ($100 in chips) 
Seat 3: lisanulgayb ($111.95 in chips) 
Seat 4: magzi777 ($101 in chips) 
Seat 5: Burlica2013 ($100 in chips) 
highspeedclimb: posts small blind $0.50
AlexEliseev7: posts big blind $1
*** HOLE CARDS ***
lisanulgayb: raises $1 to $2
magzi777: folds 
Burlica2013: calls $2
highspeedclimb: calls $1.50
AlexEliseev7: calls $1
*** FLOP *** [7h 9s 3s]
highspeedclimb: checks 
AlexEliseev7: checks 
lisanulgayb: bets $3
Burlica2013: folds 
highspeedclimb: calls $3
AlexEliseev7: folds 
*** TURN *** [7h 9s 3s] [6s]
AlexEliseev7 leaves the table
franco232315 joins the table at seat #2 
highspeedclimb: bets $5.65
lisanulgayb: calls $5.65
*** RIVER *** [7h 9s 3s 6s] [Ad]
whlzor joins the table at seat #6 
highspeedclimb: checks 
lisanulgayb: bets $12.02
highspeedclimb: folds 
Uncalled bet ($12.02) returned to lisanulgayb
lisanulgayb collected $24.04 from pot
*** SUMMARY ***
Total pot $25.30 | Rake $1.26 
Board [7h 9s 3s 6s Ad]
Seat 1: highspeedclimb (small blind) folded on the River
Seat 2: AlexEliseev7 (big blind) folded on the Flop
Seat 3: lisanulgayb collected ($24.04)
Seat 4: magzi777 folded before Flop (didn't bet)
Seat 5: Burlica2013 (button) folded on the Flop



PokerStars Hand #254702144432:  Hold'em No Limit ($0.50/$1.00 USD) - 2025/02/04 13:46:24 WET [2025/02/04 8:46:24 ET]
Table 'Sagitta II' 6-max Seat #1 is the button
Seat 2: franco232315 ($80 in chips) is sitting out
Seat 6: whlzor ($100 in chips) is sitting out
Seat 1: highspeedclimb ($136.35 in chips) 
Seat 3: lisanulgayb ($125.34 in chips) 
Seat 4: magzi777 ($101 in chips) 
Seat 5: Burlica2013 ($100 in chips) 
lisanulgayb: posts small blind $0.50
magzi777: posts big blind $1
whlzor: sits out 
*** HOLE CARDS ***
Burlica2013: folds 
highspeedclimb: folds 
lisanulgayb: folds 
Uncalled bet ($0.50) returned to magzi777
magzi777 collected $1 from pot
*** SUMMARY ***
Total pot $1 | Rake $0 
Seat 2: franco232315
Seat 6: whlzor
Seat 1: highspeedclimb (button) folded before Flop (didn't bet)
Seat 3: lisanulgayb (small blind) folded before Flop
Seat 4: magzi777 (big blind) collected ($1)
Seat 5: Burlica2013 folded before Flop (didn't bet)



PokerStars Hand #254702148416:  Hold'em No Limit ($0.50/$1.00 USD) - 2025/02/04 13:46:48 WET [2025/02/04 8:46:48 ET]
Table 'Sagitta II' 6-max Seat #3 is the button
Seat 2: franco232315 ($100 in chips) is sitting out
Seat 6: whlzor ($100 in chips) is sitting out
Seat 1: highspeedclimb ($136.35 in chips) 
Seat 3: lisanulgayb ($124.84 in chips) 
Seat 4: magzi777 ($101.50 in chips) 
Seat 5: Burlica2013 ($100 in chips) 
magzi777: posts small blind $0.50
Burlica2013: posts big blind $1
whlzor: sits out 
franco232315: sits out 
*** HOLE CARDS ***
highspeedclimb: folds 
lisanulgayb: folds 
magzi777: folds 
Uncalled bet ($0.50) returned to Burlica2013
Burlica2013 collected $1 from pot
Burlica2013: doesn't show hand 
*** SUMMARY ***
Total pot $1 | Rake $0 
Seat 2: franco232315
Seat 6: whlzor
Seat 1: highspeedclimb folded before Flop (didn't bet)
Seat 3: lisanulgayb (button) folded before Flop (didn't bet)
Seat 4: magzi777 (small blind) folded before Flop
Seat 5: Burlica2013 (big blind) collected ($1)



PokerStars Hand #254702151307:  Hold'em No Limit ($0.50/$1.00 USD) - 2025/02/04 13:47:05 WET [2025/02/04 8:47:05 ET]
Table 'Sagitta II' 6-max Seat #4 is the button
Seat 2: franco232315 ($100 in chips) is sitting out
Seat 1: highspeedclimb ($136.35 in chips) 
Seat 3: lisanulgayb ($124.84 in chips) 
Seat 4: magzi777 ($101 in chips) 
Seat 5: Burlica2013 ($100.50 in chips) 
Seat 6: whlzor ($100 in chips) 
Burlica2013: posts small blind $0.50
whlzor: posts big blind $1
franco232315: sits out 
*** HOLE CARDS ***
highspeedclimb: raises $1 to $2
lisanulgayb: calls $2
magzi777: folds 
Burlica2013: folds 
whlzor: folds 
*** FLOP *** [Qs 8s 6c]
highspeedclimb: checks 
lisanulgayb: checks 
*** TURN *** [Qs 8s 6c] [Td]
highspeedclimb: bets $2.61
lisanulgayb: calls $2.61
*** RIVER *** [Qs 8s 6c Td] [5c]
highspeedclimb: checks 
lisanulgayb: checks 
*** SHOW DOWN ***
highspeedclimb: shows [Ad 7c] (high card Ace)
lisanulgayb: shows [Ah 8d] (a pair of Eights)
lisanulgayb collected $10.18 from pot
*** SUMMARY ***
Total pot $10.72 | Rake $0.54 
Board [Qs 8s 6c Td 5c]
Seat 2: franco232315
Seat 1: highspeedclimb showed [Ad 7c] and lost with high card Ace
Seat 3: lisanulgayb showed [Ah 8d] and won ($10.18) with a pair of Eights
Seat 4: magzi777 (button) folded before Flop (didn't bet)
Seat 5: Burlica2013 (small blind) folded before Flop
Seat 6: whlzor (big blind) folded before Flop



PokerStars Hand #254702156984:  Hold'em No Limit ($0.50/$1.00 USD) - 2025/02/04 13:47:39 WET [2025/02/04 8:47:39 ET]
Table 'Sagitta II' 6-max Seat #5 is the button
Seat 2: franco232315 ($100 in chips) is sitting out
Seat 1: highspeedclimb ($131.74 in chips) 
Seat 3: lisanulgayb ($130.41 in chips) 
Seat 4: magzi777 ($101 in chips) 
Seat 5: Burlica2013 ($100 in chips) 
Seat 6: whlzor ($100 in chips) 
whlzor: posts small blind $0.50
highspeedclimb: posts big blind $1
franco232315: sits out 
*** HOLE CARDS ***
lisanulgayb: folds 
magzi777: folds 
Burlica2013: folds 
whlzor: raises $2 to $3
highspeedclimb: folds 
Uncalled bet ($2) returned to whlzor
whlzor collected $2 from pot
whlzor: doesn't show hand 
*** SUMMARY ***
Total pot $2 | Rake $0 
Seat 2: franco232315
Seat 1: highspeedclimb (big blind) folded before Flop
Seat 3: lisanulgayb folded before Flop (didn't bet)
Seat 4: magzi777 folded before Flop (didn't bet)
Seat 5: Burlica2013 (button) folded before Flop (didn't bet)
Seat 6: whlzor (small blind) collected ($2)



PokerStars Hand #254702160161:  Hold'em No Limit ($0.50/$1.00 USD) - 2025/02/04 13:47:58 WET [2025/02/04 8:47:58 ET]
Table 'Sagitta II' 6-max Seat #6 is the button
Seat 1: highspeedclimb ($130.74 in chips) 
Seat 2: franco232315 ($100 in chips) 
Seat 3: lisanulgayb ($130.41 in chips) 
Seat 4: magzi777 ($101 in chips) 
Seat 5: Burlica2013 ($100 in chips) 
Seat 6: whlzor ($101 in chips) 
highspeedclimb: posts small blind $0.50
franco232315: posts big blind $1
*** HOLE CARDS ***
lisanulgayb: folds 
magzi777: folds 
Burlica2013: folds 
whlzor: folds 
highspeedclimb: raises $1 to $2
franco232315: raises $4 to $6
highspeedclimb: calls $4
*** FLOP *** [Ah 3s 8s]
highspeedclimb: checks 
franco232315: bets $3.76
highspeedclimb: raises $4.76 to $8.52
franco232315: folds 
Uncalled bet ($4.76) returned to highspeedclimb
highspeedclimb collected $18.54 from pot
*** SUMMARY ***
Total pot $19.52 | Rake $0.98 
Board [Ah 3s 8s]
Seat 1: highspeedclimb (small blind) collected ($18.54)
Seat 2: franco232315 (big blind) folded on the Flop
Seat 3: lisanulgayb folded before Flop (didn't bet)
Seat 4: magzi777 folded before Flop (didn't bet)
Seat 5: Burlica2013 folded before Flop (didn't bet)
Seat 6: whlzor (button) folded before Flop (didn't bet)



PokerStars Hand #254702165968:  Hold'em No Limit ($0.50/$1.00 USD) - 2025/02/04 13:48:33 WET [2025/02/04 8:48:33 ET]
Table 'Sagitta II' 6-max Seat #1 is the button
Seat 1: highspeedclimb ($139.52 in chips) 
Seat 2: franco232315 ($100 in chips) 
Seat 3: lisanulgayb ($130.41 in chips) 
Seat 4: magzi777 ($101 in chips) 
Seat 5: Burlica2013 ($100 in chips) 
Seat 6: whlzor ($101 in chips) 
franco232315: posts small blind $0.50
lisanulgayb: posts big blind $1
*** HOLE CARDS ***
magzi777: raises $1.50 to $2.50
Burlica2013: folds 
whlzor: folds 
highspeedclimb: folds 
franco232315: folds 
lisanulgayb: folds 
Uncalled bet ($1.50) returned to magzi777
magzi777 collected $2.50 from pot
*** SUMMARY ***
Total pot $2.50 | Rake $0 
Seat 1: highspeedclimb (button) folded before Flop (didn't bet)
Seat 2: franco232315 (small blind) folded before Flop
Seat 3: lisanulgayb (big blind) folded before Flop
Seat 4: magzi777 collected ($2.50)
Seat 5: Burlica2013 folded before Flop (didn't bet)
Seat 6: whlzor folded before Flop (didn't bet)



PokerStars Hand #254702170847:  Hold'em No Limit ($0.50/$1.00 USD) - 2025/02/04 13:49:02 WET [2025/02/04 8:49:02 ET]
Table 'Sagitta II' 6-max Seat #2 is the button
Seat 1: highspeedclimb ($139.52 in chips) 
Seat 2: franco232315 ($100 in chips) 
Seat 3: lisanulgayb ($129.41 in chips) 
Seat 4: magzi777 ($102.50 in chips) 
Seat 5: Burlica2013 ($100 in chips) 
Seat 6: whlzor ($101 in chips) 
lisanulgayb: posts small blind $0.50
magzi777: posts big blind $1
*** HOLE CARDS ***
Burlica2013: folds 
whlzor: folds 
highspeedclimb: folds 
franco232315: raises $1.50 to $2.50
lisanulgayb: calls $2
magzi777: folds 
*** FLOP *** [Th 2s Qs]
lisanulgayb: checks 
franco232315: bets $1.88
lisanulgayb: calls $1.88
*** TURN *** [Th 2s Qs] [9c]
lisanulgayb: checks 
franco232315: bets $13.91
lisanulgayb: folds 
Uncalled bet ($13.91) returned to franco232315
franco232315 collected $9.27 from pot
franco232315: doesn't show hand 
*** SUMMARY ***
Total pot $9.76 | Rake $0.49 
Board [Th 2s Qs 9c]
Seat 1: highspeedclimb folded before Flop (didn't bet)
Seat 2: franco232315 (button) collected ($9.27)
Seat 3: lisanulgayb (small blind) folded on the Turn
Seat 4: magzi777 (big blind) folded before Flop
Seat 5: Burlica2013 folded before Flop (didn't bet)
Seat 6: whlzor folded before Flop (didn't bet)



PokerStars Hand #254702180254:  Hold'em No Limit ($0.50/$1.00 USD) - 2025/02/04 13:50:00 WET [2025/02/04 8:50:00 ET]
Table 'Sagitta II' 6-max Seat #3 is the button
Seat 1: highspeedclimb ($139.52 in chips) 
Seat 2: franco232315 ($104.89 in chips) 
Seat 3: lisanulgayb ($125.03 in chips) 
Seat 4: magzi777 ($101.50 in chips) 
Seat 5: Burlica2013 ($100 in chips) 
Seat 6: whlzor ($101 in chips) 
magzi777: posts small blind $0.50
Burlica2013: posts big blind $1
*** HOLE CARDS ***
whlzor: folds 
whlzor leaves the table
highspeedclimb: raises $1.20 to $2.20
franco232315: folds 
lisanulgayb: calls $2.20
magzi777: folds 
Burlica2013: folds 
*** FLOP *** [7c 4d 4h]
highspeedclimb: bets $2.80
lisanulgayb: folds 
Uncalled bet ($2.80) returned to highspeedclimb
highspeedclimb collected $5.60 from pot
*** SUMMARY ***
Total pot $5.90 | Rake $0.30 
Board [7c 4d 4h]
Seat 1: highspeedclimb collected ($5.60)
Seat 2: franco232315 folded before Flop (didn't bet)
Seat 3: lisanulgayb (button) folded on the Flop
Seat 4: magzi777 (small blind) folded before Flop
Seat 5: Burlica2013 (big blind) folded before Flop
Seat 6: whlzor folded before Flop (didn't bet)



PokerStars Hand #254702184086:  Hold'em No Limit ($0.50/$1.00 USD) - 2025/02/04 13:50:22 WET [2025/02/04 8:50:22 ET]
Table 'Sagitta II' 6-max Seat #4 is the button
Seat 1: highspeedclimb ($142.92 in chips) 
Seat 2: franco232315 ($104.89 in chips) 
Seat 3: lisanulgayb ($122.83 in chips) 
Seat 4: magzi777 ($101 in chips) 
Seat 5: Burlica2013 ($100 in chips) 
Burlica2013: posts small blind $0.50
highspeedclimb: posts big blind $1
*** HOLE CARDS ***
chinokevin13 joins the table at seat #6 
franco232315: raises $1.50 to $2.50
lisanulgayb: calls $2.50
magzi777: folds 
Burlica2013: folds 
highspeedclimb: raises $7 to $9.50
franco232315: folds 
lisanulgayb: calls $7
*** FLOP *** [5d 2d Ah]
highspeedclimb: bets $10.45
lisanulgayb: folds 
Uncalled bet ($10.45) returned to highspeedclimb
highspeedclimb collected $20.90 from pot
*** SUMMARY ***
Total pot $22 | Rake $1.10 
Board [5d 2d Ah]
Seat 1: highspeedclimb (big blind) collected ($20.90)
Seat 2: franco232315 folded before Flop
Seat 3: lisanulgayb folded on the Flop
Seat 4: magzi777 (button) folded before Flop (didn't bet)
Seat 5: Burlica2013 (small blind) folded before Flop



PokerStars Hand #254702188681:  Hold'em No Limit ($0.50/$1.00 USD) - 2025/02/04 13:50:50 WET [2025/02/04 8:50:50 ET]
Table 'Sagitta II' 6-max Seat #5 is the button
Seat 6: chinokevin13 ($100 in chips) is sitting out
Seat 1: highspeedclimb ($154.32 in chips) 
Seat 2: franco232315 ($102.39 in chips) 
Seat 3: lisanulgayb ($113.33 in chips) 
Seat 4: magzi777 ($101 in chips) 
Seat 5: Burlica2013 ($100 in chips) 
highspeedclimb: posts small blind $0.50
franco232315: posts big blind $1
*** HOLE CARDS ***
lisanulgayb: folds 
magzi777: folds 
Burlica2013: folds 
highspeedclimb: calls $0.50
franco232315: raises $2.50 to $3.50
highspeedclimb: raises $5 to $8.50
franco232315: calls $5
*** FLOP *** [Tc 5d Qs]
highspeedclimb: checks 
franco232315: checks 
*** TURN *** [Tc 5d Qs] [2d]
highspeedclimb: bets $8.08
franco232315: calls $8.08
*** RIVER *** [Tc 5d Qs 2d] [Th]
highspeedclimb: bets $31.50
franco232315: folds 
Uncalled bet ($31.50) returned to highspeedclimb
highspeedclimb collected $31.50 from pot
*** SUMMARY ***
Total pot $33.16 | Rake $1.66 
Board [Tc 5d Qs 2d Th]
Seat 6: chinokevin13
Seat 1: highspeedclimb (small blind) collected ($31.50)
Seat 2: franco232315 (big blind) folded on the River
Seat 3: lisanulgayb folded before Flop (didn't bet)
Seat 4: magzi777 folded before Flop (didn't bet)
Seat 5: Burlica2013 (button) folded before Flop (didn't bet)



PokerStars Hand #254702195906:  Hold'em No Limit ($0.50/$1.00 USD) - 2025/02/04 13:51:34 WET [2025/02/04 8:51:34 ET]
Table 'Sagitta II' 6-max Seat #1 is the button
Seat 6: chinokevin13 ($100 in chips) is sitting out
Seat 1: highspeedclimb ($169.24 in chips) 
Seat 2: franco232315 ($100 in chips) 
Seat 3: lisanulgayb ($113.33 in chips) 
Seat 4: magzi777 ($101 in chips) 
Seat 5: Burlica2013 ($100 in chips) 
franco232315: posts small blind $0.50
lisanulgayb: posts big blind $1
chinokevin13: sits out 
*** HOLE CARDS ***
magzi777: raises $1.50 to $2.50
Burlica2013: folds 
highspeedclimb: folds 
franco232315: folds 
lisanulgayb: folds 
Uncalled bet ($1.50) returned to magzi777
magzi777 collected $2.50 from pot
*** SUMMARY ***
Total pot $2.50 | Rake $0 
Seat 6: chinokevin13
Seat 1: highspeedclimb (button) folded before Flop (didn't bet)
Seat 2: franco232315 (small blind) folded before Flop
Seat 3: lisanulgayb (big blind) folded before Flop
Seat 4: magzi777 collected ($2.50)
Seat 5: Burlica2013 folded before Flop (didn't bet)



PokerStars Hand #254702197519:  Hold'em No Limit ($0.50/$1.00 USD) - 2025/02/04 13:51:44 WET [2025/02/04 8:51:44 ET]
Table 'Sagitta II' 6-max Seat #2 is the button
Seat 6: chinokevin13 ($100 in chips) is sitting out
Seat 1: highspeedclimb ($169.24 in chips) 
Seat 2: franco232315 ($100 in chips) 
Seat 3: lisanulgayb ($112.33 in chips) 
Seat 4: magzi777 ($102.50 in chips) 
Seat 5: Burlica2013 ($100 in chips) 
lisanulgayb: posts small blind $0.50
magzi777: posts big blind $1
chinokevin13: sits out 
*** HOLE CARDS ***
Burlica2013: folds 
highspeedclimb: folds 
franco232315: raises $1.50 to $2.50
lisanulgayb: folds 
Burlica2013 leaves the table
magzi777: folds 
Uncalled bet ($1.50) returned to franco232315
franco232315 collected $2.50 from pot
franco232315: doesn't show hand 
*** SUMMARY ***
Total pot $2.50 | Rake $0 
Seat 6: chinokevin13
Seat 1: highspeedclimb folded before Flop (didn't bet)
Seat 2: franco232315 (button) collected ($2.50)
Seat 3: lisanulgayb (small blind) folded before Flop
Seat 4: magzi777 (big blind) folded before Flop
Seat 5: Burlica2013 folded before Flop (didn't bet)



PokerStars Hand #254702238281:  Hold'em No Limit ($0.50/$1.00 USD) - 2025/02/04 13:56:05 WET [2025/02/04 8:56:05 ET]
Table 'Sagitta II' 6-max Seat #1 is the button
Seat 5: janarr5 ($100 in chips) is sitting out
Seat 1: highspeedclimb ($195.90 in chips) 
Seat 2: franco232315 ($100 in chips) 
Seat 3: lisanulgayb ($123.57 in chips) 
Seat 4: magzi777 ($102.50 in chips) 
Seat 6: chinokevin13 ($100 in chips) 
franco232315: posts small blind $0.50
lisanulgayb: posts big blind $1
janarr5: sits out 
*** HOLE CARDS ***
magzi777: folds 
chinokevin13: folds 
highspeedclimb: folds 
franco232315: raises $2 to $3
lisanulgayb: folds 
Uncalled bet ($2) returned to franco232315
franco232315 collected $2 from pot
franco232315: doesn't show hand 
*** SUMMARY ***
Total pot $2 | Rake $0 
Seat 5: janarr5
Seat 1: highspeedclimb (button) folded before Flop (didn't bet)
Seat 2: franco232315 (small blind) collected ($2)
Seat 3: lisanulgayb (big blind) folded before Flop
Seat 4: magzi777 folded before Flop (didn't bet)
Seat 6: chinokevin13 folded before Flop (didn't bet)



PokerStars Hand #254702240848:  Hold'em No Limit ($0.50/$1.00 USD) - 2025/02/04 13:56:25 WET [2025/02/04 8:56:25 ET]
Table 'Sagitta II' 6-max Seat #2 is the button
Seat 5: janarr5 ($100 in chips) is sitting out
Seat 1: highspeedclimb ($195.90 in chips) 
Seat 2: franco232315 ($101 in chips) 
Seat 3: lisanulgayb ($122.57 in chips) 
Seat 4: magzi777 ($102.50 in chips) 
Seat 6: chinokevin13 ($100 in chips) 
lisanulgayb: posts small blind $0.50
magzi777: posts big blind $1
janarr5: sits out 
*** HOLE CARDS ***
chinokevin13: folds 
highspeedclimb: folds 
franco232315: raises $1.50 to $2.50
lisanulgayb: folds 
magzi777: folds 
Uncalled bet ($1.50) returned to franco232315
franco232315 collected $2.50 from pot
franco232315: doesn't show hand 
*** SUMMARY ***
Total pot $2.50 | Rake $0 
Seat 5: janarr5
Seat 1: highspeedclimb folded before Flop (didn't bet)
Seat 2: franco232315 (button) collected ($2.50)
Seat 3: lisanulgayb (small blind) folded before Flop
Seat 4: magzi777 (big blind) folded before Flop
Seat 6: chinokevin13 folded before Flop (didn't bet)



PokerStars Hand #254702242712:  Hold'em No Limit ($0.50/$1.00 USD) - 2025/02/04 13:56:39 WET [2025/02/04 8:56:39 ET]
Table 'Sagitta II' 6-max Seat #3 is the button
Seat 1: highspeedclimb ($195.90 in chips) 
Seat 2: franco232315 ($102.50 in chips) 
Seat 3: lisanulgayb ($122.07 in chips) 
Seat 4: magzi777 ($101.50 in chips) 
Seat 5: janarr5 ($100 in chips) 
Seat 6: chinokevin13 ($100 in chips) 
magzi777: posts small blind $0.50
janarr5: posts big blind $1
*** HOLE CARDS ***
chinokevin13: raises $1.20 to $2.20
highspeedclimb: calls $2.20
franco232315: folds 
lisanulgayb: folds 
magzi777: folds 
janarr5: folds 
*** FLOP *** [Kd Qh Td]
chinokevin13: bets $4.20
highspeedclimb: calls $4.20
*** TURN *** [Kd Qh Td] [8h]
chinokevin13: checks 
highspeedclimb: bets $11.58
chinokevin13: raises $16.42 to $28
highspeedclimb: folds 
Uncalled bet ($16.42) returned to chinokevin13
chinokevin13 collected $35.59 from pot
chinokevin13: doesn't show hand 
*** SUMMARY ***
Total pot $37.46 | Rake $1.87 
Board [Kd Qh Td 8h]
Seat 1: highspeedclimb folded on the Turn
Seat 2: franco232315 folded before Flop (didn't bet)
Seat 3: lisanulgayb (button) folded before Flop (didn't bet)
Seat 4: magzi777 (small blind) folded before Flop
Seat 5: janarr5 (big blind) folded before Flop
Seat 6: chinokevin13 collected ($35.59)



PokerStars Hand #254702257037:  Hold'em No Limit ($0.50/$1.00 USD) - 2025/02/04 13:58:31 WET [2025/02/04 8:58:31 ET]
Table 'Sagitta II' 6-max Seat #4 is the button
Seat 1: highspeedclimb ($177.92 in chips) 
Seat 2: franco232315 ($102.50 in chips) 
Seat 3: lisanulgayb ($122.07 in chips) 
Seat 4: magzi777 ($101 in chips) 
Seat 5: janarr5 ($100 in chips) 
Seat 6: chinokevin13 ($117.61 in chips) 
janarr5: posts small blind $0.50
chinokevin13: posts big blind $1
*** HOLE CARDS ***
highspeedclimb: folds 
franco232315: folds 
lisanulgayb: raises $1 to $2
magzi777: folds 
janarr5: folds 
chinokevin13: folds 
Uncalled bet ($1) returned to lisanulgayb
lisanulgayb collected $2.50 from pot
*** SUMMARY ***
Total pot $2.50 | Rake $0 
Seat 1: highspeedclimb folded before Flop (didn't bet)
Seat 2: franco232315 folded before Flop (didn't bet)
Seat 3: lisanulgayb collected ($2.50)
Seat 4: magzi777 (button) folded before Flop (didn't bet)
Seat 5: janarr5 (small blind) folded before Flop
Seat 6: chinokevin13 (big blind) folded before Flop



PokerStars Hand #254702259099:  Hold'em No Limit ($0.50/$1.00 USD) - 2025/02/04 13:58:48 WET [2025/02/04 8:58:48 ET]
Table 'Sagitta II' 6-max Seat #5 is the button
Seat 1: highspeedclimb ($177.92 in chips) 
Seat 2: franco232315 ($102.50 in chips) 
Seat 3: lisanulgayb ($123.57 in chips) 
Seat 4: magzi777 ($101 in chips) 
Seat 5: janarr5 ($100 in chips) 
Seat 6: chinokevin13 ($116.61 in chips) 
chinokevin13: posts small blind $0.50
highspeedclimb: posts big blind $1
*** HOLE CARDS ***
franco232315: folds 
lisanulgayb: calls $1
magzi777: folds 
janarr5: folds 
chinokevin13: folds 
highspeedclimb: checks 
*** FLOP *** [Qs Kd Qd]
highspeedclimb: checks 
lisanulgayb: checks 
*** TURN *** [Qs Kd Qd] [8d]
highspeedclimb: checks 
lisanulgayb: bets $1.19
highspeedclimb: folds 
Uncalled bet ($1.19) returned to lisanulgayb
lisanulgayb collected $2.38 from pot
*** SUMMARY ***
Total pot $2.50 | Rake $0.12 
Board [Qs Kd Qd 8d]
Seat 1: highspeedclimb (big blind) folded on the Turn
Seat 2: franco232315 folded before Flop (didn't bet)
Seat 3: lisanulgayb collected ($2.38)
Seat 4: magzi777 folded before Flop (didn't bet)
Seat 5: janarr5 (button) folded before Flop (didn't bet)
Seat 6: chinokevin13 (small blind) folded before Flop



PokerStars Hand #254702267546:  Hold'em No Limit ($0.50/$1.00 USD) - 2025/02/04 13:59:52 WET [2025/02/04 8:59:52 ET]
Table 'Sagitta II' 6-max Seat #6 is the button
Seat 1: highspeedclimb ($176.92 in chips) 
Seat 2: franco232315 ($102.50 in chips) 
Seat 3: lisanulgayb ($124.95 in chips) 
Seat 4: magzi777 ($101 in chips) 
Seat 5: janarr5 ($100 in chips) 
Seat 6: chinokevin13 ($116.11 in chips) 
highspeedclimb: posts small blind $0.50
franco232315: posts big blind $1
*** HOLE CARDS ***
lisanulgayb: raises $2 to $3
magzi777: raises $6 to $9
janarr5: folds 
chinokevin13: folds 
highspeedclimb: folds 
franco232315: folds 
lisanulgayb: calls $6
*** FLOP *** [Ac As 8h]
lisanulgayb: checks 
magzi777: bets $4.50
lisanulgayb: calls $4.50
*** TURN *** [Ac As 8h] [Kh]
lisanulgayb: checks 
magzi777: bets $16
lisanulgayb: folds 
Uncalled bet ($16) returned to magzi777
magzi777 collected $27.08 from pot
*** SUMMARY ***
Total pot $28.50 | Rake $1.42 
Board [Ac As 8h Kh]
Seat 1: highspeedclimb (small blind) folded before Flop
Seat 2: franco232315 (big blind) folded before Flop
Seat 3: lisanulgayb folded on the Turn
Seat 4: magzi777 collected ($27.08)
Seat 5: janarr5 folded before Flop (didn't bet)
Seat 6: chinokevin13 (button) folded before Flop (didn't bet)



PokerStars Hand #254702273914:  Hold'em No Limit ($0.50/$1.00 USD) - 2025/02/04 14:00:39 WET [2025/02/04 9:00:39 ET]
Table 'Sagitta II' 6-max Seat #1 is the button
Seat 1: highspeedclimb ($176.42 in chips) 
Seat 2: franco232315 ($101.50 in chips) 
Seat 3: lisanulgayb ($111.45 in chips) 
Seat 4: magzi777 ($114.58 in chips) 
Seat 5: janarr5 ($100 in chips) 
Seat 6: chinokevin13 ($116.11 in chips) 
franco232315: posts small blind $0.50
lisanulgayb: posts big blind $1
*** HOLE CARDS ***
magzi777: folds 
janarr5: folds 
chinokevin13: folds 
highspeedclimb: folds 
franco232315: raises $2 to $3
lisanulgayb: folds 
Uncalled bet ($2) returned to franco232315
lisanulgayb leaves the table
franco232315 collected $2 from pot
franco232315: doesn't show hand 
*** SUMMARY ***
Total pot $2 | Rake $0 
Seat 1: highspeedclimb (button) folded before Flop (didn't bet)
Seat 2: franco232315 (small blind) collected ($2)
Seat 3: lisanulgayb (big blind) folded before Flop
Seat 4: magzi777 folded before Flop (didn't bet)
Seat 5: janarr5 folded before Flop (didn't bet)
Seat 6: chinokevin13 folded before Flop (didn't bet)



PokerStars Hand #254702276014:  Hold'em No Limit ($0.50/$1.00 USD) - 2025/02/04 14:00:53 WET [2025/02/04 9:00:53 ET]
Table 'Sagitta II' 6-max Seat #2 is the button
Seat 1: highspeedclimb ($176.42 in chips) 
Seat 2: franco232315 ($102.50 in chips) 
Seat 4: magzi777 ($114.58 in chips) 
Seat 5: janarr5 ($100 in chips) 
Seat 6: chinokevin13 ($116.11 in chips) 
magzi777: posts small blind $0.50
janarr5: posts big blind $1
*** HOLE CARDS ***
BoyLoc0 joins the table at seat #3 
chinokevin13: folds 
highspeedclimb: folds 
franco232315: folds 
magzi777: raises $2 to $3
janarr5: folds 
Uncalled bet ($2) returned to magzi777
magzi777 collected $2 from pot
*** SUMMARY ***
Total pot $2 | Rake $0 
Seat 1: highspeedclimb folded before Flop (didn't bet)
Seat 2: franco232315 (button) folded before Flop (didn't bet)
Seat 4: magzi777 (small blind) collected ($2)
Seat 5: janarr5 (big blind) folded before Flop
Seat 6: chinokevin13 folded before Flop (didn't bet)



PokerStars Hand #254702278099:  Hold'em No Limit ($0.50/$1.00 USD) - 2025/02/04 14:01:07 WET [2025/02/04 9:01:07 ET]
Table 'Sagitta II' 6-max Seat #4 is the button
Seat 3: BoyLoc0 ($100 in chips) is sitting out
Seat 1: highspeedclimb ($176.42 in chips) 
Seat 2: franco232315 ($102.50 in chips) 
Seat 4: magzi777 ($115.58 in chips) 
Seat 5: janarr5 ($100 in chips) 
Seat 6: chinokevin13 ($116.11 in chips) 
janarr5: posts small blind $0.50
chinokevin13: posts big blind $1
BoyLoc0: sits out 
*** HOLE CARDS ***
highspeedclimb: folds 
franco232315: folds 
magzi777: folds 
highspeedclimb leaves the table
janarr5: raises $2 to $3
BoyLoc0 leaves the table
chinokevin13: calls $2
*** FLOP *** [Kh 5s Td]
janarr5: bets $1.43
chinokevin13: folds 
Uncalled bet ($1.43) returned to janarr5
janarr5 collected $5.70 from pot
janarr5: doesn't show hand 
*** SUMMARY ***
Total pot $6 | Rake $0.30 
Board [Kh 5s Td]
Seat 3: BoyLoc0
Seat 1: highspeedclimb folded before Flop (didn't bet)
Seat 2: franco232315 folded before Flop (didn't bet)
Seat 4: magzi777 (button) folded before Flop (didn't bet)
Seat 5: janarr5 (small blind) collected ($5.70)
Seat 6: chinokevin13 (big blind) folded on the Flop



PokerStars Hand #254702283052:  Hold'em No Limit ($0.50/$1.00 USD) - 2025/02/04 14:01:38 WET [2025/02/04 9:01:38 ET]
Table 'Sagitta II' 6-max Seat #5 is the button
Seat 2: franco232315 ($102.50 in chips) 
Seat 4: magzi777 ($115.58 in chips) 
Seat 5: janarr5 ($102.70 in chips) 
Seat 6: chinokevin13 ($113.11 in chips) 
chinokevin13: posts small blind $0.50
franco232315: posts big blind $1
*** HOLE CARDS ***
magzi777: folds 
janarr5: raises $1.50 to $2.50
chinokevin13: raises $8.50 to $11
franco232315: folds 
janarr5: folds 
Uncalled bet ($8.50) returned to chinokevin13
chinokevin13 collected $6 from pot
magzi777 leaves the table
chinokevin13: doesn't show hand 
*** SUMMARY ***
Total pot $6 | Rake $0 
Seat 2: franco232315 (big blind) folded before Flop
Seat 4: magzi777 folded before Flop (didn't bet)
Seat 5: janarr5 (button) folded before Flop
Seat 6: chinokevin13 (small blind) collected ($6)



PokerStars Hand #254702286677:  Hold'em No Limit ($0.50/$1.00 USD) - 2025/02/04 14:01:59 WET [2025/02/04 9:01:59 ET]
Table 'Sagitta II' 6-max Seat #6 is the button
Seat 2: franco232315 ($101.50 in chips) 
Seat 5: janarr5 ($100.20 in chips) 
Seat 6: chinokevin13 ($116.61 in chips) 
franco232315: posts small blind $0.50
janarr5: posts big blind $1
*** HOLE CARDS ***
chinokevin13: folds 
franco232315: folds 
Uncalled bet ($0.50) returned to janarr5
janarr5 collected $1 from pot
janarr5: doesn't show hand 
*** SUMMARY ***
Total pot $1 | Rake $0 
Seat 2: franco232315 (small blind) folded before Flop
Seat 5: janarr5 (big blind) collected ($1)
Seat 6: chinokevin13 (button) folded before Flop (didn't bet)



