PokerStars Hand #254709921519:  Hold'em No Limit ($0.50/$1.00 USD) - 2025/02/04 22:13:41 WET [2025/02/04 17:13:41 ET]
Table 'Atreus II' 6-max Seat #2 is the button
Seat 4: jonathannb97 ($0 in chips) is sitting out
Seat 1: ciutila ($12.54 in chips) 
Seat 2: easy_sarcasm ($154.48 in chips) 
Seat 3: G.Andrei95 ($100 in chips) 
Seat 5: nikalas22 ($110.84 in chips) 
Seat 6: yzuk ($102 in chips) 
G.Andrei95: posts small blind $0.50
nikalas22: posts big blind $1
*** HOLE CARDS ***
yzuk: folds 
ciutila: folds 
easy_sarcasm: raises $1.20 to $2.20
G.Andrei95: folds 
nikalas22: folds 
Uncalled bet ($1.20) returned to easy_sarcasm
easy_sarcasm collected $2.50 from pot
*** SUMMARY ***
Total pot $2.50 | Rake $0 
Seat 4: jonathannb97
Seat 1: ciutila folded before Flop (didn't bet)
Seat 2: easy_sarcasm (button) collected ($2.50)
Seat 3: G.Andrei95 (small blind) folded before Flop
Seat 5: nikalas22 (big blind) folded before Flop
Seat 6: yzuk folded before Flop (didn't bet)



PokerStars Hand #254709926516:  Hold'em No Limit ($0.50/$1.00 USD) - 2025/02/04 22:13:58 WET [2025/02/04 17:13:58 ET]
Table 'Atreus II' 6-max Seat #3 is the button
Seat 4: jonathannb97 ($0 in chips) is sitting out
Seat 1: ciutila ($12.54 in chips) 
Seat 2: easy_sarcasm ($155.98 in chips) 
Seat 3: G.Andrei95 ($100 in chips) 
Seat 5: nikalas22 ($109.84 in chips) 
Seat 6: yzuk ($102 in chips) 
nikalas22: posts small blind $0.50
yzuk: posts big blind $1
*** HOLE CARDS ***
ciutila: calls $1
easy_sarcasm: folds 
G.Andrei95: folds 
nikalas22: folds 
yzuk: checks 
*** FLOP *** [6s Js Ks]
yzuk: checks 
ciutila: checks 
*** TURN *** [6s Js Ks] [5s]
yzuk: checks 
ciutila: checks 
*** RIVER *** [6s Js Ks 5s] [3h]
yzuk: checks 
jonathannb97 leaves the table
ciutila: bets $1
yzuk: folds 
Uncalled bet ($1) returned to ciutila
ciutila collected $2.38 from pot
ciutila: doesn't show hand 
*** SUMMARY ***
Total pot $2.50 | Rake $0.12 
Board [6s Js Ks 5s 3h]
Seat 4: jonathannb97
Seat 1: ciutila collected ($2.38)
Seat 2: easy_sarcasm folded before Flop (didn't bet)
Seat 3: G.Andrei95 (button) folded before Flop (didn't bet)
Seat 5: nikalas22 (small blind) folded before Flop
Seat 6: yzuk (big blind) folded on the River



PokerStars Hand #254709940452:  Hold'em No Limit ($0.50/$1.00 USD) - 2025/02/04 22:14:45 WET [2025/02/04 17:14:45 ET]
Table 'Atreus II' 6-max Seat #5 is the button
Seat 1: ciutila ($13.92 in chips) 
Seat 2: easy_sarcasm ($155.98 in chips) 
Seat 3: G.Andrei95 ($100 in chips) 
Seat 5: nikalas22 ($109.34 in chips) 
Seat 6: yzuk ($101 in chips) 
yzuk: posts small blind $0.50
ciutila: posts big blind $1
*** HOLE CARDS ***
easy_sarcasm: folds 
G.Andrei95: raises $1.50 to $2.50
XneferX joins the table at seat #4 
nikalas22: folds 
yzuk: folds 
ciutila: calls $1.50
*** FLOP *** [Th 6s 6d]
ciutila: checks 
G.Andrei95: checks 
*** TURN *** [Th 6s 6d] [Ac]
ciutila: checks 
G.Andrei95: checks 
*** RIVER *** [Th 6s 6d Ac] [9d]
ciutila: bets $4
G.Andrei95: calls $4
*** SHOW DOWN ***
ciutila: shows [5s 8s] (a pair of Sixes)
G.Andrei95: shows [Jd Kc] (a pair of Sixes - Ace+King kicker)
G.Andrei95 collected $12.82 from pot
*** SUMMARY ***
Total pot $13.50 | Rake $0.68 
Board [Th 6s 6d Ac 9d]
Seat 1: ciutila (big blind) showed [5s 8s] and lost with a pair of Sixes
Seat 2: easy_sarcasm folded before Flop (didn't bet)
Seat 3: G.Andrei95 showed [Jd Kc] and won ($12.82) with a pair of Sixes
Seat 5: nikalas22 (button) folded before Flop (didn't bet)
Seat 6: yzuk (small blind) folded before Flop



PokerStars Hand #254709957517:  Hold'em No Limit ($0.50/$1.00 USD) - 2025/02/04 22:15:42 WET [2025/02/04 17:15:42 ET]
Table 'Atreus II' 6-max Seat #6 is the button
Seat 4: XneferX ($100 in chips) is sitting out
Seat 1: ciutila ($7.42 in chips) 
Seat 2: easy_sarcasm ($155.98 in chips) 
Seat 3: G.Andrei95 ($106.32 in chips) 
Seat 5: nikalas22 ($109.34 in chips) 
Seat 6: yzuk ($100.50 in chips) 
ciutila: posts small blind $0.50
easy_sarcasm: posts big blind $1
XneferX: sits out 
*** HOLE CARDS ***
G.Andrei95: raises $1.50 to $2.50
nikalas22: folds 
yzuk: folds 
ciutila: folds 
easy_sarcasm: folds 
Uncalled bet ($1.50) returned to G.Andrei95
G.Andrei95 collected $2.50 from pot
G.Andrei95: doesn't show hand 
*** SUMMARY ***
Total pot $2.50 | Rake $0 
Seat 4: XneferX
Seat 1: ciutila (small blind) folded before Flop
Seat 2: easy_sarcasm (big blind) folded before Flop
Seat 3: G.Andrei95 collected ($2.50)
Seat 5: nikalas22 folded before Flop (didn't bet)
Seat 6: yzuk (button) folded before Flop (didn't bet)



PokerStars Hand #254709969141:  Hold'em No Limit ($0.50/$1.00 USD) - 2025/02/04 22:16:22 WET [2025/02/04 17:16:22 ET]
Table 'Atreus II' 6-max Seat #1 is the button
Seat 4: XneferX ($100 in chips) is sitting out
Seat 1: ciutila ($6.92 in chips) 
Seat 2: easy_sarcasm ($154.98 in chips) 
Seat 3: G.Andrei95 ($107.82 in chips) 
Seat 5: nikalas22 ($109.34 in chips) 
Seat 6: yzuk ($100.50 in chips) 
easy_sarcasm: posts small blind $0.50
G.Andrei95: posts big blind $1
XneferX: sits out 
*** HOLE CARDS ***
nikalas22: folds 
yzuk: raises $1.50 to $2.50
ciutila: folds 
easy_sarcasm: folds 
G.Andrei95: folds 
Uncalled bet ($1.50) returned to yzuk
yzuk collected $2.50 from pot
yzuk: doesn't show hand 
*** SUMMARY ***
Total pot $2.50 | Rake $0 
Seat 4: XneferX
Seat 1: ciutila (button) folded before Flop (didn't bet)
Seat 2: easy_sarcasm (small blind) folded before Flop
Seat 3: G.Andrei95 (big blind) folded before Flop
Seat 5: nikalas22 folded before Flop (didn't bet)
Seat 6: yzuk collected ($2.50)



PokerStars Hand #254709973357:  Hold'em No Limit ($0.50/$1.00 USD) - 2025/02/04 22:16:36 WET [2025/02/04 17:16:36 ET]
Table 'Atreus II' 6-max Seat #2 is the button
Seat 1: ciutila ($6.92 in chips) 
Seat 2: easy_sarcasm ($154.48 in chips) 
Seat 3: G.Andrei95 ($106.82 in chips) 
Seat 4: XneferX ($100 in chips) 
Seat 5: nikalas22 ($109.34 in chips) 
Seat 6: yzuk ($102 in chips) 
G.Andrei95: posts small blind $0.50
XneferX: posts big blind $1
*** HOLE CARDS ***
nikalas22: folds 
yzuk: folds 
ciutila: folds 
easy_sarcasm: raises $1.20 to $2.20
G.Andrei95: folds 
XneferX: calls $1.20
*** FLOP *** [8h Kd 3d]
XneferX: checks 
easy_sarcasm: bets $2.50
yzuk leaves the table
XneferX: calls $2.50
*** TURN *** [8h Kd 3d] [4c]
XneferX: checks 
easy_sarcasm: bets $6.50
XneferX: folds 
Uncalled bet ($6.50) returned to easy_sarcasm
easy_sarcasm collected $9.40 from pot
*** SUMMARY ***
Total pot $9.90 | Rake $0.50 
Board [8h Kd 3d 4c]
Seat 1: ciutila folded before Flop (didn't bet)
Seat 2: easy_sarcasm (button) collected ($9.40)
Seat 3: G.Andrei95 (small blind) folded before Flop
Seat 4: XneferX (big blind) folded on the Turn
Seat 5: nikalas22 folded before Flop (didn't bet)
Seat 6: yzuk folded before Flop (didn't bet)



PokerStars Hand #254709991769:  Hold'em No Limit ($0.50/$1.00 USD) - 2025/02/04 22:17:39 WET [2025/02/04 17:17:39 ET]
Table 'Atreus II' 6-max Seat #3 is the button
Seat 1: ciutila ($6.92 in chips) 
Seat 2: easy_sarcasm ($159.18 in chips) 
Seat 3: G.Andrei95 ($106.32 in chips) 
Seat 4: XneferX ($100 in chips) 
Seat 5: nikalas22 ($109.34 in chips) 
XneferX: posts small blind $0.50
nikalas22: posts big blind $1
*** HOLE CARDS ***
ciutila has timed out
ciutila: folds 
easy_sarcasm: folds 
zhino joins the table at seat #6 
G.Andrei95: raises $1.50 to $2.50
XneferX: folds 
nikalas22: folds 
Uncalled bet ($1.50) returned to G.Andrei95
G.Andrei95 collected $2.50 from pot
G.Andrei95: doesn't show hand 
*** SUMMARY ***
Total pot $2.50 | Rake $0 
Seat 1: ciutila folded before Flop (didn't bet)
Seat 2: easy_sarcasm folded before Flop (didn't bet)
Seat 3: G.Andrei95 (button) collected ($2.50)
Seat 4: XneferX (small blind) folded before Flop
Seat 5: nikalas22 (big blind) folded before Flop



PokerStars Hand #254709998114:  Hold'em No Limit ($0.50/$1.00 USD) - 2025/02/04 22:18:01 WET [2025/02/04 17:18:01 ET]
Table 'Atreus II' 6-max Seat #4 is the button
Seat 1: ciutila ($6.92 in chips) 
Seat 2: easy_sarcasm ($159.18 in chips) 
Seat 3: G.Andrei95 ($107.82 in chips) 
Seat 4: XneferX ($100 in chips) 
Seat 5: nikalas22 ($108.34 in chips) 
Seat 6: zhino ($100 in chips) 
nikalas22: posts small blind $0.50
zhino: posts big blind $1
*** HOLE CARDS ***
ciutila: folds 
easy_sarcasm: folds 
G.Andrei95: folds 
XneferX: raises $1.77 to $2.77
nikalas22: folds 
zhino: raises $11.42 to $14.19
XneferX: calls $11.42
*** FLOP *** [4c 8c Kc]
zhino: bets $7.41
XneferX: calls $7.41
*** TURN *** [4c 8c Kc] [9d]
zhino: checks 
XneferX: bets $14.12
zhino: folds 
Uncalled bet ($14.12) returned to XneferX
XneferX collected $41.52 from pot
XneferX: doesn't show hand 
*** SUMMARY ***
Total pot $43.70 | Rake $2.18 
Board [4c 8c Kc 9d]
Seat 1: ciutila folded before Flop (didn't bet)
Seat 2: easy_sarcasm folded before Flop (didn't bet)
Seat 3: G.Andrei95 folded before Flop (didn't bet)
Seat 4: XneferX (button) collected ($41.52)
Seat 5: nikalas22 (small blind) folded before Flop
Seat 6: zhino (big blind) folded on the Turn



PokerStars Hand #254710023851:  Hold'em No Limit ($0.50/$1.00 USD) - 2025/02/04 22:19:28 WET [2025/02/04 17:19:28 ET]
Table 'Atreus II' 6-max Seat #5 is the button
Seat 1: ciutila ($6.92 in chips) 
Seat 2: easy_sarcasm ($159.18 in chips) 
Seat 3: G.Andrei95 ($107.82 in chips) 
Seat 4: XneferX ($119.92 in chips) 
Seat 5: nikalas22 ($107.84 in chips) 
Seat 6: zhino ($100 in chips) 
zhino: posts small blind $0.50
ciutila: posts big blind $1
*** HOLE CARDS ***
easy_sarcasm: folds 
G.Andrei95: folds 
XneferX: raises $1.30 to $2.30
nikalas22: raises $5.70 to $8
zhino: folds 
ciutila: folds 
XneferX: folds 
Uncalled bet ($5.70) returned to nikalas22
nikalas22 collected $6.10 from pot
nikalas22: doesn't show hand 
*** SUMMARY ***
Total pot $6.10 | Rake $0 
Seat 1: ciutila (big blind) folded before Flop
Seat 2: easy_sarcasm folded before Flop (didn't bet)
Seat 3: G.Andrei95 folded before Flop (didn't bet)
Seat 4: XneferX folded before Flop
Seat 5: nikalas22 (button) collected ($6.10)
Seat 6: zhino (small blind) folded before Flop



PokerStars Hand #254710030104:  Hold'em No Limit ($0.50/$1.00 USD) - 2025/02/04 22:19:49 WET [2025/02/04 17:19:49 ET]
Table 'Atreus II' 6-max Seat #6 is the button
Seat 1: ciutila ($5.92 in chips) 
Seat 2: easy_sarcasm ($159.18 in chips) 
Seat 3: G.Andrei95 ($107.82 in chips) 
Seat 4: XneferX ($117.62 in chips) 
Seat 5: nikalas22 ($111.64 in chips) 
Seat 6: zhino ($100 in chips) 
ciutila: posts small blind $0.50
easy_sarcasm: posts big blind $1
*** HOLE CARDS ***
G.Andrei95: folds 
XneferX: folds 
nikalas22: folds 
zhino: raises $1.99 to $2.99
ciutila: raises $1.99 to $4.98
easy_sarcasm: folds 
zhino: calls $1.99
*** FLOP *** [2d 5h 4s]
ciutila: bets $0.94 and is all-in
zhino: calls $0.94
*** TURN *** [2d 5h 4s] [Qs]
*** RIVER *** [2d 5h 4s Qs] [Jh]
*** SHOW DOWN ***
ciutila: shows [Ah 3h] (a straight, Ace to Five)
zhino: shows [Ks 6c] (high card King)
ciutila collected $12.20 from pot
*** SUMMARY ***
Total pot $12.84 | Rake $0.64 
Board [2d 5h 4s Qs Jh]
Seat 1: ciutila (small blind) showed [Ah 3h] and won ($12.20) with a straight, Ace to Five
Seat 2: easy_sarcasm (big blind) folded before Flop
Seat 3: G.Andrei95 folded before Flop (didn't bet)
Seat 4: XneferX folded before Flop (didn't bet)
Seat 5: nikalas22 folded before Flop (didn't bet)
Seat 6: zhino (button) showed [Ks 6c] and lost with high card King



PokerStars Hand #254710041920:  Hold'em No Limit ($0.50/$1.00 USD) - 2025/02/04 22:20:29 WET [2025/02/04 17:20:29 ET]
Table 'Atreus II' 6-max Seat #1 is the button
Seat 3: G.Andrei95 ($107.82 in chips) is sitting out
Seat 1: ciutila ($12.20 in chips) 
Seat 2: easy_sarcasm ($158.18 in chips) 
Seat 4: XneferX ($117.62 in chips) 
Seat 5: nikalas22 ($111.64 in chips) 
Seat 6: zhino ($100 in chips) 
easy_sarcasm: posts small blind $0.50
G.Andrei95: is sitting out 
XneferX: posts big blind $1
*** HOLE CARDS ***
nikalas22: raises $1.20 to $2.20
G.Andrei95 leaves the table
zhino: folds 
ciutila: calls $2.20
easy_sarcasm: folds 
XneferX: folds 
*** FLOP *** [9c 3h 4d]
socito joins the table at seat #3 
nikalas22: checks 
ciutila: checks 
*** TURN *** [9c 3h 4d] [8s]
nikalas22: checks 
ciutila: bets $10 and is all-in
nikalas22: folds 
Uncalled bet ($10) returned to ciutila
ciutila collected $5.60 from pot
ciutila: doesn't show hand 
*** SUMMARY ***
Total pot $5.90 | Rake $0.30 
Board [9c 3h 4d 8s]
Seat 3: G.Andrei95
Seat 1: ciutila (button) collected ($5.60)
Seat 2: easy_sarcasm (small blind) folded before Flop
Seat 4: XneferX (big blind) folded before Flop
Seat 5: nikalas22 folded on the Turn
Seat 6: zhino folded before Flop (didn't bet)



PokerStars Hand #254710054839:  Hold'em No Limit ($0.50/$1.00 USD) - 2025/02/04 22:21:14 WET [2025/02/04 17:21:14 ET]
Table 'Atreus II' 6-max Seat #2 is the button
Seat 3: socito ($100 in chips) is sitting out
Seat 1: ciutila ($15.60 in chips) 
Seat 2: easy_sarcasm ($157.68 in chips) 
Seat 4: XneferX ($116.62 in chips) 
Seat 5: nikalas22 ($109.44 in chips) 
Seat 6: zhino ($100 in chips) 
XneferX: posts small blind $0.50
nikalas22: posts big blind $1
*** HOLE CARDS ***
zhino: folds 
ciutila: calls $1
easy_sarcasm: raises $3.50 to $4.50
XneferX: folds 
nikalas22: folds 
ciutila: calls $3.50
*** FLOP *** [Kd Ad 4s]
ciutila: bets $11.10 and is all-in
easy_sarcasm: calls $11.10
*** TURN *** [Kd Ad 4s] [6d]
*** RIVER *** [Kd Ad 4s 6d] [Ts]
*** SHOW DOWN ***
ciutila: shows [3s As] (a pair of Aces)
easy_sarcasm: shows [Th Ac] (two pair, Aces and Tens)
easy_sarcasm collected $31.06 from pot
*** SUMMARY ***
Total pot $32.70 | Rake $1.64 
Board [Kd Ad 4s 6d Ts]
Seat 3: socito
Seat 1: ciutila showed [3s As] and lost with a pair of Aces
Seat 2: easy_sarcasm (button) showed [Th Ac] and won ($31.06) with two pair, Aces and Tens
Seat 4: XneferX (small blind) folded before Flop
Seat 5: nikalas22 (big blind) folded before Flop
Seat 6: zhino folded before Flop (didn't bet)



PokerStars Hand #254710064554:  Hold'em No Limit ($0.50/$1.00 USD) - 2025/02/04 22:21:46 WET [2025/02/04 17:21:46 ET]
Table 'Atreus II' 6-max Seat #4 is the button
Seat 1: ciutila ($0 in chips) is sitting out
Seat 3: socito ($100 in chips) is sitting out
Seat 2: easy_sarcasm ($173.14 in chips) 
Seat 4: XneferX ($116.12 in chips) 
Seat 5: nikalas22 ($108.44 in chips) 
Seat 6: zhino ($100 in chips) 
nikalas22: posts small blind $0.50
zhino: posts big blind $1
socito: sits out 
*** HOLE CARDS ***
easy_sarcasm: raises $2 to $3
XneferX: folds 
XneferX leaves the table
nikalas22: folds 
zhino: raises $8.99 to $11.99
IREQO joins the table at seat #4 
easy_sarcasm: folds 
Uncalled bet ($8.99) returned to zhino
zhino collected $6.50 from pot
zhino: doesn't show hand 
*** SUMMARY ***
Total pot $6.50 | Rake $0 
Seat 1: ciutila
Seat 3: socito
Seat 2: easy_sarcasm folded before Flop
Seat 4: XneferX (button) folded before Flop (didn't bet)
Seat 5: nikalas22 (small blind) folded before Flop
Seat 6: zhino (big blind) collected ($6.50)



PokerStars Hand #254710074896:  Hold'em No Limit ($0.50/$1.00 USD) - 2025/02/04 22:22:22 WET [2025/02/04 17:22:22 ET]
Table 'Atreus II' 6-max Seat #5 is the button
Seat 3: socito ($100 in chips) is sitting out
Seat 4: IREQO ($100 in chips) is sitting out
Seat 1: ciutila ($22 in chips) 
Seat 2: easy_sarcasm ($170.14 in chips) 
Seat 5: nikalas22 ($107.94 in chips) 
Seat 6: zhino ($103.50 in chips) 
zhino: posts small blind $0.50
ciutila: posts big blind $1
socito: sits out 
IREQO: sits out 
*** HOLE CARDS ***
easy_sarcasm: folds 
nikalas22: folds 
zhino: folds 
Uncalled bet ($0.50) returned to ciutila
ciutila collected $1 from pot
ciutila: doesn't show hand 
*** SUMMARY ***
Total pot $1 | Rake $0 
Seat 3: socito
Seat 4: IREQO
Seat 1: ciutila (big blind) collected ($1)
Seat 2: easy_sarcasm folded before Flop (didn't bet)
Seat 5: nikalas22 (button) folded before Flop (didn't bet)
Seat 6: zhino (small blind) folded before Flop



PokerStars Hand #254710077509:  Hold'em No Limit ($0.50/$1.00 USD) - 2025/02/04 22:22:31 WET [2025/02/04 17:22:31 ET]
Table 'Atreus II' 6-max Seat #6 is the button
Seat 3: socito ($100 in chips) is sitting out
Seat 4: IREQO ($100 in chips) is sitting out
Seat 1: ciutila ($22.50 in chips) 
Seat 2: easy_sarcasm ($170.14 in chips) 
Seat 5: nikalas22 ($107.94 in chips) 
Seat 6: zhino ($103 in chips) 
ciutila: posts small blind $0.50
easy_sarcasm: posts big blind $1
socito: sits out 
IREQO: sits out 
*** HOLE CARDS ***
nikalas22: folds 
zhino: folds 
ciutila: folds 
Uncalled bet ($0.50) returned to easy_sarcasm
easy_sarcasm collected $1 from pot
*** SUMMARY ***
Total pot $1 | Rake $0 
Seat 3: socito
Seat 4: IREQO
Seat 1: ciutila (small blind) folded before Flop
Seat 2: easy_sarcasm (big blind) collected ($1)
Seat 5: nikalas22 folded before Flop (didn't bet)
Seat 6: zhino (button) folded before Flop (didn't bet)



PokerStars Hand #254710082320:  Hold'em No Limit ($0.50/$1.00 USD) - 2025/02/04 22:22:47 WET [2025/02/04 17:22:47 ET]
Table 'Atreus II' 6-max Seat #1 is the button
Seat 4: IREQO ($100 in chips) is sitting out
Seat 1: ciutila ($22 in chips) 
Seat 2: easy_sarcasm ($170.64 in chips) 
Seat 3: socito ($100 in chips) 
Seat 5: nikalas22 ($107.94 in chips) 
Seat 6: zhino ($103 in chips) 
easy_sarcasm: posts small blind $0.50
socito: posts big blind $1
IREQO: sits out 
*** HOLE CARDS ***
nikalas22: folds 
zhino: folds 
ciutila: calls $1
easy_sarcasm: calls $0.50
socito: checks 
*** FLOP *** [Jd 9h 6s]
easy_sarcasm: checks 
socito: checks 
ciutila: checks 
*** TURN *** [Jd 9h 6s] [As]
easy_sarcasm: checks 
socito: checks 
ciutila: bets $1
easy_sarcasm: calls $1
socito: folds 
*** RIVER *** [Jd 9h 6s As] [Qc]
easy_sarcasm: checks 
ciutila: bets $1
easy_sarcasm: calls $1
*** SHOW DOWN ***
ciutila: shows [Ac 7s] (a pair of Aces)
easy_sarcasm: mucks hand 
ciutila collected $6.65 from pot
*** SUMMARY ***
Total pot $7 | Rake $0.35 
Board [Jd 9h 6s As Qc]
Seat 4: IREQO
Seat 1: ciutila (button) showed [Ac 7s] and won ($6.65) with a pair of Aces
Seat 2: easy_sarcasm (small blind) mucked
Seat 3: socito (big blind) folded on the Turn
Seat 5: nikalas22 folded before Flop (didn't bet)
Seat 6: zhino folded before Flop (didn't bet)



PokerStars Hand #254710103340:  Hold'em No Limit ($0.50/$1.00 USD) - 2025/02/04 22:23:59 WET [2025/02/04 17:23:59 ET]
Table 'Atreus II' 6-max Seat #2 is the button
Seat 1: ciutila ($25.65 in chips) 
Seat 2: easy_sarcasm ($167.64 in chips) 
Seat 3: socito ($100 in chips) 
Seat 4: IREQO ($100 in chips) 
Seat 5: nikalas22 ($107.94 in chips) 
Seat 6: zhino ($103 in chips) 
socito: posts small blind $0.50
IREQO: posts big blind $1
*** HOLE CARDS ***
nikalas22: folds 
zhino: folds 
ciutila: folds 
easy_sarcasm: folds 
socito: raises $2 to $3
IREQO: folds 
Uncalled bet ($2) returned to socito
socito collected $2 from pot
socito: doesn't show hand 
*** SUMMARY ***
Total pot $2 | Rake $0 
Seat 1: ciutila folded before Flop (didn't bet)
Seat 2: easy_sarcasm (button) folded before Flop (didn't bet)
Seat 3: socito (small blind) collected ($2)
Seat 4: IREQO (big blind) folded before Flop
Seat 5: nikalas22 folded before Flop (didn't bet)
Seat 6: zhino folded before Flop (didn't bet)



PokerStars Hand #254710110591:  Hold'em No Limit ($0.50/$1.00 USD) - 2025/02/04 22:24:24 WET [2025/02/04 17:24:24 ET]
Table 'Atreus II' 6-max Seat #3 is the button
Seat 1: ciutila ($25.65 in chips) 
Seat 2: easy_sarcasm ($167.64 in chips) 
Seat 3: socito ($101 in chips) 
Seat 4: IREQO ($100 in chips) 
Seat 5: nikalas22 ($107.94 in chips) 
Seat 6: zhino ($103 in chips) 
IREQO: posts small blind $0.50
nikalas22: posts big blind $1
*** HOLE CARDS ***
zhino: folds 
ciutila: calls $1
easy_sarcasm: folds 
socito: folds 
IREQO: folds 
nikalas22: checks 
*** FLOP *** [Jc 5s 4c]
nikalas22: checks 
ciutila: bets $2
nikalas22: calls $2
*** TURN *** [Jc 5s 4c] [4d]
nikalas22: checks 
ciutila: bets $1
nikalas22: folds 
Uncalled bet ($1) returned to ciutila
ciutila collected $6.18 from pot
ciutila: doesn't show hand 
*** SUMMARY ***
Total pot $6.50 | Rake $0.32 
Board [Jc 5s 4c 4d]
Seat 1: ciutila collected ($6.18)
Seat 2: easy_sarcasm folded before Flop (didn't bet)
Seat 3: socito (button) folded before Flop (didn't bet)
Seat 4: IREQO (small blind) folded before Flop
Seat 5: nikalas22 (big blind) folded on the Turn
Seat 6: zhino folded before Flop (didn't bet)



PokerStars Hand #254710127731:  Hold'em No Limit ($0.50/$1.00 USD) - 2025/02/04 22:25:23 WET [2025/02/04 17:25:23 ET]
Table 'Atreus II' 6-max Seat #4 is the button
Seat 6: zhino ($103 in chips) is sitting out
Seat 1: ciutila ($28.83 in chips) 
Seat 2: easy_sarcasm ($167.64 in chips) 
Seat 3: socito ($101 in chips) 
Seat 4: IREQO ($100 in chips) 
Seat 5: nikalas22 ($104.94 in chips) 
nikalas22: posts small blind $0.50
ciutila: posts big blind $1
*** HOLE CARDS ***
easy_sarcasm: folds 
socito: raises $1.50 to $2.50
IREQO: folds 
nikalas22: folds 
ciutila: calls $1.50
*** FLOP *** [5h Jh Js]
ciutila: checks 
socito: bets $1.31
ciutila: calls $1.31
*** TURN *** [5h Jh Js] [Qc]
ciutila: bets $5
socito: calls $5
*** RIVER *** [5h Jh Js Qc] [9d]
ciutila: bets $3
socito: raises $34.82 to $37.82
ciutila: calls $17.02 and is all-in
Uncalled bet ($17.80) returned to socito
*** SHOW DOWN ***
socito: shows [Th Jd] (three of a kind, Jacks)
ciutila: shows [Qh Kd] (two pair, Queens and Jacks)
socito collected $55.66 from pot
*** SUMMARY ***
Total pot $58.16 | Rake $2.50 
Board [5h Jh Js Qc 9d]
Seat 6: zhino
Seat 1: ciutila (big blind) showed [Qh Kd] and lost with two pair, Queens and Jacks
Seat 2: easy_sarcasm folded before Flop (didn't bet)
Seat 3: socito showed [Th Jd] and won ($55.66) with three of a kind, Jacks
Seat 4: IREQO (button) folded before Flop (didn't bet)
Seat 5: nikalas22 (small blind) folded before Flop



PokerStars Hand #254710150600:  Hold'em No Limit ($0.50/$1.00 USD) - 2025/02/04 22:26:42 WET [2025/02/04 17:26:42 ET]
Table 'Atreus II' 6-max Seat #5 is the button
Seat 1: ciutila ($0 in chips) is sitting out
Seat 6: zhino ($103 in chips) is sitting out
Seat 2: easy_sarcasm ($167.64 in chips) 
Seat 3: socito ($127.83 in chips) 
Seat 4: IREQO ($100 in chips) 
Seat 5: nikalas22 ($104.44 in chips) 
easy_sarcasm: posts small blind $0.50
socito: posts big blind $1
*** HOLE CARDS ***
IREQO: raises $1.50 to $2.50
nikalas22: folds 
easy_sarcasm: raises $8.50 to $11
socito: folds 
IREQO: folds 
Uncalled bet ($8.50) returned to easy_sarcasm
easy_sarcasm collected $6 from pot
*** SUMMARY ***
Total pot $6 | Rake $0 
Seat 1: ciutila
Seat 6: zhino
Seat 2: easy_sarcasm (small blind) collected ($6)
Seat 3: socito (big blind) folded before Flop
Seat 4: IREQO folded before Flop
Seat 5: nikalas22 (button) folded before Flop (didn't bet)



PokerStars Hand #254710158434:  Hold'em No Limit ($0.50/$1.00 USD) - 2025/02/04 22:27:09 WET [2025/02/04 17:27:09 ET]
Table 'Atreus II' 6-max Seat #2 is the button
Seat 6: zhino ($103 in chips) is sitting out
Seat 1: ciutila ($40 in chips) 
Seat 2: easy_sarcasm ($171.14 in chips) 
Seat 3: socito ($126.83 in chips) 
Seat 4: IREQO ($100 in chips) 
Seat 5: nikalas22 ($104.44 in chips) 
socito: posts small blind $0.50
IREQO: posts big blind $1
ciutila: posts small blind $0.50
*** HOLE CARDS ***
nikalas22: folds 
ciutila: folds 
easy_sarcasm: folds 
socito: raises $2 to $3
IREQO: raises $7 to $10
socito: raises $13 to $23
IREQO: raises $77 to $100 and is all-in
socito: folds 
Uncalled bet ($77) returned to IREQO
IREQO collected $46.50 from pot
IREQO: doesn't show hand 
*** SUMMARY ***
Total pot $46.50 | Rake $0 
Seat 6: zhino
Seat 1: ciutila folded before Flop (didn't bet)
Seat 2: easy_sarcasm (button) folded before Flop (didn't bet)
Seat 3: socito (small blind) folded before Flop
Seat 4: IREQO (big blind) collected ($46.50)
Seat 5: nikalas22 folded before Flop (didn't bet)



PokerStars Hand #254710176868:  Hold'em No Limit ($0.50/$1.00 USD) - 2025/02/04 22:28:13 WET [2025/02/04 17:28:13 ET]
Table 'Atreus II' 6-max Seat #3 is the button
Seat 6: zhino ($103 in chips) is sitting out
Seat 1: ciutila ($39.50 in chips) 
Seat 2: easy_sarcasm ($171.14 in chips) 
Seat 3: socito ($103.83 in chips) 
Seat 4: IREQO ($123.50 in chips) 
Seat 5: nikalas22 ($104.44 in chips) 
IREQO: posts small blind $0.50
nikalas22: posts big blind $1
*** HOLE CARDS ***
ciutila: folds 
easy_sarcasm: folds 
socito: folds 
IREQO: folds 
Uncalled bet ($0.50) returned to nikalas22
nikalas22 collected $1 from pot
nikalas22: doesn't show hand 
*** SUMMARY ***
Total pot $1 | Rake $0 
Seat 6: zhino
Seat 1: ciutila folded before Flop (didn't bet)
Seat 2: easy_sarcasm folded before Flop (didn't bet)
Seat 3: socito (button) folded before Flop (didn't bet)
Seat 4: IREQO (small blind) folded before Flop
Seat 5: nikalas22 (big blind) collected ($1)



PokerStars Hand #254710181234:  Hold'em No Limit ($0.50/$1.00 USD) - 2025/02/04 22:28:28 WET [2025/02/04 17:28:28 ET]
Table 'Atreus II' 6-max Seat #4 is the button
Seat 6: zhino ($103 in chips) is sitting out
Seat 1: ciutila ($39.50 in chips) 
Seat 2: easy_sarcasm ($171.14 in chips) 
Seat 3: socito ($103.83 in chips) 
Seat 4: IREQO ($123 in chips) 
Seat 5: nikalas22 ($104.94 in chips) 
nikalas22: posts small blind $0.50
ciutila: posts big blind $1
*** HOLE CARDS ***
easy_sarcasm: folds 
socito: folds 
IREQO: raises $1.50 to $2.50
nikalas22: folds 
ciutila: calls $1.50
*** FLOP *** [2s As Jc]
ciutila: checks 
IREQO: bets $3
ciutila: folds 
Uncalled bet ($3) returned to IREQO
IREQO collected $5.22 from pot
IREQO: doesn't show hand 
*** SUMMARY ***
Total pot $5.50 | Rake $0.28 
Board [2s As Jc]
Seat 6: zhino
Seat 1: ciutila (big blind) folded on the Flop
Seat 2: easy_sarcasm folded before Flop (didn't bet)
Seat 3: socito folded before Flop (didn't bet)
Seat 4: IREQO (button) collected ($5.22)
Seat 5: nikalas22 (small blind) folded before Flop



PokerStars Hand #254710193668:  Hold'em No Limit ($0.50/$1.00 USD) - 2025/02/04 22:29:12 WET [2025/02/04 17:29:12 ET]
Table 'Atreus II' 6-max Seat #5 is the button
Seat 6: zhino ($103 in chips) is sitting out
Seat 1: ciutila ($37 in chips) 
Seat 2: easy_sarcasm ($171.14 in chips) 
Seat 3: socito ($103.83 in chips) 
Seat 4: IREQO ($125.72 in chips) 
Seat 5: nikalas22 ($104.44 in chips) 
ciutila: posts small blind $0.50
easy_sarcasm: posts big blind $1
*** HOLE CARDS ***
socito: folds 
IREQO: folds 
nikalas22: folds 
ciutila: folds 
Uncalled bet ($0.50) returned to easy_sarcasm
ciutila leaves the table
easy_sarcasm collected $1 from pot
*** SUMMARY ***
Total pot $1 | Rake $0 
Seat 6: zhino
Seat 1: ciutila (small blind) folded before Flop
Seat 2: easy_sarcasm (big blind) collected ($1)
Seat 3: socito folded before Flop (didn't bet)
Seat 4: IREQO folded before Flop (didn't bet)
Seat 5: nikalas22 (button) folded before Flop (didn't bet)



PokerStars Hand #254710197185:  Hold'em No Limit ($0.50/$1.00 USD) - 2025/02/04 22:29:24 WET [2025/02/04 17:29:24 ET]
Table 'Atreus II' 6-max Seat #2 is the button
Seat 6: zhino ($103 in chips) is sitting out
Seat 2: easy_sarcasm ($171.64 in chips) 
Seat 3: socito ($103.83 in chips) 
Seat 4: IREQO ($125.72 in chips) 
Seat 5: nikalas22 ($104.44 in chips) 
socito: posts small blind $0.50
IREQO: posts big blind $1
*** HOLE CARDS ***
nikalas22: folds 
easy_sarcasm: folds 
nikalas22 leaves the table
socito: folds 
Uncalled bet ($0.50) returned to IREQO
IREQO collected $1 from pot
IREQO: doesn't show hand 
*** SUMMARY ***
Total pot $1 | Rake $0 
Seat 6: zhino
Seat 2: easy_sarcasm (button) folded before Flop (didn't bet)
Seat 3: socito (small blind) folded before Flop
Seat 4: IREQO (big blind) collected ($1)
Seat 5: nikalas22 folded before Flop (didn't bet)



PokerStars Hand #254710201811:  Hold'em No Limit ($0.50/$1.00 USD) - 2025/02/04 22:29:39 WET [2025/02/04 17:29:39 ET]
Table 'Atreus II' 6-max Seat #3 is the button
Seat 2: easy_sarcasm ($171.64 in chips) 
Seat 3: socito ($103.33 in chips) 
Seat 4: IREQO ($126.22 in chips) 
Seat 6: zhino ($103 in chips) 
IREQO: posts small blind $0.50
zhino: posts big blind $1
*** HOLE CARDS ***
easy_sarcasm: folds 
socito: folds 
habib beye joins the table at seat #5 
IREQO: folds 
Uncalled bet ($0.50) returned to zhino
zhino collected $1 from pot
zhino: doesn't show hand 
*** SUMMARY ***
Total pot $1 | Rake $0 
Seat 2: easy_sarcasm folded before Flop (didn't bet)
Seat 3: socito (button) folded before Flop (didn't bet)
Seat 4: IREQO (small blind) folded before Flop
Seat 6: zhino (big blind) collected ($1)



PokerStars Hand #254710206718:  Hold'em No Limit ($0.50/$1.00 USD) - 2025/02/04 22:29:56 WET [2025/02/04 17:29:56 ET]
Table 'Atreus II' 6-max Seat #4 is the button
Seat 5: habib beye ($100 in chips) is sitting out
Seat 2: easy_sarcasm ($171.64 in chips) 
Seat 3: socito ($103.33 in chips) 
Seat 4: IREQO ($125.72 in chips) 
Seat 6: zhino ($103.50 in chips) 
zhino: posts small blind $0.50
easy_sarcasm: posts big blind $1
*** HOLE CARDS ***
socito: folds 
IREQO: folds 
zhino: folds 
Uncalled bet ($0.50) returned to easy_sarcasm
easy_sarcasm collected $1 from pot
socito leaves the table
*** SUMMARY ***
Total pot $1 | Rake $0 
Seat 5: habib beye
Seat 2: easy_sarcasm (big blind) collected ($1)
Seat 3: socito folded before Flop (didn't bet)
Seat 4: IREQO (button) folded before Flop (didn't bet)
Seat 6: zhino (small blind) folded before Flop



PokerStars Hand #254710209367:  Hold'em No Limit ($0.50/$1.00 USD) - 2025/02/04 22:30:05 WET [2025/02/04 17:30:05 ET]
Table 'Atreus II' 6-max Seat #6 is the button
Seat 4: IREQO ($125.72 in chips) is sitting out
Seat 2: easy_sarcasm ($172.14 in chips) 
Seat 5: habib beye ($100 in chips) 
Seat 6: zhino ($103 in chips) 
easy_sarcasm: posts small blind $0.50
IREQO has timed out
IREQO: is sitting out 
habib beye: posts big blind $1
*** HOLE CARDS ***
zhino: raises $1.99 to $2.99
easy_sarcasm: folds 
habib beye: folds 
Uncalled bet ($1.99) returned to zhino
zhino collected $2.50 from pot
zhino: doesn't show hand 
*** SUMMARY ***
Total pot $2.50 | Rake $0 
Seat 4: IREQO
Seat 2: easy_sarcasm (small blind) folded before Flop
Seat 5: habib beye (big blind) folded before Flop
Seat 6: zhino (button) collected ($2.50)



