PokerStars Hand #254713801381:  Hold'em No Limit ($0.50/$1.00 USD) - 2025/02/04 2:51:48 WET [2025/02/04 21:51:48 ET]
Table 'Genoveva' 6-max Seat #5 is the button
Seat 4: ghc_2 ($100 in chips) is sitting out
Seat 1: b2k-Snick ($100 in chips) 
Seat 2: rødlibanon ($66.82 in chips) 
Seat 3: G.Andrei95 ($100 in chips) 
Seat 5: Seavus10 ($100 in chips) 
Seat 6: iTrustU21 ($100 in chips) 
iTrustU21: posts small blind $0.50
b2k-Snick: posts big blind $1
*** HOLE CARDS ***
rødlibanon: folds 
G.Andrei95: raises $1.50 to $2.50
Seavus10: folds 
iTrustU21: folds 
b2k-Snick: calls $1.50
*** FLOP *** [9d Ah 7h]
b2k-Snick: checks 
G.Andrei95: checks 
*** TURN *** [9d Ah 7h] [As]
b2k-Snick: bets $3.65
G.Andrei95: calls $3.65
*** RIVER *** [9d Ah 7h As] [5h]
b2k-Snick: bets $36
G.Andrei95: folds 
Uncalled bet ($36) returned to b2k-Snick
b2k-Snick collected $12.16 from pot
b2k-Snick: doesn't show hand 
*** SUMMARY ***
Total pot $12.80 | Rake $0.64 
Board [9d Ah 7h As 5h]
Seat 4: ghc_2
Seat 1: b2k-Snick (big blind) collected ($12.16)
Seat 2: rødlibanon folded before Flop (didn't bet)
Seat 3: G.Andrei95 folded on the River
Seat 5: Seavus10 (button) folded before Flop (didn't bet)
Seat 6: iTrustU21 (small blind) folded before Flop



PokerStars Hand #254713811296:  Hold'em No Limit ($0.50/$1.00 USD) - 2025/02/04 2:53:02 WET [2025/02/04 21:53:02 ET]
Table 'Genoveva' 6-max Seat #6 is the button
Seat 4: ghc_2 ($100 in chips) is sitting out
Seat 1: b2k-Snick ($106.01 in chips) 
Seat 2: rødlibanon ($66.82 in chips) 
Seat 3: G.Andrei95 ($100 in chips) 
Seat 5: Seavus10 ($100 in chips) 
Seat 6: iTrustU21 ($100 in chips) 
b2k-Snick: posts small blind $0.50
rødlibanon: posts big blind $1
ghc_2: sits out 
*** HOLE CARDS ***
G.Andrei95: folds 
Seavus10: folds 
iTrustU21: folds 
b2k-Snick: raises $2 to $3
rødlibanon: folds 
Uncalled bet ($2) returned to b2k-Snick
b2k-Snick collected $2 from pot
b2k-Snick: doesn't show hand 
*** SUMMARY ***
Total pot $2 | Rake $0 
Seat 4: ghc_2
Seat 1: b2k-Snick (small blind) collected ($2)
Seat 2: rødlibanon (big blind) folded before Flop
Seat 3: G.Andrei95 folded before Flop (didn't bet)
Seat 5: Seavus10 folded before Flop (didn't bet)
Seat 6: iTrustU21 (button) folded before Flop (didn't bet)



PokerStars Hand #254713814291:  Hold'em No Limit ($0.50/$1.00 USD) - 2025/02/04 2:53:24 WET [2025/02/04 21:53:24 ET]
Table 'Genoveva' 6-max Seat #1 is the button
Seat 4: ghc_2 ($100 in chips) is sitting out
Seat 1: b2k-Snick ($107.01 in chips) 
Seat 2: rødlibanon ($65.82 in chips) 
Seat 3: G.Andrei95 ($100 in chips) 
Seat 5: Seavus10 ($100 in chips) 
Seat 6: iTrustU21 ($100 in chips) 
rødlibanon: posts small blind $0.50
G.Andrei95: posts big blind $1
ghc_2: sits out 
*** HOLE CARDS ***
Seavus10: folds 
iTrustU21: folds 
b2k-Snick: raises $1.50 to $2.50
rødlibanon: folds 
G.Andrei95: folds 
Uncalled bet ($1.50) returned to b2k-Snick
b2k-Snick collected $2.50 from pot
b2k-Snick: doesn't show hand 
*** SUMMARY ***
Total pot $2.50 | Rake $0 
Seat 4: ghc_2
Seat 1: b2k-Snick (button) collected ($2.50)
Seat 2: rødlibanon (small blind) folded before Flop
Seat 3: G.Andrei95 (big blind) folded before Flop
Seat 5: Seavus10 folded before Flop (didn't bet)
Seat 6: iTrustU21 folded before Flop (didn't bet)



PokerStars Hand #254713816546:  Hold'em No Limit ($0.50/$1.00 USD) - 2025/02/04 2:53:40 WET [2025/02/04 21:53:40 ET]
Table 'Genoveva' 6-max Seat #2 is the button
Seat 1: b2k-Snick ($108.51 in chips) 
Seat 2: rødlibanon ($65.32 in chips) 
Seat 3: G.Andrei95 ($100 in chips) 
Seat 4: ghc_2 ($100 in chips) 
Seat 5: Seavus10 ($100 in chips) 
Seat 6: iTrustU21 ($100 in chips) 
G.Andrei95: posts small blind $0.50
ghc_2: posts big blind $1
*** HOLE CARDS ***
Seavus10: folds 
iTrustU21: folds 
b2k-Snick: folds 
rødlibanon: folds 
G.Andrei95: raises $2 to $3
ghc_2: raises $6 to $9
G.Andrei95: calls $6
*** FLOP *** [2h 5h 6c]
G.Andrei95: checks 
ghc_2: checks 
*** TURN *** [2h 5h 6c] [7h]
G.Andrei95: checks 
ghc_2: bets $12.83
G.Andrei95: folds 
Uncalled bet ($12.83) returned to ghc_2
ghc_2 collected $17.10 from pot
ghc_2: doesn't show hand 
*** SUMMARY ***
Total pot $18 | Rake $0.90 
Board [2h 5h 6c 7h]
Seat 1: b2k-Snick folded before Flop (didn't bet)
Seat 2: rødlibanon (button) folded before Flop (didn't bet)
Seat 3: G.Andrei95 (small blind) folded on the Turn
Seat 4: ghc_2 (big blind) collected ($17.10)
Seat 5: Seavus10 folded before Flop (didn't bet)
Seat 6: iTrustU21 folded before Flop (didn't bet)



PokerStars Hand #254713827920:  Hold'em No Limit ($0.50/$1.00 USD) - 2025/02/04 2:55:05 WET [2025/02/04 21:55:05 ET]
Table 'Genoveva' 6-max Seat #3 is the button
Seat 1: b2k-Snick ($108.51 in chips) 
Seat 2: rødlibanon ($70.32 in chips) 
Seat 3: G.Andrei95 ($100 in chips) 
Seat 4: ghc_2 ($108.10 in chips) 
Seat 5: Seavus10 ($100 in chips) 
Seat 6: iTrustU21 ($100 in chips) 
ghc_2: posts small blind $0.50
Seavus10: posts big blind $1
*** HOLE CARDS ***
iTrustU21: folds 
b2k-Snick: folds 
rødlibanon: calls $1
G.Andrei95: raises $3 to $4
ghc_2: folds 
Seavus10: folds 
rødlibanon: folds 
Uncalled bet ($3) returned to G.Andrei95
G.Andrei95 collected $3.50 from pot
G.Andrei95: doesn't show hand 
*** SUMMARY ***
Total pot $3.50 | Rake $0 
Seat 1: b2k-Snick folded before Flop (didn't bet)
Seat 2: rødlibanon folded before Flop
Seat 3: G.Andrei95 (button) collected ($3.50)
Seat 4: ghc_2 (small blind) folded before Flop
Seat 5: Seavus10 (big blind) folded before Flop
Seat 6: iTrustU21 folded before Flop (didn't bet)



PokerStars Hand #254713832049:  Hold'em No Limit ($0.50/$1.00 USD) - 2025/02/04 2:55:44 WET [2025/02/04 21:55:44 ET]
Table 'Genoveva' 6-max Seat #4 is the button
Seat 1: b2k-Snick ($108.51 in chips) 
Seat 2: rødlibanon ($69.32 in chips) 
Seat 3: G.Andrei95 ($102.50 in chips) 
Seat 4: ghc_2 ($107.60 in chips) 
Seat 5: Seavus10 ($100 in chips) 
Seat 6: iTrustU21 ($100 in chips) 
Seavus10: posts small blind $0.50
iTrustU21: posts big blind $1
*** HOLE CARDS ***
b2k-Snick: folds 
rødlibanon: folds 
G.Andrei95: folds 
ghc_2: raises $1.40 to $2.40
Seavus10: folds 
iTrustU21: calls $1.40
*** FLOP *** [7c Qs 7s]
iTrustU21: checks 
ghc_2: checks 
*** TURN *** [7c Qs 7s] [3h]
iTrustU21: bets $2.50
ghc_2: calls $2.50
*** RIVER *** [7c Qs 7s 3h] [7h]
iTrustU21: checks 
ghc_2: checks 
*** SHOW DOWN ***
iTrustU21: shows [4s 6s] (three of a kind, Sevens)
ghc_2: shows [Ac Th] (three of a kind, Sevens - Ace kicker)
ghc_2 collected $9.78 from pot
*** SUMMARY ***
Total pot $10.30 | Rake $0.52 
Board [7c Qs 7s 3h 7h]
Seat 1: b2k-Snick folded before Flop (didn't bet)
Seat 2: rødlibanon folded before Flop (didn't bet)
Seat 3: G.Andrei95 folded before Flop (didn't bet)
Seat 4: ghc_2 (button) showed [Ac Th] and won ($9.78) with three of a kind, Sevens
Seat 5: Seavus10 (small blind) folded before Flop
Seat 6: iTrustU21 (big blind) showed [4s 6s] and lost with three of a kind, Sevens



PokerStars Hand #254713838047:  Hold'em No Limit ($0.50/$1.00 USD) - 2025/02/04 2:56:41 WET [2025/02/04 21:56:41 ET]
Table 'Genoveva' 6-max Seat #5 is the button
Seat 1: b2k-Snick ($108.51 in chips) is sitting out
Seat 2: rødlibanon ($69.32 in chips) 
Seat 3: G.Andrei95 ($102.50 in chips) 
Seat 4: ghc_2 ($112.48 in chips) 
Seat 5: Seavus10 ($100 in chips) 
Seat 6: iTrustU21 ($100 in chips) 
iTrustU21: posts small blind $0.50
b2k-Snick: is sitting out 
rødlibanon: posts big blind $1
*** HOLE CARDS ***
G.Andrei95: folds 
ghc_2: folds 
Seavus10: folds 
iTrustU21: calls $0.50
rødlibanon: checks 
*** FLOP *** [8d Kh 5d]
iTrustU21: bets $1
rødlibanon: calls $1
*** TURN *** [8d Kh 5d] [5s]
iTrustU21: checks 
rødlibanon: bets $2.85
iTrustU21: folds 
Uncalled bet ($2.85) returned to rødlibanon
rødlibanon collected $3.80 from pot
rødlibanon: doesn't show hand 
*** SUMMARY ***
Total pot $4 | Rake $0.20 
Board [8d Kh 5d 5s]
Seat 1: b2k-Snick
Seat 2: rødlibanon (big blind) collected ($3.80)
Seat 3: G.Andrei95 folded before Flop (didn't bet)
Seat 4: ghc_2 folded before Flop (didn't bet)
Seat 5: Seavus10 (button) folded before Flop (didn't bet)
Seat 6: iTrustU21 (small blind) folded on the Turn



PokerStars Hand #254713842623:  Hold'em No Limit ($0.50/$1.00 USD) - 2025/02/04 2:57:25 WET [2025/02/04 21:57:25 ET]
Table 'Genoveva' 6-max Seat #6 is the button
Seat 1: b2k-Snick ($108.51 in chips) is sitting out
Seat 3: G.Andrei95 ($102.50 in chips) is sitting out
Seat 2: rødlibanon ($71.12 in chips) 
Seat 4: ghc_2 ($112.48 in chips) 
Seat 5: Seavus10 ($100 in chips) 
Seat 6: iTrustU21 ($100 in chips) 
rødlibanon: posts small blind $0.50
G.Andrei95: is sitting out 
ghc_2: posts big blind $1
*** HOLE CARDS ***
Seavus10: raises $1.20 to $2.20
iTrustU21: folds 
rødlibanon: calls $1.70
ghc_2: calls $1.20
*** FLOP *** [3h 7c As]
rødlibanon: checks 
ghc_2: checks 
Seavus10: bets $2.09
rødlibanon: folds 
ghc_2: folds 
Uncalled bet ($2.09) returned to Seavus10
Seavus10 collected $6.27 from pot
Seavus10: doesn't show hand 
*** SUMMARY ***
Total pot $6.60 | Rake $0.33 
Board [3h 7c As]
Seat 1: b2k-Snick
Seat 3: G.Andrei95
Seat 2: rødlibanon (small blind) folded on the Flop
Seat 4: ghc_2 (big blind) folded on the Flop
Seat 5: Seavus10 collected ($6.27)
Seat 6: iTrustU21 (button) folded before Flop (didn't bet)



PokerStars Hand #254713846101:  Hold'em No Limit ($0.50/$1.00 USD) - 2025/02/04 2:57:57 WET [2025/02/04 21:57:57 ET]
Table 'Genoveva' 6-max Seat #2 is the button
Seat 1: b2k-Snick ($108.51 in chips) is sitting out
Seat 3: G.Andrei95 ($102.50 in chips) is sitting out
Seat 2: rødlibanon ($68.92 in chips) 
Seat 4: ghc_2 ($110.28 in chips) 
Seat 5: Seavus10 ($104.07 in chips) 
Seat 6: iTrustU21 ($100 in chips) 
ghc_2: posts small blind $0.50
Seavus10: posts big blind $1
*** HOLE CARDS ***
iTrustU21: raises $1.50 to $2.50
G.Andrei95 leaves the table
rødlibanon: folds 
ghc_2: folds 
Seavus10: folds 
Uncalled bet ($1.50) returned to iTrustU21
iTrustU21 collected $2.50 from pot
iTrustU21: doesn't show hand 
*** SUMMARY ***
Total pot $2.50 | Rake $0 
Seat 1: b2k-Snick
Seat 3: G.Andrei95
Seat 2: rødlibanon (button) folded before Flop (didn't bet)
Seat 4: ghc_2 (small blind) folded before Flop
Seat 5: Seavus10 (big blind) folded before Flop
Seat 6: iTrustU21 collected ($2.50)



PokerStars Hand #254713848489:  Hold'em No Limit ($0.50/$1.00 USD) - 2025/02/04 2:58:20 WET [2025/02/04 21:58:20 ET]
Table 'Genoveva' 6-max Seat #4 is the button
Seat 1: b2k-Snick ($108.51 in chips) is sitting out
Seat 2: rødlibanon ($68.92 in chips) 
Seat 4: ghc_2 ($109.78 in chips) 
Seat 5: Seavus10 ($103.07 in chips) 
Seat 6: iTrustU21 ($101.50 in chips) 
Seavus10: posts small blind $0.50
iTrustU21: posts big blind $1
*** HOLE CARDS ***
rødlibanon: folds 
ghc_2: folds 
Seavus10: raises $2 to $3
b2k-Snick leaves the table
iTrustU21: folds 
Uncalled bet ($2) returned to Seavus10
Seavus10 collected $2 from pot
Seavus10: doesn't show hand 
*** SUMMARY ***
Total pot $2 | Rake $0 
Seat 1: b2k-Snick
Seat 2: rødlibanon folded before Flop (didn't bet)
Seat 4: ghc_2 (button) folded before Flop (didn't bet)
Seat 5: Seavus10 (small blind) collected ($2)
Seat 6: iTrustU21 (big blind) folded before Flop



PokerStars Hand #254713850387:  Hold'em No Limit ($0.50/$1.00 USD) - 2025/02/04 2:58:38 WET [2025/02/04 21:58:38 ET]
Table 'Genoveva' 6-max Seat #5 is the button
Seat 2: rødlibanon ($68.92 in chips) 
Seat 4: ghc_2 ($109.78 in chips) 
Seat 5: Seavus10 ($104.07 in chips) 
Seat 6: iTrustU21 ($100.50 in chips) 
iTrustU21: posts small blind $0.50
rødlibanon: posts big blind $1
*** HOLE CARDS ***
ghc_2: folds 
Seavus10: folds 
iTrustU21: calls $0.50
rødlibanon: checks 
*** FLOP *** [9c Jh 2c]
iTrustU21: checks 
rødlibanon: bets $1.93
iTrustU21: folds 
Uncalled bet ($1.93) returned to rødlibanon
nicofellow joins the table at seat #3 
rødlibanon collected $1.90 from pot
rødlibanon: doesn't show hand 
*** SUMMARY ***
Total pot $2 | Rake $0.10 
Board [9c Jh 2c]
Seat 2: rødlibanon (big blind) collected ($1.90)
Seat 4: ghc_2 folded before Flop (didn't bet)
Seat 5: Seavus10 (button) folded before Flop (didn't bet)
Seat 6: iTrustU21 (small blind) folded on the Flop



PokerStars Hand #254713853352:  Hold'em No Limit ($0.50/$1.00 USD) - 2025/02/04 2:59:07 WET [2025/02/04 21:59:07 ET]
Table 'Genoveva' 6-max Seat #6 is the button
Seat 2: rødlibanon ($69.82 in chips) 
Seat 3: nicofellow ($100 in chips) 
Seat 4: ghc_2 ($109.78 in chips) 
Seat 5: Seavus10 ($104.07 in chips) 
Seat 6: iTrustU21 ($100 in chips) 
rødlibanon: posts small blind $0.50
nicofellow: posts big blind $1
*** HOLE CARDS ***
ghc_2: folds 
Seavus10: folds 
iTrustU21: folds 
rødlibanon: raises $1 to $2
Jhobes737 joins the table at seat #1 
Jhobes737 is disconnected 
nicofellow: calls $1
*** FLOP *** [Js 5h Qc]
rødlibanon: checks 
nicofellow: bets $1.25
rødlibanon: calls $1.25
*** TURN *** [Js 5h Qc] [5s]
rødlibanon: checks 
nicofellow: bets $4.70
rødlibanon: calls $4.70
*** RIVER *** [Js 5h Qc 5s] [8s]
rødlibanon: checks 
nicofellow: bets $18.88
rødlibanon: folds 
Uncalled bet ($18.88) returned to nicofellow
nicofellow collected $15.10 from pot
nicofellow: doesn't show hand 
*** SUMMARY ***
Total pot $15.90 | Rake $0.80 
Board [Js 5h Qc 5s 8s]
Seat 2: rødlibanon (small blind) folded on the River
Seat 3: nicofellow (big blind) collected ($15.10)
Seat 4: ghc_2 folded before Flop (didn't bet)
Seat 5: Seavus10 folded before Flop (didn't bet)
Seat 6: iTrustU21 (button) folded before Flop (didn't bet)



PokerStars Hand #254713862990:  Hold'em No Limit ($0.50/$1.00 USD) - 2025/02/04 3:00:35 WET [2025/02/04 22:00:35 ET]
Table 'Genoveva' 6-max Seat #2 is the button
Seat 1: Jhobes737 ($66.29 in chips) 
Seat 2: rødlibanon ($61.87 in chips) 
Seat 3: nicofellow ($107.15 in chips) 
Seat 4: ghc_2 ($109.78 in chips) 
Seat 5: Seavus10 ($104.07 in chips) 
Seat 6: iTrustU21 ($100 in chips) 
nicofellow: posts small blind $0.50
ghc_2: posts big blind $1
Jhobes737: posts big blind $1
*** HOLE CARDS ***
Seavus10: folds 
iTrustU21: raises $3 to $4
Jhobes737: calls $3
rødlibanon: folds 
nicofellow: folds 
ghc_2: calls $3
*** FLOP *** [Ah 2d 3d]
ghc_2: checks 
iTrustU21: bets $3.92
Jhobes737: folds 
ghc_2: folds 
Uncalled bet ($3.92) returned to iTrustU21
iTrustU21 collected $11.88 from pot
iTrustU21: doesn't show hand 
*** SUMMARY ***
Total pot $12.50 | Rake $0.62 
Board [Ah 2d 3d]
Seat 1: Jhobes737 folded on the Flop
Seat 2: rødlibanon (button) folded before Flop (didn't bet)
Seat 3: nicofellow (small blind) folded before Flop
Seat 4: ghc_2 (big blind) folded on the Flop
Seat 5: Seavus10 folded before Flop (didn't bet)
Seat 6: iTrustU21 collected ($11.88)



PokerStars Hand #254713868894:  Hold'em No Limit ($0.50/$1.00 USD) - 2025/02/04 3:01:21 WET [2025/02/04 22:01:21 ET]
Table 'Genoveva' 6-max Seat #3 is the button
Seat 1: Jhobes737 ($62.29 in chips) 
Seat 2: rødlibanon ($61.87 in chips) 
Seat 3: nicofellow ($106.65 in chips) 
Seat 4: ghc_2 ($105.78 in chips) 
Seat 5: Seavus10 ($104.07 in chips) 
Seat 6: iTrustU21 ($107.88 in chips) 
ghc_2: posts small blind $0.50
Seavus10: posts big blind $1
*** HOLE CARDS ***
iTrustU21: folds 
Jhobes737: calls $1
rødlibanon: folds 
nicofellow: raises $2.50 to $3.50
ghc_2: folds 
Seavus10: raises $9 to $12.50
Jhobes737: folds 
nicofellow: folds 
Uncalled bet ($9) returned to Seavus10
Seavus10 collected $8.50 from pot
Seavus10: doesn't show hand 
*** SUMMARY ***
Total pot $8.50 | Rake $0 
Seat 1: Jhobes737 folded before Flop
Seat 2: rødlibanon folded before Flop (didn't bet)
Seat 3: nicofellow (button) folded before Flop
Seat 4: ghc_2 (small blind) folded before Flop
Seat 5: Seavus10 (big blind) collected ($8.50)
Seat 6: iTrustU21 folded before Flop (didn't bet)



PokerStars Hand #254713874450:  Hold'em No Limit ($0.50/$1.00 USD) - 2025/02/04 3:02:03 WET [2025/02/04 22:02:03 ET]
Table 'Genoveva' 6-max Seat #4 is the button
Seat 1: Jhobes737 ($61.29 in chips) 
Seat 2: rødlibanon ($61.87 in chips) 
Seat 3: nicofellow ($103.15 in chips) 
Seat 4: ghc_2 ($105.28 in chips) 
Seat 5: Seavus10 ($109.07 in chips) 
Seat 6: iTrustU21 ($107.88 in chips) 
Seavus10: posts small blind $0.50
iTrustU21: posts big blind $1
*** HOLE CARDS ***
Jhobes737: raises $2 to $3
rødlibanon: folds 
nicofellow: folds 
ghc_2: raises $6 to $9
Seavus10: folds 
iTrustU21: folds 
Jhobes737: calls $6
*** FLOP *** [6d 2d 7h]
Jhobes737: bets $2
ghc_2: calls $2
*** TURN *** [6d 2d 7h] [5h]
Jhobes737: bets $4
ghc_2: calls $4
*** RIVER *** [6d 2d 7h 5h] [Kd]
Jhobes737: bets $29.92
ghc_2: folds 
Uncalled bet ($29.92) returned to Jhobes737
Jhobes737 collected $29.92 from pot
*** SUMMARY ***
Total pot $31.50 | Rake $1.58 
Board [6d 2d 7h 5h Kd]
Seat 1: Jhobes737 collected ($29.92)
Seat 2: rødlibanon folded before Flop (didn't bet)
Seat 3: nicofellow folded before Flop (didn't bet)
Seat 4: ghc_2 (button) folded on the River
Seat 5: Seavus10 (small blind) folded before Flop
Seat 6: iTrustU21 (big blind) folded before Flop



PokerStars Hand #254713882922:  Hold'em No Limit ($0.50/$1.00 USD) - 2025/02/04 3:03:06 WET [2025/02/04 22:03:06 ET]
Table 'Genoveva' 6-max Seat #5 is the button
Seat 1: Jhobes737 ($76.21 in chips) 
Seat 2: rødlibanon ($61.87 in chips) 
Seat 3: nicofellow ($103.15 in chips) 
Seat 4: ghc_2 ($100 in chips) 
Seat 5: Seavus10 ($108.57 in chips) 
Seat 6: iTrustU21 ($106.88 in chips) 
iTrustU21: posts small blind $0.50
Jhobes737: posts big blind $1
*** HOLE CARDS ***
rødlibanon: folds 
nicofellow: raises $1 to $2
ghc_2: folds 
Seavus10: folds 
iTrustU21: raises $8 to $10
Jhobes737: folds 
nicofellow: calls $8
*** FLOP *** [5s 6s 8c]
iTrustU21: bets $10
nicofellow: folds 
Uncalled bet ($10) returned to iTrustU21
iTrustU21 collected $19.95 from pot
iTrustU21: doesn't show hand 
*** SUMMARY ***
Total pot $21 | Rake $1.05 
Board [5s 6s 8c]
Seat 1: Jhobes737 (big blind) folded before Flop
Seat 2: rødlibanon folded before Flop (didn't bet)
Seat 3: nicofellow folded on the Flop
Seat 4: ghc_2 folded before Flop (didn't bet)
Seat 5: Seavus10 (button) folded before Flop (didn't bet)
Seat 6: iTrustU21 (small blind) collected ($19.95)



PokerStars Hand #254713889040:  Hold'em No Limit ($0.50/$1.00 USD) - 2025/02/04 3:03:52 WET [2025/02/04 22:03:52 ET]
Table 'Genoveva' 6-max Seat #6 is the button
Seat 1: Jhobes737 ($75.21 in chips) 
Seat 2: rødlibanon ($61.87 in chips) 
Seat 3: nicofellow ($100 in chips) 
Seat 4: ghc_2 ($100 in chips) 
Seat 5: Seavus10 ($108.57 in chips) 
Seat 6: iTrustU21 ($116.83 in chips) 
Jhobes737: posts small blind $0.50
rødlibanon: posts big blind $1
*** HOLE CARDS ***
nicofellow: raises $1 to $2
ghc_2: folds 
Seavus10: folds 
iTrustU21: folds 
Jhobes737: folds 
rødlibanon: calls $1
*** FLOP *** [7c 8d 3d]
rødlibanon: checks 
nicofellow: checks 
*** TURN *** [7c 8d 3d] [7h]
rødlibanon: checks 
nicofellow: checks 
*** RIVER *** [7c 8d 3d 7h] [3s]
rødlibanon: checks 
nicofellow: checks 
*** SHOW DOWN ***
rødlibanon: shows [Ah 2s] (two pair, Sevens and Threes)
nicofellow: shows [Ac Jh] (two pair, Sevens and Threes)
rødlibanon collected $2.14 from pot
nicofellow collected $2.14 from pot
*** SUMMARY ***
Total pot $4.50 | Rake $0.22 
Board [7c 8d 3d 7h 3s]
Seat 1: Jhobes737 (small blind) folded before Flop
Seat 2: rødlibanon (big blind) showed [Ah 2s] and won ($2.14) with two pair, Sevens and Threes
Seat 3: nicofellow showed [Ac Jh] and won ($2.14) with two pair, Sevens and Threes
Seat 4: ghc_2 folded before Flop (didn't bet)
Seat 5: Seavus10 folded before Flop (didn't bet)
Seat 6: iTrustU21 (button) folded before Flop (didn't bet)



PokerStars Hand #254713898345:  Hold'em No Limit ($0.50/$1.00 USD) - 2025/02/04 3:05:03 WET [2025/02/04 22:05:03 ET]
Table 'Genoveva' 6-max Seat #1 is the button
Seat 1: Jhobes737 ($74.71 in chips) 
Seat 2: rødlibanon ($62.01 in chips) 
Seat 3: nicofellow ($100.14 in chips) 
Seat 4: ghc_2 ($100 in chips) 
Seat 5: Seavus10 ($108.57 in chips) 
Seat 6: iTrustU21 ($116.83 in chips) 
rødlibanon: posts small blind $0.50
nicofellow: posts big blind $1
*** HOLE CARDS ***
ghc_2: folds 
Seavus10: folds 
iTrustU21: folds 
Jhobes737: calls $1
rødlibanon: folds 
nicofellow: checks 
*** FLOP *** [7c Ac Qs]
nicofellow: checks 
Jhobes737: bets $1
nicofellow: folds 
Uncalled bet ($1) returned to Jhobes737
Jhobes737 collected $2.38 from pot
*** SUMMARY ***
Total pot $2.50 | Rake $0.12 
Board [7c Ac Qs]
Seat 1: Jhobes737 (button) collected ($2.38)
Seat 2: rødlibanon (small blind) folded before Flop
Seat 3: nicofellow (big blind) folded on the Flop
Seat 4: ghc_2 folded before Flop (didn't bet)
Seat 5: Seavus10 folded before Flop (didn't bet)
Seat 6: iTrustU21 folded before Flop (didn't bet)



PokerStars Hand #254713903478:  Hold'em No Limit ($0.50/$1.00 USD) - 2025/02/04 3:05:43 WET [2025/02/04 22:05:43 ET]
Table 'Genoveva' 6-max Seat #2 is the button
Seat 1: Jhobes737 ($76.09 in chips) 
Seat 2: rødlibanon ($61.51 in chips) 
Seat 3: nicofellow ($100 in chips) 
Seat 4: ghc_2 ($100 in chips) 
Seat 5: Seavus10 ($108.57 in chips) 
Seat 6: iTrustU21 ($116.83 in chips) 
nicofellow: posts small blind $0.50
ghc_2: posts big blind $1
*** HOLE CARDS ***
Seavus10: folds 
iTrustU21: folds 
Jhobes737: calls $1
rødlibanon: folds 
nicofellow: calls $0.50
ghc_2: raises $9 to $10
Jhobes737: calls $9
nicofellow: folds 
*** FLOP *** [7c 4c 8c]
ghc_2: bets $2.50
Jhobes737: calls $2.50
*** TURN *** [7c 4c 8c] [3d]
ghc_2: bets $9.88
Jhobes737: calls $9.88
*** RIVER *** [7c 4c 8c 3d] [Ks]
ghc_2: bets $14.35
Jhobes737: calls $14.35
*** SHOW DOWN ***
ghc_2: shows [9d Kc] (a pair of Kings)
Jhobes737: shows [Kd Jc] (a pair of Kings - Jack kicker)
Jhobes737 collected $71.96 from pot
*** SUMMARY ***
Total pot $74.46 | Rake $2.50 
Board [7c 4c 8c 3d Ks]
Seat 1: Jhobes737 showed [Kd Jc] and won ($71.96) with a pair of Kings
Seat 2: rødlibanon (button) folded before Flop (didn't bet)
Seat 3: nicofellow (small blind) folded before Flop
Seat 4: ghc_2 (big blind) showed [9d Kc] and lost with a pair of Kings
Seat 5: Seavus10 folded before Flop (didn't bet)
Seat 6: iTrustU21 folded before Flop (didn't bet)



PokerStars Hand #254713911618:  Hold'em No Limit ($0.50/$1.00 USD) - 2025/02/04 3:06:46 WET [2025/02/04 22:06:46 ET]
Table 'Genoveva' 6-max Seat #3 is the button
Seat 1: Jhobes737 ($111.32 in chips) 
Seat 2: rødlibanon ($61.51 in chips) 
Seat 3: nicofellow ($100 in chips) 
Seat 4: ghc_2 ($100 in chips) 
Seat 5: Seavus10 ($108.57 in chips) 
Seat 6: iTrustU21 ($116.83 in chips) 
ghc_2: posts small blind $0.50
Seavus10: posts big blind $1
*** HOLE CARDS ***
iTrustU21: folds 
Jhobes737: calls $1
rødlibanon: calls $1
nicofellow: raises $3.50 to $4.50
ghc_2: folds 
Seavus10: raises $7.88 to $12.38
Jhobes737: folds 
rødlibanon: raises $49.13 to $61.51 and is all-in
nicofellow: folds 
Seavus10: folds 
Uncalled bet ($49.13) returned to rødlibanon
rødlibanon collected $30.76 from pot
rødlibanon: doesn't show hand 
*** SUMMARY ***
Total pot $30.76 | Rake $0 
Seat 1: Jhobes737 folded before Flop
Seat 2: rødlibanon collected ($30.76)
Seat 3: nicofellow (button) folded before Flop
Seat 4: ghc_2 (small blind) folded before Flop
Seat 5: Seavus10 (big blind) folded before Flop
Seat 6: iTrustU21 folded before Flop (didn't bet)



PokerStars Hand #254713918955:  Hold'em No Limit ($0.50/$1.00 USD) - 2025/02/04 3:07:43 WET [2025/02/04 22:07:43 ET]
Table 'Genoveva' 6-max Seat #4 is the button
Seat 1: Jhobes737 ($110.32 in chips) 
Seat 2: rødlibanon ($79.89 in chips) 
Seat 3: nicofellow ($100 in chips) 
Seat 4: ghc_2 ($100 in chips) 
Seat 5: Seavus10 ($100 in chips) 
Seat 6: iTrustU21 ($116.83 in chips) 
Seavus10: posts small blind $0.50
iTrustU21: posts big blind $1
*** HOLE CARDS ***
Jhobes737: folds 
rødlibanon: folds 
nicofellow: folds 
ghc_2: raises $1.40 to $2.40
Seavus10: folds 
iTrustU21: folds 
Uncalled bet ($1.40) returned to ghc_2
ghc_2 collected $2.50 from pot
ghc_2: doesn't show hand 
*** SUMMARY ***
Total pot $2.50 | Rake $0 
Seat 1: Jhobes737 folded before Flop (didn't bet)
Seat 2: rødlibanon folded before Flop (didn't bet)
Seat 3: nicofellow folded before Flop (didn't bet)
Seat 4: ghc_2 (button) collected ($2.50)
Seat 5: Seavus10 (small blind) folded before Flop
Seat 6: iTrustU21 (big blind) folded before Flop



PokerStars Hand #254713977610:  Hold'em No Limit ($0.50/$1.00 USD) - 2025/02/04 3:15:20 WET [2025/02/04 22:15:20 ET]
Table 'Genoveva' 6-max Seat #2 is the button
Seat 1: Jhobes737 ($116.39 in chips) 
Seat 2: rødlibanon ($80.59 in chips) 
Seat 3: nicofellow ($199.24 in chips) 
Seat 4: ghc_2 ($100 in chips) 
Seat 5: Seavus10 ($100 in chips) 
Seat 6: iTrustU21 ($123.04 in chips) 
nicofellow: posts small blind $0.50
ghc_2: posts big blind $1
*** HOLE CARDS ***
Seavus10: folds 
iTrustU21: folds 
Jhobes737: raises $1 to $2
rødlibanon: folds 
nicofellow: folds 
ghc_2: folds 
Uncalled bet ($1) returned to Jhobes737
Jhobes737 collected $2.50 from pot
*** SUMMARY ***
Total pot $2.50 | Rake $0 
Seat 1: Jhobes737 collected ($2.50)
Seat 2: rødlibanon (button) folded before Flop (didn't bet)
Seat 3: nicofellow (small blind) folded before Flop
Seat 4: ghc_2 (big blind) folded before Flop
Seat 5: Seavus10 folded before Flop (didn't bet)
Seat 6: iTrustU21 folded before Flop (didn't bet)



PokerStars Hand #254713979916:  Hold'em No Limit ($0.50/$1.00 USD) - 2025/02/04 3:15:39 WET [2025/02/04 22:15:39 ET]
Table 'Genoveva' 6-max Seat #3 is the button
Seat 1: Jhobes737 ($117.89 in chips) 
Seat 2: rødlibanon ($80.59 in chips) 
Seat 3: nicofellow ($198.74 in chips) 
Seat 4: ghc_2 ($100 in chips) 
Seat 5: Seavus10 ($100 in chips) 
Seat 6: iTrustU21 ($123.04 in chips) 
ghc_2: posts small blind $0.50
Seavus10: posts big blind $1
*** HOLE CARDS ***
iTrustU21: folds 
Jhobes737: raises $1 to $2
rødlibanon: folds 
nicofellow: raises $4.50 to $6.50
ghc_2: folds 
Seavus10: folds 
Jhobes737: calls $4.50
*** FLOP *** [3d Tc 4d]
Jhobes737: bets $1
nicofellow: raises $5.50 to $6.50
Jhobes737: calls $5.50
*** TURN *** [3d Tc 4d] [Kd]
Jhobes737: bets $2
nicofellow: raises $16.50 to $18.50
Jhobes737: calls $16.50
*** RIVER *** [3d Tc 4d Kd] [8h]
Jhobes737: checks 
nicofellow: checks 
*** SHOW DOWN ***
Jhobes737: shows [4c 6c] (a pair of Fours)
nicofellow: mucks hand 
Jhobes737 collected $62 from pot
*** SUMMARY ***
Total pot $64.50 | Rake $2.50 
Board [3d Tc 4d Kd 8h]
Seat 1: Jhobes737 showed [4c 6c] and won ($62) with a pair of Fours
Seat 2: rødlibanon folded before Flop (didn't bet)
Seat 3: nicofellow (button) mucked
Seat 4: ghc_2 (small blind) folded before Flop
Seat 5: Seavus10 (big blind) folded before Flop
Seat 6: iTrustU21 folded before Flop (didn't bet)



PokerStars Hand #254713990936:  Hold'em No Limit ($0.50/$1.00 USD) - 2025/02/04 3:17:07 WET [2025/02/04 22:17:07 ET]
Table 'Genoveva' 6-max Seat #4 is the button
Seat 1: Jhobes737 ($148.39 in chips) 
Seat 2: rødlibanon ($80.59 in chips) 
Seat 3: nicofellow ($167.24 in chips) 
Seat 4: ghc_2 ($100 in chips) 
Seat 5: Seavus10 ($100 in chips) 
Seat 6: iTrustU21 ($123.04 in chips) 
Seavus10: posts small blind $0.50
iTrustU21: posts big blind $1
*** HOLE CARDS ***
Jhobes737: raises $1 to $2
rødlibanon: folds 
nicofellow: folds 
ghc_2: folds 
Seavus10: folds 
iTrustU21: calls $1
*** FLOP *** [Kc 2s Js]
iTrustU21: checks 
Jhobes737: checks 
*** TURN *** [Kc 2s Js] [2h]
iTrustU21: checks 
Jhobes737: checks 
*** RIVER *** [Kc 2s Js 2h] [Ah]
iTrustU21: checks 
Jhobes737: bets $5
iTrustU21: folds 
Uncalled bet ($5) returned to Jhobes737
Jhobes737 collected $4.28 from pot
*** SUMMARY ***
Total pot $4.50 | Rake $0.22 
Board [Kc 2s Js 2h Ah]
Seat 1: Jhobes737 collected ($4.28)
Seat 2: rødlibanon folded before Flop (didn't bet)
Seat 3: nicofellow folded before Flop (didn't bet)
Seat 4: ghc_2 (button) folded before Flop (didn't bet)
Seat 5: Seavus10 (small blind) folded before Flop
Seat 6: iTrustU21 (big blind) folded on the River



PokerStars Hand #254713997224:  Hold'em No Limit ($0.50/$1.00 USD) - 2025/02/04 3:17:57 WET [2025/02/04 22:17:57 ET]
Table 'Genoveva' 6-max Seat #5 is the button
Seat 1: Jhobes737 ($150.67 in chips) 
Seat 2: rødlibanon ($80.59 in chips) 
Seat 3: nicofellow ($167.24 in chips) 
Seat 4: ghc_2 ($100 in chips) 
Seat 5: Seavus10 ($100 in chips) 
Seat 6: iTrustU21 ($121.04 in chips) 
iTrustU21: posts small blind $0.50
Jhobes737: posts big blind $1
*** HOLE CARDS ***
rødlibanon: folds 
nicofellow: folds 
ghc_2: raises $1.30 to $2.30
Seavus10: folds 
iTrustU21: folds 
Jhobes737: calls $1.30
*** FLOP *** [6d 9s 4h]
Jhobes737: bets $3
ghc_2: calls $3
*** TURN *** [6d 9s 4h] [4d]
Jhobes737: bets $5
ghc_2: calls $5
*** RIVER *** [6d 9s 4h 4d] [Ac]
Jhobes737: bets $5
ghc_2: calls $5
*** SHOW DOWN ***
Jhobes737: shows [7d 7s] (two pair, Sevens and Fours)
ghc_2: shows [Jd Ad] (two pair, Aces and Fours)
ghc_2 collected $29.54 from pot
*** SUMMARY ***
Total pot $31.10 | Rake $1.56 
Board [6d 9s 4h 4d Ac]
Seat 1: Jhobes737 (big blind) showed [7d 7s] and lost with two pair, Sevens and Fours
Seat 2: rødlibanon folded before Flop (didn't bet)
Seat 3: nicofellow folded before Flop (didn't bet)
Seat 4: ghc_2 showed [Jd Ad] and won ($29.54) with two pair, Aces and Fours
Seat 5: Seavus10 (button) folded before Flop (didn't bet)
Seat 6: iTrustU21 (small blind) folded before Flop



PokerStars Hand #254714003858:  Hold'em No Limit ($0.50/$1.00 USD) - 2025/02/04 3:18:49 WET [2025/02/04 22:18:49 ET]
Table 'Genoveva' 6-max Seat #6 is the button
Seat 1: Jhobes737 ($135.37 in chips) 
Seat 2: rødlibanon ($80.59 in chips) 
Seat 3: nicofellow ($167.24 in chips) 
Seat 4: ghc_2 ($114.24 in chips) 
Seat 5: Seavus10 ($100 in chips) 
Seat 6: iTrustU21 ($120.54 in chips) 
Jhobes737: posts small blind $0.50
rødlibanon: posts big blind $1
*** HOLE CARDS ***
nicofellow: folds 
ghc_2: folds 
Seavus10: raises $1.20 to $2.20
iTrustU21: folds 
Jhobes737: calls $1.70
rødlibanon: folds 
*** FLOP *** [8c Qh 4s]
Jhobes737: checks 
Seavus10: bets $1.71
Jhobes737: calls $1.71
*** TURN *** [8c Qh 4s] [4c]
Jhobes737: bets $1
Seavus10: raises $4.50 to $5.50
Jhobes737: calls $4.50
*** RIVER *** [8c Qh 4s 4c] [8d]
Jhobes737: checks 
Seavus10: checks 
*** SHOW DOWN ***
Jhobes737: shows [Ks Td] (two pair, Eights and Fours)
Seavus10: shows [Ah 9d] (two pair, Eights and Fours - Ace kicker)
Seavus10 collected $18.83 from pot
*** SUMMARY ***
Total pot $19.82 | Rake $0.99 
Board [8c Qh 4s 4c 8d]
Seat 1: Jhobes737 (small blind) showed [Ks Td] and lost with two pair, Eights and Fours
Seat 2: rødlibanon (big blind) folded before Flop
Seat 3: nicofellow folded before Flop (didn't bet)
Seat 4: ghc_2 folded before Flop (didn't bet)
Seat 5: Seavus10 showed [Ah 9d] and won ($18.83) with two pair, Eights and Fours
Seat 6: iTrustU21 (button) folded before Flop (didn't bet)



PokerStars Hand #254714011496:  Hold'em No Limit ($0.50/$1.00 USD) - 2025/02/04 3:19:49 WET [2025/02/04 22:19:49 ET]
Table 'Genoveva' 6-max Seat #1 is the button
Seat 1: Jhobes737 ($125.96 in chips) 
Seat 2: rødlibanon ($79.59 in chips) 
Seat 3: nicofellow ($167.24 in chips) 
Seat 4: ghc_2 ($114.24 in chips) 
Seat 5: Seavus10 ($109.42 in chips) 
Seat 6: iTrustU21 ($120.54 in chips) 
rødlibanon: posts small blind $0.50
nicofellow: posts big blind $1
*** HOLE CARDS ***
ghc_2: folds 
Seavus10: folds 
iTrustU21: folds 
Jhobes737: folds 
rødlibanon: folds 
Uncalled bet ($0.50) returned to nicofellow
nicofellow collected $1 from pot
nicofellow: doesn't show hand 
*** SUMMARY ***
Total pot $1 | Rake $0 
Seat 1: Jhobes737 (button) folded before Flop (didn't bet)
Seat 2: rødlibanon (small blind) folded before Flop
Seat 3: nicofellow (big blind) collected ($1)
Seat 4: ghc_2 folded before Flop (didn't bet)
Seat 5: Seavus10 folded before Flop (didn't bet)
Seat 6: iTrustU21 folded before Flop (didn't bet)



PokerStars Hand #254714013636:  Hold'em No Limit ($0.50/$1.00 USD) - 2025/02/04 3:20:06 WET [2025/02/04 22:20:06 ET]
Table 'Genoveva' 6-max Seat #2 is the button
Seat 1: Jhobes737 ($125.96 in chips) 
Seat 2: rødlibanon ($79.09 in chips) 
Seat 3: nicofellow ($167.74 in chips) 
Seat 4: ghc_2 ($114.24 in chips) 
Seat 5: Seavus10 ($109.42 in chips) 
Seat 6: iTrustU21 ($120.54 in chips) 
nicofellow: posts small blind $0.50
ghc_2: posts big blind $1
*** HOLE CARDS ***
Seavus10: folds 
iTrustU21: raises $1.50 to $2.50
Jhobes737: calls $2.50
rødlibanon: folds 
nicofellow: folds 
ghc_2: folds 
*** FLOP *** [5c Qc Ad]
iTrustU21: bets $5
Jhobes737: folds 
Uncalled bet ($5) returned to iTrustU21
iTrustU21 collected $6.18 from pot
iTrustU21: doesn't show hand 
*** SUMMARY ***
Total pot $6.50 | Rake $0.32 
Board [5c Qc Ad]
Seat 1: Jhobes737 folded on the Flop
Seat 2: rødlibanon (button) folded before Flop (didn't bet)
Seat 3: nicofellow (small blind) folded before Flop
Seat 4: ghc_2 (big blind) folded before Flop
Seat 5: Seavus10 folded before Flop (didn't bet)
Seat 6: iTrustU21 collected ($6.18)



PokerStars Hand #254714018202:  Hold'em No Limit ($0.50/$1.00 USD) - 2025/02/04 3:20:42 WET [2025/02/04 22:20:42 ET]
Table 'Genoveva' 6-max Seat #3 is the button
Seat 1: Jhobes737 ($123.46 in chips) 
Seat 2: rødlibanon ($79.09 in chips) 
Seat 3: nicofellow ($167.24 in chips) 
Seat 4: ghc_2 ($113.24 in chips) 
Seat 5: Seavus10 ($109.42 in chips) 
Seat 6: iTrustU21 ($124.22 in chips) 
ghc_2: posts small blind $0.50
Seavus10: posts big blind $1
*** HOLE CARDS ***
iTrustU21: folds 
Jhobes737: folds 
rødlibanon: folds 
nicofellow: raises $1.50 to $2.50
ghc_2: folds 
Seavus10: calls $1.50
*** FLOP *** [Th Qc 2d]
Seavus10: checks 
nicofellow: bets $1.31
Seavus10: calls $1.31
*** TURN *** [Th Qc 2d] [9s]
Seavus10: checks 
nicofellow: checks 
*** RIVER *** [Th Qc 2d 9s] [2c]
Seavus10: bets $1.93
nicofellow: calls $1.93
*** SHOW DOWN ***
Seavus10: shows [Qd 5d] (two pair, Queens and Deuces)
nicofellow: mucks hand 
Seavus10 collected $11.38 from pot
*** SUMMARY ***
Total pot $11.98 | Rake $0.60 
Board [Th Qc 2d 9s 2c]
Seat 1: Jhobes737 folded before Flop (didn't bet)
Seat 2: rødlibanon folded before Flop (didn't bet)
Seat 3: nicofellow (button) mucked
Seat 4: ghc_2 (small blind) folded before Flop
Seat 5: Seavus10 (big blind) showed [Qd 5d] and won ($11.38) with two pair, Queens and Deuces
Seat 6: iTrustU21 folded before Flop (didn't bet)



PokerStars Hand #254714026822:  Hold'em No Limit ($0.50/$1.00 USD) - 2025/02/04 3:21:48 WET [2025/02/04 22:21:48 ET]
Table 'Genoveva' 6-max Seat #4 is the button
Seat 1: Jhobes737 ($123.46 in chips) 
Seat 2: rødlibanon ($79.09 in chips) 
Seat 3: nicofellow ($161.50 in chips) 
Seat 4: ghc_2 ($112.74 in chips) 
Seat 5: Seavus10 ($115.06 in chips) 
Seat 6: iTrustU21 ($124.22 in chips) 
Seavus10: posts small blind $0.50
iTrustU21: posts big blind $1
*** HOLE CARDS ***
Jhobes737: folds 
rødlibanon: folds 
nicofellow: raises $1.20 to $2.20
ghc_2: folds 
Seavus10: folds 
iTrustU21: calls $1.20
*** FLOP *** [2c 4c Qd]
iTrustU21: checks 
nicofellow: bets $1.17
iTrustU21: calls $1.17
*** TURN *** [2c 4c Qd] [7d]
iTrustU21: checks 
nicofellow: bets $5.23
iTrustU21: calls $5.23
*** RIVER *** [2c 4c Qd 7d] [2h]
iTrustU21: checks 
nicofellow: bets $12.77
iTrustU21: calls $12.77
*** SHOW DOWN ***
nicofellow: shows [Qc Jh] (two pair, Queens and Deuces)
iTrustU21: shows [As Qh] (two pair, Queens and Deuces - Ace kicker)
iTrustU21 collected $41.08 from pot
*** SUMMARY ***
Total pot $43.24 | Rake $2.16 
Board [2c 4c Qd 7d 2h]
Seat 1: Jhobes737 folded before Flop (didn't bet)
Seat 2: rødlibanon folded before Flop (didn't bet)
Seat 3: nicofellow showed [Qc Jh] and lost with two pair, Queens and Deuces
Seat 4: ghc_2 (button) folded before Flop (didn't bet)
Seat 5: Seavus10 (small blind) folded before Flop
Seat 6: iTrustU21 (big blind) showed [As Qh] and won ($41.08) with two pair, Queens and Deuces



PokerStars Hand #254714036483:  Hold'em No Limit ($0.50/$1.00 USD) - 2025/02/04 3:23:04 WET [2025/02/04 22:23:04 ET]
Table 'Genoveva' 6-max Seat #5 is the button
Seat 1: Jhobes737 ($123.46 in chips) 
Seat 2: rødlibanon ($79.09 in chips) 
Seat 3: nicofellow ($140.13 in chips) 
Seat 4: ghc_2 ($112.74 in chips) 
Seat 5: Seavus10 ($114.56 in chips) 
Seat 6: iTrustU21 ($143.93 in chips) 
iTrustU21: posts small blind $0.50
Jhobes737: posts big blind $1
*** HOLE CARDS ***
rødlibanon: raises $1.50 to $2.50
nicofellow: folds 
ghc_2: raises $5 to $7.50
Seavus10: folds 
iTrustU21: folds 
Jhobes737: calls $6.50
rødlibanon: calls $5
*** FLOP *** [3c 2h 4d]
Jhobes737: bets $1
rødlibanon: calls $1
ghc_2: calls $1
*** TURN *** [3c 2h 4d] [Kc]
Jhobes737: bets $1
rødlibanon: folds 
ghc_2: calls $1
*** RIVER *** [3c 2h 4d Kc] [Kh]
Jhobes737: checks 
ghc_2: checks 
*** SHOW DOWN ***
Jhobes737: shows [4c 8c] (two pair, Kings and Fours)
ghc_2: mucks hand 
Jhobes737 collected $26.60 from pot
*** SUMMARY ***
Total pot $28 | Rake $1.40 
Board [3c 2h 4d Kc Kh]
Seat 1: Jhobes737 (big blind) showed [4c 8c] and won ($26.60) with two pair, Kings and Fours
Seat 2: rødlibanon folded on the Turn
Seat 3: nicofellow folded before Flop (didn't bet)
Seat 4: ghc_2 mucked
Seat 5: Seavus10 (button) folded before Flop (didn't bet)
Seat 6: iTrustU21 (small blind) folded before Flop



PokerStars Hand #254714045639:  Hold'em No Limit ($0.50/$1.00 USD) - 2025/02/04 3:24:17 WET [2025/02/04 22:24:17 ET]
Table 'Genoveva' 6-max Seat #6 is the button
Seat 1: Jhobes737 ($140.56 in chips) 
Seat 2: rødlibanon ($70.59 in chips) 
Seat 3: nicofellow ($140.13 in chips) 
Seat 4: ghc_2 ($103.24 in chips) 
Seat 5: Seavus10 ($114.56 in chips) 
Seat 6: iTrustU21 ($143.43 in chips) 
Jhobes737: posts small blind $0.50
rødlibanon: posts big blind $1
*** HOLE CARDS ***
nicofellow has timed out
nicofellow: folds 
ghc_2: folds 
Seavus10: folds 
iTrustU21: raises $1.20 to $2.20
Jhobes737: folds 
Jhobes737 is disconnected 
rødlibanon: calls $1.20
*** FLOP *** [7d 4d Kh]
rødlibanon: checks 
iTrustU21: bets $1.54
rødlibanon: folds 
Uncalled bet ($1.54) returned to iTrustU21
iTrustU21 collected $4.66 from pot
iTrustU21: doesn't show hand 
*** SUMMARY ***
Total pot $4.90 | Rake $0.24 
Board [7d 4d Kh]
Seat 1: Jhobes737 (small blind) folded before Flop
Seat 2: rødlibanon (big blind) folded on the Flop
Seat 3: nicofellow folded before Flop (didn't bet)
Seat 4: ghc_2 folded before Flop (didn't bet)
Seat 5: Seavus10 folded before Flop (didn't bet)
Seat 6: iTrustU21 (button) collected ($4.66)



PokerStars Hand #254714051071:  Hold'em No Limit ($0.50/$1.00 USD) - 2025/02/04 3:25:00 WET [2025/02/04 22:25:00 ET]
Table 'Genoveva' 6-max Seat #1 is the button
Seat 1: Jhobes737 ($140.06 in chips) 
Seat 2: rødlibanon ($68.39 in chips) 
Seat 3: nicofellow ($140.13 in chips) 
Seat 4: ghc_2 ($103.24 in chips) 
Seat 5: Seavus10 ($114.56 in chips) 
Seat 6: iTrustU21 ($145.89 in chips) 
rødlibanon: posts small blind $0.50
nicofellow: posts big blind $1
*** HOLE CARDS ***
ghc_2: folds 
Seavus10: folds 
iTrustU21: folds 
Jhobes737: folds 
rødlibanon: calls $0.50
nicofellow: raises $2.50 to $3.50
rødlibanon: calls $2.50
*** FLOP *** [5c 9c Jh]
rødlibanon: checks 
nicofellow: checks 
*** TURN *** [5c 9c Jh] [5s]
rødlibanon: checks 
nicofellow: checks 
*** RIVER *** [5c 9c Jh 5s] [9s]
rødlibanon: bets $4.43
nicofellow: raises $14.07 to $18.50
rødlibanon: folds 
Uncalled bet ($14.07) returned to nicofellow
nicofellow collected $15.07 from pot
nicofellow: doesn't show hand 
*** SUMMARY ***
Total pot $15.86 | Rake $0.79 
Board [5c 9c Jh 5s 9s]
Seat 1: Jhobes737 (button) folded before Flop (didn't bet)
Seat 2: rødlibanon (small blind) folded on the River
Seat 3: nicofellow (big blind) collected ($15.07)
Seat 4: ghc_2 folded before Flop (didn't bet)
Seat 5: Seavus10 folded before Flop (didn't bet)
Seat 6: iTrustU21 folded before Flop (didn't bet)



PokerStars Hand #254714059919:  Hold'em No Limit ($0.50/$1.00 USD) - 2025/02/04 3:26:10 WET [2025/02/04 22:26:10 ET]
Table 'Genoveva' 6-max Seat #2 is the button
Seat 4: ghc_2 ($103.24 in chips) is sitting out
Seat 1: Jhobes737 ($140.06 in chips) 
Seat 2: rødlibanon ($60.46 in chips) 
Seat 3: nicofellow ($147.27 in chips) 
Seat 5: Seavus10 ($114.56 in chips) 
Seat 6: iTrustU21 ($145.89 in chips) 
nicofellow: posts small blind $0.50
ghc_2: is sitting out 
Seavus10: posts big blind $1
*** HOLE CARDS ***
iTrustU21: raises $1.50 to $2.50
ghc_2 leaves the table
Jhobes737: calls $2.50
rødlibanon: folds 
nicofellow: folds 
Seavus10: calls $1.50
*** FLOP *** [Ac 2h Tc]
Seavus10: checks 
Supermegopro joins the table at seat #4 
iTrustU21: checks 
Jhobes737: checks 
*** TURN *** [Ac 2h Tc] [Jd]
Seavus10: checks 
iTrustU21: bets $2.51
Jhobes737: folds 
Seavus10: folds 
Uncalled bet ($2.51) returned to iTrustU21
iTrustU21 collected $7.60 from pot
iTrustU21: doesn't show hand 
*** SUMMARY ***
Total pot $8 | Rake $0.40 
Board [Ac 2h Tc Jd]
Seat 4: ghc_2
Seat 1: Jhobes737 folded on the Turn
Seat 2: rødlibanon (button) folded before Flop (didn't bet)
Seat 3: nicofellow (small blind) folded before Flop
Seat 5: Seavus10 (big blind) folded on the Turn
Seat 6: iTrustU21 collected ($7.60)



PokerStars Hand #254714066275:  Hold'em No Limit ($0.50/$1.00 USD) - 2025/02/04 3:27:01 WET [2025/02/04 22:27:01 ET]
Table 'Genoveva' 6-max Seat #3 is the button
Seat 4: Supermegopro ($100 in chips) is sitting out
Seat 1: Jhobes737 ($137.56 in chips) 
Seat 2: rødlibanon ($60.46 in chips) 
Seat 3: nicofellow ($146.77 in chips) 
Seat 5: Seavus10 ($112.06 in chips) 
Seat 6: iTrustU21 ($150.99 in chips) 
Seavus10: posts small blind $0.50
iTrustU21: posts big blind $1
*** HOLE CARDS ***
Jhobes737: folds 
rødlibanon: folds 
nicofellow: raises $1.50 to $2.50
Seavus10: folds 
iTrustU21: folds 
Uncalled bet ($1.50) returned to nicofellow
nicofellow collected $2.50 from pot
nicofellow: doesn't show hand 
*** SUMMARY ***
Total pot $2.50 | Rake $0 
Seat 4: Supermegopro
Seat 1: Jhobes737 folded before Flop (didn't bet)
Seat 2: rødlibanon folded before Flop (didn't bet)
Seat 3: nicofellow (button) collected ($2.50)
Seat 5: Seavus10 (small blind) folded before Flop
Seat 6: iTrustU21 (big blind) folded before Flop



PokerStars Hand #254714068845:  Hold'em No Limit ($0.50/$1.00 USD) - 2025/02/04 3:27:22 WET [2025/02/04 22:27:22 ET]
Table 'Genoveva' 6-max Seat #5 is the button
Seat 4: Supermegopro ($100 in chips) is sitting out
Seat 1: Jhobes737 ($137.56 in chips) 
Seat 2: rødlibanon ($60.46 in chips) 
Seat 3: nicofellow ($148.27 in chips) 
Seat 5: Seavus10 ($111.56 in chips) 
Seat 6: iTrustU21 ($149.99 in chips) 
iTrustU21: posts small blind $0.50
Jhobes737: posts big blind $1
Supermegopro: sits out 
*** HOLE CARDS ***
rødlibanon: folds 
nicofellow has timed out
nicofellow: folds 
Seavus10: raises $1.50 to $2.50
iTrustU21: folds 
Jhobes737: calls $1.50
*** FLOP *** [3d Kd 3c]
Jhobes737: checks 
Seavus10: bets $1.74
Jhobes737: folds 
Uncalled bet ($1.74) returned to Seavus10
Seavus10 collected $5.22 from pot
Seavus10: doesn't show hand 
*** SUMMARY ***
Total pot $5.50 | Rake $0.28 
Board [3d Kd 3c]
Seat 4: Supermegopro
Seat 1: Jhobes737 (big blind) folded on the Flop
Seat 2: rødlibanon folded before Flop (didn't bet)
Seat 3: nicofellow folded before Flop (didn't bet)
Seat 5: Seavus10 (button) collected ($5.22)
Seat 6: iTrustU21 (small blind) folded before Flop



PokerStars Hand #254714073995:  Hold'em No Limit ($0.50/$1.00 USD) - 2025/02/04 3:28:04 WET [2025/02/04 22:28:04 ET]
Table 'Genoveva' 6-max Seat #6 is the button
Seat 4: Supermegopro ($100 in chips) is sitting out
Seat 1: Jhobes737 ($135.06 in chips) 
Seat 2: rødlibanon ($60.46 in chips) 
Seat 3: nicofellow ($148.27 in chips) 
Seat 5: Seavus10 ($114.28 in chips) 
Seat 6: iTrustU21 ($149.49 in chips) 
Jhobes737: posts small blind $0.50
rødlibanon: posts big blind $1
Supermegopro: sits out 
*** HOLE CARDS ***
nicofellow has timed out
nicofellow: folds 
Seavus10: folds 
iTrustU21: folds 
Jhobes737: calls $0.50
rødlibanon: checks 
*** FLOP *** [Th 6h Ac]
Jhobes737: bets $1
rødlibanon: folds 
Uncalled bet ($1) returned to Jhobes737
Jhobes737 collected $1.90 from pot
*** SUMMARY ***
Total pot $2 | Rake $0.10 
Board [Th 6h Ac]
Seat 4: Supermegopro
Seat 1: Jhobes737 (small blind) collected ($1.90)
Seat 2: rødlibanon (big blind) folded on the Flop
Seat 3: nicofellow folded before Flop (didn't bet)
Seat 5: Seavus10 folded before Flop (didn't bet)
Seat 6: iTrustU21 (button) folded before Flop (didn't bet)



PokerStars Hand #254714078161:  Hold'em No Limit ($0.50/$1.00 USD) - 2025/02/04 3:28:37 WET [2025/02/04 22:28:37 ET]
Table 'Genoveva' 6-max Seat #1 is the button
Seat 4: Supermegopro ($100 in chips) is sitting out
Seat 1: Jhobes737 ($135.96 in chips) 
Seat 2: rødlibanon ($59.46 in chips) 
Seat 3: nicofellow ($148.27 in chips) 
Seat 5: Seavus10 ($114.28 in chips) 
Seat 6: iTrustU21 ($149.49 in chips) 
rødlibanon: posts small blind $0.50
nicofellow: posts big blind $1
Supermegopro: sits out 
*** HOLE CARDS ***
Seavus10: folds 
iTrustU21: raises $1.50 to $2.50
Jhobes737: calls $2.50
rødlibanon: folds 
nicofellow: calls $1.50
*** FLOP *** [9h Ks 6c]
nicofellow: checks 
iTrustU21: bets $2.51
Jhobes737: calls $2.51
nicofellow: folds 
*** TURN *** [9h Ks 6c] [Ac]
iTrustU21: bets $7.50
Jhobes737: calls $7.50
*** RIVER *** [9h Ks 6c Ac] [3h]
iTrustU21: bets $19
Jhobes737: calls $19
*** SHOW DOWN ***
iTrustU21: shows [9c Ah] (two pair, Aces and Nines)
Jhobes737: mucks hand 
iTrustU21 collected $63.52 from pot
*** SUMMARY ***
Total pot $66.02 | Rake $2.50 
Board [9h Ks 6c Ac 3h]
Seat 4: Supermegopro
Seat 1: Jhobes737 (button) mucked
Seat 2: rødlibanon (small blind) folded before Flop
Seat 3: nicofellow (big blind) folded on the Flop
Seat 5: Seavus10 folded before Flop (didn't bet)
Seat 6: iTrustU21 showed [9c Ah] and won ($63.52) with two pair, Aces and Nines



PokerStars Hand #254714089546:  Hold'em No Limit ($0.50/$1.00 USD) - 2025/02/04 3:30:11 WET [2025/02/04 22:30:11 ET]
Table 'Genoveva' 6-max Seat #2 is the button
Seat 1: Jhobes737 ($104.45 in chips) 
Seat 2: rødlibanon ($58.96 in chips) 
Seat 3: nicofellow ($145.77 in chips) 
Seat 4: Supermegopro ($100 in chips) 
Seat 5: Seavus10 ($114.28 in chips) 
Seat 6: iTrustU21 ($181.50 in chips) 
nicofellow: posts small blind $0.50
Supermegopro: posts big blind $1
*** HOLE CARDS ***
Seavus10: folds 
iTrustU21: raises $1.50 to $2.50
Jhobes737: calls $2.50
rødlibanon: folds 
nicofellow: folds 
Supermegopro: calls $1.50
*** FLOP *** [6d Ah 7d]
Supermegopro: checks 
iTrustU21: bets $2.51
Jhobes737: raises $12.62 to $15.13
Supermegopro: folds 
iTrustU21: folds 
Uncalled bet ($12.62) returned to Jhobes737
Jhobes737 collected $12.37 from pot
*** SUMMARY ***
Total pot $13.02 | Rake $0.65 
Board [6d Ah 7d]
Seat 1: Jhobes737 collected ($12.37)
Seat 2: rødlibanon (button) folded before Flop (didn't bet)
Seat 3: nicofellow (small blind) folded before Flop
Seat 4: Supermegopro (big blind) folded on the Flop
Seat 5: Seavus10 folded before Flop (didn't bet)
Seat 6: iTrustU21 folded on the Flop



PokerStars Hand #254714094571:  Hold'em No Limit ($0.50/$1.00 USD) - 2025/02/04 3:30:53 WET [2025/02/04 22:30:53 ET]
Table 'Genoveva' 6-max Seat #3 is the button
Seat 1: Jhobes737 ($111.81 in chips) 
Seat 2: rødlibanon ($58.96 in chips) 
Seat 3: nicofellow ($145.27 in chips) 
Seat 4: Supermegopro ($100 in chips) 
Seat 5: Seavus10 ($114.28 in chips) 
Seat 6: iTrustU21 ($176.49 in chips) 
Supermegopro: posts small blind $0.50
Seavus10: posts big blind $1
*** HOLE CARDS ***
iTrustU21: folds 
Jhobes737: calls $1
rødlibanon: folds 
nicofellow: raises $2.50 to $3.50
Supermegopro: folds 
Seavus10: folds 
Jhobes737: calls $2.50
*** FLOP *** [As Kh 6h]
Jhobes737: checks 
nicofellow: checks 
*** TURN *** [As Kh 6h] [7h]
Jhobes737: bets $1
nicofellow: calls $1
*** RIVER *** [As Kh 6h 7h] [9s]
Jhobes737: bets $1
nicofellow: calls $1
*** SHOW DOWN ***
Jhobes737: shows [Jd 2d] (high card Ace)
nicofellow: shows [8c 8d] (a pair of Eights)
nicofellow collected $11.88 from pot
*** SUMMARY ***
Total pot $12.50 | Rake $0.62 
Board [As Kh 6h 7h 9s]
Seat 1: Jhobes737 showed [Jd 2d] and lost with high card Ace
Seat 2: rødlibanon folded before Flop (didn't bet)
Seat 3: nicofellow (button) showed [8c 8d] and won ($11.88) with a pair of Eights
Seat 4: Supermegopro (small blind) folded before Flop
Seat 5: Seavus10 (big blind) folded before Flop
Seat 6: iTrustU21 folded before Flop (didn't bet)



