PokerStars Hand #254702084296:  Hold'em No Limit ($0.50/$1.00 USD) - 2025/02/04 13:40:23 WET [2025/02/04 8:40:23 ET]
Table 'Sulamitis' 6-max Seat #3 is the button
Seat 1: ka100pka527 ($103 in chips) 
Seat 2: [`-_-`]S48 ($52.50 in chips) 
Seat 3: EasyGamerrr ($100 in chips) 
Seat 4: mr.Jckpot ($100 in chips) 
Seat 5: magzi777 ($122.22 in chips) 
Seat 6: easy_sarcasm ($100 in chips) 
mr.Jckpot: posts small blind $0.50
magzi777: posts big blind $1
*** HOLE CARDS ***
easy_sarcasm: folds 
ka100pka527: folds 
[`-_-`]S48: folds 
EasyGamerrr: folds 
mr.Jckpot: folds 
Uncalled bet ($0.50) returned to magzi777
magzi777 collected $1 from pot
*** SUMMARY ***
Total pot $1 | Rake $0 
Seat 1: ka100pka527 folded before Flop (didn't bet)
Seat 2: [`-_-`]S48 folded before Flop (didn't bet)
Seat 3: EasyGamerrr (button) folded before Flop (didn't bet)
Seat 4: mr.Jckpot (small blind) folded before Flop
Seat 5: magzi777 (big blind) collected ($1)
Seat 6: easy_sarcasm folded before Flop (didn't bet)



PokerStars Hand #254702086342:  Hold'em No Limit ($0.50/$1.00 USD) - 2025/02/04 13:40:35 WET [2025/02/04 8:40:35 ET]
Table 'Sulamitis' 6-max Seat #4 is the button
Seat 1: ka100pka527 ($103 in chips) 
Seat 2: [`-_-`]S48 ($52.50 in chips) 
Seat 3: EasyGamerrr ($100 in chips) 
Seat 4: mr.Jckpot ($100 in chips) 
Seat 5: magzi777 ($122.72 in chips) 
Seat 6: easy_sarcasm ($100 in chips) 
magzi777: posts small blind $0.50
easy_sarcasm: posts big blind $1
*** HOLE CARDS ***
ka100pka527: folds 
[`-_-`]S48: calls $1
EasyGamerrr: raises $2.50 to $3.50
mr.Jckpot: folds 
magzi777: folds 
easy_sarcasm: folds 
[`-_-`]S48: calls $2.50
*** FLOP *** [5d 3h 6c]
[`-_-`]S48: bets $1
EasyGamerrr: calls $1
*** TURN *** [5d 3h 6c] [Ad]
[`-_-`]S48: bets $2
EasyGamerrr: raises $10.49 to $12.49
[`-_-`]S48: folds 
Uncalled bet ($10.49) returned to EasyGamerrr
EasyGamerrr collected $13.78 from pot
EasyGamerrr: doesn't show hand 
*** SUMMARY ***
Total pot $14.50 | Rake $0.72 
Board [5d 3h 6c Ad]
Seat 1: ka100pka527 folded before Flop (didn't bet)
Seat 2: [`-_-`]S48 folded on the Turn
Seat 3: EasyGamerrr collected ($13.78)
Seat 4: mr.Jckpot (button) folded before Flop (didn't bet)
Seat 5: magzi777 (small blind) folded before Flop
Seat 6: easy_sarcasm (big blind) folded before Flop



PokerStars Hand #254702093027:  Hold'em No Limit ($0.50/$1.00 USD) - 2025/02/04 13:41:15 WET [2025/02/04 8:41:15 ET]
Table 'Sulamitis' 6-max Seat #5 is the button
Seat 1: ka100pka527 ($103 in chips) 
Seat 2: [`-_-`]S48 ($46 in chips) 
Seat 3: EasyGamerrr ($107.28 in chips) 
Seat 4: mr.Jckpot ($100 in chips) 
Seat 5: magzi777 ($122.22 in chips) 
Seat 6: easy_sarcasm ($100 in chips) 
easy_sarcasm: posts small blind $0.50
ka100pka527: posts big blind $1
*** HOLE CARDS ***
[`-_-`]S48: calls $1
EasyGamerrr: folds 
mr.Jckpot: folds 
magzi777: folds 
easy_sarcasm: folds 
ka100pka527: checks 
*** FLOP *** [As Kh 7c]
ka100pka527: checks 
[`-_-`]S48: checks 
*** TURN *** [As Kh 7c] [Kc]
ka100pka527: checks 
[`-_-`]S48: bets $1
ka100pka527: folds 
Uncalled bet ($1) returned to [`-_-`]S48
[`-_-`]S48 collected $2.38 from pot
*** SUMMARY ***
Total pot $2.50 | Rake $0.12 
Board [As Kh 7c Kc]
Seat 1: ka100pka527 (big blind) folded on the Turn
Seat 2: [`-_-`]S48 collected ($2.38)
Seat 3: EasyGamerrr folded before Flop (didn't bet)
Seat 4: mr.Jckpot folded before Flop (didn't bet)
Seat 5: magzi777 (button) folded before Flop (didn't bet)
Seat 6: easy_sarcasm (small blind) folded before Flop



PokerStars Hand #254702101447:  Hold'em No Limit ($0.50/$1.00 USD) - 2025/02/04 13:42:05 WET [2025/02/04 8:42:05 ET]
Table 'Sulamitis' 6-max Seat #6 is the button
Seat 1: ka100pka527 ($102 in chips) 
Seat 2: [`-_-`]S48 ($47.38 in chips) 
Seat 3: EasyGamerrr ($107.28 in chips) 
Seat 4: mr.Jckpot ($100 in chips) 
Seat 5: magzi777 ($122.22 in chips) 
Seat 6: easy_sarcasm ($100 in chips) 
ka100pka527: posts small blind $0.50
[`-_-`]S48: posts big blind $1
*** HOLE CARDS ***
EasyGamerrr: folds 
mr.Jckpot: folds 
magzi777: raises $1.50 to $2.50
easy_sarcasm: folds 
ka100pka527: raises $7.50 to $10
[`-_-`]S48: calls $9
magzi777: folds 
*** FLOP *** [9s Kc Js]
ka100pka527: checks 
[`-_-`]S48: bets $10.69
ka100pka527: folds 
Uncalled bet ($10.69) returned to [`-_-`]S48
[`-_-`]S48 collected $21.38 from pot
*** SUMMARY ***
Total pot $22.50 | Rake $1.12 
Board [9s Kc Js]
Seat 1: ka100pka527 (small blind) folded on the Flop
Seat 2: [`-_-`]S48 (big blind) collected ($21.38)
Seat 3: EasyGamerrr folded before Flop (didn't bet)
Seat 4: mr.Jckpot folded before Flop (didn't bet)
Seat 5: magzi777 folded before Flop
Seat 6: easy_sarcasm (button) folded before Flop (didn't bet)



PokerStars Hand #254702111346:  Hold'em No Limit ($0.50/$1.00 USD) - 2025/02/04 13:43:06 WET [2025/02/04 8:43:06 ET]
Table 'Sulamitis' 6-max Seat #1 is the button
Seat 1: ka100pka527 ($100 in chips) 
Seat 2: [`-_-`]S48 ($58.76 in chips) 
Seat 3: EasyGamerrr ($107.28 in chips) 
Seat 4: mr.Jckpot ($100 in chips) 
Seat 5: magzi777 ($119.72 in chips) 
Seat 6: easy_sarcasm ($100 in chips) 
[`-_-`]S48: posts small blind $0.50
EasyGamerrr: posts big blind $1
*** HOLE CARDS ***
mr.Jckpot: folds 
magzi777: folds 
easy_sarcasm: raises $2 to $3
ka100pka527: folds 
[`-_-`]S48: folds 
EasyGamerrr: folds 
Uncalled bet ($2) returned to easy_sarcasm
easy_sarcasm collected $2.50 from pot
*** SUMMARY ***
Total pot $2.50 | Rake $0 
Seat 1: ka100pka527 (button) folded before Flop (didn't bet)
Seat 2: [`-_-`]S48 (small blind) folded before Flop
Seat 3: EasyGamerrr (big blind) folded before Flop
Seat 4: mr.Jckpot folded before Flop (didn't bet)
Seat 5: magzi777 folded before Flop (didn't bet)
Seat 6: easy_sarcasm collected ($2.50)



PokerStars Hand #254702113865:  Hold'em No Limit ($0.50/$1.00 USD) - 2025/02/04 13:43:21 WET [2025/02/04 8:43:21 ET]
Table 'Sulamitis' 6-max Seat #2 is the button
Seat 1: ka100pka527 ($100 in chips) 
Seat 2: [`-_-`]S48 ($58.26 in chips) 
Seat 3: EasyGamerrr ($106.28 in chips) 
Seat 4: mr.Jckpot ($100 in chips) 
Seat 5: magzi777 ($119.72 in chips) 
Seat 6: easy_sarcasm ($101.50 in chips) 
EasyGamerrr: posts small blind $0.50
mr.Jckpot: posts big blind $1
*** HOLE CARDS ***
magzi777: folds 
easy_sarcasm: folds 
ka100pka527: folds 
[`-_-`]S48: calls $1
EasyGamerrr: folds 
mr.Jckpot: checks 
*** FLOP *** [Qc 5c 4d]
mr.Jckpot: checks 
[`-_-`]S48: checks 
*** TURN *** [Qc 5c 4d] [Jc]
mr.Jckpot: checks 
[`-_-`]S48: checks 
*** RIVER *** [Qc 5c 4d Jc] [6s]
mr.Jckpot: checks 
[`-_-`]S48: checks 
*** SHOW DOWN ***
mr.Jckpot: shows [3s Kc] (high card King)
[`-_-`]S48: shows [8s Ks] (high card King - Queen+Jack+Eight kicker)
[`-_-`]S48 collected $2.38 from pot
*** SUMMARY ***
Total pot $2.50 | Rake $0.12 
Board [Qc 5c 4d Jc 6s]
Seat 1: ka100pka527 folded before Flop (didn't bet)
Seat 2: [`-_-`]S48 (button) showed [8s Ks] and won ($2.38) with high card King
Seat 3: EasyGamerrr (small blind) folded before Flop
Seat 4: mr.Jckpot (big blind) showed [3s Kc] and lost with high card King
Seat 5: magzi777 folded before Flop (didn't bet)
Seat 6: easy_sarcasm folded before Flop (didn't bet)



PokerStars Hand #254702118379:  Hold'em No Limit ($0.50/$1.00 USD) - 2025/02/04 13:43:49 WET [2025/02/04 8:43:49 ET]
Table 'Sulamitis' 6-max Seat #3 is the button
Seat 1: ka100pka527 ($100 in chips) 
Seat 2: [`-_-`]S48 ($59.64 in chips) 
Seat 3: EasyGamerrr ($105.78 in chips) 
Seat 4: mr.Jckpot ($100 in chips) 
Seat 5: magzi777 ($119.72 in chips) 
Seat 6: easy_sarcasm ($101.50 in chips) 
mr.Jckpot: posts small blind $0.50
magzi777: posts big blind $1
*** HOLE CARDS ***
easy_sarcasm: folds 
ka100pka527: folds 
[`-_-`]S48: folds 
EasyGamerrr: folds 
mr.Jckpot: raises $2 to $3
magzi777: calls $2
*** FLOP *** [8d Qh Qs]
mr.Jckpot: checks 
magzi777: checks 
*** TURN *** [8d Qh Qs] [2s]
mr.Jckpot: checks 
magzi777: checks 
*** RIVER *** [8d Qh Qs 2s] [Js]
mr.Jckpot: checks 
magzi777: checks 
*** SHOW DOWN ***
mr.Jckpot: shows [Th Jd] (two pair, Queens and Jacks)
magzi777: mucks hand 
mr.Jckpot collected $5.70 from pot
*** SUMMARY ***
Total pot $6 | Rake $0.30 
Board [8d Qh Qs 2s Js]
Seat 1: ka100pka527 folded before Flop (didn't bet)
Seat 2: [`-_-`]S48 folded before Flop (didn't bet)
Seat 3: EasyGamerrr (button) folded before Flop (didn't bet)
Seat 4: mr.Jckpot (small blind) showed [Th Jd] and won ($5.70) with two pair, Queens and Jacks
Seat 5: magzi777 (big blind) mucked
Seat 6: easy_sarcasm folded before Flop (didn't bet)



PokerStars Hand #254702126270:  Hold'em No Limit ($0.50/$1.00 USD) - 2025/02/04 13:44:36 WET [2025/02/04 8:44:36 ET]
Table 'Sulamitis' 6-max Seat #4 is the button
Seat 1: ka100pka527 ($100 in chips) 
Seat 2: [`-_-`]S48 ($59.64 in chips) 
Seat 3: EasyGamerrr ($105.78 in chips) 
Seat 4: mr.Jckpot ($102.70 in chips) 
Seat 5: magzi777 ($116.72 in chips) 
Seat 6: easy_sarcasm ($101.50 in chips) 
magzi777: posts small blind $0.50
easy_sarcasm: posts big blind $1
*** HOLE CARDS ***
ka100pka527: folds 
[`-_-`]S48: folds 
EasyGamerrr: folds 
mr.Jckpot: raises $1.50 to $2.50
magzi777: raises $8.50 to $11
easy_sarcasm: raises $13.50 to $24.50
mr.Jckpot: folds 
magzi777: folds 
Uncalled bet ($13.50) returned to easy_sarcasm
easy_sarcasm collected $24.50 from pot
*** SUMMARY ***
Total pot $24.50 | Rake $0 
Seat 1: ka100pka527 folded before Flop (didn't bet)
Seat 2: [`-_-`]S48 folded before Flop (didn't bet)
Seat 3: EasyGamerrr folded before Flop (didn't bet)
Seat 4: mr.Jckpot (button) folded before Flop
Seat 5: magzi777 (small blind) folded before Flop
Seat 6: easy_sarcasm (big blind) collected ($24.50)



PokerStars Hand #254702133283:  Hold'em No Limit ($0.50/$1.00 USD) - 2025/02/04 13:45:17 WET [2025/02/04 8:45:17 ET]
Table 'Sulamitis' 6-max Seat #5 is the button
Seat 1: ka100pka527 ($100 in chips) 
Seat 2: [`-_-`]S48 ($59.64 in chips) 
Seat 3: EasyGamerrr ($105.78 in chips) 
Seat 4: mr.Jckpot ($100.20 in chips) 
Seat 5: magzi777 ($105.72 in chips) 
Seat 6: easy_sarcasm ($115 in chips) 
easy_sarcasm: posts small blind $0.50
ka100pka527: posts big blind $1
*** HOLE CARDS ***
[`-_-`]S48: folds 
EasyGamerrr: folds 
mr.Jckpot: folds 
magzi777: raises $1.50 to $2.50
easy_sarcasm: folds 
ka100pka527: folds 
Uncalled bet ($1.50) returned to magzi777
magzi777 collected $2.50 from pot
*** SUMMARY ***
Total pot $2.50 | Rake $0 
Seat 1: ka100pka527 (big blind) folded before Flop
Seat 2: [`-_-`]S48 folded before Flop (didn't bet)
Seat 3: EasyGamerrr folded before Flop (didn't bet)
Seat 4: mr.Jckpot folded before Flop (didn't bet)
Seat 5: magzi777 (button) collected ($2.50)
Seat 6: easy_sarcasm (small blind) folded before Flop



PokerStars Hand #254702137352:  Hold'em No Limit ($0.50/$1.00 USD) - 2025/02/04 13:45:42 WET [2025/02/04 8:45:42 ET]
Table 'Sulamitis' 6-max Seat #6 is the button
Seat 1: ka100pka527 ($100 in chips) 
Seat 2: [`-_-`]S48 ($59.64 in chips) 
Seat 3: EasyGamerrr ($105.78 in chips) 
Seat 4: mr.Jckpot ($100.20 in chips) 
Seat 5: magzi777 ($107.22 in chips) 
Seat 6: easy_sarcasm ($114.50 in chips) 
ka100pka527: posts small blind $0.50
[`-_-`]S48: posts big blind $1
*** HOLE CARDS ***
EasyGamerrr: folds 
mr.Jckpot: folds 
magzi777: folds 
easy_sarcasm: raises $1.20 to $2.20
ka100pka527: folds 
[`-_-`]S48: calls $1.20
*** FLOP *** [8c 9c Qs]
[`-_-`]S48: checks 
easy_sarcasm: checks 
*** TURN *** [8c 9c Qs] [Qd]
[`-_-`]S48: checks 
easy_sarcasm: checks 
*** RIVER *** [8c 9c Qs Qd] [8d]
[`-_-`]S48: bets $1
easy_sarcasm: calls $1
*** SHOW DOWN ***
[`-_-`]S48: shows [As Tc] (two pair, Queens and Eights)
easy_sarcasm: shows [6d 8s] (a full house, Eights full of Queens)
easy_sarcasm collected $6.56 from pot
*** SUMMARY ***
Total pot $6.90 | Rake $0.34 
Board [8c 9c Qs Qd 8d]
Seat 1: ka100pka527 (small blind) folded before Flop
Seat 2: [`-_-`]S48 (big blind) showed [As Tc] and lost with two pair, Queens and Eights
Seat 3: EasyGamerrr folded before Flop (didn't bet)
Seat 4: mr.Jckpot folded before Flop (didn't bet)
Seat 5: magzi777 folded before Flop (didn't bet)
Seat 6: easy_sarcasm (button) showed [6d 8s] and won ($6.56) with a full house, Eights full of Queens



PokerStars Hand #254702143448:  Hold'em No Limit ($0.50/$1.00 USD) - 2025/02/04 13:46:18 WET [2025/02/04 8:46:18 ET]
Table 'Sulamitis' 6-max Seat #1 is the button
Seat 1: ka100pka527 ($100 in chips) 
Seat 2: [`-_-`]S48 ($56.44 in chips) 
Seat 3: EasyGamerrr ($105.78 in chips) 
Seat 4: mr.Jckpot ($100.20 in chips) 
Seat 5: magzi777 ($107.22 in chips) 
Seat 6: easy_sarcasm ($117.86 in chips) 
[`-_-`]S48: posts small blind $0.50
EasyGamerrr: posts big blind $1
*** HOLE CARDS ***
mr.Jckpot: folds 
magzi777: folds 
easy_sarcasm: folds 
ka100pka527: raises $1.50 to $2.50
[`-_-`]S48: calls $2
EasyGamerrr: raises $10.50 to $13
ka100pka527: folds 
[`-_-`]S48: calls $10.50
*** FLOP *** [Kh 5h Td]
[`-_-`]S48: bets $13.54
EasyGamerrr: folds 
Uncalled bet ($13.54) returned to [`-_-`]S48
[`-_-`]S48 collected $27.08 from pot
*** SUMMARY ***
Total pot $28.50 | Rake $1.42 
Board [Kh 5h Td]
Seat 1: ka100pka527 (button) folded before Flop
Seat 2: [`-_-`]S48 (small blind) collected ($27.08)
Seat 3: EasyGamerrr (big blind) folded on the Flop
Seat 4: mr.Jckpot folded before Flop (didn't bet)
Seat 5: magzi777 folded before Flop (didn't bet)
Seat 6: easy_sarcasm folded before Flop (didn't bet)



PokerStars Hand #254702152084:  Hold'em No Limit ($0.50/$1.00 USD) - 2025/02/04 13:47:10 WET [2025/02/04 8:47:10 ET]
Table 'Sulamitis' 6-max Seat #2 is the button
Seat 1: ka100pka527 ($100 in chips) 
Seat 2: [`-_-`]S48 ($70.52 in chips) 
Seat 3: EasyGamerrr ($100 in chips) 
Seat 4: mr.Jckpot ($100.20 in chips) 
Seat 5: magzi777 ($107.22 in chips) 
Seat 6: easy_sarcasm ($117.86 in chips) 
EasyGamerrr: posts small blind $0.50
mr.Jckpot: posts big blind $1
*** HOLE CARDS ***
magzi777: folds 
easy_sarcasm: folds 
ka100pka527: folds 
[`-_-`]S48: folds 
EasyGamerrr: raises $2 to $3
mr.Jckpot: calls $2
*** FLOP *** [Tc Th 5d]
EasyGamerrr: bets $1.88
mr.Jckpot: folds 
Uncalled bet ($1.88) returned to EasyGamerrr
EasyGamerrr collected $5.70 from pot
EasyGamerrr: doesn't show hand 
*** SUMMARY ***
Total pot $6 | Rake $0.30 
Board [Tc Th 5d]
Seat 1: ka100pka527 folded before Flop (didn't bet)
Seat 2: [`-_-`]S48 (button) folded before Flop (didn't bet)
Seat 3: EasyGamerrr (small blind) collected ($5.70)
Seat 4: mr.Jckpot (big blind) folded on the Flop
Seat 5: magzi777 folded before Flop (didn't bet)
Seat 6: easy_sarcasm folded before Flop (didn't bet)



PokerStars Hand #254702155955:  Hold'em No Limit ($0.50/$1.00 USD) - 2025/02/04 13:47:33 WET [2025/02/04 8:47:33 ET]
Table 'Sulamitis' 6-max Seat #3 is the button
Seat 1: ka100pka527 ($100 in chips) 
Seat 2: [`-_-`]S48 ($70.52 in chips) 
Seat 3: EasyGamerrr ($102.70 in chips) 
Seat 4: mr.Jckpot ($100 in chips) 
Seat 5: magzi777 ($107.22 in chips) 
Seat 6: easy_sarcasm ($117.86 in chips) 
mr.Jckpot: posts small blind $0.50
magzi777: posts big blind $1
*** HOLE CARDS ***
easy_sarcasm: folds 
ka100pka527: folds 
[`-_-`]S48: calls $1
EasyGamerrr: raises $2.50 to $3.50
mr.Jckpot: folds 
magzi777: folds 
[`-_-`]S48: calls $2.50
*** FLOP *** [2s Jd 8c]
[`-_-`]S48: bets $2
EasyGamerrr: calls $2
*** TURN *** [2s Jd 8c] [Ad]
[`-_-`]S48: bets $5
EasyGamerrr: calls $5
*** RIVER *** [2s Jd 8c Ad] [Jh]
[`-_-`]S48: bets $10.69
EasyGamerrr: folds 
Uncalled bet ($10.69) returned to [`-_-`]S48
[`-_-`]S48 collected $21.38 from pot
*** SUMMARY ***
Total pot $22.50 | Rake $1.12 
Board [2s Jd 8c Ad Jh]
Seat 1: ka100pka527 folded before Flop (didn't bet)
Seat 2: [`-_-`]S48 collected ($21.38)
Seat 3: EasyGamerrr (button) folded on the River
Seat 4: mr.Jckpot (small blind) folded before Flop
Seat 5: magzi777 (big blind) folded before Flop
Seat 6: easy_sarcasm folded before Flop (didn't bet)



PokerStars Hand #254702166514:  Hold'em No Limit ($0.50/$1.00 USD) - 2025/02/04 13:48:36 WET [2025/02/04 8:48:36 ET]
Table 'Sulamitis' 6-max Seat #4 is the button
Seat 1: ka100pka527 ($100 in chips) 
Seat 2: [`-_-`]S48 ($81.40 in chips) 
Seat 3: EasyGamerrr ($100 in chips) 
Seat 4: mr.Jckpot ($100 in chips) 
Seat 5: magzi777 ($106.22 in chips) 
Seat 6: easy_sarcasm ($117.86 in chips) 
magzi777: posts small blind $0.50
easy_sarcasm: posts big blind $1
*** HOLE CARDS ***
ka100pka527: raises $2 to $3
[`-_-`]S48: calls $3
EasyGamerrr: folds 
mr.Jckpot: folds 
magzi777: folds 
easy_sarcasm: raises $8 to $11
ka100pka527: raises $13.50 to $24.50
[`-_-`]S48: folds 
easy_sarcasm: raises $93.36 to $117.86 and is all-in
ka100pka527: folds 
Uncalled bet ($93.36) returned to easy_sarcasm
easy_sarcasm collected $52.50 from pot
*** SUMMARY ***
Total pot $52.50 | Rake $0 
Seat 1: ka100pka527 folded before Flop
Seat 2: [`-_-`]S48 folded before Flop
Seat 3: EasyGamerrr folded before Flop (didn't bet)
Seat 4: mr.Jckpot (button) folded before Flop (didn't bet)
Seat 5: magzi777 (small blind) folded before Flop
Seat 6: easy_sarcasm (big blind) collected ($52.50)



PokerStars Hand #254702177443:  Hold'em No Limit ($0.50/$1.00 USD) - 2025/02/04 13:49:42 WET [2025/02/04 8:49:42 ET]
Table 'Sulamitis' 6-max Seat #5 is the button
Seat 1: ka100pka527 ($100 in chips) 
Seat 2: [`-_-`]S48 ($78.40 in chips) 
Seat 3: EasyGamerrr ($100 in chips) 
Seat 4: mr.Jckpot ($100 in chips) 
Seat 5: magzi777 ($105.72 in chips) 
Seat 6: easy_sarcasm ($145.86 in chips) 
easy_sarcasm: posts small blind $0.50
ka100pka527: posts big blind $1
*** HOLE CARDS ***
[`-_-`]S48: folds 
EasyGamerrr: folds 
mr.Jckpot: folds 
magzi777: folds 
easy_sarcasm: folds 
Uncalled bet ($0.50) returned to ka100pka527
ka100pka527 collected $1 from pot
ka100pka527: doesn't show hand 
*** SUMMARY ***
Total pot $1 | Rake $0 
Seat 1: ka100pka527 (big blind) collected ($1)
Seat 2: [`-_-`]S48 folded before Flop (didn't bet)
Seat 3: EasyGamerrr folded before Flop (didn't bet)
Seat 4: mr.Jckpot folded before Flop (didn't bet)
Seat 5: magzi777 (button) folded before Flop (didn't bet)
Seat 6: easy_sarcasm (small blind) folded before Flop



PokerStars Hand #254702178974:  Hold'em No Limit ($0.50/$1.00 USD) - 2025/02/04 13:49:52 WET [2025/02/04 8:49:52 ET]
Table 'Sulamitis' 6-max Seat #6 is the button
Seat 1: ka100pka527 ($100.50 in chips) 
Seat 2: [`-_-`]S48 ($78.40 in chips) 
Seat 3: EasyGamerrr ($100 in chips) 
Seat 4: mr.Jckpot ($100 in chips) 
Seat 5: magzi777 ($105.72 in chips) 
Seat 6: easy_sarcasm ($145.36 in chips) 
ka100pka527: posts small blind $0.50
[`-_-`]S48: posts big blind $1
*** HOLE CARDS ***
EasyGamerrr: folds 
mr.Jckpot: folds 
magzi777: folds 
easy_sarcasm: raises $1.20 to $2.20
ka100pka527: folds 
[`-_-`]S48: raises $2.20 to $4.40
easy_sarcasm: calls $2.20
*** FLOP *** [7d Th Qc]
[`-_-`]S48: bets $3
easy_sarcasm: calls $3
*** TURN *** [7d Th Qc] [9d]
[`-_-`]S48: bets $3
easy_sarcasm: raises $11.50 to $14.50
[`-_-`]S48: folds 
Uncalled bet ($11.50) returned to easy_sarcasm
easy_sarcasm collected $20.24 from pot
*** SUMMARY ***
Total pot $21.30 | Rake $1.06 
Board [7d Th Qc 9d]
Seat 1: ka100pka527 (small blind) folded before Flop
Seat 2: [`-_-`]S48 (big blind) folded on the Turn
Seat 3: EasyGamerrr folded before Flop (didn't bet)
Seat 4: mr.Jckpot folded before Flop (didn't bet)
Seat 5: magzi777 folded before Flop (didn't bet)
Seat 6: easy_sarcasm (button) collected ($20.24)



PokerStars Hand #254702186291:  Hold'em No Limit ($0.50/$1.00 USD) - 2025/02/04 13:50:36 WET [2025/02/04 8:50:36 ET]
Table 'Sulamitis' 6-max Seat #1 is the button
Seat 1: ka100pka527 ($100 in chips) 
Seat 2: [`-_-`]S48 ($68 in chips) 
Seat 3: EasyGamerrr ($100 in chips) 
Seat 4: mr.Jckpot ($100 in chips) 
Seat 5: magzi777 ($105.72 in chips) 
Seat 6: easy_sarcasm ($155.20 in chips) 
[`-_-`]S48: posts small blind $0.50
EasyGamerrr: posts big blind $1
*** HOLE CARDS ***
mr.Jckpot: folds 
magzi777: folds 
easy_sarcasm: folds 
ka100pka527: folds 
[`-_-`]S48: calls $0.50
EasyGamerrr: checks 
*** FLOP *** [Jd 4c 8s]
[`-_-`]S48: checks 
EasyGamerrr: checks 
*** TURN *** [Jd 4c 8s] [8d]
[`-_-`]S48: checks 
EasyGamerrr: bets $1.27
[`-_-`]S48: raises $1.27 to $2.54
EasyGamerrr: folds 
Uncalled bet ($1.27) returned to [`-_-`]S48
[`-_-`]S48 collected $4.31 from pot
*** SUMMARY ***
Total pot $4.54 | Rake $0.23 
Board [Jd 4c 8s 8d]
Seat 1: ka100pka527 (button) folded before Flop (didn't bet)
Seat 2: [`-_-`]S48 (small blind) collected ($4.31)
Seat 3: EasyGamerrr (big blind) folded on the Turn
Seat 4: mr.Jckpot folded before Flop (didn't bet)
Seat 5: magzi777 folded before Flop (didn't bet)
Seat 6: easy_sarcasm folded before Flop (didn't bet)



PokerStars Hand #254702192817:  Hold'em No Limit ($0.50/$1.00 USD) - 2025/02/04 13:51:15 WET [2025/02/04 8:51:15 ET]
Table 'Sulamitis' 6-max Seat #2 is the button
Seat 1: ka100pka527 ($100 in chips) 
Seat 2: [`-_-`]S48 ($70.04 in chips) 
Seat 3: EasyGamerrr ($100 in chips) 
Seat 4: mr.Jckpot ($100 in chips) 
Seat 5: magzi777 ($105.72 in chips) 
Seat 6: easy_sarcasm ($155.20 in chips) 
EasyGamerrr: posts small blind $0.50
mr.Jckpot: posts big blind $1
*** HOLE CARDS ***
magzi777: folds 
easy_sarcasm: folds 
ka100pka527: folds 
[`-_-`]S48: folds 
EasyGamerrr: raises $2 to $3
mr.Jckpot: folds 
Uncalled bet ($2) returned to EasyGamerrr
EasyGamerrr collected $2 from pot
EasyGamerrr: doesn't show hand 
*** SUMMARY ***
Total pot $2 | Rake $0 
Seat 1: ka100pka527 folded before Flop (didn't bet)
Seat 2: [`-_-`]S48 (button) folded before Flop (didn't bet)
Seat 3: EasyGamerrr (small blind) collected ($2)
Seat 4: mr.Jckpot (big blind) folded before Flop
Seat 5: magzi777 folded before Flop (didn't bet)
Seat 6: easy_sarcasm folded before Flop (didn't bet)



PokerStars Hand #254702198017:  Hold'em No Limit ($0.50/$1.00 USD) - 2025/02/04 13:51:46 WET [2025/02/04 8:51:46 ET]
Table 'Sulamitis' 6-max Seat #3 is the button
Seat 1: ka100pka527 ($100 in chips) 
Seat 2: [`-_-`]S48 ($70.04 in chips) 
Seat 3: EasyGamerrr ($101 in chips) 
Seat 4: mr.Jckpot ($100 in chips) 
Seat 5: magzi777 ($105.72 in chips) 
Seat 6: easy_sarcasm ($155.20 in chips) 
mr.Jckpot: posts small blind $0.50
magzi777: posts big blind $1
*** HOLE CARDS ***
easy_sarcasm: folds 
ka100pka527: folds 
[`-_-`]S48: folds 
EasyGamerrr: folds 
mr.Jckpot: folds 
Uncalled bet ($0.50) returned to magzi777
magzi777 collected $1 from pot
*** SUMMARY ***
Total pot $1 | Rake $0 
Seat 1: ka100pka527 folded before Flop (didn't bet)
Seat 2: [`-_-`]S48 folded before Flop (didn't bet)
Seat 3: EasyGamerrr (button) folded before Flop (didn't bet)
Seat 4: mr.Jckpot (small blind) folded before Flop
Seat 5: magzi777 (big blind) collected ($1)
Seat 6: easy_sarcasm folded before Flop (didn't bet)



PokerStars Hand #254702199851:  Hold'em No Limit ($0.50/$1.00 USD) - 2025/02/04 13:51:58 WET [2025/02/04 8:51:58 ET]
Table 'Sulamitis' 6-max Seat #4 is the button
Seat 1: ka100pka527 ($100 in chips) 
Seat 2: [`-_-`]S48 ($70.04 in chips) 
Seat 3: EasyGamerrr ($101 in chips) 
Seat 4: mr.Jckpot ($100 in chips) 
Seat 5: magzi777 ($106.22 in chips) 
Seat 6: easy_sarcasm ($155.20 in chips) 
magzi777: posts small blind $0.50
easy_sarcasm: posts big blind $1
*** HOLE CARDS ***
ka100pka527: folds 
[`-_-`]S48: folds 
EasyGamerrr: folds 
mr.Jckpot: raises $1.50 to $2.50
magzi777: raises $8.50 to $11
easy_sarcasm: folds 
mr.Jckpot: folds 
Uncalled bet ($8.50) returned to magzi777
magzi777 collected $6 from pot
*** SUMMARY ***
Total pot $6 | Rake $0 
Seat 1: ka100pka527 folded before Flop (didn't bet)
Seat 2: [`-_-`]S48 folded before Flop (didn't bet)
Seat 3: EasyGamerrr folded before Flop (didn't bet)
Seat 4: mr.Jckpot (button) folded before Flop
Seat 5: magzi777 (small blind) collected ($6)
Seat 6: easy_sarcasm (big blind) folded before Flop



PokerStars Hand #254702202673:  Hold'em No Limit ($0.50/$1.00 USD) - 2025/02/04 13:52:15 WET [2025/02/04 8:52:15 ET]
Table 'Sulamitis' 6-max Seat #5 is the button
Seat 1: ka100pka527 ($100 in chips) 
Seat 2: [`-_-`]S48 ($70.04 in chips) 
Seat 3: EasyGamerrr ($101 in chips) 
Seat 4: mr.Jckpot ($100 in chips) 
Seat 5: magzi777 ($109.72 in chips) 
Seat 6: easy_sarcasm ($154.20 in chips) 
easy_sarcasm: posts small blind $0.50
ka100pka527: posts big blind $1
*** HOLE CARDS ***
[`-_-`]S48: calls $1
EasyGamerrr: folds 
mr.Jckpot: folds 
magzi777 is disconnected 
magzi777 has timed out while disconnected
magzi777: folds 
easy_sarcasm: raises $3.50 to $4.50
ka100pka527: folds 
[`-_-`]S48: calls $3.50
*** FLOP *** [3d 2s 4d]
easy_sarcasm: checks 
[`-_-`]S48: bets $9.50
easy_sarcasm: folds 
Uncalled bet ($9.50) returned to [`-_-`]S48
[`-_-`]S48 collected $9.50 from pot
*** SUMMARY ***
Total pot $10 | Rake $0.50 
Board [3d 2s 4d]
Seat 1: ka100pka527 (big blind) folded before Flop
Seat 2: [`-_-`]S48 collected ($9.50)
Seat 3: EasyGamerrr folded before Flop (didn't bet)
Seat 4: mr.Jckpot folded before Flop (didn't bet)
Seat 5: magzi777 (button) folded before Flop (didn't bet)
Seat 6: easy_sarcasm (small blind) folded on the Flop



PokerStars Hand #254702207712:  Hold'em No Limit ($0.50/$1.00 USD) - 2025/02/04 13:52:46 WET [2025/02/04 8:52:46 ET]
Table 'Sulamitis' 6-max Seat #6 is the button
Seat 1: ka100pka527 ($100 in chips) 
Seat 2: [`-_-`]S48 ($75.04 in chips) 
Seat 3: EasyGamerrr ($101 in chips) 
Seat 4: mr.Jckpot ($100 in chips) 
Seat 5: magzi777 ($109.72 in chips) 
Seat 6: easy_sarcasm ($149.70 in chips) 
ka100pka527: posts small blind $0.50
[`-_-`]S48: posts big blind $1
*** HOLE CARDS ***
EasyGamerrr: folds 
mr.Jckpot: folds 
magzi777: raises $1.50 to $2.50
easy_sarcasm: folds 
ka100pka527: folds 
[`-_-`]S48: calls $1.50
*** FLOP *** [Ks 7d 3h]
[`-_-`]S48: bets $2.61
magzi777: calls $2.61
*** TURN *** [Ks 7d 3h] [Jh]
[`-_-`]S48: checks 
magzi777: bets $6.72
[`-_-`]S48: folds 
Uncalled bet ($6.72) returned to magzi777
magzi777 collected $10.18 from pot
*** SUMMARY ***
Total pot $10.72 | Rake $0.54 
Board [Ks 7d 3h Jh]
Seat 1: ka100pka527 (small blind) folded before Flop
Seat 2: [`-_-`]S48 (big blind) folded on the Turn
Seat 3: EasyGamerrr folded before Flop (didn't bet)
Seat 4: mr.Jckpot folded before Flop (didn't bet)
Seat 5: magzi777 collected ($10.18)
Seat 6: easy_sarcasm (button) folded before Flop (didn't bet)



PokerStars Hand #254702230129:  Hold'em No Limit ($0.50/$1.00 USD) - 2025/02/04 13:55:03 WET [2025/02/04 8:55:03 ET]
Table 'Sulamitis' 6-max Seat #4 is the button
Seat 1: ka100pka527 ($100 in chips) 
Seat 2: [`-_-`]S48 ($68.43 in chips) 
Seat 3: EasyGamerrr ($103.50 in chips) 
Seat 4: mr.Jckpot ($100.88 in chips) 
Seat 5: magzi777 ($124.69 in chips) 
Seat 6: easy_sarcasm ($149.70 in chips) 
magzi777: posts small blind $0.50
easy_sarcasm: posts big blind $1
*** HOLE CARDS ***
ka100pka527: folds 
[`-_-`]S48: folds 
EasyGamerrr: folds 
mr.Jckpot: folds 
magzi777: folds 
Uncalled bet ($0.50) returned to easy_sarcasm
easy_sarcasm collected $1 from pot
*** SUMMARY ***
Total pot $1 | Rake $0 
Seat 1: ka100pka527 folded before Flop (didn't bet)
Seat 2: [`-_-`]S48 folded before Flop (didn't bet)
Seat 3: EasyGamerrr folded before Flop (didn't bet)
Seat 4: mr.Jckpot (button) folded before Flop (didn't bet)
Seat 5: magzi777 (small blind) folded before Flop
Seat 6: easy_sarcasm (big blind) collected ($1)



PokerStars Hand #254702231464:  Hold'em No Limit ($0.50/$1.00 USD) - 2025/02/04 13:55:12 WET [2025/02/04 8:55:12 ET]
Table 'Sulamitis' 6-max Seat #5 is the button
Seat 1: ka100pka527 ($100 in chips) 
Seat 2: [`-_-`]S48 ($68.43 in chips) 
Seat 3: EasyGamerrr ($103.50 in chips) 
Seat 4: mr.Jckpot ($100.88 in chips) 
Seat 5: magzi777 ($124.19 in chips) 
Seat 6: easy_sarcasm ($150.20 in chips) 
easy_sarcasm: posts small blind $0.50
ka100pka527: posts big blind $1
*** HOLE CARDS ***
[`-_-`]S48: calls $1
EasyGamerrr: folds 
mr.Jckpot: folds 
magzi777: raises $3 to $4
easy_sarcasm: folds 
ka100pka527: folds 
[`-_-`]S48: raises $3 to $7
magzi777: calls $3
*** FLOP *** [2s Ac 6s]
[`-_-`]S48: bets $1
magzi777: calls $1
*** TURN *** [2s Ac 6s] [Tc]
[`-_-`]S48: bets $1
magzi777: calls $1
*** RIVER *** [2s Ac 6s Tc] [4s]
[`-_-`]S48: bets $1
magzi777: raises $11 to $12
[`-_-`]S48: calls $11
*** SHOW DOWN ***
magzi777: shows [Ad 7d] (a pair of Aces)
[`-_-`]S48: mucks hand 
magzi777 collected $41.32 from pot
*** SUMMARY ***
Total pot $43.50 | Rake $2.18 
Board [2s Ac 6s Tc 4s]
Seat 1: ka100pka527 (big blind) folded before Flop
Seat 2: [`-_-`]S48 mucked
Seat 3: EasyGamerrr folded before Flop (didn't bet)
Seat 4: mr.Jckpot folded before Flop (didn't bet)
Seat 5: magzi777 (button) showed [Ad 7d] and won ($41.32) with a pair of Aces
Seat 6: easy_sarcasm (small blind) folded before Flop



PokerStars Hand #254702237941:  Hold'em No Limit ($0.50/$1.00 USD) - 2025/02/04 13:56:03 WET [2025/02/04 8:56:03 ET]
Table 'Sulamitis' 6-max Seat #6 is the button
Seat 1: ka100pka527 ($100 in chips) 
Seat 2: [`-_-`]S48 ($47.43 in chips) 
Seat 3: EasyGamerrr ($103.50 in chips) 
Seat 4: mr.Jckpot ($100.88 in chips) 
Seat 5: magzi777 ($144.51 in chips) 
Seat 6: easy_sarcasm ($149.70 in chips) 
ka100pka527: posts small blind $0.50
[`-_-`]S48: posts big blind $1
*** HOLE CARDS ***
EasyGamerrr: folds 
mr.Jckpot: folds 
magzi777: folds 
easy_sarcasm: folds 
ka100pka527: raises $1.50 to $2.50
[`-_-`]S48: calls $1.50
*** FLOP *** [Ks Th 3h]
ka100pka527: bets $1.57
[`-_-`]S48: folds 
Uncalled bet ($1.57) returned to ka100pka527
ka100pka527 collected $4.75 from pot
ka100pka527: doesn't show hand 
*** SUMMARY ***
Total pot $5 | Rake $0.25 
Board [Ks Th 3h]
Seat 1: ka100pka527 (small blind) collected ($4.75)
Seat 2: [`-_-`]S48 (big blind) folded on the Flop
Seat 3: EasyGamerrr folded before Flop (didn't bet)
Seat 4: mr.Jckpot folded before Flop (didn't bet)
Seat 5: magzi777 folded before Flop (didn't bet)
Seat 6: easy_sarcasm (button) folded before Flop (didn't bet)



PokerStars Hand #254702240780:  Hold'em No Limit ($0.50/$1.00 USD) - 2025/02/04 13:56:25 WET [2025/02/04 8:56:25 ET]
Table 'Sulamitis' 6-max Seat #1 is the button
Seat 3: EasyGamerrr ($103.50 in chips) is sitting out
Seat 1: ka100pka527 ($102.25 in chips) 
Seat 2: [`-_-`]S48 ($44.93 in chips) 
Seat 4: mr.Jckpot ($100.88 in chips) 
Seat 5: magzi777 ($144.51 in chips) 
Seat 6: easy_sarcasm ($149.70 in chips) 
[`-_-`]S48: posts small blind $0.50
EasyGamerrr: is sitting out 
EasyGamerrr leaves the table
mr.Jckpot: posts big blind $1
*** HOLE CARDS ***
magzi777: raises $1.50 to $2.50
easy_sarcasm: folds 
ka100pka527: folds 
chinokevin13 joins the table at seat #3 
[`-_-`]S48: calls $2
mr.Jckpot: calls $1.50
*** FLOP *** [Ah 2d 6h]
[`-_-`]S48: checks 
mr.Jckpot: checks 
magzi777: bets $3.56
[`-_-`]S48: calls $3.56
mr.Jckpot: folds 
*** TURN *** [Ah 2d 6h] [Td]
[`-_-`]S48: checks 
magzi777: checks 
*** RIVER *** [Ah 2d 6h Td] [6d]
[`-_-`]S48: checks 
magzi777: checks 
*** SHOW DOWN ***
[`-_-`]S48: shows [Ac 5d] (two pair, Aces and Sixes)
magzi777: mucks hand 
[`-_-`]S48 collected $13.89 from pot
*** SUMMARY ***
Total pot $14.62 | Rake $0.73 
Board [Ah 2d 6h Td 6d]
Seat 3: EasyGamerrr
Seat 1: ka100pka527 (button) folded before Flop (didn't bet)
Seat 2: [`-_-`]S48 (small blind) showed [Ac 5d] and won ($13.89) with two pair, Aces and Sixes
Seat 4: mr.Jckpot (big blind) folded on the Flop
Seat 5: magzi777 mucked
Seat 6: easy_sarcasm folded before Flop (didn't bet)



PokerStars Hand #254702247912:  Hold'em No Limit ($0.50/$1.00 USD) - 2025/02/04 13:57:20 WET [2025/02/04 8:57:20 ET]
Table 'Sulamitis' 6-max Seat #2 is the button
Seat 3: chinokevin13 ($100 in chips) is sitting out
Seat 1: ka100pka527 ($102.25 in chips) 
Seat 2: [`-_-`]S48 ($52.76 in chips) 
Seat 4: mr.Jckpot ($100 in chips) 
Seat 5: magzi777 ($138.45 in chips) 
Seat 6: easy_sarcasm ($149.70 in chips) 
mr.Jckpot: posts small blind $0.50
magzi777: posts big blind $1
*** HOLE CARDS ***
easy_sarcasm: folds 
ka100pka527: folds 
[`-_-`]S48: folds 
mr.Jckpot: raises $2 to $3
magzi777: folds 
Uncalled bet ($2) returned to mr.Jckpot
mr.Jckpot collected $2 from pot
mr.Jckpot: doesn't show hand 
*** SUMMARY ***
Total pot $2 | Rake $0 
Seat 3: chinokevin13
Seat 1: ka100pka527 folded before Flop (didn't bet)
Seat 2: [`-_-`]S48 (button) folded before Flop (didn't bet)
Seat 4: mr.Jckpot (small blind) collected ($2)
Seat 5: magzi777 (big blind) folded before Flop
Seat 6: easy_sarcasm folded before Flop (didn't bet)



PokerStars Hand #254702250671:  Hold'em No Limit ($0.50/$1.00 USD) - 2025/02/04 13:57:41 WET [2025/02/04 8:57:41 ET]
Table 'Sulamitis' 6-max Seat #4 is the button
Seat 3: chinokevin13 ($100 in chips) is sitting out
Seat 1: ka100pka527 ($102.25 in chips) 
Seat 2: [`-_-`]S48 ($52.76 in chips) 
Seat 4: mr.Jckpot ($101 in chips) 
Seat 5: magzi777 ($137.45 in chips) 
Seat 6: easy_sarcasm ($149.70 in chips) 
magzi777: posts small blind $0.50
easy_sarcasm: posts big blind $1
chinokevin13: sits out 
*** HOLE CARDS ***
ka100pka527: folds 
[`-_-`]S48: folds 
mr.Jckpot: folds 
magzi777: folds 
Uncalled bet ($0.50) returned to easy_sarcasm
easy_sarcasm collected $1 from pot
*** SUMMARY ***
Total pot $1 | Rake $0 
Seat 3: chinokevin13
Seat 1: ka100pka527 folded before Flop (didn't bet)
Seat 2: [`-_-`]S48 folded before Flop (didn't bet)
Seat 4: mr.Jckpot (button) folded before Flop (didn't bet)
Seat 5: magzi777 (small blind) folded before Flop
Seat 6: easy_sarcasm (big blind) collected ($1)



PokerStars Hand #254702252043:  Hold'em No Limit ($0.50/$1.00 USD) - 2025/02/04 13:57:52 WET [2025/02/04 8:57:52 ET]
Table 'Sulamitis' 6-max Seat #5 is the button
Seat 3: chinokevin13 ($100 in chips) is sitting out
Seat 1: ka100pka527 ($102.25 in chips) 
Seat 2: [`-_-`]S48 ($52.76 in chips) 
Seat 4: mr.Jckpot ($101 in chips) 
Seat 5: magzi777 ($136.95 in chips) 
Seat 6: easy_sarcasm ($150.20 in chips) 
easy_sarcasm: posts small blind $0.50
ka100pka527: posts big blind $1
chinokevin13: sits out 
*** HOLE CARDS ***
[`-_-`]S48: calls $1
mr.Jckpot: folds 
magzi777: folds 
easy_sarcasm: raises $3.50 to $4.50
ka100pka527: folds 
[`-_-`]S48: folds 
Uncalled bet ($3.50) returned to easy_sarcasm
easy_sarcasm collected $3 from pot
*** SUMMARY ***
Total pot $3 | Rake $0 
Seat 3: chinokevin13
Seat 1: ka100pka527 (big blind) folded before Flop
Seat 2: [`-_-`]S48 folded before Flop
Seat 4: mr.Jckpot folded before Flop (didn't bet)
Seat 5: magzi777 (button) folded before Flop (didn't bet)
Seat 6: easy_sarcasm (small blind) collected ($3)



PokerStars Hand #254702255024:  Hold'em No Limit ($0.50/$1.00 USD) - 2025/02/04 13:58:15 WET [2025/02/04 8:58:15 ET]
Table 'Sulamitis' 6-max Seat #6 is the button
Seat 3: chinokevin13 ($100 in chips) is sitting out
Seat 1: ka100pka527 ($101.25 in chips) 
Seat 2: [`-_-`]S48 ($51.76 in chips) 
Seat 4: mr.Jckpot ($101 in chips) 
Seat 5: magzi777 ($136.95 in chips) 
Seat 6: easy_sarcasm ($152.20 in chips) 
ka100pka527: posts small blind $0.50
[`-_-`]S48: posts big blind $1
chinokevin13: sits out 
*** HOLE CARDS ***
mr.Jckpot: folds 
magzi777: raises $1.50 to $2.50
easy_sarcasm: folds 
ka100pka527: folds 
[`-_-`]S48: calls $1.50
*** FLOP *** [Jh 3d Kc]
[`-_-`]S48: checks 
magzi777: bets $1.50
[`-_-`]S48: folds 
Uncalled bet ($1.50) returned to magzi777
magzi777 collected $5.22 from pot
*** SUMMARY ***
Total pot $5.50 | Rake $0.28 
Board [Jh 3d Kc]
Seat 3: chinokevin13
Seat 1: ka100pka527 (small blind) folded before Flop
Seat 2: [`-_-`]S48 (big blind) folded on the Flop
Seat 4: mr.Jckpot folded before Flop (didn't bet)
Seat 5: magzi777 collected ($5.22)
Seat 6: easy_sarcasm (button) folded before Flop (didn't bet)



PokerStars Hand #254702259598:  Hold'em No Limit ($0.50/$1.00 USD) - 2025/02/04 13:58:51 WET [2025/02/04 8:58:51 ET]
Table 'Sulamitis' 6-max Seat #1 is the button
Seat 1: ka100pka527 ($100.75 in chips) 
Seat 2: [`-_-`]S48 ($49.26 in chips) 
Seat 3: chinokevin13 ($100 in chips) 
Seat 4: mr.Jckpot ($101 in chips) 
Seat 5: magzi777 ($139.67 in chips) 
Seat 6: easy_sarcasm ($152.20 in chips) 
[`-_-`]S48: posts small blind $0.50
chinokevin13: posts big blind $1
*** HOLE CARDS ***
mr.Jckpot: raises $1.50 to $2.50
magzi777: folds 
easy_sarcasm: folds 
ka100pka527: folds 
[`-_-`]S48: raises $1.50 to $4
chinokevin13: calls $3
mr.Jckpot: calls $1.50
*** FLOP *** [Kh 5s 6d]
[`-_-`]S48: checks 
chinokevin13: bets $5.70
mr.Jckpot: folds 
[`-_-`]S48: calls $5.70
*** TURN *** [Kh 5s 6d] [Qc]
[`-_-`]S48: checks 
chinokevin13: bets $11.10
[`-_-`]S48: folds 
Uncalled bet ($11.10) returned to chinokevin13
chinokevin13 collected $22.23 from pot
chinokevin13: doesn't show hand 
*** SUMMARY ***
Total pot $23.40 | Rake $1.17 
Board [Kh 5s 6d Qc]
Seat 1: ka100pka527 (button) folded before Flop (didn't bet)
Seat 2: [`-_-`]S48 (small blind) folded on the Turn
Seat 3: chinokevin13 (big blind) collected ($22.23)
Seat 4: mr.Jckpot folded on the Flop
Seat 5: magzi777 folded before Flop (didn't bet)
Seat 6: easy_sarcasm folded before Flop (didn't bet)



PokerStars Hand #254702270077:  Hold'em No Limit ($0.50/$1.00 USD) - 2025/02/04 14:00:11 WET [2025/02/04 9:00:11 ET]
Table 'Sulamitis' 6-max Seat #2 is the button
Seat 1: ka100pka527 ($100.75 in chips) 
Seat 2: [`-_-`]S48 ($39.56 in chips) 
Seat 3: chinokevin13 ($112.53 in chips) 
Seat 4: mr.Jckpot ($100 in chips) 
Seat 5: magzi777 ($139.67 in chips) 
Seat 6: easy_sarcasm ($152.20 in chips) 
chinokevin13: posts small blind $0.50
mr.Jckpot: posts big blind $1
*** HOLE CARDS ***
magzi777: folds 
easy_sarcasm: folds 
ka100pka527: folds 
[`-_-`]S48: folds 
chinokevin13: raises $2 to $3
mr.Jckpot: folds 
Uncalled bet ($2) returned to chinokevin13
chinokevin13 collected $2 from pot
chinokevin13: doesn't show hand 
*** SUMMARY ***
Total pot $2 | Rake $0 
Seat 1: ka100pka527 folded before Flop (didn't bet)
Seat 2: [`-_-`]S48 (button) folded before Flop (didn't bet)
Seat 3: chinokevin13 (small blind) collected ($2)
Seat 4: mr.Jckpot (big blind) folded before Flop
Seat 5: magzi777 folded before Flop (didn't bet)
Seat 6: easy_sarcasm folded before Flop (didn't bet)



PokerStars Hand #254702272750:  Hold'em No Limit ($0.50/$1.00 USD) - 2025/02/04 14:00:31 WET [2025/02/04 9:00:31 ET]
Table 'Sulamitis' 6-max Seat #3 is the button
Seat 1: ka100pka527 ($100.75 in chips) 
Seat 2: [`-_-`]S48 ($39.56 in chips) 
Seat 3: chinokevin13 ($113.53 in chips) 
Seat 4: mr.Jckpot ($100 in chips) 
Seat 5: magzi777 ($139.67 in chips) 
Seat 6: easy_sarcasm ($152.20 in chips) 
mr.Jckpot: posts small blind $0.50
magzi777: posts big blind $1
*** HOLE CARDS ***
easy_sarcasm: raises $2 to $3
ka100pka527: folds 
[`-_-`]S48: folds 
chinokevin13: raises $6 to $9
mr.Jckpot: folds 
magzi777: folds 
easy_sarcasm: folds 
Uncalled bet ($6) returned to chinokevin13
chinokevin13 collected $7.50 from pot
chinokevin13: doesn't show hand 
*** SUMMARY ***
Total pot $7.50 | Rake $0 
Seat 1: ka100pka527 folded before Flop (didn't bet)
Seat 2: [`-_-`]S48 folded before Flop (didn't bet)
Seat 3: chinokevin13 (button) collected ($7.50)
Seat 4: mr.Jckpot (small blind) folded before Flop
Seat 5: magzi777 (big blind) folded before Flop
Seat 6: easy_sarcasm folded before Flop



PokerStars Hand #254702275547:  Hold'em No Limit ($0.50/$1.00 USD) - 2025/02/04 14:00:50 WET [2025/02/04 9:00:50 ET]
Table 'Sulamitis' 6-max Seat #4 is the button
Seat 1: ka100pka527 ($100.75 in chips) 
Seat 2: [`-_-`]S48 ($39.56 in chips) 
Seat 3: chinokevin13 ($118.03 in chips) 
Seat 4: mr.Jckpot ($100 in chips) 
Seat 5: magzi777 ($138.67 in chips) 
Seat 6: easy_sarcasm ($149.20 in chips) 
magzi777: posts small blind $0.50
easy_sarcasm: posts big blind $1
*** HOLE CARDS ***
ka100pka527: raises $2 to $3
[`-_-`]S48: folds 
chinokevin13: folds 
mr.Jckpot: folds 
magzi777: folds 
easy_sarcasm: folds 
Uncalled bet ($2) returned to ka100pka527
ka100pka527 collected $2.50 from pot
ka100pka527: doesn't show hand 
*** SUMMARY ***
Total pot $2.50 | Rake $0 
Seat 1: ka100pka527 collected ($2.50)
Seat 2: [`-_-`]S48 folded before Flop (didn't bet)
Seat 3: chinokevin13 folded before Flop (didn't bet)
Seat 4: mr.Jckpot (button) folded before Flop (didn't bet)
Seat 5: magzi777 (small blind) folded before Flop
Seat 6: easy_sarcasm (big blind) folded before Flop



PokerStars Hand #254702277668:  Hold'em No Limit ($0.50/$1.00 USD) - 2025/02/04 14:01:04 WET [2025/02/04 9:01:04 ET]
Table 'Sulamitis' 6-max Seat #5 is the button
Seat 1: ka100pka527 ($102.25 in chips) 
Seat 2: [`-_-`]S48 ($39.56 in chips) 
Seat 3: chinokevin13 ($118.03 in chips) 
Seat 4: mr.Jckpot ($100 in chips) 
Seat 5: magzi777 ($138.17 in chips) 
Seat 6: easy_sarcasm ($148.20 in chips) 
easy_sarcasm: posts small blind $0.50
ka100pka527: posts big blind $1
*** HOLE CARDS ***
[`-_-`]S48: calls $1
chinokevin13: folds 
mr.Jckpot: folds 
magzi777: folds 
easy_sarcasm: calls $0.50
ka100pka527: raises $5 to $6
[`-_-`]S48: calls $5
easy_sarcasm: folds 
*** FLOP *** [5d Qd Th]
ka100pka527: bets $4.08
[`-_-`]S48: folds 
Uncalled bet ($4.08) returned to ka100pka527
ka100pka527 collected $12.35 from pot
ka100pka527: doesn't show hand 
*** SUMMARY ***
Total pot $13 | Rake $0.65 
Board [5d Qd Th]
Seat 1: ka100pka527 (big blind) collected ($12.35)
Seat 2: [`-_-`]S48 folded on the Flop
Seat 3: chinokevin13 folded before Flop (didn't bet)
Seat 4: mr.Jckpot folded before Flop (didn't bet)
Seat 5: magzi777 (button) folded before Flop (didn't bet)
Seat 6: easy_sarcasm (small blind) folded before Flop



PokerStars Hand #254702283405:  Hold'em No Limit ($0.50/$1.00 USD) - 2025/02/04 14:01:40 WET [2025/02/04 9:01:40 ET]
Table 'Sulamitis' 6-max Seat #6 is the button
Seat 1: ka100pka527 ($108.60 in chips) 
Seat 2: [`-_-`]S48 ($33.56 in chips) 
Seat 3: chinokevin13 ($118.03 in chips) 
Seat 4: mr.Jckpot ($100 in chips) 
Seat 5: magzi777 ($138.17 in chips) 
Seat 6: easy_sarcasm ($147.20 in chips) 
ka100pka527: posts small blind $0.50
[`-_-`]S48: posts big blind $1
*** HOLE CARDS ***
chinokevin13: raises $1.20 to $2.20
mr.Jckpot: folds 
magzi777: folds 
easy_sarcasm: calls $2.20
ka100pka527: raises $11.70 to $13.90
[`-_-`]S48: raises $19.66 to $33.56 and is all-in
chinokevin13: folds 
easy_sarcasm: folds 
ka100pka527: calls $19.66
*** FLOP *** [9h As 2d]
*** TURN *** [9h As 2d] [4d]
*** RIVER *** [9h As 2d 4d] [3h]
*** SHOW DOWN ***
ka100pka527: shows [Jh Jc] (a pair of Jacks)
[`-_-`]S48: shows [Kd 8d] (high card Ace)
ka100pka527 collected $69.02 from pot
*** SUMMARY ***
Total pot $71.52 | Rake $2.50 
Board [9h As 2d 4d 3h]
Seat 1: ka100pka527 (small blind) showed [Jh Jc] and won ($69.02) with a pair of Jacks
Seat 2: [`-_-`]S48 (big blind) showed [Kd 8d] and lost with high card Ace
Seat 3: chinokevin13 folded before Flop
Seat 4: mr.Jckpot folded before Flop (didn't bet)
Seat 5: magzi777 folded before Flop (didn't bet)
Seat 6: easy_sarcasm (button) folded before Flop



PokerStars Hand #254702291228:  Hold'em No Limit ($0.50/$1.00 USD) - 2025/02/04 14:02:28 WET [2025/02/04 9:02:28 ET]
Table 'Sulamitis' 6-max Seat #1 is the button
Seat 2: [`-_-`]S48 ($0 in chips) is sitting out
Seat 1: ka100pka527 ($144.06 in chips) 
Seat 3: chinokevin13 ($115.83 in chips) 
Seat 4: mr.Jckpot ($100 in chips) 
Seat 5: magzi777 ($138.17 in chips) 
Seat 6: easy_sarcasm ($145 in chips) 
chinokevin13: posts small blind $0.50
mr.Jckpot: posts big blind $1
*** HOLE CARDS ***
magzi777: folds 
easy_sarcasm: raises $2 to $3
ka100pka527: folds 
chinokevin13: folds 
mr.Jckpot: calls $2
*** FLOP *** [5c 2c Td]
mr.Jckpot: checks 
easy_sarcasm: bets $2.04
mr.Jckpot: calls $2.04
*** TURN *** [5c 2c Td] [Ks]
mr.Jckpot: checks 
easy_sarcasm: bets $5.13
mr.Jckpot: folds 
Uncalled bet ($5.13) returned to easy_sarcasm
easy_sarcasm collected $10.05 from pot
*** SUMMARY ***
Total pot $10.58 | Rake $0.53 
Board [5c 2c Td Ks]
Seat 2: [`-_-`]S48
Seat 1: ka100pka527 (button) folded before Flop (didn't bet)
Seat 3: chinokevin13 (small blind) folded before Flop
Seat 4: mr.Jckpot (big blind) folded on the Turn
Seat 5: magzi777 folded before Flop (didn't bet)
Seat 6: easy_sarcasm collected ($10.05)



PokerStars Hand #254702300281:  Hold'em No Limit ($0.50/$1.00 USD) - 2025/02/04 14:03:21 WET [2025/02/04 9:03:21 ET]
Table 'Sulamitis' 6-max Seat #3 is the button
Seat 1: ka100pka527 ($144.06 in chips) 
Seat 2: [`-_-`]S48 ($100 in chips) 
Seat 3: chinokevin13 ($115.33 in chips) 
Seat 4: mr.Jckpot ($100 in chips) 
Seat 5: magzi777 ($138.17 in chips) 
Seat 6: easy_sarcasm ($150.01 in chips) 
mr.Jckpot: posts small blind $0.50
magzi777: posts big blind $1
[`-_-`]S48: posts small blind $0.50
*** HOLE CARDS ***
easy_sarcasm: folds 
ka100pka527: folds 
[`-_-`]S48: raises $1 to $2
chinokevin13: folds 
mr.Jckpot: folds 
magzi777: folds 
Uncalled bet ($1) returned to [`-_-`]S48
[`-_-`]S48 collected $3 from pot
*** SUMMARY ***
Total pot $3 | Rake $0 
Seat 1: ka100pka527 folded before Flop (didn't bet)
Seat 2: [`-_-`]S48 collected ($3)
Seat 3: chinokevin13 (button) folded before Flop (didn't bet)
Seat 4: mr.Jckpot (small blind) folded before Flop
Seat 5: magzi777 (big blind) folded before Flop
Seat 6: easy_sarcasm folded before Flop (didn't bet)



PokerStars Hand #254702303296:  Hold'em No Limit ($0.50/$1.00 USD) - 2025/02/04 14:03:40 WET [2025/02/04 9:03:40 ET]
Table 'Sulamitis' 6-max Seat #4 is the button
Seat 1: ka100pka527 ($144.06 in chips) 
Seat 2: [`-_-`]S48 ($101.50 in chips) 
Seat 3: chinokevin13 ($115.33 in chips) 
Seat 4: mr.Jckpot ($100 in chips) 
Seat 5: magzi777 ($137.17 in chips) 
Seat 6: easy_sarcasm ($150.01 in chips) 
magzi777: posts small blind $0.50
easy_sarcasm: posts big blind $1
*** HOLE CARDS ***
ka100pka527: folds 
[`-_-`]S48: calls $1
chinokevin13: raises $4 to $5
mr.Jckpot: raises $9.50 to $14.50
magzi777: folds 
easy_sarcasm: folds 
[`-_-`]S48: calls $13.50
chinokevin13: raises $100.83 to $115.33 and is all-in
mr.Jckpot: folds 
[`-_-`]S48: calls $87 and is all-in
Uncalled bet ($13.83) returned to chinokevin13
*** FLOP *** [As 9s 7h]
*** TURN *** [As 9s 7h] [4s]
*** RIVER *** [As 9s 7h 4s] [8d]
*** SHOW DOWN ***
[`-_-`]S48: shows [Th Qh] (high card Ace)
chinokevin13: shows [9c 9h] (three of a kind, Nines)
chinokevin13 collected $216.50 from pot
*** SUMMARY ***
Total pot $219 | Rake $2.50 
Board [As 9s 7h 4s 8d]
Seat 1: ka100pka527 folded before Flop (didn't bet)
Seat 2: [`-_-`]S48 showed [Th Qh] and lost with high card Ace
Seat 3: chinokevin13 showed [9c 9h] and won ($216.50) with three of a kind, Nines
Seat 4: mr.Jckpot (button) folded before Flop
Seat 5: magzi777 (small blind) folded before Flop
Seat 6: easy_sarcasm (big blind) folded before Flop



PokerStars Hand #254702312598:  Hold'em No Limit ($0.50/$1.00 USD) - 2025/02/04 14:04:35 WET [2025/02/04 9:04:35 ET]
Table 'Sulamitis' 6-max Seat #5 is the button
Seat 2: [`-_-`]S48 ($0 in chips) is sitting out
Seat 1: ka100pka527 ($144.06 in chips) 
Seat 3: chinokevin13 ($230.33 in chips) 
Seat 4: mr.Jckpot ($100 in chips) 
Seat 5: magzi777 ($136.67 in chips) 
Seat 6: easy_sarcasm ($149.01 in chips) 
easy_sarcasm: posts small blind $0.50
ka100pka527: posts big blind $1
*** HOLE CARDS ***
chinokevin13: folds 
mr.Jckpot: raises $1.50 to $2.50
magzi777: folds 
easy_sarcasm: folds 
ka100pka527: folds 
Uncalled bet ($1.50) returned to mr.Jckpot
mr.Jckpot collected $2.50 from pot
mr.Jckpot: doesn't show hand 
*** SUMMARY ***
Total pot $2.50 | Rake $0 
Seat 2: [`-_-`]S48
Seat 1: ka100pka527 (big blind) folded before Flop
Seat 3: chinokevin13 folded before Flop (didn't bet)
Seat 4: mr.Jckpot collected ($2.50)
Seat 5: magzi777 (button) folded before Flop (didn't bet)
Seat 6: easy_sarcasm (small blind) folded before Flop



PokerStars Hand #254702315403:  Hold'em No Limit ($0.50/$1.00 USD) - 2025/02/04 14:04:52 WET [2025/02/04 9:04:52 ET]
Table 'Sulamitis' 6-max Seat #6 is the button
Seat 1: ka100pka527 ($143.06 in chips) 
Seat 2: [`-_-`]S48 ($57.38 in chips) 
Seat 3: chinokevin13 ($230.33 in chips) 
Seat 4: mr.Jckpot ($101.50 in chips) 
Seat 5: magzi777 ($136.67 in chips) 
Seat 6: easy_sarcasm ($148.51 in chips) 
ka100pka527: posts small blind $0.50
[`-_-`]S48: posts big blind $1
*** HOLE CARDS ***
chinokevin13: raises $1.20 to $2.20
mr.Jckpot: folds 
magzi777: folds 
easy_sarcasm: folds 
ka100pka527: folds 
[`-_-`]S48: calls $1.20
*** FLOP *** [2h Kh 7c]
[`-_-`]S48: checks 
chinokevin13: bets $1.54
[`-_-`]S48: folds 
Uncalled bet ($1.54) returned to chinokevin13
chinokevin13 collected $4.66 from pot
chinokevin13: doesn't show hand 
*** SUMMARY ***
Total pot $4.90 | Rake $0.24 
Board [2h Kh 7c]
Seat 1: ka100pka527 (small blind) folded before Flop
Seat 2: [`-_-`]S48 (big blind) folded on the Flop
Seat 3: chinokevin13 collected ($4.66)
Seat 4: mr.Jckpot folded before Flop (didn't bet)
Seat 5: magzi777 folded before Flop (didn't bet)
Seat 6: easy_sarcasm (button) folded before Flop (didn't bet)



PokerStars Hand #254702321696:  Hold'em No Limit ($0.50/$1.00 USD) - 2025/02/04 14:05:29 WET [2025/02/04 9:05:29 ET]
Table 'Sulamitis' 6-max Seat #1 is the button
Seat 1: ka100pka527 ($142.56 in chips) 
Seat 2: [`-_-`]S48 ($55.18 in chips) 
Seat 3: chinokevin13 ($232.79 in chips) 
Seat 4: mr.Jckpot ($101.50 in chips) 
Seat 5: magzi777 ($136.67 in chips) 
Seat 6: easy_sarcasm ($148.51 in chips) 
[`-_-`]S48: posts small blind $0.50
chinokevin13: posts big blind $1
*** HOLE CARDS ***
mr.Jckpot: folds 
magzi777: raises $1.50 to $2.50
easy_sarcasm: folds 
ka100pka527: folds 
[`-_-`]S48: calls $2
chinokevin13: calls $1.50
*** FLOP *** [Qc Jd 2d]
[`-_-`]S48: checks 
chinokevin13: checks 
magzi777: bets $4.70
[`-_-`]S48: folds 
chinokevin13: folds 
Uncalled bet ($4.70) returned to magzi777
magzi777 collected $7.12 from pot
*** SUMMARY ***
Total pot $7.50 | Rake $0.38 
Board [Qc Jd 2d]
Seat 1: ka100pka527 (button) folded before Flop (didn't bet)
Seat 2: [`-_-`]S48 (small blind) folded on the Flop
Seat 3: chinokevin13 (big blind) folded on the Flop
Seat 4: mr.Jckpot folded before Flop (didn't bet)
Seat 5: magzi777 collected ($7.12)
Seat 6: easy_sarcasm folded before Flop (didn't bet)



PokerStars Hand #254702331359:  Hold'em No Limit ($0.50/$1.00 USD) - 2025/02/04 14:06:26 WET [2025/02/04 9:06:26 ET]
Table 'Sulamitis' 6-max Seat #2 is the button
Seat 4: mr.Jckpot ($101.50 in chips) is sitting out
Seat 1: ka100pka527 ($142.56 in chips) 
Seat 2: [`-_-`]S48 ($52.68 in chips) 
Seat 3: chinokevin13 ($230.29 in chips) 
Seat 5: magzi777 ($141.29 in chips) 
Seat 6: easy_sarcasm ($148.51 in chips) 
chinokevin13: posts small blind $0.50
magzi777: posts big blind $1
*** HOLE CARDS ***
easy_sarcasm: raises $2 to $3
ka100pka527: folds 
[`-_-`]S48: calls $3
chinokevin13: folds 
magzi777: calls $2
*** FLOP *** [Th Js Ts]
magzi777: checks 
easy_sarcasm: checks 
[`-_-`]S48: checks 
*** TURN *** [Th Js Ts] [8d]
magzi777: checks 
easy_sarcasm: bets $4.51
[`-_-`]S48: raises $4.51 to $9.02
magzi777: folds 
easy_sarcasm: calls $4.51
*** RIVER *** [Th Js Ts 8d] [5d]
easy_sarcasm: checks 
[`-_-`]S48: bets $13.08
easy_sarcasm: raises $28.78 to $41.86
[`-_-`]S48: calls $27.58 and is all-in
Uncalled bet ($1.20) returned to easy_sarcasm
*** SHOW DOWN ***
easy_sarcasm: shows [8s 8c] (a full house, Eights full of Tens)
[`-_-`]S48: shows [7d 9h] (a straight, Seven to Jack)
easy_sarcasm collected $106.36 from pot
*** SUMMARY ***
Total pot $108.86 | Rake $2.50 
Board [Th Js Ts 8d 5d]
Seat 4: mr.Jckpot
Seat 1: ka100pka527 folded before Flop (didn't bet)
Seat 2: [`-_-`]S48 (button) showed [7d 9h] and lost with a straight, Seven to Jack
Seat 3: chinokevin13 (small blind) folded before Flop
Seat 5: magzi777 (big blind) folded on the Turn
Seat 6: easy_sarcasm showed [8s 8c] and won ($106.36) with a full house, Eights full of Tens



PokerStars Hand #254702340461:  Hold'em No Limit ($0.50/$1.00 USD) - 2025/02/04 14:07:19 WET [2025/02/04 9:07:19 ET]
Table 'Sulamitis' 6-max Seat #3 is the button
Seat 2: [`-_-`]S48 ($0 in chips) is sitting out
Seat 4: mr.Jckpot ($101.50 in chips) is sitting out
Seat 1: ka100pka527 ($142.56 in chips) 
Seat 3: chinokevin13 ($229.79 in chips) 
Seat 5: magzi777 ($138.29 in chips) 
Seat 6: easy_sarcasm ($202.19 in chips) 
magzi777: posts small blind $0.50
easy_sarcasm: posts big blind $1
*** HOLE CARDS ***
ka100pka527: folds 
chinokevin13: folds 
magzi777: raises $2 to $3
easy_sarcasm: calls $2
*** FLOP *** [3d Ah 9d]
[`-_-`]S48 leaves the table
magzi777: checks 
easy_sarcasm: checks 
*** TURN *** [3d Ah 9d] [Th]
magzi777: bets $3.76
easy_sarcasm: calls $3.76
*** RIVER *** [3d Ah 9d Th] [4h]
magzi777: checks 
easy_sarcasm: checks 
*** SHOW DOWN ***
magzi777: shows [5c Ad] (a pair of Aces)
easy_sarcasm: mucks hand 
magzi777 collected $12.84 from pot
*** SUMMARY ***
Total pot $13.52 | Rake $0.68 
Board [3d Ah 9d Th 4h]
Seat 2: [`-_-`]S48
Seat 4: mr.Jckpot
Seat 1: ka100pka527 folded before Flop (didn't bet)
Seat 3: chinokevin13 (button) folded before Flop (didn't bet)
Seat 5: magzi777 (small blind) showed [5c Ad] and won ($12.84) with a pair of Aces
Seat 6: easy_sarcasm (big blind) mucked



PokerStars Hand #254702346280:  Hold'em No Limit ($0.50/$1.00 USD) - 2025/02/04 14:07:53 WET [2025/02/04 9:07:53 ET]
Table 'Sulamitis' 6-max Seat #5 is the button
Seat 4: mr.Jckpot ($101.50 in chips) is sitting out
Seat 1: ka100pka527 ($142.56 in chips) 
Seat 3: chinokevin13 ($229.79 in chips) 
Seat 5: magzi777 ($144.37 in chips) 
Seat 6: easy_sarcasm ($195.43 in chips) 
easy_sarcasm: posts small blind $0.50
ka100pka527: posts big blind $1
*** HOLE CARDS ***
mr.Jckpot leaves the table
chinokevin13: folds 
magzi777: folds 
easy_sarcasm: folds 
Uncalled bet ($0.50) returned to ka100pka527
ka100pka527 collected $1 from pot
ka100pka527: doesn't show hand 
BoyLoc0 joins the table at seat #4 
*** SUMMARY ***
Total pot $1 | Rake $0 
Seat 4: mr.Jckpot
Seat 1: ka100pka527 (big blind) collected ($1)
Seat 3: chinokevin13 folded before Flop (didn't bet)
Seat 5: magzi777 (button) folded before Flop (didn't bet)
Seat 6: easy_sarcasm (small blind) folded before Flop



PokerStars Hand #254702347610:  Hold'em No Limit ($0.50/$1.00 USD) - 2025/02/04 14:08:01 WET [2025/02/04 9:08:01 ET]
Table 'Sulamitis' 6-max Seat #6 is the button
Seat 3: chinokevin13 ($229.79 in chips) is sitting out
Seat 1: ka100pka527 ($143.06 in chips) 
Seat 4: BoyLoc0 ($100 in chips) 
Seat 5: magzi777 ($144.37 in chips) 
Seat 6: easy_sarcasm ($194.93 in chips) 
ka100pka527: posts small blind $0.50
chinokevin13: is sitting out 
BoyLoc0: posts big blind $1
*** HOLE CARDS ***
magzi777: folds 
chinokevin13 leaves the table
easy_sarcasm: folds 
ka100pka527: folds 
Uncalled bet ($0.50) returned to BoyLoc0
BoyLoc0 collected $1 from pot
BoyLoc0: doesn't show hand 
*** SUMMARY ***
Total pot $1 | Rake $0 
Seat 3: chinokevin13
Seat 1: ka100pka527 (small blind) folded before Flop
Seat 4: BoyLoc0 (big blind) collected ($1)
Seat 5: magzi777 folded before Flop (didn't bet)
Seat 6: easy_sarcasm (button) folded before Flop (didn't bet)



