PokerStars Hand #254702473699:  Hold'em No Limit ($0.50/$1.00 USD) - 2025/02/04 14:20:29 WET [2025/02/04 9:20:29 ET]
Table 'Bellerophon' 6-max Seat #3 is the button
Seat 1: Pippa83 ($139.57 in chips) 
Seat 2: mr.Jckpot ($101 in chips) 
Seat 3: raketkasix ($100 in chips) 
Seat 4: Pon4uk.ua ($100.50 in chips) 
Seat 5: gudrozd ($101.50 in chips) 
Seat 6: MCMXCXIX ($41.16 in chips) 
Pon4uk.ua: posts small blind $0.50
gudrozd: posts big blind $1
*** HOLE CARDS ***
MCMXCXIX: raises $1 to $2
Pippa83: folds 
mr.Jckpot: folds 
raketkasix: raises $5 to $7
Pon4uk.ua: folds 
gudrozd: folds 
MCMXCXIX: calls $5
*** FLOP *** [Tc 8s 5c]
MCMXCXIX: checks 
raketkasix: bets $4.86
MCMXCXIX: folds 
Uncalled bet ($4.86) returned to raketkasix
raketkasix collected $14.72 from pot
raketkasix: doesn't show hand 
*** SUMMARY ***
Total pot $15.50 | Rake $0.78 
Board [Tc 8s 5c]
Seat 1: Pippa83 folded before Flop (didn't bet)
Seat 2: mr.Jckpot folded before Flop (didn't bet)
Seat 3: raketkasix (button) collected ($14.72)
Seat 4: Pon4uk.ua (small blind) folded before Flop
Seat 5: gudrozd (big blind) folded before Flop
Seat 6: MCMXCXIX folded on the Flop



PokerStars Hand #254702480381:  Hold'em No Limit ($0.50/$1.00 USD) - 2025/02/04 14:21:08 WET [2025/02/04 9:21:08 ET]
Table 'Bellerophon' 6-max Seat #4 is the button
Seat 1: Pippa83 ($139.57 in chips) 
Seat 2: mr.Jckpot ($101 in chips) 
Seat 3: raketkasix ($107.72 in chips) 
Seat 4: Pon4uk.ua ($100 in chips) 
Seat 5: gudrozd ($100.50 in chips) 
Seat 6: MCMXCXIX ($34.16 in chips) 
gudrozd: posts small blind $0.50
MCMXCXIX: posts big blind $1
*** HOLE CARDS ***
Pippa83: raises $1.20 to $2.20
mr.Jckpot: folds 
raketkasix: folds 
Pon4uk.ua: folds 
gudrozd: folds 
MCMXCXIX: calls $1.20
*** FLOP *** [Qd 7s Ad]
MCMXCXIX: checks 
Pippa83: bets $1.54
MCMXCXIX: calls $1.54
*** TURN *** [Qd 7s Ad] [Qh]
MCMXCXIX: checks 
Pippa83: bets $3.50
MCMXCXIX: calls $3.50
*** RIVER *** [Qd 7s Ad Qh] [6d]
MCMXCXIX: checks 
Pippa83: checks 
*** SHOW DOWN ***
MCMXCXIX: shows [4s 7c] (two pair, Queens and Sevens)
Pippa83: mucks hand 
MCMXCXIX collected $14.23 from pot
*** SUMMARY ***
Total pot $14.98 | Rake $0.75 
Board [Qd 7s Ad Qh 6d]
Seat 1: Pippa83 mucked
Seat 2: mr.Jckpot folded before Flop (didn't bet)
Seat 3: raketkasix folded before Flop (didn't bet)
Seat 4: Pon4uk.ua (button) folded before Flop (didn't bet)
Seat 5: gudrozd (small blind) folded before Flop
Seat 6: MCMXCXIX (big blind) showed [4s 7c] and won ($14.23) with two pair, Queens and Sevens



PokerStars Hand #254702488626:  Hold'em No Limit ($0.50/$1.00 USD) - 2025/02/04 14:21:57 WET [2025/02/04 9:21:57 ET]
Table 'Bellerophon' 6-max Seat #5 is the button
Seat 1: Pippa83 ($132.33 in chips) 
Seat 2: mr.Jckpot ($101 in chips) 
Seat 3: raketkasix ($107.72 in chips) 
Seat 4: Pon4uk.ua ($100 in chips) 
Seat 5: gudrozd ($100 in chips) 
Seat 6: MCMXCXIX ($41.15 in chips) 
MCMXCXIX: posts small blind $0.50
Pippa83: posts big blind $1
*** HOLE CARDS ***
mr.Jckpot: folds 
raketkasix: folds 
Pon4uk.ua: folds 
gudrozd has timed out
gudrozd: folds 
MCMXCXIX: calls $0.50
Pippa83: raises $2.50 to $3.50
MCMXCXIX: calls $2.50
*** FLOP *** [9h 3d 8d]
MCMXCXIX: checks 
Pippa83: checks 
*** TURN *** [9h 3d 8d] [7c]
MCMXCXIX: checks 
Pippa83: bets $4
MCMXCXIX: folds 
Uncalled bet ($4) returned to Pippa83
Pippa83 collected $6.65 from pot
Pippa83: doesn't show hand 
*** SUMMARY ***
Total pot $7 | Rake $0.35 
Board [9h 3d 8d 7c]
Seat 1: Pippa83 (big blind) collected ($6.65)
Seat 2: mr.Jckpot folded before Flop (didn't bet)
Seat 3: raketkasix folded before Flop (didn't bet)
Seat 4: Pon4uk.ua folded before Flop (didn't bet)
Seat 5: gudrozd (button) folded before Flop (didn't bet)
Seat 6: MCMXCXIX (small blind) folded on the Turn



PokerStars Hand #254702496723:  Hold'em No Limit ($0.50/$1.00 USD) - 2025/02/04 14:22:45 WET [2025/02/04 9:22:45 ET]
Table 'Bellerophon' 6-max Seat #6 is the button
Seat 1: Pippa83 ($135.48 in chips) 
Seat 2: mr.Jckpot ($101 in chips) 
Seat 3: raketkasix ($107.72 in chips) 
Seat 4: Pon4uk.ua ($100 in chips) 
Seat 5: gudrozd ($100 in chips) 
Seat 6: MCMXCXIX ($37.65 in chips) 
Pippa83: posts small blind $0.50
mr.Jckpot: posts big blind $1
*** HOLE CARDS ***
raketkasix: folds 
Pon4uk.ua: folds 
gudrozd: folds 
MCMXCXIX: raises $2 to $3
Pippa83: folds 
mr.Jckpot: calls $2
*** FLOP *** [Th Qh 7s]
mr.Jckpot: checks 
MCMXCXIX: bets $2
mr.Jckpot: calls $2
*** TURN *** [Th Qh 7s] [Ad]
mr.Jckpot: checks 
MCMXCXIX: checks 
*** RIVER *** [Th Qh 7s Ad] [9s]
mr.Jckpot: checks 
MCMXCXIX: checks 
*** SHOW DOWN ***
mr.Jckpot: shows [Ts Kh] (a pair of Tens)
MCMXCXIX: shows [Jc Jh] (a pair of Jacks)
MCMXCXIX collected $9.98 from pot
*** SUMMARY ***
Total pot $10.50 | Rake $0.52 
Board [Th Qh 7s Ad 9s]
Seat 1: Pippa83 (small blind) folded before Flop
Seat 2: mr.Jckpot (big blind) showed [Ts Kh] and lost with a pair of Tens
Seat 3: raketkasix folded before Flop (didn't bet)
Seat 4: Pon4uk.ua folded before Flop (didn't bet)
Seat 5: gudrozd folded before Flop (didn't bet)
Seat 6: MCMXCXIX (button) showed [Jc Jh] and won ($9.98) with a pair of Jacks



PokerStars Hand #254702501806:  Hold'em No Limit ($0.50/$1.00 USD) - 2025/02/04 14:23:15 WET [2025/02/04 9:23:15 ET]
Table 'Bellerophon' 6-max Seat #1 is the button
Seat 1: Pippa83 ($134.98 in chips) 
Seat 2: mr.Jckpot ($100 in chips) 
Seat 3: raketkasix ($107.72 in chips) 
Seat 4: Pon4uk.ua ($100 in chips) 
Seat 5: gudrozd ($100 in chips) 
Seat 6: MCMXCXIX ($42.63 in chips) 
mr.Jckpot: posts small blind $0.50
raketkasix: posts big blind $1
*** HOLE CARDS ***
Pon4uk.ua: folds 
gudrozd: folds 
MCMXCXIX: raises $2 to $3
Pippa83: raises $6 to $9
mr.Jckpot: folds 
raketkasix: folds 
MCMXCXIX: calls $6
*** FLOP *** [Qc 8h 9d]
MCMXCXIX: checks 
Pippa83: bets $6.11
MCMXCXIX: raises $27.52 to $33.63 and is all-in
Pippa83: calls $27.52
MCMXCXIX has timed out
*** TURN *** [Qc 8h 9d] [Ah]
*** RIVER *** [Qc 8h 9d Ah] [2h]
*** SHOW DOWN ***
MCMXCXIX: shows [Qh Ac] (two pair, Aces and Queens)
Pippa83: shows [Kh Qs] (a pair of Queens)
MCMXCXIX collected $84.26 from pot
*** SUMMARY ***
Total pot $86.76 | Rake $2.50 
Board [Qc 8h 9d Ah 2h]
Seat 1: Pippa83 (button) showed [Kh Qs] and lost with a pair of Queens
Seat 2: mr.Jckpot (small blind) folded before Flop
Seat 3: raketkasix (big blind) folded before Flop
Seat 4: Pon4uk.ua folded before Flop (didn't bet)
Seat 5: gudrozd folded before Flop (didn't bet)
Seat 6: MCMXCXIX showed [Qh Ac] and won ($84.26) with two pair, Aces and Queens



PokerStars Hand #254702513030:  Hold'em No Limit ($0.50/$1.00 USD) - 2025/02/04 14:24:22 WET [2025/02/04 9:24:22 ET]
Table 'Bellerophon' 6-max Seat #2 is the button
Seat 1: Pippa83 ($100 in chips) 
Seat 2: mr.Jckpot ($100 in chips) 
Seat 3: raketkasix ($106.72 in chips) 
Seat 4: Pon4uk.ua ($100 in chips) 
Seat 5: gudrozd ($100 in chips) 
Seat 6: MCMXCXIX ($84.26 in chips) 
raketkasix: posts small blind $0.50
Pon4uk.ua: posts big blind $1
*** HOLE CARDS ***
gudrozd: folds 
MCMXCXIX: folds 
Pippa83: folds 
mr.Jckpot: folds 
raketkasix: raises $2 to $3
Pon4uk.ua: folds 
Uncalled bet ($2) returned to raketkasix
raketkasix collected $2 from pot
raketkasix: doesn't show hand 
*** SUMMARY ***
Total pot $2 | Rake $0 
Seat 1: Pippa83 folded before Flop (didn't bet)
Seat 2: mr.Jckpot (button) folded before Flop (didn't bet)
Seat 3: raketkasix (small blind) collected ($2)
Seat 4: Pon4uk.ua (big blind) folded before Flop
Seat 5: gudrozd folded before Flop (didn't bet)
Seat 6: MCMXCXIX folded before Flop (didn't bet)



PokerStars Hand #254702515724:  Hold'em No Limit ($0.50/$1.00 USD) - 2025/02/04 14:24:37 WET [2025/02/04 9:24:37 ET]
Table 'Bellerophon' 6-max Seat #3 is the button
Seat 1: Pippa83 ($100 in chips) 
Seat 2: mr.Jckpot ($100 in chips) 
Seat 3: raketkasix ($107.72 in chips) 
Seat 4: Pon4uk.ua ($100 in chips) 
Seat 5: gudrozd ($100 in chips) 
Seat 6: MCMXCXIX ($84.26 in chips) 
Pon4uk.ua: posts small blind $0.50
gudrozd: posts big blind $1
*** HOLE CARDS ***
MCMXCXIX: calls $1
Pippa83: raises $2.50 to $3.50
mr.Jckpot: folds 
raketkasix: folds 
Pon4uk.ua: folds 
gudrozd: folds 
MCMXCXIX: calls $2.50
*** FLOP *** [Tc Kd 3c]
MCMXCXIX: checks 
Pippa83: bets $4
MCMXCXIX: folds 
Uncalled bet ($4) returned to Pippa83
Pippa83 collected $8.08 from pot
Pippa83: doesn't show hand 
*** SUMMARY ***
Total pot $8.50 | Rake $0.42 
Board [Tc Kd 3c]
Seat 1: Pippa83 collected ($8.08)
Seat 2: mr.Jckpot folded before Flop (didn't bet)
Seat 3: raketkasix (button) folded before Flop (didn't bet)
Seat 4: Pon4uk.ua (small blind) folded before Flop
Seat 5: gudrozd (big blind) folded before Flop
Seat 6: MCMXCXIX folded on the Flop



PokerStars Hand #254702520018:  Hold'em No Limit ($0.50/$1.00 USD) - 2025/02/04 14:25:02 WET [2025/02/04 9:25:02 ET]
Table 'Bellerophon' 6-max Seat #4 is the button
Seat 1: Pippa83 ($104.58 in chips) 
Seat 2: mr.Jckpot ($100 in chips) 
Seat 3: raketkasix ($107.72 in chips) 
Seat 4: Pon4uk.ua ($100 in chips) 
Seat 5: gudrozd ($100 in chips) 
Seat 6: MCMXCXIX ($80.76 in chips) 
gudrozd: posts small blind $0.50
MCMXCXIX: posts big blind $1
*** HOLE CARDS ***
Pippa83: folds 
mr.Jckpot: folds 
raketkasix: folds 
Pon4uk.ua: raises $1.50 to $2.50
gudrozd: folds 
MCMXCXIX: calls $1.50
*** FLOP *** [2d Ts Qd]
MCMXCXIX: checks 
Pon4uk.ua: bets $1.72
MCMXCXIX: raises $1.72 to $3.44
Pon4uk.ua: calls $1.72
*** TURN *** [2d Ts Qd] [9d]
MCMXCXIX: bets $4
Pon4uk.ua: calls $4
*** RIVER *** [2d Ts Qd 9d] [As]
MCMXCXIX: bets $6
Pon4uk.ua: calls $6
*** SHOW DOWN ***
MCMXCXIX: shows [Qc Ac] (two pair, Aces and Queens)
Pon4uk.ua: mucks hand 
MCMXCXIX collected $30.76 from pot
*** SUMMARY ***
Total pot $32.38 | Rake $1.62 
Board [2d Ts Qd 9d As]
Seat 1: Pippa83 folded before Flop (didn't bet)
Seat 2: mr.Jckpot folded before Flop (didn't bet)
Seat 3: raketkasix folded before Flop (didn't bet)
Seat 4: Pon4uk.ua (button) mucked
Seat 5: gudrozd (small blind) folded before Flop
Seat 6: MCMXCXIX (big blind) showed [Qc Ac] and won ($30.76) with two pair, Aces and Queens



PokerStars Hand #254702525929:  Hold'em No Limit ($0.50/$1.00 USD) - 2025/02/04 14:25:37 WET [2025/02/04 9:25:37 ET]
Table 'Bellerophon' 6-max Seat #5 is the button
Seat 1: Pippa83 ($104.58 in chips) 
Seat 2: mr.Jckpot ($100 in chips) 
Seat 3: raketkasix ($107.72 in chips) 
Seat 4: Pon4uk.ua ($100 in chips) 
Seat 5: gudrozd ($100 in chips) 
Seat 6: MCMXCXIX ($95.58 in chips) 
MCMXCXIX: posts small blind $0.50
Pippa83: posts big blind $1
*** HOLE CARDS ***
mr.Jckpot: raises $1.50 to $2.50
raketkasix: folds 
Pon4uk.ua: folds 
gudrozd: folds 
MCMXCXIX: folds 
Pippa83: folds 
Uncalled bet ($1.50) returned to mr.Jckpot
mr.Jckpot collected $2.50 from pot
mr.Jckpot: doesn't show hand 
*** SUMMARY ***
Total pot $2.50 | Rake $0 
Seat 1: Pippa83 (big blind) folded before Flop
Seat 2: mr.Jckpot collected ($2.50)
Seat 3: raketkasix folded before Flop (didn't bet)
Seat 4: Pon4uk.ua folded before Flop (didn't bet)
Seat 5: gudrozd (button) folded before Flop (didn't bet)
Seat 6: MCMXCXIX (small blind) folded before Flop



PokerStars Hand #254702528185:  Hold'em No Limit ($0.50/$1.00 USD) - 2025/02/04 14:25:50 WET [2025/02/04 9:25:50 ET]
Table 'Bellerophon' 6-max Seat #6 is the button
Seat 1: Pippa83 ($103.58 in chips) 
Seat 2: mr.Jckpot ($101.50 in chips) 
Seat 3: raketkasix ($107.72 in chips) 
Seat 4: Pon4uk.ua ($100 in chips) 
Seat 5: gudrozd ($100 in chips) 
Seat 6: MCMXCXIX ($95.08 in chips) 
Pippa83: posts small blind $0.50
mr.Jckpot: posts big blind $1
*** HOLE CARDS ***
raketkasix: folds 
Pon4uk.ua: folds 
gudrozd: raises $1.50 to $2.50
MCMXCXIX: folds 
Pippa83: folds 
mr.Jckpot: folds 
Uncalled bet ($1.50) returned to gudrozd
gudrozd collected $2.50 from pot
gudrozd: doesn't show hand 
*** SUMMARY ***
Total pot $2.50 | Rake $0 
Seat 1: Pippa83 (small blind) folded before Flop
Seat 2: mr.Jckpot (big blind) folded before Flop
Seat 3: raketkasix folded before Flop (didn't bet)
Seat 4: Pon4uk.ua folded before Flop (didn't bet)
Seat 5: gudrozd collected ($2.50)
Seat 6: MCMXCXIX (button) folded before Flop (didn't bet)



PokerStars Hand #254702530503:  Hold'em No Limit ($0.50/$1.00 USD) - 2025/02/04 14:26:04 WET [2025/02/04 9:26:04 ET]
Table 'Bellerophon' 6-max Seat #1 is the button
Seat 1: Pippa83 ($103.08 in chips) 
Seat 2: mr.Jckpot ($100.50 in chips) 
Seat 3: raketkasix ($107.72 in chips) 
Seat 4: Pon4uk.ua ($100 in chips) 
Seat 5: gudrozd ($101.50 in chips) 
Seat 6: MCMXCXIX ($95.08 in chips) 
mr.Jckpot: posts small blind $0.50
raketkasix: posts big blind $1
*** HOLE CARDS ***
Pon4uk.ua: folds 
gudrozd: folds 
MCMXCXIX: calls $1
Pippa83: folds 
mr.Jckpot: folds 
raketkasix: checks 
*** FLOP *** [5h Jc 4c]
raketkasix: checks 
MCMXCXIX: checks 
*** TURN *** [5h Jc 4c] [5s]
raketkasix: checks 
MCMXCXIX: checks 
*** RIVER *** [5h Jc 4c 5s] [6c]
raketkasix: checks 
MCMXCXIX: checks 
*** SHOW DOWN ***
raketkasix: shows [3s Ac] (a pair of Fives)
MCMXCXIX: mucks hand 
raketkasix collected $2.38 from pot
*** SUMMARY ***
Total pot $2.50 | Rake $0.12 
Board [5h Jc 4c 5s 6c]
Seat 1: Pippa83 (button) folded before Flop (didn't bet)
Seat 2: mr.Jckpot (small blind) folded before Flop
Seat 3: raketkasix (big blind) showed [3s Ac] and won ($2.38) with a pair of Fives
Seat 4: Pon4uk.ua folded before Flop (didn't bet)
Seat 5: gudrozd folded before Flop (didn't bet)
Seat 6: MCMXCXIX mucked



PokerStars Hand #254702539993:  Hold'em No Limit ($0.50/$1.00 USD) - 2025/02/04 14:26:59 WET [2025/02/04 9:26:59 ET]
Table 'Bellerophon' 6-max Seat #2 is the button
Seat 1: Pippa83 ($103.08 in chips) 
Seat 2: mr.Jckpot ($100 in chips) 
Seat 3: raketkasix ($109.10 in chips) 
Seat 4: Pon4uk.ua ($100 in chips) 
Seat 5: gudrozd ($101.50 in chips) 
Seat 6: MCMXCXIX ($94.08 in chips) 
raketkasix: posts small blind $0.50
Pon4uk.ua: posts big blind $1
*** HOLE CARDS ***
gudrozd: raises $1.50 to $2.50
MCMXCXIX: folds 
Pippa83: folds 
mr.Jckpot: folds 
raketkasix: raises $8.50 to $11
Pon4uk.ua: folds 
MCMXCXIX leaves the table
gudrozd: folds 
Uncalled bet ($8.50) returned to raketkasix
raketkasix collected $6 from pot
raketkasix: doesn't show hand 
*** SUMMARY ***
Total pot $6 | Rake $0 
Seat 1: Pippa83 folded before Flop (didn't bet)
Seat 2: mr.Jckpot (button) folded before Flop (didn't bet)
Seat 3: raketkasix (small blind) collected ($6)
Seat 4: Pon4uk.ua (big blind) folded before Flop
Seat 5: gudrozd folded before Flop
Seat 6: MCMXCXIX folded before Flop (didn't bet)



PokerStars Hand #254702544594:  Hold'em No Limit ($0.50/$1.00 USD) - 2025/02/04 14:27:26 WET [2025/02/04 9:27:26 ET]
Table 'Bellerophon' 6-max Seat #3 is the button
Seat 1: Pippa83 ($103.08 in chips) 
Seat 2: mr.Jckpot ($100 in chips) 
Seat 3: raketkasix ($112.60 in chips) 
Seat 4: Pon4uk.ua ($100 in chips) 
Seat 5: gudrozd ($100 in chips) 
Pon4uk.ua: posts small blind $0.50
gudrozd: posts big blind $1
*** HOLE CARDS ***
Pippa83: folds 
mr.Jckpot: raises $1.50 to $2.50
raketkasix: folds 
Pon4uk.ua: raises $8.50 to $11
gudrozd: folds 
mr.Jckpot: folds 
Uncalled bet ($8.50) returned to Pon4uk.ua
gudrozd leaves the table
Pon4uk.ua collected $6 from pot
Pon4uk.ua: doesn't show hand 
*** SUMMARY ***
Total pot $6 | Rake $0 
Seat 1: Pippa83 folded before Flop (didn't bet)
Seat 2: mr.Jckpot folded before Flop
Seat 3: raketkasix (button) folded before Flop (didn't bet)
Seat 4: Pon4uk.ua (small blind) collected ($6)
Seat 5: gudrozd (big blind) folded before Flop



