PokerStars Hand #254708987307:  Hold'em No Limit ($0.50/$1.00 USD) - 2025/02/04 21:22:41 WET [2025/02/04 16:22:41 ET]
Table 'Thais' 6-max Seat #1 is the button
Seat 3: Supermegopro ($100 in chips) is sitting out
Seat 1: nikalas22 ($100 in chips) 
Seat 5: I TAKE IT 85 ($100 in chips) 
nikalas22: posts small blind $0.50
I TAKE IT 85: posts big blind $1
*** HOLE CARDS ***
nikalas22: folds 
Uncalled bet ($0.50) returned to I TAKE IT 85
I TAKE IT 85 collected $1 from pot
I TAKE IT 85: doesn't show hand 
*** SUMMARY ***
Total pot $1 | Rake $0 
Seat 3: Supermegopro
Seat 1: nikalas22 (button) (small blind) folded before Flop
Seat 5: I TAKE IT 85 (big blind) collected ($1)



PokerStars Hand #254708990008:  Hold'em No Limit ($0.50/$1.00 USD) - 2025/02/04 21:22:49 WET [2025/02/04 16:22:49 ET]
Table 'Thais' 6-max Seat #5 is the button
Seat 1: nikalas22 ($100 in chips) 
Seat 3: Supermegopro ($100 in chips) 
Seat 5: I TAKE IT 85 ($100.50 in chips) 
nikalas22: posts small blind $0.50
Supermegopro: posts big blind $1
*** HOLE CARDS ***
I TAKE IT 85: raises $1.05 to $2.05
nikalas22: folds 
Supermegopro: folds 
Uncalled bet ($1.05) returned to I TAKE IT 85
I TAKE IT 85 collected $2.50 from pot
I TAKE IT 85: doesn't show hand 
*** SUMMARY ***
Total pot $2.50 | Rake $0 
Seat 1: nikalas22 (small blind) folded before Flop
Seat 3: Supermegopro (big blind) folded before Flop
Seat 5: I TAKE IT 85 (button) collected ($2.50)



PokerStars Hand #254708993034:  Hold'em No Limit ($0.50/$1.00 USD) - 2025/02/04 21:22:58 WET [2025/02/04 16:22:58 ET]
Table 'Thais' 6-max Seat #1 is the button
Seat 1: nikalas22 ($100 in chips) 
Seat 3: Supermegopro ($100 in chips) 
Seat 5: I TAKE IT 85 ($102 in chips) 
Supermegopro: posts small blind $0.50
I TAKE IT 85: posts big blind $1
*** HOLE CARDS ***
nikalas22: folds 
Supermegopro: folds 
Uncalled bet ($0.50) returned to I TAKE IT 85
I TAKE IT 85 collected $1 from pot
I TAKE IT 85: doesn't show hand 
*** SUMMARY ***
Total pot $1 | Rake $0 
Seat 1: nikalas22 (button) folded before Flop (didn't bet)
Seat 3: Supermegopro (small blind) folded before Flop
Seat 5: I TAKE IT 85 (big blind) collected ($1)



PokerStars Hand #254708996244:  Hold'em No Limit ($0.50/$1.00 USD) - 2025/02/04 21:23:07 WET [2025/02/04 16:23:07 ET]
Table 'Thais' 6-max Seat #3 is the button
Seat 1: nikalas22 ($100 in chips) 
Seat 3: Supermegopro ($100 in chips) 
Seat 5: I TAKE IT 85 ($102.50 in chips) 
I TAKE IT 85: posts small blind $0.50
nikalas22: posts big blind $1
*** HOLE CARDS ***
Supermegopro: raises $1.50 to $2.50
I TAKE IT 85: folds 
nikalas22: folds 
Uncalled bet ($1.50) returned to Supermegopro
Supermegopro collected $2.50 from pot
Supermegopro: doesn't show hand 
*** SUMMARY ***
Total pot $2.50 | Rake $0 
Seat 1: nikalas22 (big blind) folded before Flop
Seat 3: Supermegopro (button) collected ($2.50)
Seat 5: I TAKE IT 85 (small blind) folded before Flop



PokerStars Hand #254709004136:  Hold'em No Limit ($0.50/$1.00 USD) - 2025/02/04 21:23:31 WET [2025/02/04 16:23:31 ET]
Table 'Thais' 6-max Seat #5 is the button
Seat 1: nikalas22 ($100 in chips) 
Seat 3: Supermegopro ($101.50 in chips) 
Seat 5: I TAKE IT 85 ($102 in chips) 
nikalas22: posts small blind $0.50
Supermegopro: posts big blind $1
*** HOLE CARDS ***
I TAKE IT 85: folds 
nikalas22: folds 
Uncalled bet ($0.50) returned to Supermegopro
Supermegopro collected $1 from pot
Supermegopro: doesn't show hand 
*** SUMMARY ***
Total pot $1 | Rake $0 
Seat 1: nikalas22 (small blind) folded before Flop
Seat 3: Supermegopro (big blind) collected ($1)
Seat 5: I TAKE IT 85 (button) folded before Flop (didn't bet)



PokerStars Hand #254709007076:  Hold'em No Limit ($0.50/$1.00 USD) - 2025/02/04 21:23:40 WET [2025/02/04 16:23:40 ET]
Table 'Thais' 6-max Seat #1 is the button
Seat 1: nikalas22 ($100 in chips) 
Seat 3: Supermegopro ($102 in chips) 
Seat 5: I TAKE IT 85 ($102 in chips) 
Supermegopro: posts small blind $0.50
I TAKE IT 85: posts big blind $1
*** HOLE CARDS ***
nikalas22: folds 
Supermegopro: raises $2 to $3
I TAKE IT 85: folds 
Uncalled bet ($2) returned to Supermegopro
Supermegopro collected $2 from pot
Supermegopro: doesn't show hand 
*** SUMMARY ***
Total pot $2 | Rake $0 
Seat 1: nikalas22 (button) folded before Flop (didn't bet)
Seat 3: Supermegopro (small blind) collected ($2)
Seat 5: I TAKE IT 85 (big blind) folded before Flop



PokerStars Hand #254709010536:  Hold'em No Limit ($0.50/$1.00 USD) - 2025/02/04 21:23:51 WET [2025/02/04 16:23:51 ET]
Table 'Thais' 6-max Seat #3 is the button
Seat 1: nikalas22 ($100 in chips) 
Seat 3: Supermegopro ($103 in chips) 
Seat 5: I TAKE IT 85 ($101 in chips) 
I TAKE IT 85: posts small blind $0.50
nikalas22: posts big blind $1
*** HOLE CARDS ***
Supermegopro: folds 
I TAKE IT 85: folds 
Uncalled bet ($0.50) returned to nikalas22
nikalas22 collected $1 from pot
nikalas22: doesn't show hand 
*** SUMMARY ***
Total pot $1 | Rake $0 
Seat 1: nikalas22 (big blind) collected ($1)
Seat 3: Supermegopro (button) folded before Flop (didn't bet)
Seat 5: I TAKE IT 85 (small blind) folded before Flop



PokerStars Hand #254709013136:  Hold'em No Limit ($0.50/$1.00 USD) - 2025/02/04 21:23:58 WET [2025/02/04 16:23:58 ET]
Table 'Thais' 6-max Seat #5 is the button
Seat 1: nikalas22 ($100.50 in chips) 
Seat 3: Supermegopro ($103 in chips) 
Seat 5: I TAKE IT 85 ($100.50 in chips) 
nikalas22: posts small blind $0.50
Supermegopro: posts big blind $1
*** HOLE CARDS ***
I TAKE IT 85: folds 
nikalas22: folds 
Uncalled bet ($0.50) returned to Supermegopro
Supermegopro collected $1 from pot
Supermegopro: doesn't show hand 
*** SUMMARY ***
Total pot $1 | Rake $0 
Seat 1: nikalas22 (small blind) folded before Flop
Seat 3: Supermegopro (big blind) collected ($1)
Seat 5: I TAKE IT 85 (button) folded before Flop (didn't bet)



PokerStars Hand #254709016599:  Hold'em No Limit ($0.50/$1.00 USD) - 2025/02/04 21:24:08 WET [2025/02/04 16:24:08 ET]
Table 'Thais' 6-max Seat #1 is the button
Seat 1: nikalas22 ($100 in chips) 
Seat 3: Supermegopro ($103.50 in chips) 
Seat 5: I TAKE IT 85 ($100.50 in chips) 
Supermegopro: posts small blind $0.50
I TAKE IT 85: posts big blind $1
*** HOLE CARDS ***
nikalas22: raises $1.20 to $2.20
Supermegopro: raises $10.80 to $13
I TAKE IT 85: folds 
nikalas22: folds 
Uncalled bet ($10.80) returned to Supermegopro
Supermegopro collected $5.40 from pot
Supermegopro: doesn't show hand 
*** SUMMARY ***
Total pot $5.40 | Rake $0 
Seat 1: nikalas22 (button) folded before Flop
Seat 3: Supermegopro (small blind) collected ($5.40)
Seat 5: I TAKE IT 85 (big blind) folded before Flop



PokerStars Hand #254709021482:  Hold'em No Limit ($0.50/$1.00 USD) - 2025/02/04 21:24:23 WET [2025/02/04 16:24:23 ET]
Table 'Thais' 6-max Seat #3 is the button
Seat 1: nikalas22 ($100 in chips) 
Seat 3: Supermegopro ($106.70 in chips) 
Seat 5: I TAKE IT 85 ($100 in chips) 
I TAKE IT 85: posts small blind $0.50
nikalas22: posts big blind $1
*** HOLE CARDS ***
Supermegopro: folds 
I TAKE IT 85: calls $0.50
nikalas22: checks 
*** FLOP *** [2c 7s As]
I TAKE IT 85: checks 
nikalas22: bets $1.43
I TAKE IT 85: folds 
Uncalled bet ($1.43) returned to nikalas22
nikalas22 collected $1.90 from pot
nikalas22: doesn't show hand 
*** SUMMARY ***
Total pot $2 | Rake $0.10 
Board [2c 7s As]
Seat 1: nikalas22 (big blind) collected ($1.90)
Seat 3: Supermegopro (button) folded before Flop (didn't bet)
Seat 5: I TAKE IT 85 (small blind) folded on the Flop



PokerStars Hand #254709030283:  Hold'em No Limit ($0.50/$1.00 USD) - 2025/02/04 21:24:50 WET [2025/02/04 16:24:50 ET]
Table 'Thais' 6-max Seat #5 is the button
Seat 1: nikalas22 ($100.90 in chips) 
Seat 3: Supermegopro ($106.70 in chips) 
Seat 5: I TAKE IT 85 ($100 in chips) 
nikalas22: posts small blind $0.50
Supermegopro: posts big blind $1
*** HOLE CARDS ***
I TAKE IT 85: raises $1.05 to $2.05
nikalas22: folds 
Supermegopro: calls $1.05
*** FLOP *** [8h 3h 3s]
Supermegopro: checks 
I TAKE IT 85: checks 
*** TURN *** [8h 3h 3s] [6h]
Supermegopro: bets $2.91
I TAKE IT 85: folds 
Uncalled bet ($2.91) returned to Supermegopro
Supermegopro collected $4.37 from pot
Supermegopro: doesn't show hand 
*** SUMMARY ***
Total pot $4.60 | Rake $0.23 
Board [8h 3h 3s 6h]
Seat 1: nikalas22 (small blind) folded before Flop
Seat 3: Supermegopro (big blind) collected ($4.37)
Seat 5: I TAKE IT 85 (button) folded on the Turn



PokerStars Hand #254709041381:  Hold'em No Limit ($0.50/$1.00 USD) - 2025/02/04 21:25:23 WET [2025/02/04 16:25:23 ET]
Table 'Thais' 6-max Seat #1 is the button
Seat 1: nikalas22 ($100.40 in chips) 
Seat 3: Supermegopro ($109.02 in chips) 
Seat 5: I TAKE IT 85 ($100 in chips) 
Supermegopro: posts small blind $0.50
I TAKE IT 85: posts big blind $1
*** HOLE CARDS ***
nikalas22: raises $1.20 to $2.20
Supermegopro: folds 
I TAKE IT 85: folds 
Uncalled bet ($1.20) returned to nikalas22
nikalas22 collected $2.50 from pot
nikalas22: doesn't show hand 
*** SUMMARY ***
Total pot $2.50 | Rake $0 
Seat 1: nikalas22 (button) collected ($2.50)
Seat 3: Supermegopro (small blind) folded before Flop
Seat 5: I TAKE IT 85 (big blind) folded before Flop



PokerStars Hand #254709044401:  Hold'em No Limit ($0.50/$1.00 USD) - 2025/02/04 21:25:33 WET [2025/02/04 16:25:33 ET]
Table 'Thais' 6-max Seat #3 is the button
Seat 1: nikalas22 ($101.90 in chips) 
Seat 3: Supermegopro ($108.52 in chips) 
Seat 5: I TAKE IT 85 ($100 in chips) 
I TAKE IT 85: posts small blind $0.50
nikalas22: posts big blind $1
*** HOLE CARDS ***
Supermegopro: raises $1.50 to $2.50
I TAKE IT 85: folds 
nikalas22: folds 
Uncalled bet ($1.50) returned to Supermegopro
Supermegopro collected $2.50 from pot
Supermegopro: doesn't show hand 
*** SUMMARY ***
Total pot $2.50 | Rake $0 
Seat 1: nikalas22 (big blind) folded before Flop
Seat 3: Supermegopro (button) collected ($2.50)
Seat 5: I TAKE IT 85 (small blind) folded before Flop



PokerStars Hand #254709050139:  Hold'em No Limit ($0.50/$1.00 USD) - 2025/02/04 21:25:50 WET [2025/02/04 16:25:50 ET]
Table 'Thais' 6-max Seat #5 is the button
Seat 1: nikalas22 ($100.90 in chips) 
Seat 3: Supermegopro ($110.02 in chips) 
Seat 5: I TAKE IT 85 ($100 in chips) 
nikalas22: posts small blind $0.50
Supermegopro: posts big blind $1
*** HOLE CARDS ***
I TAKE IT 85: raises $1.05 to $2.05
nikalas22: folds 
Supermegopro: raises $10.95 to $13
blistein joins the table at seat #6 
I TAKE IT 85: raises $13.65 to $26.65
G.Andrei95 joins the table at seat #2 
Supermegopro: raises $83.37 to $110.02 and is all-in
I TAKE IT 85: calls $73.35 and is all-in
Uncalled bet ($10.02) returned to Supermegopro
*** FLOP *** [Jh 9d Tc]
*** TURN *** [Jh 9d Tc] [5h]
*** RIVER *** [Jh 9d Tc 5h] [2c]
*** SHOW DOWN ***
Supermegopro: shows [Qs Qh] (a pair of Queens)
I TAKE IT 85: shows [As Ks] (high card Ace)
Supermegopro collected $199.50 from pot
*** SUMMARY ***
Total pot $200.50 | Rake $1 
Board [Jh 9d Tc 5h 2c]
Seat 1: nikalas22 (small blind) folded before Flop
Seat 3: Supermegopro (big blind) showed [Qs Qh] and won ($199.50) with a pair of Queens
Seat 5: I TAKE IT 85 (button) showed [As Ks] and lost with high card Ace



PokerStars Hand #254709063555:  Hold'em No Limit ($0.50/$1.00 USD) - 2025/02/04 21:26:31 WET [2025/02/04 16:26:31 ET]
Table 'Thais' 6-max Seat #1 is the button
Seat 2: G.Andrei95 ($100 in chips) is sitting out
Seat 1: nikalas22 ($100.40 in chips) 
Seat 5: I TAKE IT 85 ($100 in chips) 
Seat 6: blistein ($100 in chips) 
I TAKE IT 85: posts small blind $0.50
blistein: posts big blind $1
*** HOLE CARDS ***
nikalas22: folds 
I TAKE IT 85: raises $2 to $3
vladnevodar joins the table at seat #4 
blistein: raises $7 to $10
I TAKE IT 85: folds 
Uncalled bet ($7) returned to blistein
blistein collected $6 from pot
blistein: doesn't show hand 
*** SUMMARY ***
Total pot $6 | Rake $0 
Seat 2: G.Andrei95
Seat 1: nikalas22 (button) folded before Flop (didn't bet)
Seat 5: I TAKE IT 85 (small blind) folded before Flop
Seat 6: blistein (big blind) collected ($6)



PokerStars Hand #254709072029:  Hold'em No Limit ($0.50/$1.00 USD) - 2025/02/04 21:26:57 WET [2025/02/04 16:26:57 ET]
Table 'Thais' 6-max Seat #5 is the button
Seat 2: G.Andrei95 ($100 in chips) is sitting out
Seat 1: nikalas22 ($100.40 in chips) 
Seat 4: vladnevodar ($100 in chips) 
Seat 5: I TAKE IT 85 ($100 in chips) 
Seat 6: blistein ($103 in chips) 
blistein: posts small blind $0.50
nikalas22: posts big blind $1
G.Andrei95: sits out 
vladnevodar: posts big blind $1
*** HOLE CARDS ***
vladnevodar: checks 
I TAKE IT 85: folds 
blistein: folds 
nikalas22: checks 
*** FLOP *** [Tc 7d 9d]
nikalas22: checks 
Mr_Dick666 joins the table at seat #3 
vladnevodar: bets $5
nikalas22: calls $5
*** TURN *** [Tc 7d 9d] [Td]
nikalas22: checks 
vladnevodar: checks 
*** RIVER *** [Tc 7d 9d Td] [5s]
nikalas22: bets $8.91
vladnevodar: raises $16.09 to $25
nikalas22: calls $16.09
*** SHOW DOWN ***
vladnevodar: shows [8s 5d] (two pair, Tens and Fives)
nikalas22: shows [Jh 8c] (a straight, Seven to Jack)
nikalas22 collected $61.50 from pot
*** SUMMARY ***
Total pot $62.50 | Rake $1 
Board [Tc 7d 9d Td 5s]
Seat 2: G.Andrei95
Seat 1: nikalas22 (big blind) showed [Jh 8c] and won ($61.50) with a straight, Seven to Jack
Seat 4: vladnevodar showed [8s 5d] and lost with two pair, Tens and Fives
Seat 5: I TAKE IT 85 (button) folded before Flop (didn't bet)
Seat 6: blistein (small blind) folded before Flop



PokerStars Hand #254709084402:  Hold'em No Limit ($0.50/$1.00 USD) - 2025/02/04 21:27:35 WET [2025/02/04 16:27:35 ET]
Table 'Thais' 6-max Seat #6 is the button
Seat 3: Mr_Dick666 ($100 in chips) is sitting out
Seat 1: nikalas22 ($130.90 in chips) 
Seat 2: G.Andrei95 ($100 in chips) 
Seat 4: vladnevodar ($69 in chips) 
Seat 5: I TAKE IT 85 ($100 in chips) 
Seat 6: blistein ($102.50 in chips) 
nikalas22: posts small blind $0.50
G.Andrei95: posts big blind $1
Mr_Dick666: sits out 
*** HOLE CARDS ***
vladnevodar: calls $1
I TAKE IT 85: raises $3.15 to $4.15
blistein: folds 
nikalas22: folds 
G.Andrei95: folds 
vladnevodar: calls $3.15
*** FLOP *** [2c 7d 4h]
vladnevodar: checks 
I TAKE IT 85: bets $4.66
vladnevodar: raises $4.66 to $9.32
I TAKE IT 85: calls $4.66
*** TURN *** [2c 7d 4h] [6c]
vladnevodar: bets $55.53 and is all-in
I TAKE IT 85: folds 
Uncalled bet ($55.53) returned to vladnevodar
vladnevodar collected $26.66 from pot
vladnevodar: doesn't show hand 
*** SUMMARY ***
Total pot $28.44 | Rake $1.78 
Board [2c 7d 4h 6c]
Seat 3: Mr_Dick666
Seat 1: nikalas22 (small blind) folded before Flop
Seat 2: G.Andrei95 (big blind) folded before Flop
Seat 4: vladnevodar collected ($26.66)
Seat 5: I TAKE IT 85 folded on the Turn
Seat 6: blistein (button) folded before Flop (didn't bet)



PokerStars Hand #254709099776:  Hold'em No Limit ($0.50/$1.00 USD) - 2025/02/04 21:28:21 WET [2025/02/04 16:28:21 ET]
Table 'Thais' 6-max Seat #1 is the button
Seat 1: nikalas22 ($130.40 in chips) 
Seat 2: G.Andrei95 ($100 in chips) 
Seat 3: Mr_Dick666 ($100 in chips) 
Seat 4: vladnevodar ($82.19 in chips) 
Seat 5: I TAKE IT 85 ($100 in chips) 
Seat 6: blistein ($102.50 in chips) 
G.Andrei95: posts small blind $0.50
Mr_Dick666: posts big blind $1
*** HOLE CARDS ***
vladnevodar: calls $1
I TAKE IT 85: folds 
blistein: folds 
nikalas22: raises $3.50 to $4.50
G.Andrei95: folds 
Mr_Dick666: folds 
vladnevodar: calls $3.50
*** FLOP *** [5s 4h 6s]
vladnevodar: checks 
nikalas22: checks 
*** TURN *** [5s 4h 6s] [8d]
vladnevodar: checks 
nikalas22: checks 
*** RIVER *** [5s 4h 6s 8d] [5d]
vladnevodar: bets $5
nikalas22: calls $5
*** SHOW DOWN ***
vladnevodar: shows [Qd 3h] (a pair of Fives)
nikalas22: shows [Kh Ks] (two pair, Kings and Fives)
nikalas22 collected $19.48 from pot
*** SUMMARY ***
Total pot $20.50 | Rake $1.02 
Board [5s 4h 6s 8d 5d]
Seat 1: nikalas22 (button) showed [Kh Ks] and won ($19.48) with two pair, Kings and Fives
Seat 2: G.Andrei95 (small blind) folded before Flop
Seat 3: Mr_Dick666 (big blind) folded before Flop
Seat 4: vladnevodar showed [Qd 3h] and lost with a pair of Fives
Seat 5: I TAKE IT 85 folded before Flop (didn't bet)
Seat 6: blistein folded before Flop (didn't bet)



PokerStars Hand #254709113404:  Hold'em No Limit ($0.50/$1.00 USD) - 2025/02/04 21:29:03 WET [2025/02/04 16:29:03 ET]
Table 'Thais' 6-max Seat #2 is the button
Seat 1: nikalas22 ($140.38 in chips) 
Seat 2: G.Andrei95 ($100 in chips) 
Seat 3: Mr_Dick666 ($100 in chips) 
Seat 4: vladnevodar ($72.69 in chips) 
Seat 5: I TAKE IT 85 ($100 in chips) 
Seat 6: blistein ($102.50 in chips) 
Mr_Dick666: posts small blind $0.50
vladnevodar: posts big blind $1
*** HOLE CARDS ***
I TAKE IT 85: folds 
blistein: folds 
nikalas22: folds 
G.Andrei95: folds 
Mr_Dick666: raises $2 to $3
vladnevodar: calls $2
*** FLOP *** [9s Js Kh]
Mr_Dick666: checks 
vladnevodar: checks 
*** TURN *** [9s Js Kh] [7d]
Mr_Dick666: bets $6.55
vladnevodar: calls $6.55
*** RIVER *** [9s Js Kh 7d] [3c]
Mr_Dick666: bets $12.15
vladnevodar: calls $12.15
*** SHOW DOWN ***
Mr_Dick666: shows [8s 6s] (high card King)
vladnevodar: shows [6h 7s] (a pair of Sevens)
vladnevodar collected $40.69 from pot
*** SUMMARY ***
Total pot $43.40 | Rake $2.71 
Board [9s Js Kh 7d 3c]
Seat 1: nikalas22 folded before Flop (didn't bet)
Seat 2: G.Andrei95 (button) folded before Flop (didn't bet)
Seat 3: Mr_Dick666 (small blind) showed [8s 6s] and lost with high card King
Seat 4: vladnevodar (big blind) showed [6h 7s] and won ($40.69) with a pair of Sevens
Seat 5: I TAKE IT 85 folded before Flop (didn't bet)
Seat 6: blistein folded before Flop (didn't bet)



PokerStars Hand #254709125891:  Hold'em No Limit ($0.50/$1.00 USD) - 2025/02/04 21:29:42 WET [2025/02/04 16:29:42 ET]
Table 'Thais' 6-max Seat #3 is the button
Seat 1: nikalas22 ($140.38 in chips) 
Seat 2: G.Andrei95 ($100 in chips) 
Seat 3: Mr_Dick666 ($100 in chips) 
Seat 4: vladnevodar ($91.68 in chips) 
Seat 5: I TAKE IT 85 ($100 in chips) 
Seat 6: blistein ($102.50 in chips) 
vladnevodar: posts small blind $0.50
I TAKE IT 85: posts big blind $1
*** HOLE CARDS ***
blistein: folds 
blistein leaves the table
nikalas22: raises $1.20 to $2.20
G.Andrei95: folds 
Mr_Dick666: folds 
vladnevodar: calls $1.70
I TAKE IT 85: raises $11.80 to $14
nikalas22: folds 
vladnevodar: folds 
Uncalled bet ($11.80) returned to I TAKE IT 85
I TAKE IT 85 collected $6.60 from pot
I TAKE IT 85: doesn't show hand 
*** SUMMARY ***
Total pot $6.60 | Rake $0 
Seat 1: nikalas22 folded before Flop
Seat 2: G.Andrei95 folded before Flop (didn't bet)
Seat 3: Mr_Dick666 (button) folded before Flop (didn't bet)
Seat 4: vladnevodar (small blind) folded before Flop
Seat 5: I TAKE IT 85 (big blind) collected ($6.60)
Seat 6: blistein folded before Flop (didn't bet)



PokerStars Hand #254709133268:  Hold'em No Limit ($0.50/$1.00 USD) - 2025/02/04 21:30:04 WET [2025/02/04 16:30:04 ET]
Table 'Thais' 6-max Seat #4 is the button
Seat 1: nikalas22 ($138.18 in chips) 
Seat 2: G.Andrei95 ($100 in chips) 
Seat 3: Mr_Dick666 ($100 in chips) 
Seat 4: vladnevodar ($89.48 in chips) 
Seat 5: I TAKE IT 85 ($104.40 in chips) 
I TAKE IT 85: posts small blind $0.50
nikalas22: posts big blind $1
*** HOLE CARDS ***
G.Andrei95: folds 
IREQO joins the table at seat #6 
Mr_Dick666: folds 
vladnevodar: calls $1
I TAKE IT 85: raises $4 to $5
nikalas22: folds 
vladnevodar: folds 
Uncalled bet ($4) returned to I TAKE IT 85
I TAKE IT 85 collected $3 from pot
I TAKE IT 85: doesn't show hand 
*** SUMMARY ***
Total pot $3 | Rake $0 
Seat 1: nikalas22 (big blind) folded before Flop
Seat 2: G.Andrei95 folded before Flop (didn't bet)
Seat 3: Mr_Dick666 folded before Flop (didn't bet)
Seat 4: vladnevodar (button) folded before Flop
Seat 5: I TAKE IT 85 (small blind) collected ($3)



PokerStars Hand #254709140754:  Hold'em No Limit ($0.50/$1.00 USD) - 2025/02/04 21:30:27 WET [2025/02/04 16:30:27 ET]
Table 'Thais' 6-max Seat #5 is the button
Seat 6: IREQO ($98.27 in chips) is sitting out
Seat 1: nikalas22 ($137.18 in chips) 
Seat 2: G.Andrei95 ($100 in chips) 
Seat 3: Mr_Dick666 ($100 in chips) 
Seat 4: vladnevodar ($88.48 in chips) 
Seat 5: I TAKE IT 85 ($106.40 in chips) 
nikalas22: posts small blind $0.50
G.Andrei95: posts big blind $1
*** HOLE CARDS ***
Mr_Dick666: folds 
vladnevodar: raises $4 to $5
I TAKE IT 85: folds 
nikalas22: folds 
G.Andrei95: folds 
Uncalled bet ($4) returned to vladnevodar
vladnevodar collected $2.50 from pot
vladnevodar: doesn't show hand 
*** SUMMARY ***
Total pot $2.50 | Rake $0 
Seat 6: IREQO
Seat 1: nikalas22 (small blind) folded before Flop
Seat 2: G.Andrei95 (big blind) folded before Flop
Seat 3: Mr_Dick666 folded before Flop (didn't bet)
Seat 4: vladnevodar collected ($2.50)
Seat 5: I TAKE IT 85 (button) folded before Flop (didn't bet)



PokerStars Hand #254709144768:  Hold'em No Limit ($0.50/$1.00 USD) - 2025/02/04 21:30:39 WET [2025/02/04 16:30:39 ET]
Table 'Thais' 6-max Seat #1 is the button
Seat 6: IREQO ($98.27 in chips) is sitting out
Seat 1: nikalas22 ($136.68 in chips) 
Seat 2: G.Andrei95 ($100 in chips) 
Seat 3: Mr_Dick666 ($100 in chips) 
Seat 4: vladnevodar ($89.98 in chips) 
Seat 5: I TAKE IT 85 ($106.40 in chips) 
G.Andrei95: posts small blind $0.50
Mr_Dick666: posts big blind $1
IREQO: sits out 
*** HOLE CARDS ***
vladnevodar: raises $4 to $5
I TAKE IT 85: raises $7 to $12
nikalas22: folds 
G.Andrei95: folds 
Mr_Dick666: folds 
vladnevodar: calls $7
*** FLOP *** [6d 9s 2h]
vladnevodar: checks 
I TAKE IT 85: checks 
*** TURN *** [6d 9s 2h] [Ks]
vladnevodar: bets $10
I TAKE IT 85: raises $84.40 to $94.40 and is all-in
vladnevodar: folds 
Uncalled bet ($84.40) returned to I TAKE IT 85
I TAKE IT 85 collected $43.22 from pot
I TAKE IT 85: doesn't show hand 
*** SUMMARY ***
Total pot $45.50 | Rake $2.28 
Board [6d 9s 2h Ks]
Seat 6: IREQO
Seat 1: nikalas22 (button) folded before Flop (didn't bet)
Seat 2: G.Andrei95 (small blind) folded before Flop
Seat 3: Mr_Dick666 (big blind) folded before Flop
Seat 4: vladnevodar folded on the Turn
Seat 5: I TAKE IT 85 collected ($43.22)



PokerStars Hand #254709160432:  Hold'em No Limit ($0.50/$1.00 USD) - 2025/02/04 21:31:27 WET [2025/02/04 16:31:27 ET]
Table 'Thais' 6-max Seat #2 is the button
Seat 6: IREQO ($98.27 in chips) is sitting out
Seat 1: nikalas22 ($136.68 in chips) 
Seat 2: G.Andrei95 ($100 in chips) 
Seat 3: Mr_Dick666 ($100 in chips) 
Seat 4: vladnevodar ($67.98 in chips) 
Seat 5: I TAKE IT 85 ($127.62 in chips) 
Mr_Dick666: posts small blind $0.50
vladnevodar: posts big blind $1
IREQO: sits out 
*** HOLE CARDS ***
I TAKE IT 85: folds 
nikalas22: folds 
G.Andrei95: raises $1.50 to $2.50
Mr_Dick666: folds 
vladnevodar: folds 
Uncalled bet ($1.50) returned to G.Andrei95
G.Andrei95 collected $2.50 from pot
G.Andrei95: doesn't show hand 
*** SUMMARY ***
Total pot $2.50 | Rake $0 
Seat 6: IREQO
Seat 1: nikalas22 folded before Flop (didn't bet)
Seat 2: G.Andrei95 (button) collected ($2.50)
Seat 3: Mr_Dick666 (small blind) folded before Flop
Seat 4: vladnevodar (big blind) folded before Flop
Seat 5: I TAKE IT 85 folded before Flop (didn't bet)



PokerStars Hand #254709166077:  Hold'em No Limit ($0.50/$1.00 USD) - 2025/02/04 21:31:44 WET [2025/02/04 16:31:44 ET]
Table 'Thais' 6-max Seat #3 is the button
Seat 6: IREQO ($98.27 in chips) is sitting out
Seat 1: nikalas22 ($136.68 in chips) 
Seat 2: G.Andrei95 ($101.50 in chips) 
Seat 3: Mr_Dick666 ($100 in chips) 
Seat 4: vladnevodar ($66.98 in chips) 
Seat 5: I TAKE IT 85 ($127.62 in chips) 
vladnevodar: posts small blind $0.50
I TAKE IT 85: posts big blind $1
IREQO: sits out 
*** HOLE CARDS ***
nikalas22: folds 
G.Andrei95: folds 
Mr_Dick666: raises $1.50 to $2.50
vladnevodar: folds 
I TAKE IT 85: folds 
Uncalled bet ($1.50) returned to Mr_Dick666
Mr_Dick666 collected $2.50 from pot
Mr_Dick666: doesn't show hand 
*** SUMMARY ***
Total pot $2.50 | Rake $0 
Seat 6: IREQO
Seat 1: nikalas22 folded before Flop (didn't bet)
Seat 2: G.Andrei95 folded before Flop (didn't bet)
Seat 3: Mr_Dick666 (button) collected ($2.50)
Seat 4: vladnevodar (small blind) folded before Flop
Seat 5: I TAKE IT 85 (big blind) folded before Flop



PokerStars Hand #254709171864:  Hold'em No Limit ($0.50/$1.00 USD) - 2025/02/04 21:32:02 WET [2025/02/04 16:32:02 ET]
Table 'Thais' 6-max Seat #4 is the button
Seat 1: nikalas22 ($136.68 in chips) 
Seat 2: G.Andrei95 ($101.50 in chips) 
Seat 3: Mr_Dick666 ($101.50 in chips) 
Seat 4: vladnevodar ($66.48 in chips) 
Seat 5: I TAKE IT 85 ($126.62 in chips) 
Seat 6: IREQO ($98.27 in chips) 
I TAKE IT 85: posts small blind $0.50
IREQO: posts big blind $1
*** HOLE CARDS ***
nikalas22: raises $1.20 to $2.20
G.Andrei95: folds 
Mr_Dick666: folds 
vladnevodar: folds 
I TAKE IT 85: raises $7.80 to $10
IREQO: folds 
nikalas22: folds 
Uncalled bet ($7.80) returned to I TAKE IT 85
I TAKE IT 85 collected $5.40 from pot
I TAKE IT 85: doesn't show hand 
*** SUMMARY ***
Total pot $5.40 | Rake $0 
Seat 1: nikalas22 folded before Flop
Seat 2: G.Andrei95 folded before Flop (didn't bet)
Seat 3: Mr_Dick666 folded before Flop (didn't bet)
Seat 4: vladnevodar (button) folded before Flop (didn't bet)
Seat 5: I TAKE IT 85 (small blind) collected ($5.40)
Seat 6: IREQO (big blind) folded before Flop



PokerStars Hand #254709183440:  Hold'em No Limit ($0.50/$1.00 USD) - 2025/02/04 21:32:37 WET [2025/02/04 16:32:37 ET]
Table 'Thais' 6-max Seat #5 is the button
Seat 1: nikalas22 ($134.48 in chips) 
Seat 2: G.Andrei95 ($101.50 in chips) 
Seat 3: Mr_Dick666 ($101.50 in chips) 
Seat 4: vladnevodar ($66.48 in chips) 
Seat 5: I TAKE IT 85 ($129.82 in chips) 
Seat 6: IREQO ($97.27 in chips) 
IREQO: posts small blind $0.50
nikalas22: posts big blind $1
*** HOLE CARDS ***
G.Andrei95: folds 
Mr_Dick666: folds 
vladnevodar: calls $1
I TAKE IT 85: raises $3.15 to $4.15
IREQO: raises $8.85 to $13
nikalas22: folds 
vladnevodar: calls $12
I TAKE IT 85: calls $8.85
*** FLOP *** [Ts 9s 4h]
IREQO: bets $25
vladnevodar: raises $28.48 to $53.48 and is all-in
I TAKE IT 85: folds 
IREQO: calls $28.48
vladnevodar has timed out
IREQO has timed out
*** TURN *** [Ts 9s 4h] [2c]
*** RIVER *** [Ts 9s 4h 2c] [Td]
*** SHOW DOWN ***
IREQO: shows [Qs Qd] (two pair, Queens and Tens)
vladnevodar: shows [Js 3s] (a pair of Tens)
IREQO collected $144.46 from pot
*** SUMMARY ***
Total pot $146.96 | Rake $2.50 
Board [Ts 9s 4h 2c Td]
Seat 1: nikalas22 (big blind) folded before Flop
Seat 2: G.Andrei95 folded before Flop (didn't bet)
Seat 3: Mr_Dick666 folded before Flop (didn't bet)
Seat 4: vladnevodar showed [Js 3s] and lost with a pair of Tens
Seat 5: I TAKE IT 85 (button) folded on the Flop
Seat 6: IREQO (small blind) showed [Qs Qd] and won ($144.46) with two pair, Queens and Tens



PokerStars Hand #254709211646:  Hold'em No Limit ($0.50/$1.00 USD) - 2025/02/04 21:34:03 WET [2025/02/04 16:34:03 ET]
Table 'Thais' 6-max Seat #6 is the button
Seat 2: G.Andrei95 ($101.50 in chips) is sitting out
Seat 4: vladnevodar ($0 in chips) is sitting out
Seat 1: nikalas22 ($133.48 in chips) 
Seat 3: Mr_Dick666 ($101.50 in chips) 
Seat 5: I TAKE IT 85 ($116.82 in chips) 
Seat 6: IREQO ($175.25 in chips) 
nikalas22: posts small blind $0.50
G.Andrei95: is sitting out 
Mr_Dick666: posts big blind $1
*** HOLE CARDS ***
I TAKE IT 85: folds 
IREQO: raises $1.50 to $2.50
vladnevodar leaves the table
nikalas22: folds 
G.Andrei95 leaves the table
Mr_Dick666: calls $1.50
*** FLOP *** [2h 5h Jd]
Mr_Dick666: checks 
IREQO: checks 
*** TURN *** [2h 5h Jd] [7c]
Mr_Dick666: checks 
IREQO: checks 
*** RIVER *** [2h 5h Jd 7c] [Kd]
Mr_Dick666: checks 
IREQO: checks 
*** SHOW DOWN ***
Mr_Dick666: shows [9c 6c] (high card King)
IREQO: shows [Ac Ts] (high card Ace)
IREQO collected $5.22 from pot
*** SUMMARY ***
Total pot $5.50 | Rake $0.28 
Board [2h 5h Jd 7c Kd]
Seat 2: G.Andrei95
Seat 4: vladnevodar
Seat 1: nikalas22 (small blind) folded before Flop
Seat 3: Mr_Dick666 (big blind) showed [9c 6c] and lost with high card King
Seat 5: I TAKE IT 85 folded before Flop (didn't bet)
Seat 6: IREQO (button) showed [Ac Ts] and won ($5.22) with high card Ace



