PokerStars Hand #254710927298:  Hold'em No Limit ($0.50/$1.00 USD) - 2025/02/04 23:16:11 WET [2025/02/04 18:16:11 ET]
Table 'Mitlincoln' 6-max Seat #4 is the button
Seat 1: laloo246 ($100 in chips) is sitting out
Seat 3: Espada Fish ($100 in chips) 
Seat 4: XneferX ($100 in chips) 
Seat 5: G.Andrei95 ($100 in chips) 
G.Andrei95: posts small blind $0.50
Espada Fish: posts big blind $1
*** HOLE CARDS ***
XneferX: raises $1.77 to $2.77
TheRadgie joins the table at seat #6 
G.Andrei95: folds 
Espada Fish: calls $1.77
*** FLOP *** [Ac 6s 7c]
J0SHB0SH joins the table at seat #2 
Espada Fish: checks 
XneferX: checks 
*** TURN *** [Ac 6s 7c] [2s]
TheRadgie leaves the table
laloo246 leaves the table
Espada Fish: checks 
XneferX: bets $2.93
Espada Fish: folds 
Uncalled bet ($2.93) returned to XneferX
XneferX collected $5.74 from pot
XneferX: doesn't show hand 
*** SUMMARY ***
Total pot $6.04 | Rake $0.30 
Board [Ac 6s 7c 2s]
Seat 1: laloo246
Seat 3: Espada Fish (big blind) folded on the Turn
Seat 4: XneferX (button) collected ($5.74)
Seat 5: G.Andrei95 (small blind) folded before Flop



PokerStars Hand #254710942674:  Hold'em No Limit ($0.50/$1.00 USD) - 2025/02/04 23:17:12 WET [2025/02/04 18:17:12 ET]
Table 'Mitlincoln' 6-max Seat #3 is the button
Seat 2: J0SHB0SH ($100 in chips) is sitting out
Seat 4: XneferX ($102.97 in chips) is sitting out
Seat 3: Espada Fish ($100 in chips) 
Seat 5: G.Andrei95 ($100 in chips) 
Espada Fish: posts small blind $0.50
XneferX: is sitting out 
G.Andrei95: posts big blind $1
*** HOLE CARDS ***
habib beye joins the table at seat #1 
Espada Fish: folds 
Uncalled bet ($0.50) returned to G.Andrei95
G.Andrei95 collected $1 from pot
G.Andrei95: doesn't show hand 
*** SUMMARY ***
Total pot $1 | Rake $0 
Seat 2: J0SHB0SH
Seat 4: XneferX
Seat 3: Espada Fish (button) (small blind) folded before Flop
Seat 5: G.Andrei95 (big blind) collected ($1)



PokerStars Hand #254710945813:  Hold'em No Limit ($0.50/$1.00 USD) - 2025/02/04 23:17:24 WET [2025/02/04 18:17:24 ET]
Table 'Mitlincoln' 6-max Seat #3 is the button
Seat 2: J0SHB0SH ($100 in chips) is sitting out
Seat 4: XneferX ($102.97 in chips) is sitting out
Seat 1: habib beye ($100 in chips) 
Seat 3: Espada Fish ($100 in chips) 
Seat 5: G.Andrei95 ($100.50 in chips) 
G.Andrei95: posts small blind $0.50
habib beye: posts big blind $1
J0SHB0SH: sits out 
*** HOLE CARDS ***
XneferX leaves the table
Espada Fish: folds 
G.Andrei95: raises $2 to $3
habib beye: folds 
Uncalled bet ($2) returned to G.Andrei95
G.Andrei95 collected $2 from pot
G.Andrei95: doesn't show hand 
*** SUMMARY ***
Total pot $2 | Rake $0 
Seat 2: J0SHB0SH
Seat 4: XneferX
Seat 1: habib beye (big blind) folded before Flop
Seat 3: Espada Fish (button) folded before Flop (didn't bet)
Seat 5: G.Andrei95 (small blind) collected ($2)



PokerStars Hand #254710952207:  Hold'em No Limit ($0.50/$1.00 USD) - 2025/02/04 23:17:49 WET [2025/02/04 18:17:49 ET]
Table 'Mitlincoln' 6-max Seat #5 is the button
Seat 1: habib beye ($100 in chips) 
Seat 2: J0SHB0SH ($100 in chips) 
Seat 3: Espada Fish ($100 in chips) 
Seat 5: G.Andrei95 ($101.50 in chips) 
habib beye: posts small blind $0.50
J0SHB0SH: posts big blind $1
*** HOLE CARDS ***
Espada Fish: raises $1.20 to $2.20
G.Andrei95: folds 
habib beye: folds 
J0SHB0SH: calls $1.20
*** FLOP *** [2h 8s 7s]
J0SHB0SH: checks 
Espada Fish: bets $3.50
J0SHB0SH: calls $3.50
*** TURN *** [2h 8s 7s] [Jd]
J0SHB0SH: checks 
Espada Fish: checks 
*** RIVER *** [2h 8s 7s Jd] [4c]
J0SHB0SH: checks 
Espada Fish: bets $6.78
J0SHB0SH: calls $6.78
*** SHOW DOWN ***
Espada Fish: shows [8c Ac] (a pair of Eights)
J0SHB0SH: mucks hand 
menayoct joins the table at seat #4 
Espada Fish collected $24.46 from pot
*** SUMMARY ***
Total pot $25.46 | Rake $1 
Board [2h 8s 7s Jd 4c]
Seat 1: habib beye (small blind) folded before Flop
Seat 2: J0SHB0SH (big blind) mucked
Seat 3: Espada Fish showed [8c Ac] and won ($24.46) with a pair of Eights
Seat 5: G.Andrei95 (button) folded before Flop (didn't bet)



PokerStars Hand #254710970924:  Hold'em No Limit ($0.50/$1.00 USD) - 2025/02/04 23:19:03 WET [2025/02/04 18:19:03 ET]
Table 'Mitlincoln' 6-max Seat #1 is the button
Seat 3: Espada Fish ($111.98 in chips) is sitting out
Seat 1: habib beye ($100 in chips) 
Seat 2: J0SHB0SH ($100 in chips) 
Seat 4: menayoct ($40 in chips) 
Seat 5: G.Andrei95 ($101.50 in chips) 
J0SHB0SH: posts small blind $0.50
menayoct: posts big blind $1
*** HOLE CARDS ***
canibal27 joins the table at seat #6 
G.Andrei95: raises $1.50 to $2.50
habib beye: folds 
Espada Fish leaves the table
J0SHB0SH: folds 
menayoct: calls $1.50
*** FLOP *** [8d 2h 3d]
menayoct: checks 
Mr_Dick666 joins the table at seat #3 
G.Andrei95: bets $6.50
menayoct: calls $6.50
*** TURN *** [8d 2h 3d] [Tc]
menayoct: bets $8.79
G.Andrei95: calls $8.79
*** RIVER *** [8d 2h 3d Tc] [5h]
menayoct: bets $15.54
G.Andrei95: calls $15.54
*** SHOW DOWN ***
menayoct: shows [3s 7s] (a pair of Threes)
G.Andrei95: shows [9c 9d] (a pair of Nines)
G.Andrei95 collected $66.16 from pot
*** SUMMARY ***
Total pot $67.16 | Rake $1 
Board [8d 2h 3d Tc 5h]
Seat 3: Espada Fish
Seat 1: habib beye (button) folded before Flop (didn't bet)
Seat 2: J0SHB0SH (small blind) folded before Flop
Seat 4: menayoct (big blind) showed [3s 7s] and lost with a pair of Threes
Seat 5: G.Andrei95 showed [9c 9d] and won ($66.16) with a pair of Nines



PokerStars Hand #254710983525:  Hold'em No Limit ($0.50/$1.00 USD) - 2025/02/04 23:19:53 WET [2025/02/04 18:19:53 ET]
Table 'Mitlincoln' 6-max Seat #2 is the button
Seat 3: Mr_Dick666 ($100 in chips) is sitting out
Seat 5: G.Andrei95 ($134.33 in chips) is sitting out
Seat 1: habib beye ($100 in chips) 
Seat 2: J0SHB0SH ($100 in chips) 
Seat 4: menayoct ($6.67 in chips) 
Seat 6: canibal27 ($100 in chips) 
menayoct: posts small blind $0.50
G.Andrei95: is sitting out 
canibal27: posts big blind $1
*** HOLE CARDS ***
G.Andrei95 leaves the table
habib beye: folds 
J0SHB0SH: raises $1.50 to $2.50
menayoct: raises $4.17 to $6.67 and is all-in
canibal27: folds 
J0SHB0SH: calls $4.17
*** FLOP *** [4d Kh 2d]
*** TURN *** [4d Kh 2d] [9c]
*** RIVER *** [4d Kh 2d 9c] [6c]
*** SHOW DOWN ***
menayoct: shows [Kd 6d] (two pair, Kings and Sixes)
J0SHB0SH: shows [Qd Ts] (high card King)
menayoct collected $13.62 from pot
*** SUMMARY ***
Total pot $14.34 | Rake $0.72 
Board [4d Kh 2d 9c 6c]
Seat 3: Mr_Dick666
Seat 5: G.Andrei95
Seat 1: habib beye folded before Flop (didn't bet)
Seat 2: J0SHB0SH (button) showed [Qd Ts] and lost with high card King
Seat 4: menayoct (small blind) showed [Kd 6d] and won ($13.62) with two pair, Kings and Sixes
Seat 6: canibal27 (big blind) folded before Flop



PokerStars Hand #254710990815:  Hold'em No Limit ($0.50/$1.00 USD) - 2025/02/04 23:20:22 WET [2025/02/04 18:20:22 ET]
Table 'Mitlincoln' 6-max Seat #4 is the button
Seat 3: Mr_Dick666 ($100 in chips) is sitting out
Seat 1: habib beye ($100 in chips) 
Seat 2: J0SHB0SH ($100 in chips) 
Seat 4: menayoct ($13.62 in chips) 
Seat 6: canibal27 ($100 in chips) 
canibal27: posts small blind $0.50
habib beye: posts big blind $1
Mr_Dick666: sits out 
*** HOLE CARDS ***
J0SHB0SH: folds 
menayoct: folds 
wojts joins the table at seat #5 
canibal27: raises $2 to $3
habib beye: folds 
Uncalled bet ($2) returned to canibal27
canibal27 collected $2 from pot
canibal27: doesn't show hand 
*** SUMMARY ***
Total pot $2 | Rake $0 
Seat 3: Mr_Dick666
Seat 1: habib beye (big blind) folded before Flop
Seat 2: J0SHB0SH folded before Flop (didn't bet)
Seat 4: menayoct (button) folded before Flop (didn't bet)
Seat 6: canibal27 (small blind) collected ($2)



PokerStars Hand #254710996347:  Hold'em No Limit ($0.50/$1.00 USD) - 2025/02/04 23:20:44 WET [2025/02/04 18:20:44 ET]
Table 'Mitlincoln' 6-max Seat #6 is the button
Seat 3: Mr_Dick666 ($100 in chips) is sitting out
Seat 5: wojts ($100 in chips) is sitting out
Seat 1: habib beye ($100 in chips) 
Seat 2: J0SHB0SH ($100 in chips) 
Seat 4: menayoct ($13.62 in chips) 
Seat 6: canibal27 ($101 in chips) 
habib beye: posts small blind $0.50
J0SHB0SH: posts big blind $1
Mr_Dick666: sits out 
wojts: sits out 
*** HOLE CARDS ***
menayoct: folds 
canibal27: raises $1.50 to $2.50
habib beye: raises $9.50 to $12
J0SHB0SH: folds 
canibal27: folds 
Uncalled bet ($9.50) returned to habib beye
habib beye collected $6 from pot
*** SUMMARY ***
Total pot $6 | Rake $0 
Seat 3: Mr_Dick666
Seat 5: wojts
Seat 1: habib beye (small blind) collected ($6)
Seat 2: J0SHB0SH (big blind) folded before Flop
Seat 4: menayoct folded before Flop (didn't bet)
Seat 6: canibal27 (button) folded before Flop



PokerStars Hand #254711003968:  Hold'em No Limit ($0.50/$1.00 USD) - 2025/02/04 23:21:13 WET [2025/02/04 18:21:13 ET]
Table 'Mitlincoln' 6-max Seat #1 is the button
Seat 5: wojts ($100 in chips) is sitting out
Seat 1: habib beye ($103.50 in chips) 
Seat 2: J0SHB0SH ($100 in chips) 
Seat 3: Mr_Dick666 ($100 in chips) 
Seat 4: menayoct ($13.62 in chips) 
Seat 6: canibal27 ($100 in chips) 
J0SHB0SH: posts small blind $0.50
Mr_Dick666: posts big blind $1
wojts: sits out 
*** HOLE CARDS ***
menayoct: folds 
canibal27: folds 
habib beye: folds 
J0SHB0SH: folds 
Uncalled bet ($0.50) returned to Mr_Dick666
Mr_Dick666 collected $1 from pot
Mr_Dick666: doesn't show hand 
*** SUMMARY ***
Total pot $1 | Rake $0 
Seat 5: wojts
Seat 1: habib beye (button) folded before Flop (didn't bet)
Seat 2: J0SHB0SH (small blind) folded before Flop
Seat 3: Mr_Dick666 (big blind) collected ($1)
Seat 4: menayoct folded before Flop (didn't bet)
Seat 6: canibal27 folded before Flop (didn't bet)



PokerStars Hand #254711008805:  Hold'em No Limit ($0.50/$1.00 USD) - 2025/02/04 23:21:32 WET [2025/02/04 18:21:32 ET]
Table 'Mitlincoln' 6-max Seat #2 is the button
Seat 5: wojts ($100 in chips) is sitting out
Seat 1: habib beye ($103.50 in chips) 
Seat 2: J0SHB0SH ($100 in chips) 
Seat 3: Mr_Dick666 ($100.50 in chips) 
Seat 4: menayoct ($13.62 in chips) 
Seat 6: canibal27 ($100 in chips) 
Mr_Dick666: posts small blind $0.50
menayoct: posts big blind $1
wojts: sits out 
*** HOLE CARDS ***
canibal27: folds 
habib beye: folds 
J0SHB0SH: folds 
Mr_Dick666: folds 
Uncalled bet ($0.50) returned to menayoct
menayoct collected $1 from pot
menayoct: doesn't show hand 
*** SUMMARY ***
Total pot $1 | Rake $0 
Seat 5: wojts
Seat 1: habib beye folded before Flop (didn't bet)
Seat 2: J0SHB0SH (button) folded before Flop (didn't bet)
Seat 3: Mr_Dick666 (small blind) folded before Flop
Seat 4: menayoct (big blind) collected ($1)
Seat 6: canibal27 folded before Flop (didn't bet)



PokerStars Hand #254711015629:  Hold'em No Limit ($0.50/$1.00 USD) - 2025/02/04 23:22:00 WET [2025/02/04 18:22:00 ET]
Table 'Mitlincoln' 6-max Seat #3 is the button
Seat 1: habib beye ($103.50 in chips) 
Seat 2: J0SHB0SH ($100 in chips) 
Seat 3: Mr_Dick666 ($100 in chips) 
Seat 4: menayoct ($14.12 in chips) 
Seat 5: wojts ($100 in chips) 
Seat 6: canibal27 ($100 in chips) 
menayoct: posts small blind $0.50
wojts: posts big blind $1
*** HOLE CARDS ***
canibal27: folds 
habib beye: folds 
J0SHB0SH: folds 
Mr_Dick666: folds 
menayoct: calls $0.50
wojts: checks 
*** FLOP *** [7d Jd 4h]
menayoct: checks 
wojts: bets $1
menayoct: calls $1
*** TURN *** [7d Jd 4h] [Jh]
menayoct: checks 
wojts: checks 
*** RIVER *** [7d Jd 4h Jh] [Qd]
menayoct: bets $2
wojts: raises $96 to $98 and is all-in
menayoct: folds 
Uncalled bet ($96) returned to wojts
wojts collected $7.60 from pot
wojts: doesn't show hand 
*** SUMMARY ***
Total pot $8 | Rake $0.40 
Board [7d Jd 4h Jh Qd]
Seat 1: habib beye folded before Flop (didn't bet)
Seat 2: J0SHB0SH folded before Flop (didn't bet)
Seat 3: Mr_Dick666 (button) folded before Flop (didn't bet)
Seat 4: menayoct (small blind) folded on the River
Seat 5: wojts (big blind) collected ($7.60)
Seat 6: canibal27 folded before Flop (didn't bet)



PokerStars Hand #254711031997:  Hold'em No Limit ($0.50/$1.00 USD) - 2025/02/04 23:23:04 WET [2025/02/04 18:23:04 ET]
Table 'Mitlincoln' 6-max Seat #4 is the button
Seat 1: habib beye ($103.50 in chips) 
Seat 2: J0SHB0SH ($100 in chips) 
Seat 3: Mr_Dick666 ($100 in chips) 
Seat 4: menayoct ($10.12 in chips) 
Seat 5: wojts ($103.60 in chips) 
Seat 6: canibal27 ($100 in chips) 
wojts: posts small blind $0.50
canibal27: posts big blind $1
*** HOLE CARDS ***
habib beye: folds 
J0SHB0SH: folds 
Mr_Dick666: folds 
menayoct: folds 
wojts: calls $0.50
canibal27: raises $3 to $4
wojts: folds 
Uncalled bet ($3) returned to canibal27
canibal27 collected $2 from pot
canibal27: doesn't show hand 
*** SUMMARY ***
Total pot $2 | Rake $0 
Seat 1: habib beye folded before Flop (didn't bet)
Seat 2: J0SHB0SH folded before Flop (didn't bet)
Seat 3: Mr_Dick666 folded before Flop (didn't bet)
Seat 4: menayoct (button) folded before Flop (didn't bet)
Seat 5: wojts (small blind) folded before Flop
Seat 6: canibal27 (big blind) collected ($2)



PokerStars Hand #254711037607:  Hold'em No Limit ($0.50/$1.00 USD) - 2025/02/04 23:23:27 WET [2025/02/04 18:23:27 ET]
Table 'Mitlincoln' 6-max Seat #5 is the button
Seat 1: habib beye ($103.50 in chips) 
Seat 2: J0SHB0SH ($100 in chips) 
Seat 3: Mr_Dick666 ($100 in chips) 
Seat 4: menayoct ($10.12 in chips) 
Seat 5: wojts ($102.60 in chips) 
Seat 6: canibal27 ($101 in chips) 
canibal27: posts small blind $0.50
habib beye: posts big blind $1
*** HOLE CARDS ***
J0SHB0SH: folds 
Mr_Dick666: folds 
menayoct: folds 
wojts: folds 
canibal27: folds 
Uncalled bet ($0.50) returned to habib beye
habib beye collected $1 from pot
*** SUMMARY ***
Total pot $1 | Rake $0 
Seat 1: habib beye (big blind) collected ($1)
Seat 2: J0SHB0SH folded before Flop (didn't bet)
Seat 3: Mr_Dick666 folded before Flop (didn't bet)
Seat 4: menayoct folded before Flop (didn't bet)
Seat 5: wojts (button) folded before Flop (didn't bet)
Seat 6: canibal27 (small blind) folded before Flop



PokerStars Hand #254711040012:  Hold'em No Limit ($0.50/$1.00 USD) - 2025/02/04 23:23:36 WET [2025/02/04 18:23:36 ET]
Table 'Mitlincoln' 6-max Seat #6 is the button
Seat 1: habib beye ($104 in chips) 
Seat 2: J0SHB0SH ($100 in chips) 
Seat 3: Mr_Dick666 ($100 in chips) 
Seat 4: menayoct ($10.12 in chips) 
Seat 5: wojts ($102.60 in chips) 
Seat 6: canibal27 ($100.50 in chips) 
habib beye: posts small blind $0.50
J0SHB0SH: posts big blind $1
*** HOLE CARDS ***
Mr_Dick666: folds 
menayoct: raises $9.12 to $10.12 and is all-in
wojts: folds 
canibal27: folds 
habib beye: folds 
J0SHB0SH: folds 
Uncalled bet ($9.12) returned to menayoct
menayoct collected $2.50 from pot
menayoct: doesn't show hand 
*** SUMMARY ***
Total pot $2.50 | Rake $0 
Seat 1: habib beye (small blind) folded before Flop
Seat 2: J0SHB0SH (big blind) folded before Flop
Seat 3: Mr_Dick666 folded before Flop (didn't bet)
Seat 4: menayoct collected ($2.50)
Seat 5: wojts folded before Flop (didn't bet)
Seat 6: canibal27 (button) folded before Flop (didn't bet)



PokerStars Hand #254711045864:  Hold'em No Limit ($0.50/$1.00 USD) - 2025/02/04 23:23:59 WET [2025/02/04 18:23:59 ET]
Table 'Mitlincoln' 6-max Seat #1 is the button
Seat 1: habib beye ($103.50 in chips) 
Seat 2: J0SHB0SH ($100 in chips) 
Seat 3: Mr_Dick666 ($100 in chips) 
Seat 4: menayoct ($11.62 in chips) 
Seat 5: wojts ($102.60 in chips) 
Seat 6: canibal27 ($100.50 in chips) 
J0SHB0SH: posts small blind $0.50
Mr_Dick666: posts big blind $1
*** HOLE CARDS ***
menayoct: folds 
wojts: folds 
canibal27: folds 
habib beye: raises $1.50 to $2.50
J0SHB0SH: raises $9.50 to $12
Mr_Dick666: folds 
habib beye: folds 
Uncalled bet ($9.50) returned to J0SHB0SH
J0SHB0SH collected $6 from pot
J0SHB0SH: doesn't show hand 
*** SUMMARY ***
Total pot $6 | Rake $0 
Seat 1: habib beye (button) folded before Flop
Seat 2: J0SHB0SH (small blind) collected ($6)
Seat 3: Mr_Dick666 (big blind) folded before Flop
Seat 4: menayoct folded before Flop (didn't bet)
Seat 5: wojts folded before Flop (didn't bet)
Seat 6: canibal27 folded before Flop (didn't bet)



PokerStars Hand #254711051732:  Hold'em No Limit ($0.50/$1.00 USD) - 2025/02/04 23:24:22 WET [2025/02/04 18:24:22 ET]
Table 'Mitlincoln' 6-max Seat #2 is the button
Seat 1: habib beye ($101 in chips) 
Seat 2: J0SHB0SH ($103.50 in chips) 
Seat 3: Mr_Dick666 ($100 in chips) 
Seat 4: menayoct ($11.62 in chips) 
Seat 5: wojts ($102.60 in chips) 
Seat 6: canibal27 ($100.50 in chips) 
Mr_Dick666: posts small blind $0.50
menayoct: posts big blind $1
*** HOLE CARDS ***
wojts: folds 
canibal27: folds 
habib beye: folds 
J0SHB0SH: folds 
Mr_Dick666: raises $2 to $3
menayoct: raises $8.62 to $11.62 and is all-in
Mr_Dick666: calls $8.62
*** FLOP *** [Jc Js Qh]
*** TURN *** [Jc Js Qh] [Jd]
*** RIVER *** [Jc Js Qh Jd] [6c]
*** SHOW DOWN ***
Mr_Dick666: shows [7h 7c] (a full house, Jacks full of Sevens)
menayoct: shows [3h Ah] (three of a kind, Jacks)
Mr_Dick666 collected $22.08 from pot
*** SUMMARY ***
Total pot $23.24 | Rake $1.16 
Board [Jc Js Qh Jd 6c]
Seat 1: habib beye folded before Flop (didn't bet)
Seat 2: J0SHB0SH (button) folded before Flop (didn't bet)
Seat 3: Mr_Dick666 (small blind) showed [7h 7c] and won ($22.08) with a full house, Jacks full of Sevens
Seat 4: menayoct (big blind) showed [3h Ah] and lost with three of a kind, Jacks
Seat 5: wojts folded before Flop (didn't bet)
Seat 6: canibal27 folded before Flop (didn't bet)



PokerStars Hand #254711058163:  Hold'em No Limit ($0.50/$1.00 USD) - 2025/02/04 23:24:47 WET [2025/02/04 18:24:47 ET]
Table 'Mitlincoln' 6-max Seat #3 is the button
Seat 4: menayoct ($0 in chips) is sitting out
Seat 1: habib beye ($101 in chips) 
Seat 2: J0SHB0SH ($103.50 in chips) 
Seat 3: Mr_Dick666 ($110.46 in chips) 
Seat 5: wojts ($102.60 in chips) 
Seat 6: canibal27 ($100.50 in chips) 
wojts: posts small blind $0.50
canibal27: posts big blind $1
*** HOLE CARDS ***
habib beye: folds 
J0SHB0SH: raises $1.50 to $2.50
Mr_Dick666: folds 
wojts: folds 
canibal27: calls $1.50
*** FLOP *** [Kh As 9d]
menayoct leaves the table
canibal27: checks 
J0SHB0SH: bets $1.72
canibal27: folds 
Uncalled bet ($1.72) returned to J0SHB0SH
J0SHB0SH collected $5.22 from pot
J0SHB0SH: doesn't show hand 
*** SUMMARY ***
Total pot $5.50 | Rake $0.28 
Board [Kh As 9d]
Seat 4: menayoct
Seat 1: habib beye folded before Flop (didn't bet)
Seat 2: J0SHB0SH collected ($5.22)
Seat 3: Mr_Dick666 (button) folded before Flop (didn't bet)
Seat 5: wojts (small blind) folded before Flop
Seat 6: canibal27 (big blind) folded on the Flop



PokerStars Hand #254711069784:  Hold'em No Limit ($0.50/$1.00 USD) - 2025/02/04 23:25:33 WET [2025/02/04 18:25:33 ET]
Table 'Mitlincoln' 6-max Seat #5 is the button
Seat 1: habib beye ($101 in chips) 
Seat 2: J0SHB0SH ($106.22 in chips) 
Seat 3: Mr_Dick666 ($110.46 in chips) 
Seat 5: wojts ($102.10 in chips) 
Seat 6: canibal27 ($100 in chips) 
canibal27: posts small blind $0.50
habib beye: posts big blind $1
*** HOLE CARDS ***
J0SHB0SH: folds 
Mr_Dick666: folds 
wojts: raises $2 to $3
canibal27: folds 
habib beye: folds 
Uncalled bet ($2) returned to wojts
wojts collected $2.50 from pot
wojts: doesn't show hand 
*** SUMMARY ***
Total pot $2.50 | Rake $0 
Seat 1: habib beye (big blind) folded before Flop
Seat 2: J0SHB0SH folded before Flop (didn't bet)
Seat 3: Mr_Dick666 folded before Flop (didn't bet)
Seat 5: wojts (button) collected ($2.50)
Seat 6: canibal27 (small blind) folded before Flop



PokerStars Hand #254711073625:  Hold'em No Limit ($0.50/$1.00 USD) - 2025/02/04 23:25:48 WET [2025/02/04 18:25:48 ET]
Table 'Mitlincoln' 6-max Seat #6 is the button
Seat 1: habib beye ($100 in chips) 
Seat 2: J0SHB0SH ($106.22 in chips) 
Seat 3: Mr_Dick666 ($110.46 in chips) 
Seat 5: wojts ($103.60 in chips) 
Seat 6: canibal27 ($100 in chips) 
habib beye: posts small blind $0.50
J0SHB0SH: posts big blind $1
*** HOLE CARDS ***
Mr_Dick666: folds 
wojts: folds 
canibal27: folds 
habib beye: folds 
Uncalled bet ($0.50) returned to J0SHB0SH
J0SHB0SH collected $1 from pot
J0SHB0SH: doesn't show hand 
*** SUMMARY ***
Total pot $1 | Rake $0 
Seat 1: habib beye (small blind) folded before Flop
Seat 2: J0SHB0SH (big blind) collected ($1)
Seat 3: Mr_Dick666 folded before Flop (didn't bet)
Seat 5: wojts folded before Flop (didn't bet)
Seat 6: canibal27 (button) folded before Flop (didn't bet)



PokerStars Hand #254711076690:  Hold'em No Limit ($0.50/$1.00 USD) - 2025/02/04 23:26:00 WET [2025/02/04 18:26:00 ET]
Table 'Mitlincoln' 6-max Seat #1 is the button
Seat 3: Mr_Dick666 ($110.46 in chips) is sitting out
Seat 1: habib beye ($100 in chips) 
Seat 2: J0SHB0SH ($106.72 in chips) 
Seat 5: wojts ($103.60 in chips) 
Seat 6: canibal27 ($100 in chips) 
J0SHB0SH: posts small blind $0.50
Mr_Dick666: is sitting out 
wojts: posts big blind $1
*** HOLE CARDS ***
Mr_Dick666 leaves the table
canibal27: raises $1.30 to $2.30
habib beye: raises $5.20 to $7.50
J0SHB0SH: folds 
wojts: folds 
canibal27: folds 
Uncalled bet ($5.20) returned to habib beye
habib beye collected $6.10 from pot
*** SUMMARY ***
Total pot $6.10 | Rake $0 
Seat 3: Mr_Dick666
Seat 1: habib beye (button) collected ($6.10)
Seat 2: J0SHB0SH (small blind) folded before Flop
Seat 5: wojts (big blind) folded before Flop
Seat 6: canibal27 folded before Flop



PokerStars Hand #254711084654:  Hold'em No Limit ($0.50/$1.00 USD) - 2025/02/04 23:26:31 WET [2025/02/04 18:26:31 ET]
Table 'Mitlincoln' 6-max Seat #2 is the button
Seat 1: habib beye ($103.80 in chips) 
Seat 2: J0SHB0SH ($106.22 in chips) 
Seat 5: wojts ($102.60 in chips) 
Seat 6: canibal27 ($100 in chips) 
wojts: posts small blind $0.50
canibal27: posts big blind $1
*** HOLE CARDS ***
habib beye: folds 
J0SHB0SH: folds 
wojts: raises $2 to $3
canibal27: calls $2
*** FLOP *** [5c 6s Qh]
Espada Fish joins the table at seat #4 
wojts: bets $2.85
Unipoker11 joins the table at seat #3 
canibal27: folds 
Uncalled bet ($2.85) returned to wojts
wojts collected $5.70 from pot
wojts: doesn't show hand 
*** SUMMARY ***
Total pot $6 | Rake $0.30 
Board [5c 6s Qh]
Seat 1: habib beye folded before Flop (didn't bet)
Seat 2: J0SHB0SH (button) folded before Flop (didn't bet)
Seat 5: wojts (small blind) collected ($5.70)
Seat 6: canibal27 (big blind) folded on the Flop



PokerStars Hand #254711090949:  Hold'em No Limit ($0.50/$1.00 USD) - 2025/02/04 23:26:56 WET [2025/02/04 18:26:56 ET]
Table 'Mitlincoln' 6-max Seat #5 is the button
Seat 3: Unipoker11 ($100 in chips) is sitting out
Seat 4: Espada Fish ($111.98 in chips) is sitting out
Seat 1: habib beye ($103.80 in chips) 
Seat 2: J0SHB0SH ($106.22 in chips) 
Seat 5: wojts ($105.30 in chips) 
Seat 6: canibal27 ($100 in chips) 
canibal27: posts small blind $0.50
habib beye: posts big blind $1
Unipoker11: sits out 
Espada Fish: sits out 
*** HOLE CARDS ***
J0SHB0SH: raises $1.50 to $2.50
wojts: folds 
canibal27: folds 
habib beye: folds 
Uncalled bet ($1.50) returned to J0SHB0SH
J0SHB0SH collected $2.50 from pot
J0SHB0SH: doesn't show hand 
*** SUMMARY ***
Total pot $2.50 | Rake $0 
Seat 3: Unipoker11
Seat 4: Espada Fish
Seat 1: habib beye (big blind) folded before Flop
Seat 2: J0SHB0SH collected ($2.50)
Seat 5: wojts (button) folded before Flop (didn't bet)
Seat 6: canibal27 (small blind) folded before Flop



PokerStars Hand #254711096101:  Hold'em No Limit ($0.50/$1.00 USD) - 2025/02/04 23:27:16 WET [2025/02/04 18:27:16 ET]
Table 'Mitlincoln' 6-max Seat #6 is the button
Seat 3: Unipoker11 ($100 in chips) is sitting out
Seat 4: Espada Fish ($111.98 in chips) is sitting out
Seat 1: habib beye ($102.80 in chips) 
Seat 2: J0SHB0SH ($107.72 in chips) 
Seat 5: wojts ($105.30 in chips) 
Seat 6: canibal27 ($100 in chips) 
habib beye: posts small blind $0.50
J0SHB0SH: posts big blind $1
Unipoker11: sits out 
Espada Fish: sits out 
*** HOLE CARDS ***
wojts: raises $2 to $3
canibal27: folds 
habib beye: folds 
J0SHB0SH: calls $2
*** FLOP *** [9c Ad 6s]
J0SHB0SH: checks 
wojts: checks 
*** TURN *** [9c Ad 6s] [Kd]
J0SHB0SH: checks 
wojts: bets $4.09
J0SHB0SH: raises $15.91 to $20
wojts: calls $15.91
*** RIVER *** [9c Ad 6s Kd] [8c]
J0SHB0SH: bets $84.72 and is all-in
wojts: calls $82.30 and is all-in
Uncalled bet ($2.42) returned to J0SHB0SH
*** SHOW DOWN ***
J0SHB0SH: shows [9h 9s] (three of a kind, Nines)
wojts: shows [As Ah] (three of a kind, Aces)
wojts collected $210.10 from pot
*** SUMMARY ***
Total pot $211.10 | Rake $1 
Board [9c Ad 6s Kd 8c]
Seat 3: Unipoker11
Seat 4: Espada Fish
Seat 1: habib beye (small blind) folded before Flop
Seat 2: J0SHB0SH (big blind) showed [9h 9s] and lost with three of a kind, Nines
Seat 5: wojts showed [As Ah] and won ($210.10) with three of a kind, Aces
Seat 6: canibal27 (button) folded before Flop (didn't bet)



PokerStars Hand #254711111972:  Hold'em No Limit ($0.50/$1.00 USD) - 2025/02/04 23:28:19 WET [2025/02/04 18:28:19 ET]
Table 'Mitlincoln' 6-max Seat #1 is the button
Seat 4: Espada Fish ($111.98 in chips) is sitting out
Seat 1: habib beye ($102.30 in chips) 
Seat 2: J0SHB0SH ($100 in chips) 
Seat 3: Unipoker11 ($100 in chips) 
Seat 5: wojts ($210.10 in chips) 
Seat 6: canibal27 ($100 in chips) 
J0SHB0SH: posts small blind $0.50
Unipoker11: posts big blind $1
Espada Fish: sits out 
*** HOLE CARDS ***
wojts: folds 
canibal27: folds 
habib beye: raises $1.50 to $2.50
J0SHB0SH: folds 
Unipoker11: raises $11 to $13.50
habib beye: calls $11
*** FLOP *** [Ts Qh 8h]
Unipoker11: bets $8.62
habib beye: folds 
Uncalled bet ($8.62) returned to Unipoker11
Unipoker11 collected $26.12 from pot
Unipoker11: doesn't show hand 
*** SUMMARY ***
Total pot $27.50 | Rake $1.38 
Board [Ts Qh 8h]
Seat 4: Espada Fish
Seat 1: habib beye (button) folded on the Flop
Seat 2: J0SHB0SH (small blind) folded before Flop
Seat 3: Unipoker11 (big blind) collected ($26.12)
Seat 5: wojts folded before Flop (didn't bet)
Seat 6: canibal27 folded before Flop (didn't bet)



PokerStars Hand #254711124813:  Hold'em No Limit ($0.50/$1.00 USD) - 2025/02/04 23:29:11 WET [2025/02/04 18:29:11 ET]
Table 'Mitlincoln' 6-max Seat #2 is the button
Seat 1: habib beye ($100 in chips) 
Seat 2: J0SHB0SH ($100 in chips) 
Seat 3: Unipoker11 ($112.62 in chips) 
Seat 4: Espada Fish ($111.98 in chips) 
Seat 5: wojts ($210.10 in chips) 
Seat 6: canibal27 ($100 in chips) 
Unipoker11: posts small blind $0.50
Espada Fish: posts big blind $1
*** HOLE CARDS ***
wojts: folds 
canibal27: folds 
habib beye: folds 
J0SHB0SH: raises $1.50 to $2.50
Unipoker11: folds 
Espada Fish: calls $1.50
*** FLOP *** [3c 6d 2h]
Espada Fish: checks 
J0SHB0SH: checks 
*** TURN *** [3c 6d 2h] [9s]
Espada Fish: checks 
J0SHB0SH: checks 
*** RIVER *** [3c 6d 2h 9s] [8d]
Espada Fish: checks 
J0SHB0SH: bets $3.45
Espada Fish: calls $3.45
*** SHOW DOWN ***
J0SHB0SH: shows [8h Th] (a pair of Eights)
Espada Fish: mucks hand 
J0SHB0SH collected $11.78 from pot
*** SUMMARY ***
Total pot $12.40 | Rake $0.62 
Board [3c 6d 2h 9s 8d]
Seat 1: habib beye folded before Flop (didn't bet)
Seat 2: J0SHB0SH (button) showed [8h Th] and won ($11.78) with a pair of Eights
Seat 3: Unipoker11 (small blind) folded before Flop
Seat 4: Espada Fish (big blind) mucked
Seat 5: wojts folded before Flop (didn't bet)
Seat 6: canibal27 folded before Flop (didn't bet)



PokerStars Hand #254711145119:  Hold'em No Limit ($0.50/$1.00 USD) - 2025/02/04 23:30:32 WET [2025/02/04 18:30:32 ET]
Table 'Mitlincoln' 6-max Seat #3 is the button
Seat 1: habib beye ($100 in chips) 
Seat 2: J0SHB0SH ($105.83 in chips) 
Seat 3: Unipoker11 ($112.12 in chips) 
Seat 4: Espada Fish ($106.03 in chips) 
Seat 5: wojts ($210.10 in chips) 
Seat 6: canibal27 ($100 in chips) 
Espada Fish: posts small blind $0.50
wojts: posts big blind $1
*** HOLE CARDS ***
canibal27: folds 
habib beye: folds 
J0SHB0SH: raises $1.50 to $2.50
Unipoker11: raises $5 to $7.50
Espada Fish: folds 
wojts: folds 
J0SHB0SH: raises $11.50 to $19
Unipoker11: folds 
Uncalled bet ($11.50) returned to J0SHB0SH
Unipoker11 leaves the table
J0SHB0SH collected $16.50 from pot
J0SHB0SH: doesn't show hand 
*** SUMMARY ***
Total pot $16.50 | Rake $0 
Seat 1: habib beye folded before Flop (didn't bet)
Seat 2: J0SHB0SH collected ($16.50)
Seat 3: Unipoker11 (button) folded before Flop
Seat 4: Espada Fish (small blind) folded before Flop
Seat 5: wojts (big blind) folded before Flop
Seat 6: canibal27 folded before Flop (didn't bet)



PokerStars Hand #254711156442:  Hold'em No Limit ($0.50/$1.00 USD) - 2025/02/04 23:31:17 WET [2025/02/04 18:31:17 ET]
Table 'Mitlincoln' 6-max Seat #4 is the button
Seat 1: habib beye ($100 in chips) 
Seat 2: J0SHB0SH ($114.83 in chips) 
Seat 4: Espada Fish ($105.53 in chips) 
Seat 5: wojts ($209.10 in chips) 
Seat 6: canibal27 ($100 in chips) 
wojts: posts small blind $0.50
canibal27: posts big blind $1
*** HOLE CARDS ***
habib beye: raises $1.25 to $2.25
J0SHB0SH: folds 
Espada Fish: folds 
wojts: folds 
canibal27: calls $1.25
*** FLOP *** [7s 6d 9d]
canibal27: checks 
habib beye: checks 
*** TURN *** [7s 6d 9d] [4d]
canibal27: checks 
habib beye: checks 
*** RIVER *** [7s 6d 9d 4d] [8d]
canibal27: checks 
habib beye: bets $4.61
canibal27: calls $4.61
*** SHOW DOWN ***
habib beye: shows [Ks Jh] (high card King)
canibal27: shows [8s 8h] (three of a kind, Eights)
canibal27 collected $13.51 from pot
*** SUMMARY ***
Total pot $14.22 | Rake $0.71 
Board [7s 6d 9d 4d 8d]
Seat 1: habib beye showed [Ks Jh] and lost with high card King
Seat 2: J0SHB0SH folded before Flop (didn't bet)
Seat 4: Espada Fish (button) folded before Flop (didn't bet)
Seat 5: wojts (small blind) folded before Flop
Seat 6: canibal27 (big blind) showed [8s 8h] and won ($13.51) with three of a kind, Eights



PokerStars Hand #254711178548:  Hold'em No Limit ($0.50/$1.00 USD) - 2025/02/04 23:32:46 WET [2025/02/04 18:32:46 ET]
Table 'Mitlincoln' 6-max Seat #5 is the button
Seat 1: habib beye ($100 in chips) 
Seat 2: J0SHB0SH ($114.83 in chips) 
Seat 4: Espada Fish ($105.53 in chips) 
Seat 5: wojts ($208.60 in chips) 
Seat 6: canibal27 ($106.65 in chips) 
canibal27: posts small blind $0.50
habib beye: posts big blind $1
*** HOLE CARDS ***
J0SHB0SH: folds 
Espada Fish: folds 
wojts: folds 
canibal27: raises $2 to $3
habib beye: folds 
Uncalled bet ($2) returned to canibal27
canibal27 collected $2 from pot
canibal27: doesn't show hand 
*** SUMMARY ***
Total pot $2 | Rake $0 
Seat 1: habib beye (big blind) folded before Flop
Seat 2: J0SHB0SH folded before Flop (didn't bet)
Seat 4: Espada Fish folded before Flop (didn't bet)
Seat 5: wojts (button) folded before Flop (didn't bet)
Seat 6: canibal27 (small blind) collected ($2)



PokerStars Hand #254711183973:  Hold'em No Limit ($0.50/$1.00 USD) - 2025/02/04 23:33:08 WET [2025/02/04 18:33:08 ET]
Table 'Mitlincoln' 6-max Seat #6 is the button
Seat 1: habib beye ($100 in chips) 
Seat 2: J0SHB0SH ($114.83 in chips) 
Seat 4: Espada Fish ($105.53 in chips) 
Seat 5: wojts ($208.60 in chips) 
Seat 6: canibal27 ($107.65 in chips) 
habib beye: posts small blind $0.50
J0SHB0SH: posts big blind $1
*** HOLE CARDS ***
Espada Fish: folds 
wojts: raises $2 to $3
canibal27: folds 
habib beye: folds 
J0SHB0SH: folds 
Uncalled bet ($2) returned to wojts
wojts collected $2.50 from pot
wojts: doesn't show hand 
*** SUMMARY ***
Total pot $2.50 | Rake $0 
Seat 1: habib beye (small blind) folded before Flop
Seat 2: J0SHB0SH (big blind) folded before Flop
Seat 4: Espada Fish folded before Flop (didn't bet)
Seat 5: wojts collected ($2.50)
Seat 6: canibal27 (button) folded before Flop (didn't bet)



PokerStars Hand #254711188606:  Hold'em No Limit ($0.50/$1.00 USD) - 2025/02/04 23:33:28 WET [2025/02/04 18:33:28 ET]
Table 'Mitlincoln' 6-max Seat #1 is the button
Seat 4: Espada Fish ($105.53 in chips) is sitting out
Seat 1: habib beye ($100 in chips) 
Seat 2: J0SHB0SH ($113.83 in chips) 
Seat 5: wojts ($210.10 in chips) 
Seat 6: canibal27 ($107.65 in chips) 
J0SHB0SH: posts small blind $0.50
Espada Fish: is sitting out 
wojts: posts big blind $1
*** HOLE CARDS ***
canibal27: raises $1.30 to $2.30
habib beye: raises $5.20 to $7.50
Espada Fish leaves the table
J0SHB0SH: raises $11.50 to $19
wojts: folds 
canibal27: folds 
habib beye: folds 
Uncalled bet ($11.50) returned to J0SHB0SH
J0SHB0SH collected $18.30 from pot
J0SHB0SH: doesn't show hand 
*** SUMMARY ***
Total pot $18.30 | Rake $0 
Seat 4: Espada Fish
Seat 1: habib beye (button) folded before Flop
Seat 2: J0SHB0SH (small blind) collected ($18.30)
Seat 5: wojts (big blind) folded before Flop
Seat 6: canibal27 folded before Flop



PokerStars Hand #254711194959:  Hold'em No Limit ($0.50/$1.00 USD) - 2025/02/04 23:33:54 WET [2025/02/04 18:33:54 ET]
Table 'Mitlincoln' 6-max Seat #2 is the button
Seat 1: habib beye ($100 in chips) 
Seat 2: J0SHB0SH ($124.63 in chips) 
Seat 5: wojts ($209.10 in chips) 
Seat 6: canibal27 ($105.35 in chips) 
wojts: posts small blind $0.50
canibal27: posts big blind $1
*** HOLE CARDS ***
habib beye: raises $1.30 to $2.30
J0SHB0SH: folds 
wojts: folds 
canibal27: calls $1.30
*** FLOP *** [3s Ks Qh]
canibal27: checks 
habib beye: bets $2.13
canibal27: calls $2.13
*** TURN *** [3s Ks Qh] [Ac]
canibal27: checks 
habib beye: checks 
*** RIVER *** [3s Ks Qh Ac] [7c]
canibal27: bets $5.96
habib beye: calls $5.96
*** SHOW DOWN ***
canibal27: shows [Ad Ts] (a pair of Aces)
habib beye: mucks hand 
canibal27 collected $20.28 from pot
*** SUMMARY ***
Total pot $21.28 | Rake $1 
Board [3s Ks Qh Ac 7c]
Seat 1: habib beye mucked
Seat 2: J0SHB0SH (button) folded before Flop (didn't bet)
Seat 5: wojts (small blind) folded before Flop
Seat 6: canibal27 (big blind) showed [Ad Ts] and won ($20.28) with a pair of Aces



PokerStars Hand #254711207058:  Hold'em No Limit ($0.50/$1.00 USD) - 2025/02/04 23:34:43 WET [2025/02/04 18:34:43 ET]
Table 'Mitlincoln' 6-max Seat #5 is the button
Seat 1: habib beye ($100 in chips) 
Seat 2: J0SHB0SH ($124.63 in chips) 
Seat 5: wojts ($208.60 in chips) 
Seat 6: canibal27 ($115.24 in chips) 
canibal27: posts small blind $0.50
habib beye: posts big blind $1
*** HOLE CARDS ***
J0SHB0SH: raises $1.50 to $2.50
wojts: folds 
canibal27: folds 
habib beye: raises $10.50 to $13
J0SHB0SH: folds 
Uncalled bet ($10.50) returned to habib beye
habib beye collected $5.50 from pot
*** SUMMARY ***
Total pot $5.50 | Rake $0 
Seat 1: habib beye (big blind) collected ($5.50)
Seat 2: J0SHB0SH folded before Flop
Seat 5: wojts (button) folded before Flop (didn't bet)
Seat 6: canibal27 (small blind) folded before Flop



PokerStars Hand #254711214429:  Hold'em No Limit ($0.50/$1.00 USD) - 2025/02/04 23:35:13 WET [2025/02/04 18:35:13 ET]
Table 'Mitlincoln' 6-max Seat #6 is the button
Seat 1: habib beye ($103 in chips) 
Seat 2: J0SHB0SH ($122.13 in chips) 
Seat 5: wojts ($208.60 in chips) 
Seat 6: canibal27 ($114.74 in chips) 
habib beye: posts small blind $0.50
J0SHB0SH: posts big blind $1
*** HOLE CARDS ***
wojts: folds 
ZipperJay joins the table at seat #4 
ZipperJay is disconnected 
canibal27: folds 
habib beye: folds 
Uncalled bet ($0.50) returned to J0SHB0SH
J0SHB0SH collected $1 from pot
J0SHB0SH: doesn't show hand 
*** SUMMARY ***
Total pot $1 | Rake $0 
Seat 1: habib beye (small blind) folded before Flop
Seat 2: J0SHB0SH (big blind) collected ($1)
Seat 5: wojts folded before Flop (didn't bet)
Seat 6: canibal27 (button) folded before Flop (didn't bet)



PokerStars Hand #254711217394:  Hold'em No Limit ($0.50/$1.00 USD) - 2025/02/04 23:35:26 WET [2025/02/04 18:35:26 ET]
Table 'Mitlincoln' 6-max Seat #1 is the button
Seat 1: habib beye ($102.50 in chips) 
Seat 2: J0SHB0SH ($122.63 in chips) 
Seat 4: ZipperJay ($100 in chips) 
Seat 5: wojts ($208.60 in chips) 
Seat 6: canibal27 ($114.74 in chips) 
J0SHB0SH: posts small blind $0.50
ZipperJay: posts big blind $1
*** HOLE CARDS ***
wojts: folds 
XneferX joins the table at seat #3 
canibal27: raises $1.30 to $2.30
habib beye: folds 
J0SHB0SH: folds 
ZipperJay: calls $1.30
*** FLOP *** [Jc Qs 3d]
ZipperJay: bets $3
XneferX leaves the table
canibal27: folds 
Uncalled bet ($3) returned to ZipperJay
ZipperJay collected $4.84 from pot
*** SUMMARY ***
Total pot $5.10 | Rake $0.26 
Board [Jc Qs 3d]
Seat 1: habib beye (button) folded before Flop (didn't bet)
Seat 2: J0SHB0SH (small blind) folded before Flop
Seat 4: ZipperJay (big blind) collected ($4.84)
Seat 5: wojts folded before Flop (didn't bet)
Seat 6: canibal27 folded on the Flop



PokerStars Hand #254711226758:  Hold'em No Limit ($0.50/$1.00 USD) - 2025/02/04 23:36:04 WET [2025/02/04 18:36:04 ET]
Table 'Mitlincoln' 6-max Seat #2 is the button
Seat 1: habib beye ($102.50 in chips) 
Seat 2: J0SHB0SH ($122.13 in chips) 
Seat 4: ZipperJay ($102.54 in chips) 
Seat 5: wojts ($208.60 in chips) 
Seat 6: canibal27 ($112.44 in chips) 
ZipperJay: posts small blind $0.50
wojts: posts big blind $1
*** HOLE CARDS ***
canibal27: folds 
habib beye: folds 
J0SHB0SH: folds 
ZipperJay: calls $0.50
reiyser joins the table at seat #3 
wojts: checks 
*** FLOP *** [5d 7d 4s]
ZipperJay: bets $1
wojts: calls $1
*** TURN *** [5d 7d 4s] [Kh]
ZipperJay: bets $5
wojts: folds 
Uncalled bet ($5) returned to ZipperJay
ZipperJay collected $3.80 from pot
*** SUMMARY ***
Total pot $4 | Rake $0.20 
Board [5d 7d 4s Kh]
Seat 1: habib beye folded before Flop (didn't bet)
Seat 2: J0SHB0SH (button) folded before Flop (didn't bet)
Seat 4: ZipperJay (small blind) collected ($3.80)
Seat 5: wojts (big blind) folded on the Turn
Seat 6: canibal27 folded before Flop (didn't bet)



PokerStars Hand #254711236046:  Hold'em No Limit ($0.50/$1.00 USD) - 2025/02/04 23:36:43 WET [2025/02/04 18:36:43 ET]
Table 'Mitlincoln' 6-max Seat #4 is the button
Seat 3: reiyser ($100 in chips) is sitting out
Seat 1: habib beye ($102.50 in chips) 
Seat 2: J0SHB0SH ($122.13 in chips) 
Seat 4: ZipperJay ($104.34 in chips) 
Seat 5: wojts ($206.60 in chips) 
Seat 6: canibal27 ($112.44 in chips) 
wojts: posts small blind $0.50
canibal27: posts big blind $1
reiyser: sits out 
*** HOLE CARDS ***
habib beye: raises $1.25 to $2.25
J0SHB0SH: folds 
ZipperJay: folds 
wojts: folds 
canibal27: folds 
Uncalled bet ($1.25) returned to habib beye
habib beye collected $2.50 from pot
*** SUMMARY ***
Total pot $2.50 | Rake $0 
Seat 3: reiyser
Seat 1: habib beye collected ($2.50)
Seat 2: J0SHB0SH folded before Flop (didn't bet)
Seat 4: ZipperJay (button) folded before Flop (didn't bet)
Seat 5: wojts (small blind) folded before Flop
Seat 6: canibal27 (big blind) folded before Flop



PokerStars Hand #254711241203:  Hold'em No Limit ($0.50/$1.00 USD) - 2025/02/04 23:37:04 WET [2025/02/04 18:37:04 ET]
Table 'Mitlincoln' 6-max Seat #5 is the button
Seat 3: reiyser ($100 in chips) is sitting out
Seat 1: habib beye ($104 in chips) 
Seat 2: J0SHB0SH ($122.13 in chips) 
Seat 4: ZipperJay ($104.34 in chips) 
Seat 5: wojts ($206.10 in chips) 
Seat 6: canibal27 ($111.44 in chips) 
canibal27: posts small blind $0.50
habib beye: posts big blind $1
reiyser: sits out 
*** HOLE CARDS ***
J0SHB0SH: folds 
ZipperJay: folds 
wojts: raises $2 to $3
canibal27: folds 
habib beye: folds 
Uncalled bet ($2) returned to wojts
wojts collected $2.50 from pot
wojts: doesn't show hand 
*** SUMMARY ***
Total pot $2.50 | Rake $0 
Seat 3: reiyser
Seat 1: habib beye (big blind) folded before Flop
Seat 2: J0SHB0SH folded before Flop (didn't bet)
Seat 4: ZipperJay folded before Flop (didn't bet)
Seat 5: wojts (button) collected ($2.50)
Seat 6: canibal27 (small blind) folded before Flop



PokerStars Hand #254711247409:  Hold'em No Limit ($0.50/$1.00 USD) - 2025/02/04 23:37:30 WET [2025/02/04 18:37:30 ET]
Table 'Mitlincoln' 6-max Seat #6 is the button
Seat 3: reiyser ($100 in chips) is sitting out
Seat 1: habib beye ($103 in chips) 
Seat 2: J0SHB0SH ($122.13 in chips) 
Seat 4: ZipperJay ($104.34 in chips) 
Seat 5: wojts ($207.60 in chips) 
Seat 6: canibal27 ($110.94 in chips) 
habib beye: posts small blind $0.50
J0SHB0SH: posts big blind $1
reiyser: sits out 
*** HOLE CARDS ***
ZipperJay: calls $1
wojts: folds 
canibal27: folds 
habib beye: folds 
J0SHB0SH: raises $3 to $4
ZipperJay: calls $3
*** FLOP *** [Ac As 7d]
J0SHB0SH: checks 
ZipperJay: bets $3
J0SHB0SH: calls $3
*** TURN *** [Ac As 7d] [8h]
J0SHB0SH: checks 
ZipperJay: bets $6
J0SHB0SH: calls $6
*** RIVER *** [Ac As 7d 8h] [Jd]
J0SHB0SH: checks 
ZipperJay: bets $12.59
J0SHB0SH: calls $12.59
*** SHOW DOWN ***
ZipperJay: shows [Tc Kd] (a pair of Aces)
J0SHB0SH: shows [Ah 3h] (three of a kind, Aces)
J0SHB0SH collected $49.18 from pot
*** SUMMARY ***
Total pot $51.68 | Rake $2.50 
Board [Ac As 7d 8h Jd]
Seat 3: reiyser
Seat 1: habib beye (small blind) folded before Flop
Seat 2: J0SHB0SH (big blind) showed [Ah 3h] and won ($49.18) with three of a kind, Aces
Seat 4: ZipperJay showed [Tc Kd] and lost with a pair of Aces
Seat 5: wojts folded before Flop (didn't bet)
Seat 6: canibal27 (button) folded before Flop (didn't bet)



PokerStars Hand #254711289323:  Hold'em No Limit ($0.50/$1.00 USD) - 2025/02/04 23:40:26 WET [2025/02/04 18:40:26 ET]
Table 'Mitlincoln' 6-max Seat #5 is the button
Seat 1: habib beye ($105 in chips) 
Seat 2: J0SHB0SH ($142.72 in chips) 
Seat 3: reiyser ($103.30 in chips) 
Seat 4: ZipperJay ($79.95 in chips) 
Seat 5: wojts ($206.10 in chips) 
Seat 6: canibal27 ($109.14 in chips) 
canibal27: posts small blind $0.50
habib beye: posts big blind $1
*** HOLE CARDS ***
J0SHB0SH: folds 
reiyser: folds 
ZipperJay: folds 
wojts: raises $2 to $3
canibal27: raises $9 to $12
habib beye: folds 
wojts: folds 
Uncalled bet ($9) returned to canibal27
canibal27 collected $7 from pot
canibal27: doesn't show hand 
*** SUMMARY ***
Total pot $7 | Rake $0 
Seat 1: habib beye (big blind) folded before Flop
Seat 2: J0SHB0SH folded before Flop (didn't bet)
Seat 3: reiyser folded before Flop (didn't bet)
Seat 4: ZipperJay folded before Flop (didn't bet)
Seat 5: wojts (button) folded before Flop
Seat 6: canibal27 (small blind) collected ($7)



PokerStars Hand #254711294983:  Hold'em No Limit ($0.50/$1.00 USD) - 2025/02/04 23:40:50 WET [2025/02/04 18:40:50 ET]
Table 'Mitlincoln' 6-max Seat #6 is the button
Seat 1: habib beye ($104 in chips) 
Seat 2: J0SHB0SH ($142.72 in chips) 
Seat 3: reiyser ($103.30 in chips) 
Seat 4: ZipperJay ($79.95 in chips) 
Seat 5: wojts ($203.10 in chips) 
Seat 6: canibal27 ($113.14 in chips) 
habib beye: posts small blind $0.50
J0SHB0SH: posts big blind $1
*** HOLE CARDS ***
reiyser: raises $1.23 to $2.23
ZipperJay: folds 
wojts: folds 
canibal27: folds 
habib beye: folds 
J0SHB0SH: folds 
Uncalled bet ($1.23) returned to reiyser
reiyser collected $2.50 from pot
reiyser: doesn't show hand 
*** SUMMARY ***
Total pot $2.50 | Rake $0 
Seat 1: habib beye (small blind) folded before Flop
Seat 2: J0SHB0SH (big blind) folded before Flop
Seat 3: reiyser collected ($2.50)
Seat 4: ZipperJay folded before Flop (didn't bet)
Seat 5: wojts folded before Flop (didn't bet)
Seat 6: canibal27 (button) folded before Flop (didn't bet)



PokerStars Hand #254711299476:  Hold'em No Limit ($0.50/$1.00 USD) - 2025/02/04 23:41:08 WET [2025/02/04 18:41:08 ET]
Table 'Mitlincoln' 6-max Seat #1 is the button
Seat 1: habib beye ($103.50 in chips) 
Seat 2: J0SHB0SH ($141.72 in chips) 
Seat 3: reiyser ($104.80 in chips) 
Seat 4: ZipperJay ($79.95 in chips) 
Seat 5: wojts ($203.10 in chips) 
Seat 6: canibal27 ($113.14 in chips) 
J0SHB0SH: posts small blind $0.50
reiyser: posts big blind $1
*** HOLE CARDS ***
ZipperJay: calls $1
wojts: folds 
canibal27: folds 
habib beye: folds 
J0SHB0SH: folds 
reiyser: checks 
*** FLOP *** [2c 2h 6h]
reiyser: checks 
ZipperJay: bets $3
reiyser: folds 
Uncalled bet ($3) returned to ZipperJay
ZipperJay collected $2.38 from pot
*** SUMMARY ***
Total pot $2.50 | Rake $0.12 
Board [2c 2h 6h]
Seat 1: habib beye (button) folded before Flop (didn't bet)
Seat 2: J0SHB0SH (small blind) folded before Flop
Seat 3: reiyser (big blind) folded on the Flop
Seat 4: ZipperJay collected ($2.38)
Seat 5: wojts folded before Flop (didn't bet)
Seat 6: canibal27 folded before Flop (didn't bet)



PokerStars Hand #254711308978:  Hold'em No Limit ($0.50/$1.00 USD) - 2025/02/04 23:41:48 WET [2025/02/04 18:41:48 ET]
Table 'Mitlincoln' 6-max Seat #2 is the button
Seat 1: habib beye ($103.50 in chips) 
Seat 2: J0SHB0SH ($141.22 in chips) 
Seat 3: reiyser ($103.80 in chips) 
Seat 4: ZipperJay ($81.33 in chips) 
Seat 5: wojts ($203.10 in chips) 
Seat 6: canibal27 ($113.14 in chips) 
reiyser: posts small blind $0.50
ZipperJay: posts big blind $1
*** HOLE CARDS ***
wojts: folds 
canibal27: raises $1 to $2
habib beye: folds 
J0SHB0SH: folds 
reiyser: folds 
ZipperJay: calls $1
*** FLOP *** [7s 2s Jd]
ZipperJay: checks 
canibal27: bets $1.41
ZipperJay: calls $1.41
*** TURN *** [7s 2s Jd] [3h]
ZipperJay: checks 
canibal27: checks 
*** RIVER *** [7s 2s Jd 3h] [7h]
ZipperJay: bets $4
canibal27: calls $4
*** SHOW DOWN ***
ZipperJay: shows [Ac Ks] (a pair of Sevens)
canibal27: shows [4c 4d] (two pair, Sevens and Fours)
canibal27 collected $14.55 from pot
*** SUMMARY ***
Total pot $15.32 | Rake $0.77 
Board [7s 2s Jd 3h 7h]
Seat 1: habib beye folded before Flop (didn't bet)
Seat 2: J0SHB0SH (button) folded before Flop (didn't bet)
Seat 3: reiyser (small blind) folded before Flop
Seat 4: ZipperJay (big blind) showed [Ac Ks] and lost with a pair of Sevens
Seat 5: wojts folded before Flop (didn't bet)
Seat 6: canibal27 showed [4c 4d] and won ($14.55) with two pair, Sevens and Fours



PokerStars Hand #254711318584:  Hold'em No Limit ($0.50/$1.00 USD) - 2025/02/04 23:42:28 WET [2025/02/04 18:42:28 ET]
Table 'Mitlincoln' 6-max Seat #3 is the button
Seat 1: habib beye ($103.50 in chips) 
Seat 2: J0SHB0SH ($141.22 in chips) 
Seat 3: reiyser ($103.30 in chips) 
Seat 4: ZipperJay ($73.92 in chips) 
Seat 5: wojts ($203.10 in chips) 
Seat 6: canibal27 ($120.28 in chips) 
ZipperJay: posts small blind $0.50
wojts: posts big blind $1
*** HOLE CARDS ***
canibal27: raises $1 to $2
habib beye: folds 
J0SHB0SH: raises $5 to $7
reiyser: folds 
ZipperJay: folds 
wojts: folds 
canibal27: calls $5
*** FLOP *** [6d Tc 8s]
canibal27: checks 
J0SHB0SH: checks 
*** TURN *** [6d Tc 8s] [9s]
canibal27: bets $4.86
J0SHB0SH: calls $4.86
*** RIVER *** [6d Tc 8s 9s] [8d]
canibal27: checks 
J0SHB0SH: checks 
*** SHOW DOWN ***
canibal27: shows [Js Jh] (two pair, Jacks and Eights)
J0SHB0SH: mucks hand 
canibal27 collected $23.96 from pot
*** SUMMARY ***
Total pot $25.22 | Rake $1.26 
Board [6d Tc 8s 9s 8d]
Seat 1: habib beye folded before Flop (didn't bet)
Seat 2: J0SHB0SH mucked
Seat 3: reiyser (button) folded before Flop (didn't bet)
Seat 4: ZipperJay (small blind) folded before Flop
Seat 5: wojts (big blind) folded before Flop
Seat 6: canibal27 showed [Js Jh] and won ($23.96) with two pair, Jacks and Eights



PokerStars Hand #254711329698:  Hold'em No Limit ($0.50/$1.00 USD) - 2025/02/04 23:43:16 WET [2025/02/04 18:43:16 ET]
Table 'Mitlincoln' 6-max Seat #4 is the button
Seat 1: habib beye ($103.50 in chips) 
Seat 2: J0SHB0SH ($129.36 in chips) 
Seat 3: reiyser ($103.30 in chips) 
Seat 4: ZipperJay ($73.42 in chips) 
Seat 5: wojts ($202.10 in chips) 
Seat 6: canibal27 ($132.38 in chips) 
wojts: posts small blind $0.50
canibal27: posts big blind $1
*** HOLE CARDS ***
habib beye: folds 
J0SHB0SH: raises $1 to $2
reiyser: folds 
ZipperJay: folds 
ZipperJay leaves the table
wojts: calls $1.50
canibal27: folds 
*** FLOP *** [3c 2d 4c]
wojts: bets $2.38
J0SHB0SH: folds 
Uncalled bet ($2.38) returned to wojts
wojts collected $4.75 from pot
wojts: doesn't show hand 
*** SUMMARY ***
Total pot $5 | Rake $0.25 
Board [3c 2d 4c]
Seat 1: habib beye folded before Flop (didn't bet)
Seat 2: J0SHB0SH folded on the Flop
Seat 3: reiyser folded before Flop (didn't bet)
Seat 4: ZipperJay (button) folded before Flop (didn't bet)
Seat 5: wojts (small blind) collected ($4.75)
Seat 6: canibal27 (big blind) folded before Flop



PokerStars Hand #254711337646:  Hold'em No Limit ($0.50/$1.00 USD) - 2025/02/04 23:43:49 WET [2025/02/04 18:43:49 ET]
Table 'Mitlincoln' 6-max Seat #5 is the button
Seat 1: habib beye ($103.50 in chips) 
Seat 2: J0SHB0SH ($127.36 in chips) 
Seat 3: reiyser ($103.30 in chips) 
Seat 5: wojts ($204.85 in chips) 
Seat 6: canibal27 ($131.38 in chips) 
canibal27: posts small blind $0.50
habib beye: posts big blind $1
*** HOLE CARDS ***
J0SHB0SH: folds 
reiyser: folds 
wojts: raises $2 to $3
canibal27: raises $9 to $12
habib beye: folds 
wojts: calls $9
*** FLOP *** [4h 5h Ah]
canibal27: bets $2
wojts: folds 
Uncalled bet ($2) returned to canibal27
canibal27 collected $23.75 from pot
canibal27: doesn't show hand 
*** SUMMARY ***
Total pot $25 | Rake $1.25 
Board [4h 5h Ah]
Seat 1: habib beye (big blind) folded before Flop
Seat 2: J0SHB0SH folded before Flop (didn't bet)
Seat 3: reiyser folded before Flop (didn't bet)
Seat 5: wojts (button) folded on the Flop
Seat 6: canibal27 (small blind) collected ($23.75)



PokerStars Hand #254711348012:  Hold'em No Limit ($0.50/$1.00 USD) - 2025/02/04 23:44:34 WET [2025/02/04 18:44:34 ET]
Table 'Mitlincoln' 6-max Seat #6 is the button
Seat 1: habib beye ($102.50 in chips) 
Seat 2: J0SHB0SH ($127.36 in chips) 
Seat 3: reiyser ($103.30 in chips) 
Seat 5: wojts ($192.85 in chips) 
Seat 6: canibal27 ($143.13 in chips) 
habib beye: posts small blind $0.50
J0SHB0SH: posts big blind $1
*** HOLE CARDS ***
reiyser: folds 
wojts: folds 
canibal27: folds 
habib beye: raises $2 to $3
J0SHB0SH: folds 
Uncalled bet ($2) returned to habib beye
habib beye collected $2 from pot
*** SUMMARY ***
Total pot $2 | Rake $0 
Seat 1: habib beye (small blind) collected ($2)
Seat 2: J0SHB0SH (big blind) folded before Flop
Seat 3: reiyser folded before Flop (didn't bet)
Seat 5: wojts folded before Flop (didn't bet)
Seat 6: canibal27 (button) folded before Flop (didn't bet)



PokerStars Hand #254711350496:  Hold'em No Limit ($0.50/$1.00 USD) - 2025/02/04 23:44:45 WET [2025/02/04 18:44:45 ET]
Table 'Mitlincoln' 6-max Seat #1 is the button
Seat 3: reiyser ($103.30 in chips) is sitting out
Seat 1: habib beye ($103.50 in chips) 
Seat 2: J0SHB0SH ($126.36 in chips) 
Seat 5: wojts ($192.85 in chips) 
Seat 6: canibal27 ($143.13 in chips) 
J0SHB0SH: posts small blind $0.50
reiyser: is sitting out 
wojts: posts big blind $1
*** HOLE CARDS ***
canibal27: folds 
habib beye: folds 
J0SHB0SH: folds 
Uncalled bet ($0.50) returned to wojts
reiyser leaves the table
wojts collected $1 from pot
wojts: doesn't show hand 
*** SUMMARY ***
Total pot $1 | Rake $0 
Seat 3: reiyser
Seat 1: habib beye (button) folded before Flop (didn't bet)
Seat 2: J0SHB0SH (small blind) folded before Flop
Seat 5: wojts (big blind) collected ($1)
Seat 6: canibal27 folded before Flop (didn't bet)



PokerStars Hand #254711352073:  Hold'em No Limit ($0.50/$1.00 USD) - 2025/02/04 23:44:52 WET [2025/02/04 18:44:52 ET]
Table 'Mitlincoln' 6-max Seat #2 is the button
Seat 1: habib beye ($103.50 in chips) 
Seat 2: J0SHB0SH ($125.86 in chips) 
Seat 5: wojts ($193.35 in chips) 
Seat 6: canibal27 ($143.13 in chips) 
wojts: posts small blind $0.50
canibal27: posts big blind $1
*** HOLE CARDS ***
habib beye: raises $1.30 to $2.30
J0SHB0SH: folds 
wojts: folds 
canibal27: folds 
Uncalled bet ($1.30) returned to habib beye
habib beye collected $2.50 from pot
*** SUMMARY ***
Total pot $2.50 | Rake $0 
Seat 1: habib beye collected ($2.50)
Seat 2: J0SHB0SH (button) folded before Flop (didn't bet)
Seat 5: wojts (small blind) folded before Flop
Seat 6: canibal27 (big blind) folded before Flop



PokerStars Hand #254711357766:  Hold'em No Limit ($0.50/$1.00 USD) - 2025/02/04 23:45:16 WET [2025/02/04 18:45:16 ET]
Table 'Mitlincoln' 6-max Seat #5 is the button
Seat 1: habib beye ($105 in chips) 
Seat 2: J0SHB0SH ($125.86 in chips) 
Seat 5: wojts ($192.85 in chips) 
Seat 6: canibal27 ($142.13 in chips) 
canibal27: posts small blind $0.50
habib beye: posts big blind $1
*** HOLE CARDS ***
J0SHB0SH: folds 
wojts: raises $2 to $3
canibal27: folds 
habib beye: folds 
Uncalled bet ($2) returned to wojts
wojts collected $2.50 from pot
wojts: doesn't show hand 
*** SUMMARY ***
Total pot $2.50 | Rake $0 
Seat 1: habib beye (big blind) folded before Flop
Seat 2: J0SHB0SH folded before Flop (didn't bet)
Seat 5: wojts (button) collected ($2.50)
Seat 6: canibal27 (small blind) folded before Flop



PokerStars Hand #254711361891:  Hold'em No Limit ($0.50/$1.00 USD) - 2025/02/04 23:45:33 WET [2025/02/04 18:45:33 ET]
Table 'Mitlincoln' 6-max Seat #6 is the button
Seat 1: habib beye ($104 in chips) 
Seat 2: J0SHB0SH ($125.86 in chips) 
Seat 5: wojts ($194.35 in chips) 
Seat 6: canibal27 ($141.63 in chips) 
habib beye: posts small blind $0.50
J0SHB0SH: posts big blind $1
*** HOLE CARDS ***
wojts: folds 
canibal27: folds 
habib beye: raises $2 to $3
J0SHB0SH: calls $2
*** FLOP *** [Tc 3s 2c]
habib beye: bets $2.51
J0SHB0SH: calls $2.51
*** TURN *** [Tc 3s 2c] [Kd]
habib beye: checks 
J0SHB0SH: bets $7.85
habib beye: calls $7.85
*** RIVER *** [Tc 3s 2c Kd] [7c]
habib beye: checks 
J0SHB0SH: bets $19.29
habib beye: calls $19.29
*** SHOW DOWN ***
J0SHB0SH: shows [Qs Kc] (a pair of Kings)
habib beye: mucks hand 
J0SHB0SH collected $64.30 from pot
*** SUMMARY ***
Total pot $65.30 | Rake $1 
Board [Tc 3s 2c Kd 7c]
Seat 1: habib beye (small blind) mucked
Seat 2: J0SHB0SH (big blind) showed [Qs Kc] and won ($64.30) with a pair of Kings
Seat 5: wojts folded before Flop (didn't bet)
Seat 6: canibal27 (button) folded before Flop (didn't bet)



PokerStars Hand #254711376858:  Hold'em No Limit ($0.50/$1.00 USD) - 2025/02/04 23:46:38 WET [2025/02/04 18:46:38 ET]
Table 'Mitlincoln' 6-max Seat #1 is the button
Seat 5: wojts ($194.35 in chips) is sitting out
Seat 1: habib beye ($100 in chips) 
Seat 2: J0SHB0SH ($157.51 in chips) 
Seat 6: canibal27 ($141.63 in chips) 
J0SHB0SH: posts small blind $0.50
wojts: is sitting out 
canibal27: posts big blind $1
*** HOLE CARDS ***
habib beye: folds 
wojts leaves the table
J0SHB0SH: folds 
Uncalled bet ($0.50) returned to canibal27
canibal27 collected $1 from pot
canibal27: doesn't show hand 
*** SUMMARY ***
Total pot $1 | Rake $0 
Seat 5: wojts
Seat 1: habib beye (button) folded before Flop (didn't bet)
Seat 2: J0SHB0SH (small blind) folded before Flop
Seat 6: canibal27 (big blind) collected ($1)



PokerStars Hand #254711379167:  Hold'em No Limit ($0.50/$1.00 USD) - 2025/02/04 23:46:48 WET [2025/02/04 18:46:48 ET]
Table 'Mitlincoln' 6-max Seat #2 is the button
Seat 1: habib beye ($100 in chips) 
Seat 2: J0SHB0SH ($157.01 in chips) 
Seat 6: canibal27 ($142.13 in chips) 
canibal27: posts small blind $0.50
habib beye: posts big blind $1
*** HOLE CARDS ***
J0SHB0SH: folds 
canibal27: folds 
Uncalled bet ($0.50) returned to habib beye
habib beye collected $1 from pot
*** SUMMARY ***
Total pot $1 | Rake $0 
Seat 1: habib beye (big blind) collected ($1)
Seat 2: J0SHB0SH (button) folded before Flop (didn't bet)
Seat 6: canibal27 (small blind) folded before Flop



PokerStars Hand #254711381749:  Hold'em No Limit ($0.50/$1.00 USD) - 2025/02/04 23:46:59 WET [2025/02/04 18:46:59 ET]
Table 'Mitlincoln' 6-max Seat #1 is the button
Seat 2: J0SHB0SH ($157.01 in chips) is sitting out
Seat 1: habib beye ($100.50 in chips) 
Seat 6: canibal27 ($141.63 in chips) 
habib beye: posts small blind $0.50
J0SHB0SH: is sitting out 
canibal27: posts big blind $1
*** HOLE CARDS ***
habib beye: folds 
Uncalled bet ($0.50) returned to canibal27
J0SHB0SH leaves the table
canibal27 collected $1 from pot
canibal27: doesn't show hand 
*** SUMMARY ***
Total pot $1 | Rake $0 
Seat 2: J0SHB0SH
Seat 1: habib beye (button) (small blind) folded before Flop
Seat 6: canibal27 (big blind) collected ($1)



PokerStars Hand #254711383534:  Hold'em No Limit ($0.50/$1.00 USD) - 2025/02/04 23:47:07 WET [2025/02/04 18:47:07 ET]
Table 'Mitlincoln' 6-max Seat #6 is the button
Seat 1: habib beye ($100 in chips) 
Seat 6: canibal27 ($142.13 in chips) 
canibal27: posts small blind $0.50
habib beye: posts big blind $1
*** HOLE CARDS ***
canibal27: folds 
Uncalled bet ($0.50) returned to habib beye
habib beye collected $1 from pot
*** SUMMARY ***
Total pot $1 | Rake $0 
Seat 1: habib beye (big blind) collected ($1)
Seat 6: canibal27 (button) (small blind) folded before Flop



