PokerStars Hand #254698538392:  Hold'em No Limit ($0.50/$1.00 USD) - 2025/02/04 3:44:12 WET [2025/02/03 22:44:12 ET]
Table 'Memnon' 6-max Seat #2 is the button
Seat 1: MaRKiToScoK ($136.06 in chips) 
Seat 2: diegoparatodos ($83.09 in chips) 
Seat 3: 50CandyJoe ($156.46 in chips) 
Seat 4: alexandr699 ($101.50 in chips) 
Seat 5: Timonessb ($100 in chips) 
Seat 6: Melenya ($100 in chips) 
50CandyJoe: posts small blind $0.50
alexandr699: posts big blind $1
*** HOLE CARDS ***
Timonessb: folds 
Melenya: folds 
MaRKiToScoK: raises $1.20 to $2.20
diegoparatodos: calls $2.20
50CandyJoe: calls $1.70
alexandr699: folds 
*** FLOP *** [3s Jd 3d]
50CandyJoe: bets $1.81
MaRKiToScoK: calls $1.81
diegoparatodos: folds 
*** TURN *** [3s Jd 3d] [9s]
50CandyJoe: checks 
alexandr699 leaves the table
MaRKiToScoK: bets $9.50
50CandyJoe: calls $9.50
*** RIVER *** [3s Jd 3d 9s] [7h]
50CandyJoe: checks 
MaRKiToScoK: checks 
Tunaking77 joins the table at seat #4 
*** SHOW DOWN ***
50CandyJoe: shows [Jh 8h] (two pair, Jacks and Threes)
MaRKiToScoK: shows [Td Jc] (two pair, Jacks and Threes - Ten kicker)
Tunaking77 is disconnected 
MaRKiToScoK collected $28.71 from pot
*** SUMMARY ***
Total pot $30.22 | Rake $1.51 
Board [3s Jd 3d 9s 7h]
Seat 1: MaRKiToScoK showed [Td Jc] and won ($28.71) with two pair, Jacks and Threes
Seat 2: diegoparatodos (button) folded on the Flop
Seat 3: 50CandyJoe (small blind) showed [Jh 8h] and lost with two pair, Jacks and Threes
Seat 4: alexandr699 (big blind) folded before Flop
Seat 5: Timonessb folded before Flop (didn't bet)
Seat 6: Melenya folded before Flop (didn't bet)



PokerStars Hand #254698547087:  Hold'em No Limit ($0.50/$1.00 USD) - 2025/02/04 3:45:28 WET [2025/02/03 22:45:28 ET]
Table 'Memnon' 6-max Seat #3 is the button
Seat 4: Tunaking77 ($100 in chips) is sitting out
Seat 1: MaRKiToScoK ($151.26 in chips) 
Seat 2: diegoparatodos ($80.89 in chips) 
Seat 3: 50CandyJoe ($142.95 in chips) 
Seat 5: Timonessb ($100 in chips) 
Seat 6: Melenya ($100 in chips) 
Timonessb: posts small blind $0.50
Melenya: posts big blind $1
*** HOLE CARDS ***
MaRKiToScoK: folds 
diegoparatodos: folds 
50CandyJoe: folds 
Timonessb: folds 
Uncalled bet ($0.50) returned to Melenya
Melenya collected $1 from pot
Melenya: doesn't show hand 
*** SUMMARY ***
Total pot $1 | Rake $0 
Seat 4: Tunaking77
Seat 1: MaRKiToScoK folded before Flop (didn't bet)
Seat 2: diegoparatodos folded before Flop (didn't bet)
Seat 3: 50CandyJoe (button) folded before Flop (didn't bet)
Seat 5: Timonessb (small blind) folded before Flop
Seat 6: Melenya (big blind) collected ($1)



PokerStars Hand #254698548628:  Hold'em No Limit ($0.50/$1.00 USD) - 2025/02/04 3:45:41 WET [2025/02/03 22:45:41 ET]
Table 'Memnon' 6-max Seat #5 is the button
Seat 1: MaRKiToScoK ($151.26 in chips) 
Seat 2: diegoparatodos ($80.89 in chips) 
Seat 3: 50CandyJoe ($142.95 in chips) 
Seat 4: Tunaking77 ($100 in chips) 
Seat 5: Timonessb ($100 in chips) 
Seat 6: Melenya ($100.50 in chips) 
Melenya: posts small blind $0.50
MaRKiToScoK: posts big blind $1
Tunaking77: posts big blind $1
*** HOLE CARDS ***
diegoparatodos: folds 
50CandyJoe: raises $2.50 to $3.50
Tunaking77: folds 
Timonessb: folds 
Melenya: folds 
MaRKiToScoK: folds 
Uncalled bet ($2.50) returned to 50CandyJoe
50CandyJoe collected $3.50 from pot
50CandyJoe: doesn't show hand 
*** SUMMARY ***
Total pot $3.50 | Rake $0 
Seat 1: MaRKiToScoK (big blind) folded before Flop
Seat 2: diegoparatodos folded before Flop (didn't bet)
Seat 3: 50CandyJoe collected ($3.50)
Seat 4: Tunaking77 folded before Flop (didn't bet)
Seat 5: Timonessb (button) folded before Flop (didn't bet)
Seat 6: Melenya (small blind) folded before Flop



PokerStars Hand #254698553810:  Hold'em No Limit ($0.50/$1.00 USD) - 2025/02/04 3:46:26 WET [2025/02/03 22:46:26 ET]
Table 'Memnon' 6-max Seat #6 is the button
Seat 1: MaRKiToScoK ($150.26 in chips) 
Seat 2: diegoparatodos ($80.89 in chips) 
Seat 3: 50CandyJoe ($145.45 in chips) 
Seat 4: Tunaking77 ($99 in chips) 
Seat 5: Timonessb ($100 in chips) 
Seat 6: Melenya ($100 in chips) 
MaRKiToScoK: posts small blind $0.50
diegoparatodos: posts big blind $1
*** HOLE CARDS ***
50CandyJoe: folds 
Tunaking77: folds 
Timonessb: folds 
Melenya: folds 
MaRKiToScoK: raises $1.50 to $2.50
diegoparatodos: calls $1.50
*** FLOP *** [2s Ac 7h]
MaRKiToScoK: bets $1.19
diegoparatodos: folds 
Uncalled bet ($1.19) returned to MaRKiToScoK
MaRKiToScoK collected $4.75 from pot
*** SUMMARY ***
Total pot $5 | Rake $0.25 
Board [2s Ac 7h]
Seat 1: MaRKiToScoK (small blind) collected ($4.75)
Seat 2: diegoparatodos (big blind) folded on the Flop
Seat 3: 50CandyJoe folded before Flop (didn't bet)
Seat 4: Tunaking77 folded before Flop (didn't bet)
Seat 5: Timonessb folded before Flop (didn't bet)
Seat 6: Melenya (button) folded before Flop (didn't bet)



PokerStars Hand #254698557181:  Hold'em No Limit ($0.50/$1.00 USD) - 2025/02/04 3:46:56 WET [2025/02/03 22:46:56 ET]
Table 'Memnon' 6-max Seat #1 is the button
Seat 1: MaRKiToScoK ($152.51 in chips) 
Seat 2: diegoparatodos ($78.39 in chips) 
Seat 3: 50CandyJoe ($145.45 in chips) 
Seat 4: Tunaking77 ($99 in chips) 
Seat 5: Timonessb ($100 in chips) 
Seat 6: Melenya ($100 in chips) 
diegoparatodos: posts small blind $0.50
50CandyJoe: posts big blind $1
*** HOLE CARDS ***
Tunaking77: folds 
Timonessb: folds 
Melenya: raises $1.30 to $2.30
MaRKiToScoK: folds 
diegoparatodos: folds 
50CandyJoe: folds 
Uncalled bet ($1.30) returned to Melenya
Melenya collected $2.50 from pot
Melenya: doesn't show hand 
*** SUMMARY ***
Total pot $2.50 | Rake $0 
Seat 1: MaRKiToScoK (button) folded before Flop (didn't bet)
Seat 2: diegoparatodos (small blind) folded before Flop
Seat 3: 50CandyJoe (big blind) folded before Flop
Seat 4: Tunaking77 folded before Flop (didn't bet)
Seat 5: Timonessb folded before Flop (didn't bet)
Seat 6: Melenya collected ($2.50)



PokerStars Hand #254698561760:  Hold'em No Limit ($0.50/$1.00 USD) - 2025/02/04 3:47:37 WET [2025/02/03 22:47:37 ET]
Table 'Memnon' 6-max Seat #2 is the button
Seat 1: MaRKiToScoK ($152.51 in chips) 
Seat 2: diegoparatodos ($77.89 in chips) 
Seat 3: 50CandyJoe ($144.45 in chips) 
Seat 4: Tunaking77 ($99 in chips) 
Seat 5: Timonessb ($100 in chips) 
Seat 6: Melenya ($101.50 in chips) 
50CandyJoe: posts small blind $0.50
Tunaking77: posts big blind $1
*** HOLE CARDS ***
Timonessb: folds 
Melenya: raises $1 to $2
MaRKiToScoK: folds 
diegoparatodos: calls $2
50CandyJoe: folds 
Tunaking77: calls $1
*** FLOP *** [8h 2s Kh]
Tunaking77: bets $2
Melenya: folds 
diegoparatodos: folds 
Uncalled bet ($2) returned to Tunaking77
Tunaking77 collected $6.18 from pot
*** SUMMARY ***
Total pot $6.50 | Rake $0.32 
Board [8h 2s Kh]
Seat 1: MaRKiToScoK folded before Flop (didn't bet)
Seat 2: diegoparatodos (button) folded on the Flop
Seat 3: 50CandyJoe (small blind) folded before Flop
Seat 4: Tunaking77 (big blind) collected ($6.18)
Seat 5: Timonessb folded before Flop (didn't bet)
Seat 6: Melenya folded on the Flop



PokerStars Hand #254698567718:  Hold'em No Limit ($0.50/$1.00 USD) - 2025/02/04 3:48:30 WET [2025/02/03 22:48:30 ET]
Table 'Memnon' 6-max Seat #3 is the button
Seat 1: MaRKiToScoK ($152.51 in chips) 
Seat 2: diegoparatodos ($75.89 in chips) 
Seat 3: 50CandyJoe ($143.95 in chips) 
Seat 4: Tunaking77 ($103.18 in chips) 
Seat 5: Timonessb ($100 in chips) 
Seat 6: Melenya ($100 in chips) 
Tunaking77: posts small blind $0.50
Timonessb: posts big blind $1
*** HOLE CARDS ***
Melenya: folds 
MaRKiToScoK: folds 
diegoparatodos: raises $2 to $3
50CandyJoe: folds 
Tunaking77: folds 
Timonessb: folds 
Uncalled bet ($2) returned to diegoparatodos
diegoparatodos collected $2.50 from pot
diegoparatodos: doesn't show hand 
*** SUMMARY ***
Total pot $2.50 | Rake $0 
Seat 1: MaRKiToScoK folded before Flop (didn't bet)
Seat 2: diegoparatodos collected ($2.50)
Seat 3: 50CandyJoe (button) folded before Flop (didn't bet)
Seat 4: Tunaking77 (small blind) folded before Flop
Seat 5: Timonessb (big blind) folded before Flop
Seat 6: Melenya folded before Flop (didn't bet)



PokerStars Hand #254698571008:  Hold'em No Limit ($0.50/$1.00 USD) - 2025/02/04 3:49:00 WET [2025/02/03 22:49:00 ET]
Table 'Memnon' 6-max Seat #4 is the button
Seat 1: MaRKiToScoK ($152.51 in chips) 
Seat 2: diegoparatodos ($77.39 in chips) 
Seat 3: 50CandyJoe ($143.95 in chips) 
Seat 4: Tunaking77 ($102.68 in chips) 
Seat 5: Timonessb ($100 in chips) 
Seat 6: Melenya ($100 in chips) 
Timonessb: posts small blind $0.50
Melenya: posts big blind $1
*** HOLE CARDS ***
MaRKiToScoK: raises $1 to $2
diegoparatodos: folds 
50CandyJoe: folds 
Tunaking77: folds 
Timonessb: folds 
Melenya: folds 
Uncalled bet ($1) returned to MaRKiToScoK
MaRKiToScoK collected $2.50 from pot
*** SUMMARY ***
Total pot $2.50 | Rake $0 
Seat 1: MaRKiToScoK collected ($2.50)
Seat 2: diegoparatodos folded before Flop (didn't bet)
Seat 3: 50CandyJoe folded before Flop (didn't bet)
Seat 4: Tunaking77 (button) folded before Flop (didn't bet)
Seat 5: Timonessb (small blind) folded before Flop
Seat 6: Melenya (big blind) folded before Flop



PokerStars Hand #254698574273:  Hold'em No Limit ($0.50/$1.00 USD) - 2025/02/04 3:49:29 WET [2025/02/03 22:49:29 ET]
Table 'Memnon' 6-max Seat #5 is the button
Seat 1: MaRKiToScoK ($154.01 in chips) 
Seat 2: diegoparatodos ($77.39 in chips) 
Seat 3: 50CandyJoe ($143.95 in chips) 
Seat 4: Tunaking77 ($102.68 in chips) 
Seat 5: Timonessb ($100 in chips) 
Seat 6: Melenya ($100 in chips) 
Melenya: posts small blind $0.50
MaRKiToScoK: posts big blind $1
*** HOLE CARDS ***
diegoparatodos: raises $2 to $3
50CandyJoe: folds 
Tunaking77: calls $3
Timonessb: folds 
Melenya: folds 
MaRKiToScoK: folds 
*** FLOP *** [9d 8h Qh]
diegoparatodos: bets $7
Tunaking77: calls $7
*** TURN *** [9d 8h Qh] [8d]
diegoparatodos: bets $10.21
Tunaking77: calls $10.21
*** RIVER *** [9d 8h Qh 8d] [2c]
diegoparatodos: checks 
Tunaking77: bets $39
diegoparatodos: calls $39
*** SHOW DOWN ***
Tunaking77: shows [4h Jh] (a pair of Eights)
diegoparatodos: shows [Ks Kh] (two pair, Kings and Eights)
diegoparatodos collected $117.42 from pot
*** SUMMARY ***
Total pot $119.92 | Rake $2.50 
Board [9d 8h Qh 8d 2c]
Seat 1: MaRKiToScoK (big blind) folded before Flop
Seat 2: diegoparatodos showed [Ks Kh] and won ($117.42) with two pair, Kings and Eights
Seat 3: 50CandyJoe folded before Flop (didn't bet)
Seat 4: Tunaking77 showed [4h Jh] and lost with a pair of Eights
Seat 5: Timonessb (button) folded before Flop (didn't bet)
Seat 6: Melenya (small blind) folded before Flop



PokerStars Hand #254698582205:  Hold'em No Limit ($0.50/$1.00 USD) - 2025/02/04 3:50:41 WET [2025/02/03 22:50:41 ET]
Table 'Memnon' 6-max Seat #6 is the button
Seat 1: MaRKiToScoK ($153.01 in chips) 
Seat 2: diegoparatodos ($135.60 in chips) 
Seat 3: 50CandyJoe ($143.95 in chips) 
Seat 4: Tunaking77 ($43.47 in chips) 
Seat 5: Timonessb ($100 in chips) 
Seat 6: Melenya ($100 in chips) 
MaRKiToScoK: posts small blind $0.50
diegoparatodos: posts big blind $1
*** HOLE CARDS ***
50CandyJoe has timed out
50CandyJoe: folds 
Tunaking77: folds 
Timonessb: folds 
Melenya: raises $1.50 to $2.50
MaRKiToScoK: folds 
diegoparatodos: calls $1.50
*** FLOP *** [Kh 7h 3c]
diegoparatodos: bets $2.61
Melenya: calls $2.61
*** TURN *** [Kh 7h 3c] [9c]
diegoparatodos: bets $5.09
Melenya: calls $5.09
*** RIVER *** [Kh 7h 3c 9c] [Ks]
diegoparatodos: checks 
Melenya: checks 
*** SHOW DOWN ***
diegoparatodos: shows [Th Ts] (two pair, Kings and Tens)
Melenya: mucks hand 
diegoparatodos collected $19.86 from pot
*** SUMMARY ***
Total pot $20.90 | Rake $1.04 
Board [Kh 7h 3c 9c Ks]
Seat 1: MaRKiToScoK (small blind) folded before Flop
Seat 2: diegoparatodos (big blind) showed [Th Ts] and won ($19.86) with two pair, Kings and Tens
Seat 3: 50CandyJoe folded before Flop (didn't bet)
Seat 4: Tunaking77 folded before Flop (didn't bet)
Seat 5: Timonessb folded before Flop (didn't bet)
Seat 6: Melenya (button) mucked



PokerStars Hand #254698592588:  Hold'em No Limit ($0.50/$1.00 USD) - 2025/02/04 3:52:16 WET [2025/02/03 22:52:16 ET]
Table 'Memnon' 6-max Seat #1 is the button
Seat 1: MaRKiToScoK ($152.51 in chips) 
Seat 2: diegoparatodos ($145.26 in chips) 
Seat 3: 50CandyJoe ($143.95 in chips) 
Seat 4: Tunaking77 ($43.47 in chips) 
Seat 5: Timonessb ($100 in chips) 
Seat 6: Melenya ($100 in chips) 
diegoparatodos: posts small blind $0.50
50CandyJoe: posts big blind $1
*** HOLE CARDS ***
Tunaking77: folds 
Timonessb: raises $1.30 to $2.30
Melenya: folds 
MaRKiToScoK: folds 
diegoparatodos: folds 
50CandyJoe: folds 
Uncalled bet ($1.30) returned to Timonessb
Timonessb collected $2.50 from pot
*** SUMMARY ***
Total pot $2.50 | Rake $0 
Seat 1: MaRKiToScoK (button) folded before Flop (didn't bet)
Seat 2: diegoparatodos (small blind) folded before Flop
Seat 3: 50CandyJoe (big blind) folded before Flop
Seat 4: Tunaking77 folded before Flop (didn't bet)
Seat 5: Timonessb collected ($2.50)
Seat 6: Melenya folded before Flop (didn't bet)



PokerStars Hand #254698595343:  Hold'em No Limit ($0.50/$1.00 USD) - 2025/02/04 3:52:41 WET [2025/02/03 22:52:41 ET]
Table 'Memnon' 6-max Seat #2 is the button
Seat 1: MaRKiToScoK ($152.51 in chips) 
Seat 2: diegoparatodos ($144.76 in chips) 
Seat 3: 50CandyJoe ($142.95 in chips) 
Seat 4: Tunaking77 ($43.47 in chips) 
Seat 5: Timonessb ($101.50 in chips) 
Seat 6: Melenya ($100 in chips) 
50CandyJoe: posts small blind $0.50
Tunaking77: posts big blind $1
*** HOLE CARDS ***
Timonessb: raises $1.30 to $2.30
Melenya: folds 
MaRKiToScoK: folds 
diegoparatodos: folds 
50CandyJoe: folds 
Tunaking77: folds 
Uncalled bet ($1.30) returned to Timonessb
Timonessb collected $2.50 from pot
*** SUMMARY ***
Total pot $2.50 | Rake $0 
Seat 1: MaRKiToScoK folded before Flop (didn't bet)
Seat 2: diegoparatodos (button) folded before Flop (didn't bet)
Seat 3: 50CandyJoe (small blind) folded before Flop
Seat 4: Tunaking77 (big blind) folded before Flop
Seat 5: Timonessb collected ($2.50)
Seat 6: Melenya folded before Flop (didn't bet)



PokerStars Hand #254698598596:  Hold'em No Limit ($0.50/$1.00 USD) - 2025/02/04 3:53:11 WET [2025/02/03 22:53:11 ET]
Table 'Memnon' 6-max Seat #3 is the button
Seat 1: MaRKiToScoK ($152.51 in chips) 
Seat 2: diegoparatodos ($144.76 in chips) 
Seat 3: 50CandyJoe ($142.45 in chips) 
Seat 4: Tunaking77 ($42.47 in chips) 
Seat 5: Timonessb ($103 in chips) 
Seat 6: Melenya ($100 in chips) 
Tunaking77: posts small blind $0.50
Timonessb: posts big blind $1
*** HOLE CARDS ***
Melenya: raises $1 to $2
MaRKiToScoK: folds 
diegoparatodos: calls $2
50CandyJoe: folds 
Tunaking77: folds 
Timonessb: calls $1
*** FLOP *** [Ts Td 6d]
Timonessb: checks 
Melenya: checks 
diegoparatodos: bets $3.09
Timonessb: folds 
Melenya: folds 
Uncalled bet ($3.09) returned to diegoparatodos
diegoparatodos collected $6.18 from pot
diegoparatodos: doesn't show hand 
*** SUMMARY ***
Total pot $6.50 | Rake $0.32 
Board [Ts Td 6d]
Seat 1: MaRKiToScoK folded before Flop (didn't bet)
Seat 2: diegoparatodos collected ($6.18)
Seat 3: 50CandyJoe (button) folded before Flop (didn't bet)
Seat 4: Tunaking77 (small blind) folded before Flop
Seat 5: Timonessb (big blind) folded on the Flop
Seat 6: Melenya folded on the Flop



PokerStars Hand #254698601180:  Hold'em No Limit ($0.50/$1.00 USD) - 2025/02/04 3:53:36 WET [2025/02/03 22:53:36 ET]
Table 'Memnon' 6-max Seat #4 is the button
Seat 6: Melenya ($100 in chips) is sitting out
Seat 1: MaRKiToScoK ($152.51 in chips) 
Seat 2: diegoparatodos ($148.94 in chips) 
Seat 3: 50CandyJoe ($142.45 in chips) 
Seat 4: Tunaking77 ($41.97 in chips) 
Seat 5: Timonessb ($101 in chips) 
Timonessb: posts small blind $0.50
Melenya: is sitting out 
MaRKiToScoK: posts big blind $1
*** HOLE CARDS ***
diegoparatodos: raises $3 to $4
50CandyJoe: folds 
Tunaking77: raises $5 to $9
Timonessb: folds 
MaRKiToScoK: folds 
diegoparatodos: raises $139.94 to $148.94 and is all-in
Tunaking77: calls $32.97 and is all-in
Uncalled bet ($106.97) returned to diegoparatodos
*** FLOP *** [6s Qh 3s]
*** TURN *** [6s Qh 3s] [Jc]
*** RIVER *** [6s Qh 3s Jc] [7d]
*** SHOW DOWN ***
diegoparatodos: shows [Kd Ah] (high card Ace)
Tunaking77: shows [Kc Ts] (high card King)
diegoparatodos collected $82.94 from pot
*** SUMMARY ***
Total pot $85.44 | Rake $2.50 
Board [6s Qh 3s Jc 7d]
Seat 6: Melenya
Seat 1: MaRKiToScoK (big blind) folded before Flop
Seat 2: diegoparatodos showed [Kd Ah] and won ($82.94) with high card Ace
Seat 3: 50CandyJoe folded before Flop (didn't bet)
Seat 4: Tunaking77 (button) showed [Kc Ts] and lost with high card King
Seat 5: Timonessb (small blind) folded before Flop



PokerStars Hand #254698604781:  Hold'em No Limit ($0.50/$1.00 USD) - 2025/02/04 3:54:09 WET [2025/02/03 22:54:09 ET]
Table 'Memnon' 6-max Seat #5 is the button
Seat 4: Tunaking77 ($0 in chips) is sitting out
Seat 6: Melenya ($100 in chips) is sitting out
Seat 1: MaRKiToScoK ($151.51 in chips) 
Seat 2: diegoparatodos ($189.91 in chips) 
Seat 3: 50CandyJoe ($142.45 in chips) 
Seat 5: Timonessb ($100.50 in chips) 
MaRKiToScoK: posts small blind $0.50
diegoparatodos: posts big blind $1
*** HOLE CARDS ***
50CandyJoe: folds 
Timonessb: folds 
MaRKiToScoK: raises $2 to $3
diegoparatodos: folds 
Uncalled bet ($2) returned to MaRKiToScoK
MaRKiToScoK collected $2 from pot
*** SUMMARY ***
Total pot $2 | Rake $0 
Seat 4: Tunaking77
Seat 6: Melenya
Seat 1: MaRKiToScoK (small blind) collected ($2)
Seat 2: diegoparatodos (big blind) folded before Flop
Seat 3: 50CandyJoe folded before Flop (didn't bet)
Seat 5: Timonessb (button) folded before Flop (didn't bet)



PokerStars Hand #254698606473:  Hold'em No Limit ($0.50/$1.00 USD) - 2025/02/04 3:54:24 WET [2025/02/03 22:54:24 ET]
Table 'Memnon' 6-max Seat #1 is the button
Seat 6: Melenya ($100 in chips) is sitting out
Seat 1: MaRKiToScoK ($152.51 in chips) 
Seat 2: diegoparatodos ($188.91 in chips) 
Seat 3: 50CandyJoe ($142.45 in chips) 
Seat 4: Tunaking77 ($69.87 in chips) 
Seat 5: Timonessb ($100.50 in chips) 
diegoparatodos: posts small blind $0.50
50CandyJoe: posts big blind $1
*** HOLE CARDS ***
Tunaking77: folds 
Timonessb: folds 
MaRKiToScoK: folds 
diegoparatodos: folds 
Uncalled bet ($0.50) returned to 50CandyJoe
50CandyJoe collected $1 from pot
50CandyJoe: doesn't show hand 
*** SUMMARY ***
Total pot $1 | Rake $0 
Seat 6: Melenya
Seat 1: MaRKiToScoK (button) folded before Flop (didn't bet)
Seat 2: diegoparatodos (small blind) folded before Flop
Seat 3: 50CandyJoe (big blind) collected ($1)
Seat 4: Tunaking77 folded before Flop (didn't bet)
Seat 5: Timonessb folded before Flop (didn't bet)



PokerStars Hand #254698608863:  Hold'em No Limit ($0.50/$1.00 USD) - 2025/02/04 3:54:46 WET [2025/02/03 22:54:46 ET]
Table 'Memnon' 6-max Seat #2 is the button
Seat 6: Melenya ($100 in chips) is sitting out
Seat 1: MaRKiToScoK ($152.51 in chips) 
Seat 2: diegoparatodos ($188.41 in chips) 
Seat 3: 50CandyJoe ($142.95 in chips) 
Seat 4: Tunaking77 ($69.87 in chips) 
Seat 5: Timonessb ($100.50 in chips) 
50CandyJoe: posts small blind $0.50
Tunaking77: posts big blind $1
*** HOLE CARDS ***
Timonessb: folds 
MaRKiToScoK: folds 
diegoparatodos: folds 
50CandyJoe: raises $1.50 to $2.50
Tunaking77: calls $1.50
*** FLOP *** [Jd 2h 4s]
50CandyJoe: checks 
Tunaking77: checks 
*** TURN *** [Jd 2h 4s] [8h]
50CandyJoe: bets $7.13
Tunaking77: folds 
Uncalled bet ($7.13) returned to 50CandyJoe
50CandyJoe collected $4.75 from pot
50CandyJoe: doesn't show hand 
*** SUMMARY ***
Total pot $5 | Rake $0.25 
Board [Jd 2h 4s 8h]
Seat 6: Melenya
Seat 1: MaRKiToScoK folded before Flop (didn't bet)
Seat 2: diegoparatodos (button) folded before Flop (didn't bet)
Seat 3: 50CandyJoe (small blind) collected ($4.75)
Seat 4: Tunaking77 (big blind) folded on the Turn
Seat 5: Timonessb folded before Flop (didn't bet)



PokerStars Hand #254698612034:  Hold'em No Limit ($0.50/$1.00 USD) - 2025/02/04 3:55:17 WET [2025/02/03 22:55:17 ET]
Table 'Memnon' 6-max Seat #3 is the button
Seat 6: Melenya ($100 in chips) is sitting out
Seat 1: MaRKiToScoK ($152.51 in chips) 
Seat 2: diegoparatodos ($188.41 in chips) 
Seat 3: 50CandyJoe ($145.20 in chips) 
Seat 4: Tunaking77 ($67.37 in chips) 
Seat 5: Timonessb ($100.50 in chips) 
Tunaking77: posts small blind $0.50
Timonessb: posts big blind $1
*** HOLE CARDS ***
MaRKiToScoK: folds 
diegoparatodos: folds 
50CandyJoe: raises $1.50 to $2.50
Tunaking77: folds 
Timonessb: raises $10.50 to $13
50CandyJoe: calls $10.50
*** FLOP *** [As 3h Qc]
Timonessb: bets $8.31
50CandyJoe: folds 
Uncalled bet ($8.31) returned to Timonessb
Timonessb collected $25.18 from pot
Timonessb: doesn't show hand 
*** SUMMARY ***
Total pot $26.50 | Rake $1.32 
Board [As 3h Qc]
Seat 6: Melenya
Seat 1: MaRKiToScoK folded before Flop (didn't bet)
Seat 2: diegoparatodos folded before Flop (didn't bet)
Seat 3: 50CandyJoe (button) folded on the Flop
Seat 4: Tunaking77 (small blind) folded before Flop
Seat 5: Timonessb (big blind) collected ($25.18)



PokerStars Hand #254698615742:  Hold'em No Limit ($0.50/$1.00 USD) - 2025/02/04 3:55:59 WET [2025/02/03 22:55:59 ET]
Table 'Memnon' 6-max Seat #4 is the button
Seat 6: Melenya ($100 in chips) is sitting out
Seat 1: MaRKiToScoK ($152.51 in chips) 
Seat 2: diegoparatodos ($188.41 in chips) 
Seat 3: 50CandyJoe ($132.20 in chips) 
Seat 4: Tunaking77 ($66.87 in chips) 
Seat 5: Timonessb ($112.68 in chips) 
Timonessb: posts small blind $0.50
MaRKiToScoK: posts big blind $1
*** HOLE CARDS ***
diegoparatodos: folds 
50CandyJoe: raises $1.20 to $2.20
diegoparatodos leaves the table
Tunaking77: calls $2.20
Timonessb: calls $1.70
MaRKiToScoK: calls $1.20
*** FLOP *** [Kd Ks 4c]
Timonessb: checks 
MaRKiToScoK: checks 
50CandyJoe: bets $2.27
Tunaking77: calls $2.27
Timonessb: folds 
MaRKiToScoK: folds 
*** TURN *** [Kd Ks 4c] [Kh]
50CandyJoe: bets $1.27
Tunaking77: raises $3.27 to $4.54
50CandyJoe: folds 
Uncalled bet ($3.27) returned to Tunaking77
Tunaking77 collected $15.09 from pot
*** SUMMARY ***
Total pot $15.88 | Rake $0.79 
Board [Kd Ks 4c Kh]
Seat 6: Melenya
Seat 1: MaRKiToScoK (big blind) folded on the Flop
Seat 2: diegoparatodos folded before Flop (didn't bet)
Seat 3: 50CandyJoe folded on the Turn
Seat 4: Tunaking77 (button) collected ($15.09)
Seat 5: Timonessb (small blind) folded on the Flop



PokerStars Hand #254698622909:  Hold'em No Limit ($0.50/$1.00 USD) - 2025/02/04 3:57:23 WET [2025/02/03 22:57:23 ET]
Table 'Memnon' 6-max Seat #5 is the button
Seat 6: Melenya ($100 in chips) is sitting out
Seat 1: MaRKiToScoK ($150.31 in chips) 
Seat 3: 50CandyJoe ($126.46 in chips) 
Seat 4: Tunaking77 ($76.22 in chips) 
Seat 5: Timonessb ($110.48 in chips) 
MaRKiToScoK: posts small blind $0.50
Magnodive joins the table at seat #2 
50CandyJoe: posts big blind $1
*** HOLE CARDS ***
Tunaking77: raises $2 to $3
Timonessb: folds 
MaRKiToScoK: folds 
50CandyJoe: calls $2
*** FLOP *** [9d Ac 6h]
50CandyJoe: checks 
Tunaking77: bets $3
50CandyJoe: folds 
Uncalled bet ($3) returned to Tunaking77
Tunaking77 collected $6.18 from pot
*** SUMMARY ***
Total pot $6.50 | Rake $0.32 
Board [9d Ac 6h]
Seat 6: Melenya
Seat 1: MaRKiToScoK (small blind) folded before Flop
Seat 3: 50CandyJoe (big blind) folded on the Flop
Seat 4: Tunaking77 collected ($6.18)
Seat 5: Timonessb (button) folded before Flop (didn't bet)



PokerStars Hand #254698625654:  Hold'em No Limit ($0.50/$1.00 USD) - 2025/02/04 3:57:55 WET [2025/02/03 22:57:55 ET]
Table 'Memnon' 6-max Seat #1 is the button
Seat 2: Magnodive ($100 in chips) is sitting out
Seat 6: Melenya ($100 in chips) is sitting out
Seat 1: MaRKiToScoK ($149.81 in chips) 
Seat 3: 50CandyJoe ($123.46 in chips) 
Seat 4: Tunaking77 ($79.40 in chips) 
Seat 5: Timonessb ($110.48 in chips) 
50CandyJoe: posts small blind $0.50
Tunaking77: posts big blind $1
Melenya: sits out 
*** HOLE CARDS ***
Timonessb: folds 
MaRKiToScoK: raises $1.50 to $2.50
50CandyJoe: folds 
Tunaking77: folds 
Uncalled bet ($1.50) returned to MaRKiToScoK
MaRKiToScoK collected $2.50 from pot
*** SUMMARY ***
Total pot $2.50 | Rake $0 
Seat 2: Magnodive
Seat 6: Melenya
Seat 1: MaRKiToScoK (button) collected ($2.50)
Seat 3: 50CandyJoe (small blind) folded before Flop
Seat 4: Tunaking77 (big blind) folded before Flop
Seat 5: Timonessb folded before Flop (didn't bet)



PokerStars Hand #254698627729:  Hold'em No Limit ($0.50/$1.00 USD) - 2025/02/04 3:58:18 WET [2025/02/03 22:58:18 ET]
Table 'Memnon' 6-max Seat #3 is the button
Seat 2: Magnodive ($100 in chips) is sitting out
Seat 6: Melenya ($100 in chips) is sitting out
Seat 1: MaRKiToScoK ($151.31 in chips) 
Seat 3: 50CandyJoe ($122.96 in chips) 
Seat 4: Tunaking77 ($78.40 in chips) 
Seat 5: Timonessb ($110.48 in chips) 
Tunaking77: posts small blind $0.50
Timonessb: posts big blind $1
Melenya: sits out 
Magnodive: sits out 
*** HOLE CARDS ***
MaRKiToScoK: folds 
50CandyJoe: folds 
Tunaking77: calls $0.50
Timonessb: raises $3 to $4
Tunaking77: folds 
Uncalled bet ($3) returned to Timonessb
Timonessb collected $2 from pot
*** SUMMARY ***
Total pot $2 | Rake $0 
Seat 2: Magnodive
Seat 6: Melenya
Seat 1: MaRKiToScoK folded before Flop (didn't bet)
Seat 3: 50CandyJoe (button) folded before Flop (didn't bet)
Seat 4: Tunaking77 (small blind) folded before Flop
Seat 5: Timonessb (big blind) collected ($2)



PokerStars Hand #254698630145:  Hold'em No Limit ($0.50/$1.00 USD) - 2025/02/04 3:58:46 WET [2025/02/03 22:58:46 ET]
Table 'Memnon' 6-max Seat #4 is the button
Seat 2: Magnodive ($100 in chips) is sitting out
Seat 1: MaRKiToScoK ($151.31 in chips) 
Seat 3: 50CandyJoe ($122.96 in chips) 
Seat 4: Tunaking77 ($77.40 in chips) 
Seat 5: Timonessb ($111.48 in chips) 
Seat 6: Melenya ($100 in chips) 
Timonessb: posts small blind $0.50
Melenya: posts big blind $1
Magnodive: sits out 
*** HOLE CARDS ***
MaRKiToScoK: folds 
50CandyJoe: folds 
Tunaking77: raises $1 to $2
Timonessb: folds 
Melenya: calls $1
*** FLOP *** [Kh Kd 7c]
Melenya: checks 
Tunaking77: bets $3
Melenya: folds 
Uncalled bet ($3) returned to Tunaking77
Tunaking77 collected $4.28 from pot
*** SUMMARY ***
Total pot $4.50 | Rake $0.22 
Board [Kh Kd 7c]
Seat 2: Magnodive
Seat 1: MaRKiToScoK folded before Flop (didn't bet)
Seat 3: 50CandyJoe folded before Flop (didn't bet)
Seat 4: Tunaking77 (button) collected ($4.28)
Seat 5: Timonessb (small blind) folded before Flop
Seat 6: Melenya (big blind) folded on the Flop



PokerStars Hand #254698633434:  Hold'em No Limit ($0.50/$1.00 USD) - 2025/02/04 3:59:23 WET [2025/02/03 22:59:23 ET]
Table 'Memnon' 6-max Seat #5 is the button
Seat 2: Magnodive ($100 in chips) is sitting out
Seat 1: MaRKiToScoK ($151.31 in chips) 
Seat 3: 50CandyJoe ($122.96 in chips) 
Seat 4: Tunaking77 ($79.68 in chips) 
Seat 5: Timonessb ($110.98 in chips) 
Seat 6: Melenya ($100 in chips) 
Melenya: posts small blind $0.50
MaRKiToScoK: posts big blind $1
Magnodive: sits out 
*** HOLE CARDS ***
50CandyJoe: folds 
Tunaking77: folds 
Timonessb: folds 
Melenya: folds 
Uncalled bet ($0.50) returned to MaRKiToScoK
MaRKiToScoK collected $1 from pot
*** SUMMARY ***
Total pot $1 | Rake $0 
Seat 2: Magnodive
Seat 1: MaRKiToScoK (big blind) collected ($1)
Seat 3: 50CandyJoe folded before Flop (didn't bet)
Seat 4: Tunaking77 folded before Flop (didn't bet)
Seat 5: Timonessb (button) folded before Flop (didn't bet)
Seat 6: Melenya (small blind) folded before Flop



PokerStars Hand #254698636042:  Hold'em No Limit ($0.50/$1.00 USD) - 2025/02/04 3:59:53 WET [2025/02/03 22:59:53 ET]
Table 'Memnon' 6-max Seat #6 is the button
Seat 1: MaRKiToScoK ($151.81 in chips) 
Seat 2: Magnodive ($100 in chips) 
Seat 3: 50CandyJoe ($122.96 in chips) 
Seat 4: Tunaking77 ($79.68 in chips) 
Seat 5: Timonessb ($110.98 in chips) 
Seat 6: Melenya ($100 in chips) 
MaRKiToScoK: posts small blind $0.50
Magnodive: posts big blind $1
*** HOLE CARDS ***
50CandyJoe: folds 
Tunaking77: folds 
Timonessb: raises $1.30 to $2.30
Melenya: folds 
MaRKiToScoK: folds 
Magnodive: raises $9.70 to $12
Timonessb: calls $9.70
*** FLOP *** [Jc Ts Td]
Magnodive: bets $11.64
Timonessb: calls $11.64
*** TURN *** [Jc Ts Td] [8c]
Magnodive: bets $22.70
Timonessb: calls $22.70
*** RIVER *** [Jc Ts Td 8c] [2s]
Magnodive: checks 
Timonessb: bets $64.64 and is all-in
Magnodive: calls $53.66 and is all-in
Uncalled bet ($10.98) returned to Timonessb
*** SHOW DOWN ***
Timonessb: shows [Th Jh] (a full house, Tens full of Jacks)
Magnodive: shows [Js As] (two pair, Jacks and Tens)
Timonessb collected $198 from pot
*** SUMMARY ***
Total pot $200.50 | Rake $2.50 
Board [Jc Ts Td 8c 2s]
Seat 1: MaRKiToScoK (small blind) folded before Flop
Seat 2: Magnodive (big blind) showed [Js As] and lost with two pair, Jacks and Tens
Seat 3: 50CandyJoe folded before Flop (didn't bet)
Seat 4: Tunaking77 folded before Flop (didn't bet)
Seat 5: Timonessb showed [Th Jh] and won ($198) with a full house, Tens full of Jacks
Seat 6: Melenya (button) folded before Flop (didn't bet)



PokerStars Hand #254698645961:  Hold'em No Limit ($0.50/$1.00 USD) - 2025/02/04 4:01:35 WET [2025/02/03 23:01:35 ET]
Table 'Memnon' 6-max Seat #1 is the button
Seat 1: MaRKiToScoK ($151.31 in chips) 
Seat 2: Magnodive ($100 in chips) 
Seat 3: 50CandyJoe ($122.96 in chips) 
Seat 4: Tunaking77 ($79.68 in chips) 
Seat 5: Timonessb ($208.98 in chips) 
Seat 6: Melenya ($100 in chips) 
Magnodive: posts small blind $0.50
50CandyJoe: posts big blind $1
*** HOLE CARDS ***
Tunaking77: raises $1 to $2
Timonessb: folds 
Melenya: folds 
MaRKiToScoK: folds 
Magnodive: folds 
50CandyJoe: folds 
Uncalled bet ($1) returned to Tunaking77
Tunaking77 collected $2.50 from pot
*** SUMMARY ***
Total pot $2.50 | Rake $0 
Seat 1: MaRKiToScoK (button) folded before Flop (didn't bet)
Seat 2: Magnodive (small blind) folded before Flop
Seat 3: 50CandyJoe (big blind) folded before Flop
Seat 4: Tunaking77 collected ($2.50)
Seat 5: Timonessb folded before Flop (didn't bet)
Seat 6: Melenya folded before Flop (didn't bet)



PokerStars Hand #254698648310:  Hold'em No Limit ($0.50/$1.00 USD) - 2025/02/04 4:01:58 WET [2025/02/03 23:01:58 ET]
Table 'Memnon' 6-max Seat #2 is the button
Seat 1: MaRKiToScoK ($151.31 in chips) 
Seat 2: Magnodive ($100 in chips) 
Seat 3: 50CandyJoe ($121.96 in chips) 
Seat 4: Tunaking77 ($81.18 in chips) 
Seat 5: Timonessb ($208.98 in chips) 
Seat 6: Melenya ($100 in chips) 
50CandyJoe: posts small blind $0.50
Tunaking77: posts big blind $1
*** HOLE CARDS ***
Timonessb: raises $1.30 to $2.30
Melenya: folds 
MaRKiToScoK: folds 
Magnodive: folds 
50CandyJoe: folds 
Tunaking77: calls $1.30
*** FLOP *** [Kc 5c Kh]
Tunaking77: bets $2
Timonessb: calls $2
*** TURN *** [Kc 5c Kh] [Ad]
Tunaking77: bets $4
Timonessb: calls $4
*** RIVER *** [Kc 5c Kh Ad] [7s]
Tunaking77: bets $5
Timonessb: calls $5
*** SHOW DOWN ***
Tunaking77: shows [Ac 8s] (two pair, Aces and Kings)
Timonessb: mucks hand 
Tunaking77 collected $25.74 from pot
*** SUMMARY ***
Total pot $27.10 | Rake $1.36 
Board [Kc 5c Kh Ad 7s]
Seat 1: MaRKiToScoK folded before Flop (didn't bet)
Seat 2: Magnodive (button) folded before Flop (didn't bet)
Seat 3: 50CandyJoe (small blind) folded before Flop
Seat 4: Tunaking77 (big blind) showed [Ac 8s] and won ($25.74) with two pair, Aces and Kings
Seat 5: Timonessb mucked
Seat 6: Melenya folded before Flop (didn't bet)



PokerStars Hand #254698657277:  Hold'em No Limit ($0.50/$1.00 USD) - 2025/02/04 4:03:24 WET [2025/02/03 23:03:24 ET]
Table 'Memnon' 6-max Seat #3 is the button
Seat 1: MaRKiToScoK ($151.31 in chips) 
Seat 2: Magnodive ($100 in chips) 
Seat 3: 50CandyJoe ($121.46 in chips) 
Seat 4: Tunaking77 ($93.62 in chips) 
Seat 5: Timonessb ($195.68 in chips) 
Seat 6: Melenya ($100 in chips) 
Tunaking77: posts small blind $0.50
Timonessb: posts big blind $1
*** HOLE CARDS ***
Melenya: folds 
MaRKiToScoK: folds 
Magnodive: raises $1.50 to $2.50
50CandyJoe: raises $5 to $7.50
Tunaking77: folds 
Timonessb: folds 
Magnodive: folds 
Uncalled bet ($5) returned to 50CandyJoe
50CandyJoe collected $6.50 from pot
50CandyJoe: doesn't show hand 
*** SUMMARY ***
Total pot $6.50 | Rake $0 
Seat 1: MaRKiToScoK folded before Flop (didn't bet)
Seat 2: Magnodive folded before Flop
Seat 3: 50CandyJoe (button) collected ($6.50)
Seat 4: Tunaking77 (small blind) folded before Flop
Seat 5: Timonessb (big blind) folded before Flop
Seat 6: Melenya folded before Flop (didn't bet)



PokerStars Hand #254698661926:  Hold'em No Limit ($0.50/$1.00 USD) - 2025/02/04 4:04:08 WET [2025/02/03 23:04:08 ET]
Table 'Memnon' 6-max Seat #4 is the button
Seat 1: MaRKiToScoK ($151.31 in chips) 
Seat 2: Magnodive ($100 in chips) 
Seat 3: 50CandyJoe ($125.46 in chips) 
Seat 4: Tunaking77 ($93.12 in chips) 
Seat 5: Timonessb ($194.68 in chips) 
Seat 6: Melenya ($100 in chips) 
Timonessb: posts small blind $0.50
Melenya: posts big blind $1
*** HOLE CARDS ***
MaRKiToScoK: folds 
Magnodive: folds 
50CandyJoe: folds 
Tunaking77: folds 
Timonessb: raises $2 to $3
Melenya: folds 
Uncalled bet ($2) returned to Timonessb
Timonessb collected $2 from pot
*** SUMMARY ***
Total pot $2 | Rake $0 
Seat 1: MaRKiToScoK folded before Flop (didn't bet)
Seat 2: Magnodive folded before Flop (didn't bet)
Seat 3: 50CandyJoe folded before Flop (didn't bet)
Seat 4: Tunaking77 (button) folded before Flop (didn't bet)
Seat 5: Timonessb (small blind) collected ($2)
Seat 6: Melenya (big blind) folded before Flop



PokerStars Hand #254698664452:  Hold'em No Limit ($0.50/$1.00 USD) - 2025/02/04 4:04:31 WET [2025/02/03 23:04:31 ET]
Table 'Memnon' 6-max Seat #5 is the button
Seat 1: MaRKiToScoK ($151.31 in chips) 
Seat 2: Magnodive ($100 in chips) 
Seat 3: 50CandyJoe ($125.46 in chips) 
Seat 4: Tunaking77 ($93.12 in chips) 
Seat 5: Timonessb ($195.68 in chips) 
Seat 6: Melenya ($100 in chips) 
Melenya: posts small blind $0.50
MaRKiToScoK: posts big blind $1
*** HOLE CARDS ***
Magnodive: folds 
50CandyJoe: raises $1.20 to $2.20
Tunaking77: folds 
Timonessb: folds 
Melenya: folds 
MaRKiToScoK: folds 
Uncalled bet ($1.20) returned to 50CandyJoe
50CandyJoe collected $2.50 from pot
50CandyJoe: doesn't show hand 
*** SUMMARY ***
Total pot $2.50 | Rake $0 
Seat 1: MaRKiToScoK (big blind) folded before Flop
Seat 2: Magnodive folded before Flop (didn't bet)
Seat 3: 50CandyJoe collected ($2.50)
Seat 4: Tunaking77 folded before Flop (didn't bet)
Seat 5: Timonessb (button) folded before Flop (didn't bet)
Seat 6: Melenya (small blind) folded before Flop



PokerStars Hand #254698667225:  Hold'em No Limit ($0.50/$1.00 USD) - 2025/02/04 4:04:59 WET [2025/02/03 23:04:59 ET]
Table 'Memnon' 6-max Seat #6 is the button
Seat 1: MaRKiToScoK ($150.31 in chips) 
Seat 2: Magnodive ($100 in chips) 
Seat 3: 50CandyJoe ($126.96 in chips) 
Seat 4: Tunaking77 ($93.12 in chips) 
Seat 5: Timonessb ($195.68 in chips) 
Seat 6: Melenya ($100 in chips) 
MaRKiToScoK: posts small blind $0.50
Magnodive: posts big blind $1
*** HOLE CARDS ***
50CandyJoe: folds 
Tunaking77: raises $1 to $2
Timonessb: folds 
Melenya: folds 
MaRKiToScoK: folds 
Magnodive: folds 
Uncalled bet ($1) returned to Tunaking77
Tunaking77 collected $2.50 from pot
*** SUMMARY ***
Total pot $2.50 | Rake $0 
Seat 1: MaRKiToScoK (small blind) folded before Flop
Seat 2: Magnodive (big blind) folded before Flop
Seat 3: 50CandyJoe folded before Flop (didn't bet)
Seat 4: Tunaking77 collected ($2.50)
Seat 5: Timonessb folded before Flop (didn't bet)
Seat 6: Melenya (button) folded before Flop (didn't bet)



PokerStars Hand #254698411647:  Hold'em No Limit ($0.50/$1.00 USD) - 2025/02/04 3:26:11 WET [2025/02/03 22:26:11 ET]
Table 'Memnon' 6-max Seat #5 is the button
Seat 1: sutata ($100 in chips) 
Seat 2: diegoparatodos ($48 in chips) 
Seat 3: 50CandyJoe ($190.56 in chips) 
Seat 4: Tibibacsi ($169.38 in chips) 
Seat 5: y13txd ($47.18 in chips) 
Seat 6: Melenya ($100 in chips) 
Melenya: posts small blind $0.50
sutata: posts big blind $1
*** HOLE CARDS ***
diegoparatodos: folds 
50CandyJoe: folds 
Tibibacsi: folds 
y13txd: folds 
Melenya: raises $2 to $3
sutata: folds 
Uncalled bet ($2) returned to Melenya
Melenya collected $2 from pot
Melenya: doesn't show hand 
*** SUMMARY ***
Total pot $2 | Rake $0 
Seat 1: sutata (big blind) folded before Flop
Seat 2: diegoparatodos folded before Flop (didn't bet)
Seat 3: 50CandyJoe folded before Flop (didn't bet)
Seat 4: Tibibacsi folded before Flop (didn't bet)
Seat 5: y13txd (button) folded before Flop (didn't bet)
Seat 6: Melenya (small blind) collected ($2)



PokerStars Hand #254698414340:  Hold'em No Limit ($0.50/$1.00 USD) - 2025/02/04 3:26:34 WET [2025/02/03 22:26:34 ET]
Table 'Memnon' 6-max Seat #6 is the button
Seat 1: sutata ($100 in chips) 
Seat 2: diegoparatodos ($48 in chips) 
Seat 3: 50CandyJoe ($190.56 in chips) 
Seat 4: Tibibacsi ($169.38 in chips) 
Seat 5: y13txd ($47.18 in chips) 
Seat 6: Melenya ($101 in chips) 
sutata: posts small blind $0.50
diegoparatodos: posts big blind $1
*** HOLE CARDS ***
50CandyJoe: folds 
Tibibacsi: raises $1.50 to $2.50
y13txd: folds 
Melenya: calls $2.50
sutata: raises $12.10 to $14.60
diegoparatodos: folds 
Tibibacsi: folds 
Melenya: folds 
Uncalled bet ($12.10) returned to sutata
sutata collected $8.50 from pot
sutata: doesn't show hand 
*** SUMMARY ***
Total pot $8.50 | Rake $0 
Seat 1: sutata (small blind) collected ($8.50)
Seat 2: diegoparatodos (big blind) folded before Flop
Seat 3: 50CandyJoe folded before Flop (didn't bet)
Seat 4: Tibibacsi folded before Flop
Seat 5: y13txd folded before Flop (didn't bet)
Seat 6: Melenya (button) folded before Flop



PokerStars Hand #254698419646:  Hold'em No Limit ($0.50/$1.00 USD) - 2025/02/04 3:27:19 WET [2025/02/03 22:27:19 ET]
Table 'Memnon' 6-max Seat #1 is the button
Seat 1: sutata ($106 in chips) 
Seat 2: diegoparatodos ($47 in chips) 
Seat 3: 50CandyJoe ($190.56 in chips) 
Seat 4: Tibibacsi ($166.88 in chips) 
Seat 5: y13txd ($47.18 in chips) 
Seat 6: Melenya ($100 in chips) 
diegoparatodos: posts small blind $0.50
50CandyJoe: posts big blind $1
*** HOLE CARDS ***
Tibibacsi: folds 
y13txd: folds 
Melenya: folds 
sutata: raises $2 to $3
diegoparatodos: folds 
50CandyJoe: folds 
Uncalled bet ($2) returned to sutata
sutata collected $2.50 from pot
sutata: doesn't show hand 
*** SUMMARY ***
Total pot $2.50 | Rake $0 
Seat 1: sutata (button) collected ($2.50)
Seat 2: diegoparatodos (small blind) folded before Flop
Seat 3: 50CandyJoe (big blind) folded before Flop
Seat 4: Tibibacsi folded before Flop (didn't bet)
Seat 5: y13txd folded before Flop (didn't bet)
Seat 6: Melenya folded before Flop (didn't bet)



PokerStars Hand #254698421816:  Hold'em No Limit ($0.50/$1.00 USD) - 2025/02/04 3:27:36 WET [2025/02/03 22:27:36 ET]
Table 'Memnon' 6-max Seat #2 is the button
Seat 1: sutata ($107.50 in chips) 
Seat 2: diegoparatodos ($46.50 in chips) 
Seat 3: 50CandyJoe ($189.56 in chips) 
Seat 4: Tibibacsi ($166.88 in chips) 
Seat 5: y13txd ($47.18 in chips) 
Seat 6: Melenya ($100 in chips) 
50CandyJoe: posts small blind $0.50
Tibibacsi: posts big blind $1
*** HOLE CARDS ***
y13txd: folds 
Melenya: raises $1 to $2
sutata: folds 
diegoparatodos: folds 
50CandyJoe: raises $8 to $10
Tibibacsi: folds 
Melenya: calls $8
*** FLOP *** [3d 4h 7d]
50CandyJoe: checks 
Melenya: checks 
*** TURN *** [3d 4h 7d] [Qd]
50CandyJoe: bets $6.58
Melenya: calls $6.58
*** RIVER *** [3d 4h 7d Qd] [8s]
50CandyJoe: checks 
Melenya: checks 
*** SHOW DOWN ***
50CandyJoe: shows [Qh As] (a pair of Queens)
Melenya: mucks hand 
50CandyJoe collected $32.45 from pot
*** SUMMARY ***
Total pot $34.16 | Rake $1.71 
Board [3d 4h 7d Qd 8s]
Seat 1: sutata folded before Flop (didn't bet)
Seat 2: diegoparatodos (button) folded before Flop (didn't bet)
Seat 3: 50CandyJoe (small blind) showed [Qh As] and won ($32.45) with a pair of Queens
Seat 4: Tibibacsi (big blind) folded before Flop
Seat 5: y13txd folded before Flop (didn't bet)
Seat 6: Melenya mucked



PokerStars Hand #254698430085:  Hold'em No Limit ($0.50/$1.00 USD) - 2025/02/04 3:28:47 WET [2025/02/03 22:28:47 ET]
Table 'Memnon' 6-max Seat #3 is the button
Seat 1: sutata ($107.50 in chips) 
Seat 2: diegoparatodos ($46.50 in chips) 
Seat 3: 50CandyJoe ($205.43 in chips) 
Seat 4: Tibibacsi ($165.88 in chips) 
Seat 5: y13txd ($47.18 in chips) 
Seat 6: Melenya ($100 in chips) 
Tibibacsi: posts small blind $0.50
y13txd: posts big blind $1
*** HOLE CARDS ***
Melenya: folds 
sutata: raises $1.50 to $2.50
diegoparatodos: folds 
50CandyJoe: folds 
Tibibacsi: folds 
y13txd: calls $1.50
*** FLOP *** [Qd 9d 2c]
y13txd: checks 
sutata: checks 
*** TURN *** [Qd 9d 2c] [Kh]
y13txd: bets $2.61
sutata: folds 
Uncalled bet ($2.61) returned to y13txd
y13txd collected $5.22 from pot
*** SUMMARY ***
Total pot $5.50 | Rake $0.28 
Board [Qd 9d 2c Kh]
Seat 1: sutata folded on the Turn
Seat 2: diegoparatodos folded before Flop (didn't bet)
Seat 3: 50CandyJoe (button) folded before Flop (didn't bet)
Seat 4: Tibibacsi (small blind) folded before Flop
Seat 5: y13txd (big blind) collected ($5.22)
Seat 6: Melenya folded before Flop (didn't bet)



PokerStars Hand #254698433391:  Hold'em No Limit ($0.50/$1.00 USD) - 2025/02/04 3:29:15 WET [2025/02/03 22:29:15 ET]
Table 'Memnon' 6-max Seat #4 is the button
Seat 1: sutata ($105 in chips) 
Seat 2: diegoparatodos ($46.50 in chips) 
Seat 3: 50CandyJoe ($205.43 in chips) 
Seat 4: Tibibacsi ($165.38 in chips) 
Seat 5: y13txd ($49.90 in chips) 
Seat 6: Melenya ($100 in chips) 
y13txd: posts small blind $0.50
Melenya: posts big blind $1
*** HOLE CARDS ***
sutata: folds 
diegoparatodos: calls $1
50CandyJoe: raises $2.50 to $3.50
Tibibacsi: folds 
y13txd: calls $3
Melenya: folds 
diegoparatodos: calls $2.50
*** FLOP *** [Qs Jh As]
y13txd: checks 
diegoparatodos: checks 
50CandyJoe: bets $3.60
y13txd: calls $3.60
diegoparatodos: raises $3.60 to $7.20
50CandyJoe: calls $3.60
y13txd: calls $3.60
*** TURN *** [Qs Jh As] [8h]
y13txd: checks 
diegoparatodos: bets $16
50CandyJoe: folds 
y13txd: calls $16
*** RIVER *** [Qs Jh As 8h] [8d]
y13txd: checks 
diegoparatodos: bets $19.80 and is all-in
y13txd: folds 
Uncalled bet ($19.80) returned to diegoparatodos
diegoparatodos collected $62.60 from pot
diegoparatodos: doesn't show hand 
*** SUMMARY ***
Total pot $65.10 | Rake $2.50 
Board [Qs Jh As 8h 8d]
Seat 1: sutata folded before Flop (didn't bet)
Seat 2: diegoparatodos collected ($62.60)
Seat 3: 50CandyJoe folded on the Turn
Seat 4: Tibibacsi (button) folded before Flop (didn't bet)
Seat 5: y13txd (small blind) folded on the River
Seat 6: Melenya (big blind) folded before Flop



PokerStars Hand #254698443579:  Hold'em No Limit ($0.50/$1.00 USD) - 2025/02/04 3:30:40 WET [2025/02/03 22:30:40 ET]
Table 'Memnon' 6-max Seat #5 is the button
Seat 1: sutata ($105 in chips) 
Seat 2: diegoparatodos ($82.40 in chips) 
Seat 3: 50CandyJoe ($194.73 in chips) 
Seat 4: Tibibacsi ($165.38 in chips) 
Seat 5: y13txd ($23.20 in chips) 
Seat 6: Melenya ($100 in chips) 
Melenya: posts small blind $0.50
sutata: posts big blind $1
*** HOLE CARDS ***
diegoparatodos: raises $2 to $3
50CandyJoe: folds 
Tibibacsi: folds 
y13txd: folds 
Melenya: folds 
sutata: folds 
Uncalled bet ($2) returned to diegoparatodos
diegoparatodos collected $2.50 from pot
diegoparatodos: doesn't show hand 
*** SUMMARY ***
Total pot $2.50 | Rake $0 
Seat 1: sutata (big blind) folded before Flop
Seat 2: diegoparatodos collected ($2.50)
Seat 3: 50CandyJoe folded before Flop (didn't bet)
Seat 4: Tibibacsi folded before Flop (didn't bet)
Seat 5: y13txd (button) folded before Flop (didn't bet)
Seat 6: Melenya (small blind) folded before Flop



PokerStars Hand #254698445452:  Hold'em No Limit ($0.50/$1.00 USD) - 2025/02/04 3:30:55 WET [2025/02/03 22:30:55 ET]
Table 'Memnon' 6-max Seat #6 is the button
Seat 1: sutata ($104 in chips) 
Seat 2: diegoparatodos ($83.90 in chips) 
Seat 3: 50CandyJoe ($194.73 in chips) 
Seat 4: Tibibacsi ($165.38 in chips) 
Seat 5: y13txd ($23.20 in chips) 
Seat 6: Melenya ($100 in chips) 
sutata: posts small blind $0.50
diegoparatodos: posts big blind $1
*** HOLE CARDS ***
50CandyJoe: raises $1.20 to $2.20
Tibibacsi: folds 
y13txd: calls $2.20
Melenya: folds 
sutata: raises $11.40 to $13.60
diegoparatodos: folds 
50CandyJoe: folds 
y13txd: folds 
Uncalled bet ($11.40) returned to sutata
sutata collected $7.60 from pot
sutata: doesn't show hand 
*** SUMMARY ***
Total pot $7.60 | Rake $0 
Seat 1: sutata (small blind) collected ($7.60)
Seat 2: diegoparatodos (big blind) folded before Flop
Seat 3: 50CandyJoe folded before Flop
Seat 4: Tibibacsi folded before Flop (didn't bet)
Seat 5: y13txd folded before Flop
Seat 6: Melenya (button) folded before Flop (didn't bet)



PokerStars Hand #254698450205:  Hold'em No Limit ($0.50/$1.00 USD) - 2025/02/04 3:31:35 WET [2025/02/03 22:31:35 ET]
Table 'Memnon' 6-max Seat #1 is the button
Seat 1: sutata ($109.40 in chips) 
Seat 2: diegoparatodos ($82.90 in chips) 
Seat 3: 50CandyJoe ($192.53 in chips) 
Seat 4: Tibibacsi ($165.38 in chips) 
Seat 5: y13txd ($21 in chips) 
Seat 6: Melenya ($100 in chips) 
diegoparatodos: posts small blind $0.50
50CandyJoe: posts big blind $1
*** HOLE CARDS ***
Tibibacsi: folds 
y13txd: folds 
Melenya: raises $1.30 to $2.30
sutata: calls $2.30
diegoparatodos: folds 
50CandyJoe: folds 
*** FLOP *** [Jd Td As]
Melenya: checks 
sutata: checks 
*** TURN *** [Jd Td As] [Tc]
y13txd leaves the table
Melenya: checks 
sutata: bets $4.41
Melenya: folds 
Uncalled bet ($4.41) returned to sutata
sutata collected $5.80 from pot
sutata: doesn't show hand 
*** SUMMARY ***
Total pot $6.10 | Rake $0.30 
Board [Jd Td As Tc]
Seat 1: sutata (button) collected ($5.80)
Seat 2: diegoparatodos (small blind) folded before Flop
Seat 3: 50CandyJoe (big blind) folded before Flop
Seat 4: Tibibacsi folded before Flop (didn't bet)
Seat 5: y13txd folded before Flop (didn't bet)
Seat 6: Melenya folded on the Turn



PokerStars Hand #254698455392:  Hold'em No Limit ($0.50/$1.00 USD) - 2025/02/04 3:32:18 WET [2025/02/03 22:32:18 ET]
Table 'Memnon' 6-max Seat #2 is the button
Seat 4: Tibibacsi ($165.38 in chips) is sitting out
Seat 1: sutata ($112.90 in chips) 
Seat 2: diegoparatodos ($82.40 in chips) 
Seat 3: 50CandyJoe ($191.53 in chips) 
Seat 6: Melenya ($100 in chips) 
50CandyJoe: posts small blind $0.50
Tibibacsi: is sitting out 
Melenya: posts big blind $1
*** HOLE CARDS ***
sutata: folds 
Tibibacsi leaves the table
diegoparatodos: folds 
50CandyJoe: raises $2 to $3
Melenya: raises $7 to $10
alexandr699 joins the table at seat #4 
50CandyJoe: folds 
Uncalled bet ($7) returned to Melenya
Melenya collected $6 from pot
Melenya: doesn't show hand 
*** SUMMARY ***
Total pot $6 | Rake $0 
Seat 4: Tibibacsi
Seat 1: sutata folded before Flop (didn't bet)
Seat 2: diegoparatodos (button) folded before Flop (didn't bet)
Seat 3: 50CandyJoe (small blind) folded before Flop
Seat 6: Melenya (big blind) collected ($6)



PokerStars Hand #254698458498:  Hold'em No Limit ($0.50/$1.00 USD) - 2025/02/04 3:32:44 WET [2025/02/03 22:32:44 ET]
Table 'Memnon' 6-max Seat #3 is the button
Seat 4: alexandr699 ($100 in chips) is sitting out
Seat 1: sutata ($112.90 in chips) 
Seat 2: diegoparatodos ($82.40 in chips) 
Seat 3: 50CandyJoe ($188.53 in chips) 
Seat 6: Melenya ($103 in chips) 
Melenya: posts small blind $0.50
sutata: posts big blind $1
*** HOLE CARDS ***
diegoparatodos: folds 
50CandyJoe: folds 
Melenya: folds 
Uncalled bet ($0.50) returned to sutata
sutata collected $1 from pot
sutata: doesn't show hand 
*** SUMMARY ***
Total pot $1 | Rake $0 
Seat 4: alexandr699
Seat 1: sutata (big blind) collected ($1)
Seat 2: diegoparatodos folded before Flop (didn't bet)
Seat 3: 50CandyJoe (button) folded before Flop (didn't bet)
Seat 6: Melenya (small blind) folded before Flop



PokerStars Hand #254698459600:  Hold'em No Limit ($0.50/$1.00 USD) - 2025/02/04 3:32:53 WET [2025/02/03 22:32:53 ET]
Table 'Memnon' 6-max Seat #6 is the button
Seat 4: alexandr699 ($100 in chips) is sitting out
Seat 1: sutata ($113.40 in chips) 
Seat 2: diegoparatodos ($82.40 in chips) 
Seat 3: 50CandyJoe ($188.53 in chips) 
Seat 6: Melenya ($102.50 in chips) 
sutata: posts small blind $0.50
diegoparatodos: posts big blind $1
alexandr699: sits out 
*** HOLE CARDS ***
50CandyJoe: folds 
Melenya: folds 
Timonessb joins the table at seat #5 
sutata: raises $2 to $3
diegoparatodos: calls $2
*** FLOP *** [4h 5s 7s]
sutata: bets $2.85
diegoparatodos: calls $2.85
*** TURN *** [4h 5s 7s] [Jd]
sutata: checks 
diegoparatodos: bets $5.56
sutata: raises $100.94 to $106.50
diegoparatodos: folds 
Uncalled bet ($100.94) returned to sutata
sutata collected $21.82 from pot
sutata: doesn't show hand 
*** SUMMARY ***
Total pot $22.82 | Rake $1 
Board [4h 5s 7s Jd]
Seat 4: alexandr699
Seat 1: sutata (small blind) collected ($21.82)
Seat 2: diegoparatodos (big blind) folded on the Turn
Seat 3: 50CandyJoe folded before Flop (didn't bet)
Seat 6: Melenya (button) folded before Flop (didn't bet)



PokerStars Hand #254698464836:  Hold'em No Limit ($0.50/$1.00 USD) - 2025/02/04 3:33:38 WET [2025/02/03 22:33:38 ET]
Table 'Memnon' 6-max Seat #1 is the button
Seat 4: alexandr699 ($100 in chips) is sitting out
Seat 5: Timonessb ($100 in chips) is sitting out
Seat 1: sutata ($123.81 in chips) 
Seat 2: diegoparatodos ($70.99 in chips) 
Seat 3: 50CandyJoe ($188.53 in chips) 
Seat 6: Melenya ($102.50 in chips) 
diegoparatodos: posts small blind $0.50
50CandyJoe: posts big blind $1
alexandr699: sits out 
Timonessb: sits out 
*** HOLE CARDS ***
Melenya: folds 
sutata: folds 
diegoparatodos: raises $2 to $3
50CandyJoe: folds 
Uncalled bet ($2) returned to diegoparatodos
diegoparatodos collected $2 from pot
diegoparatodos: doesn't show hand 
*** SUMMARY ***
Total pot $2 | Rake $0 
Seat 4: alexandr699
Seat 5: Timonessb
Seat 1: sutata (button) folded before Flop (didn't bet)
Seat 2: diegoparatodos (small blind) collected ($2)
Seat 3: 50CandyJoe (big blind) folded before Flop
Seat 6: Melenya folded before Flop (didn't bet)



PokerStars Hand #254698467417:  Hold'em No Limit ($0.50/$1.00 USD) - 2025/02/04 3:34:00 WET [2025/02/03 22:34:00 ET]
Table 'Memnon' 6-max Seat #2 is the button
Seat 5: Timonessb ($100 in chips) is sitting out
Seat 1: sutata ($123.81 in chips) 
Seat 2: diegoparatodos ($71.99 in chips) 
Seat 3: 50CandyJoe ($187.53 in chips) 
Seat 4: alexandr699 ($100 in chips) 
Seat 6: Melenya ($102.50 in chips) 
50CandyJoe: posts small blind $0.50
alexandr699: posts big blind $1
Timonessb: sits out 
*** HOLE CARDS ***
Melenya: folds 
sutata: raises $1.50 to $2.50
diegoparatodos: folds 
50CandyJoe: folds 
alexandr699: folds 
Uncalled bet ($1.50) returned to sutata
sutata collected $2.50 from pot
sutata: doesn't show hand 
*** SUMMARY ***
Total pot $2.50 | Rake $0 
Seat 5: Timonessb
Seat 1: sutata collected ($2.50)
Seat 2: diegoparatodos (button) folded before Flop (didn't bet)
Seat 3: 50CandyJoe (small blind) folded before Flop
Seat 4: alexandr699 (big blind) folded before Flop
Seat 6: Melenya folded before Flop (didn't bet)



PokerStars Hand #254698469319:  Hold'em No Limit ($0.50/$1.00 USD) - 2025/02/04 3:34:16 WET [2025/02/03 22:34:16 ET]
Table 'Memnon' 6-max Seat #3 is the button
Seat 1: sutata ($125.31 in chips) 
Seat 2: diegoparatodos ($71.99 in chips) 
Seat 3: 50CandyJoe ($187.03 in chips) 
Seat 4: alexandr699 ($100 in chips) 
Seat 5: Timonessb ($100 in chips) 
Seat 6: Melenya ($102.50 in chips) 
alexandr699: posts small blind $0.50
Timonessb: posts big blind $1
*** HOLE CARDS ***
Melenya: folds 
sutata: raises $1.50 to $2.50
diegoparatodos: folds 
50CandyJoe: folds 
alexandr699: folds 
Timonessb: folds 
Uncalled bet ($1.50) returned to sutata
sutata collected $2.50 from pot
sutata: doesn't show hand 
*** SUMMARY ***
Total pot $2.50 | Rake $0 
Seat 1: sutata collected ($2.50)
Seat 2: diegoparatodos folded before Flop (didn't bet)
Seat 3: 50CandyJoe (button) folded before Flop (didn't bet)
Seat 4: alexandr699 (small blind) folded before Flop
Seat 5: Timonessb (big blind) folded before Flop
Seat 6: Melenya folded before Flop (didn't bet)



PokerStars Hand #254698473188:  Hold'em No Limit ($0.50/$1.00 USD) - 2025/02/04 3:34:48 WET [2025/02/03 22:34:48 ET]
Table 'Memnon' 6-max Seat #4 is the button
Seat 1: sutata ($126.81 in chips) 
Seat 2: diegoparatodos ($71.99 in chips) 
Seat 3: 50CandyJoe ($187.03 in chips) 
Seat 4: alexandr699 ($100 in chips) 
Seat 5: Timonessb ($100 in chips) 
Seat 6: Melenya ($102.50 in chips) 
Timonessb: posts small blind $0.50
Melenya: posts big blind $1
*** HOLE CARDS ***
sutata: folds 
diegoparatodos: folds 
sutata leaves the table
50CandyJoe: folds 
alexandr699: raises $1.98 to $2.98
MaRKiToScoK joins the table at seat #1 
Timonessb: folds 
Melenya: folds 
Uncalled bet ($1.98) returned to alexandr699
alexandr699 collected $2.50 from pot
alexandr699: doesn't show hand 
*** SUMMARY ***
Total pot $2.50 | Rake $0 
Seat 1: sutata folded before Flop (didn't bet)
Seat 2: diegoparatodos folded before Flop (didn't bet)
Seat 3: 50CandyJoe folded before Flop (didn't bet)
Seat 4: alexandr699 (button) collected ($2.50)
Seat 5: Timonessb (small blind) folded before Flop
Seat 6: Melenya (big blind) folded before Flop



PokerStars Hand #254698475541:  Hold'em No Limit ($0.50/$1.00 USD) - 2025/02/04 3:35:08 WET [2025/02/03 22:35:08 ET]
Table 'Memnon' 6-max Seat #5 is the button
Seat 1: MaRKiToScoK ($100 in chips) 
Seat 2: diegoparatodos ($71.99 in chips) 
Seat 3: 50CandyJoe ($187.03 in chips) 
Seat 4: alexandr699 ($101.50 in chips) 
Seat 5: Timonessb ($100 in chips) 
Seat 6: Melenya ($101.50 in chips) 
Melenya: posts small blind $0.50
MaRKiToScoK: posts big blind $1
*** HOLE CARDS ***
diegoparatodos: folds 
50CandyJoe: folds 
alexandr699: raises $1.98 to $2.98
Timonessb: folds 
Melenya: folds 
MaRKiToScoK: folds 
Uncalled bet ($1.98) returned to alexandr699
alexandr699 collected $2.50 from pot
alexandr699: doesn't show hand 
*** SUMMARY ***
Total pot $2.50 | Rake $0 
Seat 1: MaRKiToScoK (big blind) folded before Flop
Seat 2: diegoparatodos folded before Flop (didn't bet)
Seat 3: 50CandyJoe folded before Flop (didn't bet)
Seat 4: alexandr699 collected ($2.50)
Seat 5: Timonessb (button) folded before Flop (didn't bet)
Seat 6: Melenya (small blind) folded before Flop



PokerStars Hand #254698480233:  Hold'em No Limit ($0.50/$1.00 USD) - 2025/02/04 3:35:48 WET [2025/02/03 22:35:48 ET]
Table 'Memnon' 6-max Seat #6 is the button
Seat 1: MaRKiToScoK ($100 in chips) 
Seat 2: diegoparatodos ($71.99 in chips) 
Seat 3: 50CandyJoe ($187.03 in chips) 
Seat 4: alexandr699 ($103 in chips) 
Seat 5: Timonessb ($100 in chips) 
Seat 6: Melenya ($101 in chips) 
MaRKiToScoK: posts small blind $0.50
diegoparatodos: posts big blind $1
*** HOLE CARDS ***
50CandyJoe: folds 
alexandr699: folds 
Timonessb: raises $1.30 to $2.30
Melenya: folds 
MaRKiToScoK: raises $8.17 to $10.47
diegoparatodos: folds 
Timonessb: folds 
Uncalled bet ($8.17) returned to MaRKiToScoK
MaRKiToScoK collected $5.60 from pot
*** SUMMARY ***
Total pot $5.60 | Rake $0 
Seat 1: MaRKiToScoK (small blind) collected ($5.60)
Seat 2: diegoparatodos (big blind) folded before Flop
Seat 3: 50CandyJoe folded before Flop (didn't bet)
Seat 4: alexandr699 folded before Flop (didn't bet)
Seat 5: Timonessb folded before Flop
Seat 6: Melenya (button) folded before Flop (didn't bet)



PokerStars Hand #254698482371:  Hold'em No Limit ($0.50/$1.00 USD) - 2025/02/04 3:36:07 WET [2025/02/03 22:36:07 ET]
Table 'Memnon' 6-max Seat #1 is the button
Seat 1: MaRKiToScoK ($103.30 in chips) 
Seat 2: diegoparatodos ($70.99 in chips) 
Seat 3: 50CandyJoe ($187.03 in chips) 
Seat 4: alexandr699 ($103 in chips) 
Seat 5: Timonessb ($100 in chips) 
Seat 6: Melenya ($101 in chips) 
diegoparatodos: posts small blind $0.50
50CandyJoe: posts big blind $1
*** HOLE CARDS ***
alexandr699: folds 
Timonessb: folds 
Melenya: folds 
MaRKiToScoK: folds 
diegoparatodos: folds 
Uncalled bet ($0.50) returned to 50CandyJoe
50CandyJoe collected $1 from pot
50CandyJoe: doesn't show hand 
*** SUMMARY ***
Total pot $1 | Rake $0 
Seat 1: MaRKiToScoK (button) folded before Flop (didn't bet)
Seat 2: diegoparatodos (small blind) folded before Flop
Seat 3: 50CandyJoe (big blind) collected ($1)
Seat 4: alexandr699 folded before Flop (didn't bet)
Seat 5: Timonessb folded before Flop (didn't bet)
Seat 6: Melenya folded before Flop (didn't bet)



PokerStars Hand #254698483898:  Hold'em No Limit ($0.50/$1.00 USD) - 2025/02/04 3:36:20 WET [2025/02/03 22:36:20 ET]
Table 'Memnon' 6-max Seat #2 is the button
Seat 1: MaRKiToScoK ($103.30 in chips) 
Seat 2: diegoparatodos ($70.49 in chips) 
Seat 3: 50CandyJoe ($187.53 in chips) 
Seat 4: alexandr699 ($103 in chips) 
Seat 5: Timonessb ($100 in chips) 
Seat 6: Melenya ($101 in chips) 
50CandyJoe: posts small blind $0.50
alexandr699: posts big blind $1
*** HOLE CARDS ***
Timonessb: raises $1.30 to $2.30
Melenya: folds 
MaRKiToScoK: folds 
diegoparatodos: folds 
50CandyJoe: folds 
alexandr699: folds 
Uncalled bet ($1.30) returned to Timonessb
Timonessb collected $2.50 from pot
*** SUMMARY ***
Total pot $2.50 | Rake $0 
Seat 1: MaRKiToScoK folded before Flop (didn't bet)
Seat 2: diegoparatodos (button) folded before Flop (didn't bet)
Seat 3: 50CandyJoe (small blind) folded before Flop
Seat 4: alexandr699 (big blind) folded before Flop
Seat 5: Timonessb collected ($2.50)
Seat 6: Melenya folded before Flop (didn't bet)



PokerStars Hand #254698486188:  Hold'em No Limit ($0.50/$1.00 USD) - 2025/02/04 3:36:39 WET [2025/02/03 22:36:39 ET]
Table 'Memnon' 6-max Seat #3 is the button
Seat 1: MaRKiToScoK ($103.30 in chips) 
Seat 2: diegoparatodos ($70.49 in chips) 
Seat 3: 50CandyJoe ($187.03 in chips) 
Seat 4: alexandr699 ($102 in chips) 
Seat 5: Timonessb ($101.50 in chips) 
Seat 6: Melenya ($101 in chips) 
alexandr699: posts small blind $0.50
Timonessb: posts big blind $1
*** HOLE CARDS ***
Melenya: raises $1 to $2
MaRKiToScoK: folds 
diegoparatodos: folds 
50CandyJoe: folds 
alexandr699: folds 
Timonessb: folds 
Uncalled bet ($1) returned to Melenya
Melenya collected $2.50 from pot
Melenya: doesn't show hand 
*** SUMMARY ***
Total pot $2.50 | Rake $0 
Seat 1: MaRKiToScoK folded before Flop (didn't bet)
Seat 2: diegoparatodos folded before Flop (didn't bet)
Seat 3: 50CandyJoe (button) folded before Flop (didn't bet)
Seat 4: alexandr699 (small blind) folded before Flop
Seat 5: Timonessb (big blind) folded before Flop
Seat 6: Melenya collected ($2.50)



PokerStars Hand #254698489231:  Hold'em No Limit ($0.50/$1.00 USD) - 2025/02/04 3:37:07 WET [2025/02/03 22:37:07 ET]
Table 'Memnon' 6-max Seat #4 is the button
Seat 1: MaRKiToScoK ($103.30 in chips) 
Seat 2: diegoparatodos ($70.49 in chips) 
Seat 3: 50CandyJoe ($187.03 in chips) 
Seat 4: alexandr699 ($101.50 in chips) 
Seat 5: Timonessb ($100.50 in chips) 
Seat 6: Melenya ($102.50 in chips) 
Timonessb: posts small blind $0.50
Melenya: posts big blind $1
*** HOLE CARDS ***
MaRKiToScoK: folds 
diegoparatodos: raises $2 to $3
50CandyJoe: folds 
alexandr699: folds 
Timonessb: folds 
Melenya: folds 
Uncalled bet ($2) returned to diegoparatodos
diegoparatodos collected $2.50 from pot
diegoparatodos: doesn't show hand 
*** SUMMARY ***
Total pot $2.50 | Rake $0 
Seat 1: MaRKiToScoK folded before Flop (didn't bet)
Seat 2: diegoparatodos collected ($2.50)
Seat 3: 50CandyJoe folded before Flop (didn't bet)
Seat 4: alexandr699 (button) folded before Flop (didn't bet)
Seat 5: Timonessb (small blind) folded before Flop
Seat 6: Melenya (big blind) folded before Flop



PokerStars Hand #254698491609:  Hold'em No Limit ($0.50/$1.00 USD) - 2025/02/04 3:37:27 WET [2025/02/03 22:37:27 ET]
Table 'Memnon' 6-max Seat #5 is the button
Seat 1: MaRKiToScoK ($103.30 in chips) 
Seat 2: diegoparatodos ($71.99 in chips) 
Seat 3: 50CandyJoe ($187.03 in chips) 
Seat 4: alexandr699 ($101.50 in chips) 
Seat 5: Timonessb ($100 in chips) 
Seat 6: Melenya ($101.50 in chips) 
Melenya: posts small blind $0.50
MaRKiToScoK: posts big blind $1
*** HOLE CARDS ***
diegoparatodos: raises $2 to $3
50CandyJoe: folds 
alexandr699: folds 
Timonessb: folds 
Melenya: folds 
MaRKiToScoK: calls $2
*** FLOP *** [Js 3h Jc]
MaRKiToScoK: checks 
diegoparatodos: checks 
*** TURN *** [Js 3h Jc] [3d]
MaRKiToScoK: checks 
diegoparatodos: checks 
*** RIVER *** [Js 3h Jc 3d] [Jd]
MaRKiToScoK: bets $12.50
diegoparatodos: raises $17.50 to $30
MaRKiToScoK: folds 
Uncalled bet ($17.50) returned to diegoparatodos
diegoparatodos collected $29.92 from pot
diegoparatodos: doesn't show hand 
*** SUMMARY ***
Total pot $31.50 | Rake $1.58 
Board [Js 3h Jc 3d Jd]
Seat 1: MaRKiToScoK (big blind) folded on the River
Seat 2: diegoparatodos collected ($29.92)
Seat 3: 50CandyJoe folded before Flop (didn't bet)
Seat 4: alexandr699 folded before Flop (didn't bet)
Seat 5: Timonessb (button) folded before Flop (didn't bet)
Seat 6: Melenya (small blind) folded before Flop



PokerStars Hand #254698497197:  Hold'em No Limit ($0.50/$1.00 USD) - 2025/02/04 3:38:16 WET [2025/02/03 22:38:16 ET]
Table 'Memnon' 6-max Seat #6 is the button
Seat 1: MaRKiToScoK ($100 in chips) 
Seat 2: diegoparatodos ($86.41 in chips) 
Seat 3: 50CandyJoe ($187.03 in chips) 
Seat 4: alexandr699 ($101.50 in chips) 
Seat 5: Timonessb ($100 in chips) 
Seat 6: Melenya ($101 in chips) 
MaRKiToScoK: posts small blind $0.50
diegoparatodos: posts big blind $1
*** HOLE CARDS ***
50CandyJoe: folds 
alexandr699: raises $1.98 to $2.98
Timonessb: folds 
Melenya: folds 
MaRKiToScoK: folds 
diegoparatodos: folds 
Uncalled bet ($1.98) returned to alexandr699
alexandr699 collected $2.50 from pot
alexandr699: doesn't show hand 
*** SUMMARY ***
Total pot $2.50 | Rake $0 
Seat 1: MaRKiToScoK (small blind) folded before Flop
Seat 2: diegoparatodos (big blind) folded before Flop
Seat 3: 50CandyJoe folded before Flop (didn't bet)
Seat 4: alexandr699 collected ($2.50)
Seat 5: Timonessb folded before Flop (didn't bet)
Seat 6: Melenya (button) folded before Flop (didn't bet)



PokerStars Hand #254698500139:  Hold'em No Limit ($0.50/$1.00 USD) - 2025/02/04 3:38:41 WET [2025/02/03 22:38:41 ET]
Table 'Memnon' 6-max Seat #1 is the button
Seat 1: MaRKiToScoK ($100 in chips) 
Seat 2: diegoparatodos ($85.41 in chips) 
Seat 3: 50CandyJoe ($187.03 in chips) 
Seat 4: alexandr699 ($103 in chips) 
Seat 5: Timonessb ($100 in chips) 
Seat 6: Melenya ($101 in chips) 
diegoparatodos: posts small blind $0.50
50CandyJoe: posts big blind $1
*** HOLE CARDS ***
alexandr699: folds 
Timonessb: folds 
Melenya: folds 
MaRKiToScoK: raises $1.50 to $2.50
diegoparatodos: folds 
50CandyJoe: calls $1.50
*** FLOP *** [9c 5h 5d]
50CandyJoe: checks 
MaRKiToScoK: bets $1.72
50CandyJoe: raises $5.72 to $7.44
MaRKiToScoK: calls $5.72
*** TURN *** [9c 5h 5d] [Qh]
50CandyJoe: bets $14.52
MaRKiToScoK: calls $14.52
*** RIVER *** [9c 5h 5d Qh] [Td]
50CandyJoe: checks 
MaRKiToScoK: checks 
*** SHOW DOWN ***
50CandyJoe: shows [Kh 8h] (a pair of Fives)
MaRKiToScoK: shows [Kd Ks] (two pair, Kings and Fives)
MaRKiToScoK collected $46.95 from pot
*** SUMMARY ***
Total pot $49.42 | Rake $2.47 
Board [9c 5h 5d Qh Td]
Seat 1: MaRKiToScoK (button) showed [Kd Ks] and won ($46.95) with two pair, Kings and Fives
Seat 2: diegoparatodos (small blind) folded before Flop
Seat 3: 50CandyJoe (big blind) showed [Kh 8h] and lost with a pair of Fives
Seat 4: alexandr699 folded before Flop (didn't bet)
Seat 5: Timonessb folded before Flop (didn't bet)
Seat 6: Melenya folded before Flop (didn't bet)



PokerStars Hand #254698509866:  Hold'em No Limit ($0.50/$1.00 USD) - 2025/02/04 3:40:05 WET [2025/02/03 22:40:05 ET]
Table 'Memnon' 6-max Seat #2 is the button
Seat 1: MaRKiToScoK ($122.49 in chips) 
Seat 2: diegoparatodos ($84.91 in chips) 
Seat 3: 50CandyJoe ($162.57 in chips) 
Seat 4: alexandr699 ($103 in chips) 
Seat 5: Timonessb ($100 in chips) 
Seat 6: Melenya ($101 in chips) 
50CandyJoe: posts small blind $0.50
alexandr699: posts big blind $1
*** HOLE CARDS ***
Timonessb: folds 
Melenya: folds 
MaRKiToScoK: folds 
diegoparatodos: raises $2 to $3
50CandyJoe: folds 
alexandr699: calls $2
*** FLOP *** [Kc 7h Ts]
alexandr699: checks 
diegoparatodos: bets $3.09
alexandr699: folds 
Uncalled bet ($3.09) returned to diegoparatodos
diegoparatodos collected $6.18 from pot
diegoparatodos: doesn't show hand 
*** SUMMARY ***
Total pot $6.50 | Rake $0.32 
Board [Kc 7h Ts]
Seat 1: MaRKiToScoK folded before Flop (didn't bet)
Seat 2: diegoparatodos (button) collected ($6.18)
Seat 3: 50CandyJoe (small blind) folded before Flop
Seat 4: alexandr699 (big blind) folded on the Flop
Seat 5: Timonessb folded before Flop (didn't bet)
Seat 6: Melenya folded before Flop (didn't bet)



PokerStars Hand #254698512887:  Hold'em No Limit ($0.50/$1.00 USD) - 2025/02/04 3:40:31 WET [2025/02/03 22:40:31 ET]
Table 'Memnon' 6-max Seat #3 is the button
Seat 1: MaRKiToScoK ($122.49 in chips) 
Seat 2: diegoparatodos ($88.09 in chips) 
Seat 3: 50CandyJoe ($162.07 in chips) 
Seat 4: alexandr699 ($100 in chips) 
Seat 5: Timonessb ($100 in chips) 
Seat 6: Melenya ($101 in chips) 
alexandr699: posts small blind $0.50
Timonessb: posts big blind $1
*** HOLE CARDS ***
Melenya: folds 
MaRKiToScoK: folds 
diegoparatodos: folds 
50CandyJoe: folds 
alexandr699: folds 
Uncalled bet ($0.50) returned to Timonessb
Timonessb collected $1 from pot
*** SUMMARY ***
Total pot $1 | Rake $0 
Seat 1: MaRKiToScoK folded before Flop (didn't bet)
Seat 2: diegoparatodos folded before Flop (didn't bet)
Seat 3: 50CandyJoe (button) folded before Flop (didn't bet)
Seat 4: alexandr699 (small blind) folded before Flop
Seat 5: Timonessb (big blind) collected ($1)
Seat 6: Melenya folded before Flop (didn't bet)



PokerStars Hand #254698515662:  Hold'em No Limit ($0.50/$1.00 USD) - 2025/02/04 3:40:54 WET [2025/02/03 22:40:54 ET]
Table 'Memnon' 6-max Seat #4 is the button
Seat 1: MaRKiToScoK ($122.49 in chips) 
Seat 2: diegoparatodos ($88.09 in chips) 
Seat 3: 50CandyJoe ($162.07 in chips) 
Seat 4: alexandr699 ($100 in chips) 
Seat 5: Timonessb ($100.50 in chips) 
Seat 6: Melenya ($101 in chips) 
Timonessb: posts small blind $0.50
Melenya: posts big blind $1
*** HOLE CARDS ***
MaRKiToScoK: raises $1 to $2
diegoparatodos: folds 
50CandyJoe: folds 
alexandr699: calls $2
Timonessb: folds 
Melenya: folds 
*** FLOP *** [6s Kd Ad]
MaRKiToScoK: bets $1.72
alexandr699: calls $1.72
*** TURN *** [6s Kd Ad] [9h]
MaRKiToScoK: checks 
alexandr699: checks 
*** RIVER *** [6s Kd Ad 9h] [3s]
MaRKiToScoK: checks 
alexandr699: checks 
*** SHOW DOWN ***
MaRKiToScoK: shows [Kc Td] (a pair of Kings)
alexandr699: mucks hand 
MaRKiToScoK collected $8.49 from pot
*** SUMMARY ***
Total pot $8.94 | Rake $0.45 
Board [6s Kd Ad 9h 3s]
Seat 1: MaRKiToScoK showed [Kc Td] and won ($8.49) with a pair of Kings
Seat 2: diegoparatodos folded before Flop (didn't bet)
Seat 3: 50CandyJoe folded before Flop (didn't bet)
Seat 4: alexandr699 (button) mucked
Seat 5: Timonessb (small blind) folded before Flop
Seat 6: Melenya (big blind) folded before Flop



PokerStars Hand #254698522271:  Hold'em No Limit ($0.50/$1.00 USD) - 2025/02/04 3:41:52 WET [2025/02/03 22:41:52 ET]
Table 'Memnon' 6-max Seat #5 is the button
Seat 1: MaRKiToScoK ($127.26 in chips) 
Seat 2: diegoparatodos ($88.09 in chips) 
Seat 3: 50CandyJoe ($162.07 in chips) 
Seat 4: alexandr699 ($100 in chips) 
Seat 5: Timonessb ($100 in chips) 
Seat 6: Melenya ($100 in chips) 
Melenya: posts small blind $0.50
MaRKiToScoK: posts big blind $1
*** HOLE CARDS ***
diegoparatodos: calls $1
50CandyJoe: raises $2.50 to $3.50
alexandr699: folds 
Timonessb: folds 
Melenya: folds 
MaRKiToScoK: calls $2.50
diegoparatodos: calls $2.50
*** FLOP *** [5s 6s 3c]
MaRKiToScoK: checks 
diegoparatodos: checks 
50CandyJoe: bets $2.61
MaRKiToScoK: calls $2.61
diegoparatodos: folds 
*** TURN *** [5s 6s 3c] [9d]
MaRKiToScoK: checks 
50CandyJoe: checks 
*** RIVER *** [5s 6s 3c 9d] [Jc]
MaRKiToScoK: checks 
50CandyJoe: checks 
*** SHOW DOWN ***
MaRKiToScoK: shows [Kc 5c] (a pair of Fives)
50CandyJoe: mucks hand 
MaRKiToScoK collected $15.41 from pot
*** SUMMARY ***
Total pot $16.22 | Rake $0.81 
Board [5s 6s 3c 9d Jc]
Seat 1: MaRKiToScoK (big blind) showed [Kc 5c] and won ($15.41) with a pair of Fives
Seat 2: diegoparatodos folded on the Flop
Seat 3: 50CandyJoe mucked
Seat 4: alexandr699 folded before Flop (didn't bet)
Seat 5: Timonessb (button) folded before Flop (didn't bet)
Seat 6: Melenya (small blind) folded before Flop



PokerStars Hand #254698532700:  Hold'em No Limit ($0.50/$1.00 USD) - 2025/02/04 3:43:23 WET [2025/02/03 22:43:23 ET]
Table 'Memnon' 6-max Seat #6 is the button
Seat 1: MaRKiToScoK ($136.56 in chips) 
Seat 2: diegoparatodos ($84.59 in chips) 
Seat 3: 50CandyJoe ($155.96 in chips) 
Seat 4: alexandr699 ($100 in chips) 
Seat 5: Timonessb ($100 in chips) 
Seat 6: Melenya ($100 in chips) 
MaRKiToScoK: posts small blind $0.50
diegoparatodos: posts big blind $1
*** HOLE CARDS ***
50CandyJoe: raises $1.20 to $2.20
alexandr699: folds 
Timonessb: folds 
Melenya: folds 
MaRKiToScoK: folds 
diegoparatodos: folds 
Uncalled bet ($1.20) returned to 50CandyJoe
50CandyJoe collected $2.50 from pot
50CandyJoe: doesn't show hand 
*** SUMMARY ***
Total pot $2.50 | Rake $0 
Seat 1: MaRKiToScoK (small blind) folded before Flop
Seat 2: diegoparatodos (big blind) folded before Flop
Seat 3: 50CandyJoe collected ($2.50)
Seat 4: alexandr699 folded before Flop (didn't bet)
Seat 5: Timonessb folded before Flop (didn't bet)
Seat 6: Melenya (button) folded before Flop (didn't bet)



PokerStars Hand #254698535577:  Hold'em No Limit ($0.50/$1.00 USD) - 2025/02/04 3:43:48 WET [2025/02/03 22:43:48 ET]
Table 'Memnon' 6-max Seat #1 is the button
Seat 1: MaRKiToScoK ($136.06 in chips) 
Seat 2: diegoparatodos ($83.59 in chips) 
Seat 3: 50CandyJoe ($157.46 in chips) 
Seat 4: alexandr699 ($100 in chips) 
Seat 5: Timonessb ($100 in chips) 
Seat 6: Melenya ($100 in chips) 
diegoparatodos: posts small blind $0.50
50CandyJoe: posts big blind $1
*** HOLE CARDS ***
alexandr699: raises $1.98 to $2.98
Timonessb: folds 
Melenya: folds 
MaRKiToScoK: folds 
diegoparatodos: folds 
50CandyJoe: folds 
Uncalled bet ($1.98) returned to alexandr699
alexandr699 collected $2.50 from pot
alexandr699: doesn't show hand 
*** SUMMARY ***
Total pot $2.50 | Rake $0 
Seat 1: MaRKiToScoK (button) folded before Flop (didn't bet)
Seat 2: diegoparatodos (small blind) folded before Flop
Seat 3: 50CandyJoe (big blind) folded before Flop
Seat 4: alexandr699 collected ($2.50)
Seat 5: Timonessb folded before Flop (didn't bet)
Seat 6: Melenya folded before Flop (didn't bet)



PokerStars Hand #254698670852:  Hold'em No Limit ($0.50/$1.00 USD) - 2025/02/04 4:05:33 WET [2025/02/03 23:05:33 ET]
Table 'Memnon' 6-max Seat #1 is the button
Seat 1: MaRKiToScoK ($149.81 in chips) 
Seat 2: Magnodive ($100 in chips) 
Seat 3: 50CandyJoe ($126.96 in chips) 
Seat 4: Tunaking77 ($94.62 in chips) 
Seat 5: Timonessb ($195.68 in chips) 
Seat 6: Melenya ($100 in chips) 
Magnodive: posts small blind $0.50
50CandyJoe: posts big blind $1
*** HOLE CARDS ***
Tunaking77: raises $1 to $2
Timonessb: folds 
Melenya: folds 
MaRKiToScoK: raises $4.40 to $6.40
Magnodive: folds 
50CandyJoe has timed out
50CandyJoe: folds 
Tunaking77: calls $4.40
*** FLOP *** [5h 5s 4h]
Tunaking77: bets $8
MaRKiToScoK: folds 
Uncalled bet ($8) returned to Tunaking77
Tunaking77 collected $13.58 from pot
*** SUMMARY ***
Total pot $14.30 | Rake $0.72 
Board [5h 5s 4h]
Seat 1: MaRKiToScoK (button) folded on the Flop
Seat 2: Magnodive (small blind) folded before Flop
Seat 3: 50CandyJoe (big blind) folded before Flop
Seat 4: Tunaking77 collected ($13.58)
Seat 5: Timonessb folded before Flop (didn't bet)
Seat 6: Melenya folded before Flop (didn't bet)



PokerStars Hand #254698678291:  Hold'em No Limit ($0.50/$1.00 USD) - 2025/02/04 4:06:46 WET [2025/02/03 23:06:46 ET]
Table 'Memnon' 6-max Seat #2 is the button
Seat 1: MaRKiToScoK ($143.41 in chips) 
Seat 2: Magnodive ($100 in chips) 
Seat 3: 50CandyJoe ($125.96 in chips) 
Seat 4: Tunaking77 ($101.80 in chips) 
Seat 5: Timonessb ($195.68 in chips) 
Seat 6: Melenya ($100 in chips) 
50CandyJoe: posts small blind $0.50
Tunaking77: posts big blind $1
*** HOLE CARDS ***
Timonessb: raises $1.30 to $2.30
Melenya: folds 
MaRKiToScoK: raises $5.06 to $7.36
Magnodive: folds 
50CandyJoe: folds 
Tunaking77: folds 
Timonessb: folds 
Uncalled bet ($5.06) returned to MaRKiToScoK
MaRKiToScoK collected $6.10 from pot
*** SUMMARY ***
Total pot $6.10 | Rake $0 
Seat 1: MaRKiToScoK collected ($6.10)
Seat 2: Magnodive (button) folded before Flop (didn't bet)
Seat 3: 50CandyJoe (small blind) folded before Flop
Seat 4: Tunaking77 (big blind) folded before Flop
Seat 5: Timonessb folded before Flop
Seat 6: Melenya folded before Flop (didn't bet)



PokerStars Hand #254698681791:  Hold'em No Limit ($0.50/$1.00 USD) - 2025/02/04 4:07:19 WET [2025/02/03 23:07:19 ET]
Table 'Memnon' 6-max Seat #3 is the button
Seat 1: MaRKiToScoK ($147.21 in chips) 
Seat 2: Magnodive ($100 in chips) 
Seat 3: 50CandyJoe ($125.46 in chips) 
Seat 4: Tunaking77 ($100.80 in chips) 
Seat 5: Timonessb ($193.38 in chips) 
Seat 6: Melenya ($100 in chips) 
Tunaking77: posts small blind $0.50
Timonessb: posts big blind $1
*** HOLE CARDS ***
Melenya: folds 
MaRKiToScoK: raises $1 to $2
Magnodive: folds 
50CandyJoe: folds 
Tunaking77: folds 
Timonessb: calls $1
*** FLOP *** [3s 8s 7c]
Timonessb: checks 
MaRKiToScoK: checks 
*** TURN *** [3s 8s 7c] [7d]
Timonessb: bets $2.87
MaRKiToScoK: calls $2.87
*** RIVER *** [3s 8s 7c 7d] [Qd]
Timonessb: bets $15
MaRKiToScoK: calls $15
*** SHOW DOWN ***
Timonessb: shows [8d 7s] (a full house, Sevens full of Eights)
MaRKiToScoK: mucks hand 
Timonessb collected $38.23 from pot
*** SUMMARY ***
Total pot $40.24 | Rake $2.01 
Board [3s 8s 7c 7d Qd]
Seat 1: MaRKiToScoK mucked
Seat 2: Magnodive folded before Flop (didn't bet)
Seat 3: 50CandyJoe (button) folded before Flop (didn't bet)
Seat 4: Tunaking77 (small blind) folded before Flop
Seat 5: Timonessb (big blind) showed [8d 7s] and won ($38.23) with a full house, Sevens full of Eights
Seat 6: Melenya folded before Flop (didn't bet)



PokerStars Hand #254698687909:  Hold'em No Limit ($0.50/$1.00 USD) - 2025/02/04 4:08:19 WET [2025/02/03 23:08:19 ET]
Table 'Memnon' 6-max Seat #4 is the button
Seat 1: MaRKiToScoK ($127.34 in chips) 
Seat 2: Magnodive ($100 in chips) 
Seat 3: 50CandyJoe ($125.46 in chips) 
Seat 4: Tunaking77 ($100.30 in chips) 
Seat 5: Timonessb ($211.74 in chips) 
Seat 6: Melenya ($100 in chips) 
Timonessb: posts small blind $0.50
Melenya: posts big blind $1
*** HOLE CARDS ***
MaRKiToScoK: folds 
Magnodive: folds 
50CandyJoe: raises $1.20 to $2.20
Tunaking77: folds 
Timonessb: raises $9.80 to $12
Melenya: folds 
50CandyJoe: folds 
Uncalled bet ($9.80) returned to Timonessb
Timonessb collected $5.40 from pot
*** SUMMARY ***
Total pot $5.40 | Rake $0 
Seat 1: MaRKiToScoK folded before Flop (didn't bet)
Seat 2: Magnodive folded before Flop (didn't bet)
Seat 3: 50CandyJoe folded before Flop
Seat 4: Tunaking77 (button) folded before Flop (didn't bet)
Seat 5: Timonessb (small blind) collected ($5.40)
Seat 6: Melenya (big blind) folded before Flop



PokerStars Hand #254698691423:  Hold'em No Limit ($0.50/$1.00 USD) - 2025/02/04 4:08:54 WET [2025/02/03 23:08:54 ET]
Table 'Memnon' 6-max Seat #5 is the button
Seat 1: MaRKiToScoK ($127.34 in chips) 
Seat 2: Magnodive ($100 in chips) 
Seat 3: 50CandyJoe ($123.26 in chips) 
Seat 4: Tunaking77 ($100.30 in chips) 
Seat 5: Timonessb ($214.94 in chips) 
Seat 6: Melenya ($100 in chips) 
Melenya: posts small blind $0.50
MaRKiToScoK: posts big blind $1
*** HOLE CARDS ***
Magnodive: folds 
50CandyJoe: folds 
Tunaking77: raises $1 to $2
Timonessb: folds 
Melenya: folds 
MaRKiToScoK: raises $10.50 to $12.50
Tunaking77: folds 
Uncalled bet ($10.50) returned to MaRKiToScoK
MaRKiToScoK collected $4.50 from pot
*** SUMMARY ***
Total pot $4.50 | Rake $0 
Seat 1: MaRKiToScoK (big blind) collected ($4.50)
Seat 2: Magnodive folded before Flop (didn't bet)
Seat 3: 50CandyJoe folded before Flop (didn't bet)
Seat 4: Tunaking77 folded before Flop
Seat 5: Timonessb (button) folded before Flop (didn't bet)
Seat 6: Melenya (small blind) folded before Flop



PokerStars Hand #254698695060:  Hold'em No Limit ($0.50/$1.00 USD) - 2025/02/04 4:09:30 WET [2025/02/03 23:09:30 ET]
Table 'Memnon' 6-max Seat #6 is the button
Seat 1: MaRKiToScoK ($129.84 in chips) 
Seat 2: Magnodive ($100 in chips) 
Seat 3: 50CandyJoe ($123.26 in chips) 
Seat 4: Tunaking77 ($98.30 in chips) 
Seat 5: Timonessb ($214.94 in chips) 
Seat 6: Melenya ($100 in chips) 
MaRKiToScoK: posts small blind $0.50
Magnodive: posts big blind $1
*** HOLE CARDS ***
50CandyJoe: folds 
Tunaking77: raises $1 to $2
Timonessb: calls $2
Melenya: folds 
MaRKiToScoK: folds 
Magnodive: folds 
*** FLOP *** [4c 2d 5s]
Tunaking77: checks 
Timonessb: bets $2.66
Tunaking77: folds 
Uncalled bet ($2.66) returned to Timonessb
Timonessb collected $5.22 from pot
*** SUMMARY ***
Total pot $5.50 | Rake $0.28 
Board [4c 2d 5s]
Seat 1: MaRKiToScoK (small blind) folded before Flop
Seat 2: Magnodive (big blind) folded before Flop
Seat 3: 50CandyJoe folded before Flop (didn't bet)
Seat 4: Tunaking77 folded on the Flop
Seat 5: Timonessb collected ($5.22)
Seat 6: Melenya (button) folded before Flop (didn't bet)



PokerStars Hand #254698698424:  Hold'em No Limit ($0.50/$1.00 USD) - 2025/02/04 4:10:03 WET [2025/02/03 23:10:03 ET]
Table 'Memnon' 6-max Seat #1 is the button
Seat 1: MaRKiToScoK ($129.34 in chips) 
Seat 2: Magnodive ($100 in chips) 
Seat 3: 50CandyJoe ($123.26 in chips) 
Seat 4: Tunaking77 ($96.30 in chips) 
Seat 5: Timonessb ($218.16 in chips) 
Seat 6: Melenya ($100 in chips) 
Magnodive: posts small blind $0.50
50CandyJoe: posts big blind $1
*** HOLE CARDS ***
Tunaking77: raises $1 to $2
Timonessb: folds 
Melenya: folds 
MaRKiToScoK: raises $4.40 to $6.40
Magnodive: folds 
50CandyJoe: folds 
Tunaking77: folds 
Uncalled bet ($4.40) returned to MaRKiToScoK
MaRKiToScoK collected $5.50 from pot
*** SUMMARY ***
Total pot $5.50 | Rake $0 
Seat 1: MaRKiToScoK (button) collected ($5.50)
Seat 2: Magnodive (small blind) folded before Flop
Seat 3: 50CandyJoe (big blind) folded before Flop
Seat 4: Tunaking77 folded before Flop
Seat 5: Timonessb folded before Flop (didn't bet)
Seat 6: Melenya folded before Flop (didn't bet)



PokerStars Hand #254698702427:  Hold'em No Limit ($0.50/$1.00 USD) - 2025/02/04 4:10:43 WET [2025/02/03 23:10:43 ET]
Table 'Memnon' 6-max Seat #2 is the button
Seat 1: MaRKiToScoK ($132.84 in chips) 
Seat 2: Magnodive ($100 in chips) 
Seat 3: 50CandyJoe ($122.26 in chips) 
Seat 4: Tunaking77 ($94.30 in chips) 
Seat 5: Timonessb ($218.16 in chips) 
Seat 6: Melenya ($100 in chips) 
50CandyJoe: posts small blind $0.50
Tunaking77: posts big blind $1
*** HOLE CARDS ***
Timonessb: folds 
Melenya: raises $1 to $2
MaRKiToScoK: folds 
Magnodive: folds 
50CandyJoe: folds 
Tunaking77: folds 
Uncalled bet ($1) returned to Melenya
Melenya collected $2.50 from pot
Melenya: doesn't show hand 
*** SUMMARY ***
Total pot $2.50 | Rake $0 
Seat 1: MaRKiToScoK folded before Flop (didn't bet)
Seat 2: Magnodive (button) folded before Flop (didn't bet)
Seat 3: 50CandyJoe (small blind) folded before Flop
Seat 4: Tunaking77 (big blind) folded before Flop
Seat 5: Timonessb folded before Flop (didn't bet)
Seat 6: Melenya collected ($2.50)



PokerStars Hand #254698706440:  Hold'em No Limit ($0.50/$1.00 USD) - 2025/02/04 4:11:22 WET [2025/02/03 23:11:22 ET]
Table 'Memnon' 6-max Seat #3 is the button
Seat 1: MaRKiToScoK ($132.84 in chips) 
Seat 2: Magnodive ($100 in chips) 
Seat 3: 50CandyJoe ($121.76 in chips) 
Seat 4: Tunaking77 ($93.30 in chips) 
Seat 5: Timonessb ($218.16 in chips) 
Seat 6: Melenya ($101.50 in chips) 
Tunaking77: posts small blind $0.50
Timonessb: posts big blind $1
*** HOLE CARDS ***
Melenya: folds 
MaRKiToScoK: raises $1 to $2
Magnodive: folds 
50CandyJoe: folds 
Tunaking77: folds 
Timonessb: folds 
Uncalled bet ($1) returned to MaRKiToScoK
MaRKiToScoK collected $2.50 from pot
*** SUMMARY ***
Total pot $2.50 | Rake $0 
Seat 1: MaRKiToScoK collected ($2.50)
Seat 2: Magnodive folded before Flop (didn't bet)
Seat 3: 50CandyJoe (button) folded before Flop (didn't bet)
Seat 4: Tunaking77 (small blind) folded before Flop
Seat 5: Timonessb (big blind) folded before Flop
Seat 6: Melenya folded before Flop (didn't bet)



PokerStars Hand #254698709198:  Hold'em No Limit ($0.50/$1.00 USD) - 2025/02/04 4:11:49 WET [2025/02/03 23:11:49 ET]
Table 'Memnon' 6-max Seat #4 is the button
Seat 1: MaRKiToScoK ($134.34 in chips) 
Seat 2: Magnodive ($100 in chips) 
Seat 3: 50CandyJoe ($121.76 in chips) 
Seat 4: Tunaking77 ($92.80 in chips) 
Seat 5: Timonessb ($217.16 in chips) 
Seat 6: Melenya ($101.50 in chips) 
Timonessb: posts small blind $0.50
Melenya: posts big blind $1
*** HOLE CARDS ***
MaRKiToScoK: folds 
Magnodive: raises $1.50 to $2.50
50CandyJoe: calls $2.50
Tunaking77: raises $5.50 to $8
Timonessb: folds 
Melenya: folds 
Magnodive: folds 
50CandyJoe: calls $5.50
*** FLOP *** [8c Qc Qs]
50CandyJoe: checks 
Tunaking77: bets $13
50CandyJoe: raises $16 to $29
Tunaking77: raises $55.80 to $84.80 and is all-in
50CandyJoe: calls $55.80
*** TURN *** [8c Qc Qs] [Ks]
*** RIVER *** [8c Qc Qs Ks] [3h]
*** SHOW DOWN ***
50CandyJoe: shows [Qd 9d] (three of a kind, Queens)
Tunaking77: shows [Td Th] (two pair, Queens and Tens)
50CandyJoe collected $187.10 from pot
*** SUMMARY ***
Total pot $189.60 | Rake $2.50 
Board [8c Qc Qs Ks 3h]
Seat 1: MaRKiToScoK folded before Flop (didn't bet)
Seat 2: Magnodive folded before Flop
Seat 3: 50CandyJoe showed [Qd 9d] and won ($187.10) with three of a kind, Queens
Seat 4: Tunaking77 (button) showed [Td Th] and lost with two pair, Queens and Tens
Seat 5: Timonessb (small blind) folded before Flop
Seat 6: Melenya (big blind) folded before Flop



PokerStars Hand #254698717721:  Hold'em No Limit ($0.50/$1.00 USD) - 2025/02/04 4:13:14 WET [2025/02/03 23:13:14 ET]
Table 'Memnon' 6-max Seat #5 is the button
Seat 4: Tunaking77 ($0 in chips) is sitting out
Seat 1: MaRKiToScoK ($134.34 in chips) 
Seat 2: Magnodive ($100 in chips) 
Seat 3: 50CandyJoe ($216.06 in chips) 
Seat 5: Timonessb ($216.66 in chips) 
Seat 6: Melenya ($100.50 in chips) 
Melenya: posts small blind $0.50
MaRKiToScoK: posts big blind $1
*** HOLE CARDS ***
Magnodive: raises $1.50 to $2.50
50CandyJoe: raises $5 to $7.50
Timonessb: folds 
Melenya: folds 
MaRKiToScoK: folds 
Magnodive: raises $92.50 to $100 and is all-in
50CandyJoe: calls $92.50
*** FLOP *** [Tc Kc Th]
*** TURN *** [Tc Kc Th] [Ts]
*** RIVER *** [Tc Kc Th Ts] [4s]
*** SHOW DOWN ***
Magnodive: shows [Kh Ac] (a full house, Tens full of Kings)
50CandyJoe: shows [Kd As] (a full house, Tens full of Kings)
Magnodive collected $99.50 from pot
50CandyJoe collected $99.50 from pot
*** SUMMARY ***
Total pot $201.50 | Rake $2.50 
Board [Tc Kc Th Ts 4s]
Seat 4: Tunaking77
Seat 1: MaRKiToScoK (big blind) folded before Flop
Seat 2: Magnodive showed [Kh Ac] and won ($99.50) with a full house, Tens full of Kings
Seat 3: 50CandyJoe showed [Kd As] and won ($99.50) with a full house, Tens full of Kings
Seat 5: Timonessb (button) folded before Flop (didn't bet)
Seat 6: Melenya (small blind) folded before Flop



PokerStars Hand #254698723071:  Hold'em No Limit ($0.50/$1.00 USD) - 2025/02/04 4:14:07 WET [2025/02/03 23:14:07 ET]
Table 'Memnon' 6-max Seat #6 is the button
Seat 4: Tunaking77 ($0 in chips) is sitting out
Seat 1: MaRKiToScoK ($133.34 in chips) 
Seat 2: Magnodive ($100 in chips) 
Seat 5: Timonessb ($216.66 in chips) 
Seat 6: Melenya ($100 in chips) 
MaRKiToScoK: posts small blind $0.50
50CandyJoe leaves the table
Magnodive: posts big blind $1
*** HOLE CARDS ***
Timonessb: folds 
Melenya: raises $1.50 to $2.50
Tunaking77 is disconnected 
MaRKiToScoK: folds 
Magnodive: folds 
Uncalled bet ($1.50) returned to Melenya
Melenya collected $2.50 from pot
Melenya: doesn't show hand 
*** SUMMARY ***
Total pot $2.50 | Rake $0 
Seat 4: Tunaking77
Seat 1: MaRKiToScoK (small blind) folded before Flop
Seat 2: Magnodive (big blind) folded before Flop
Seat 5: Timonessb folded before Flop (didn't bet)
Seat 6: Melenya (button) collected ($2.50)



PokerStars Hand #254698725849:  Hold'em No Limit ($0.50/$1.00 USD) - 2025/02/04 4:14:34 WET [2025/02/03 23:14:34 ET]
Table 'Memnon' 6-max Seat #2 is the button
Seat 4: Tunaking77 ($0 in chips) is sitting out
Seat 5: Timonessb ($216.66 in chips) is sitting out
Seat 6: Melenya ($101.50 in chips) is sitting out
Seat 1: MaRKiToScoK ($132.84 in chips) 
Seat 2: Magnodive ($100 in chips) 
Magnodive: posts small blind $0.50
Timonessb: is sitting out 
Melenya: is sitting out 
MaRKiToScoK: posts big blind $1
*** HOLE CARDS ***
Magnodive: folds 
Uncalled bet ($0.50) returned to MaRKiToScoK
Timonessb leaves the table
MaRKiToScoK collected $1 from pot
Melenya leaves the table
*** SUMMARY ***
Total pot $1 | Rake $0 
Seat 4: Tunaking77
Seat 5: Timonessb
Seat 6: Melenya
Seat 1: MaRKiToScoK (big blind) collected ($1)
Seat 2: Magnodive (button) (small blind) folded before Flop



