PokerStars Hand #254698538655:  Hold'em No Limit ($0.50/$1.00 USD) - 2025/02/04 3:44:14 WET [2025/02/03 22:44:14 ET]
Table 'Iduna II' 6-max Seat #3 is the button
Seat 1: m0nTTu ($94.31 in chips) 
Seat 2: Magnodive ($104.55 in chips) 
Seat 3: MaRKiToScoK ($118.12 in chips) 
Seat 4: Joe_Carlos ($58.90 in chips) 
Seat 5: X_BOSTROM_X ($49.13 in chips) 
Seat 6: An1an1 ($102.50 in chips) 
Joe_Carlos: posts small blind $0.50
X_BOSTROM_X: posts big blind $1
*** HOLE CARDS ***
An1an1: folds 
m0nTTu: folds 
Magnodive: folds 
MaRKiToScoK: raises $1.50 to $2.50
Joe_Carlos: folds 
X_BOSTROM_X: folds 
Uncalled bet ($1.50) returned to MaRKiToScoK
MaRKiToScoK collected $2.50 from pot
*** SUMMARY ***
Total pot $2.50 | Rake $0 
Seat 1: m0nTTu folded before Flop (didn't bet)
Seat 2: Magnodive folded before Flop (didn't bet)
Seat 3: MaRKiToScoK (button) collected ($2.50)
Seat 4: Joe_Carlos (small blind) folded before Flop
Seat 5: X_BOSTROM_X (big blind) folded before Flop
Seat 6: An1an1 folded before Flop (didn't bet)



PokerStars Hand #254698541304:  Hold'em No Limit ($0.50/$1.00 USD) - 2025/02/04 3:44:37 WET [2025/02/03 22:44:37 ET]
Table 'Iduna II' 6-max Seat #4 is the button
Seat 1: m0nTTu ($94.31 in chips) 
Seat 2: Magnodive ($104.55 in chips) 
Seat 3: MaRKiToScoK ($119.62 in chips) 
Seat 4: Joe_Carlos ($58.40 in chips) 
Seat 5: X_BOSTROM_X ($48.13 in chips) 
Seat 6: An1an1 ($102.50 in chips) 
X_BOSTROM_X: posts small blind $0.50
An1an1: posts big blind $1
*** HOLE CARDS ***
m0nTTu: folds 
Magnodive: folds 
MaRKiToScoK: raises $1.20 to $2.20
Joe_Carlos: folds 
Joe_Carlos leaves the table
X_BOSTROM_X: calls $1.70
An1an1: folds 
*** FLOP *** [Jd Tc 2s]
X_BOSTROM_X: bets $1
alexandr699 joins the table at seat #4 
MaRKiToScoK: calls $1
*** TURN *** [Jd Tc 2s] [Qs]
X_BOSTROM_X: bets $1
MaRKiToScoK: calls $1
*** RIVER *** [Jd Tc 2s Qs] [4c]
X_BOSTROM_X: bets $1
MaRKiToScoK: raises $13 to $14
X_BOSTROM_X: folds 
Uncalled bet ($13) returned to MaRKiToScoK
MaRKiToScoK collected $10.83 from pot
*** SUMMARY ***
Total pot $11.40 | Rake $0.57 
Board [Jd Tc 2s Qs 4c]
Seat 1: m0nTTu folded before Flop (didn't bet)
Seat 2: Magnodive folded before Flop (didn't bet)
Seat 3: MaRKiToScoK collected ($10.83)
Seat 4: Joe_Carlos (button) folded before Flop (didn't bet)
Seat 5: X_BOSTROM_X (small blind) folded on the River
Seat 6: An1an1 (big blind) folded before Flop



PokerStars Hand #254698548927:  Hold'em No Limit ($0.50/$1.00 USD) - 2025/02/04 3:45:44 WET [2025/02/03 22:45:44 ET]
Table 'Iduna II' 6-max Seat #5 is the button
Seat 4: alexandr699 ($100 in chips) is sitting out
Seat 1: m0nTTu ($94.31 in chips) 
Seat 2: Magnodive ($104.55 in chips) 
Seat 3: MaRKiToScoK ($125.25 in chips) 
Seat 5: X_BOSTROM_X ($42.93 in chips) 
Seat 6: An1an1 ($101.50 in chips) 
An1an1: posts small blind $0.50
m0nTTu: posts big blind $1
alexandr699: sits out 
*** HOLE CARDS ***
Magnodive: folds 
MaRKiToScoK: raises $1.20 to $2.20
X_BOSTROM_X: folds 
An1an1: folds 
m0nTTu: folds 
Uncalled bet ($1.20) returned to MaRKiToScoK
MaRKiToScoK collected $2.50 from pot
*** SUMMARY ***
Total pot $2.50 | Rake $0 
Seat 4: alexandr699
Seat 1: m0nTTu (big blind) folded before Flop
Seat 2: Magnodive folded before Flop (didn't bet)
Seat 3: MaRKiToScoK collected ($2.50)
Seat 5: X_BOSTROM_X (button) folded before Flop (didn't bet)
Seat 6: An1an1 (small blind) folded before Flop



PokerStars Hand #254698552051:  Hold'em No Limit ($0.50/$1.00 USD) - 2025/02/04 3:46:11 WET [2025/02/03 22:46:11 ET]
Table 'Iduna II' 6-max Seat #6 is the button
Seat 4: alexandr699 ($100 in chips) is sitting out
Seat 1: m0nTTu ($93.31 in chips) 
Seat 2: Magnodive ($104.55 in chips) 
Seat 3: MaRKiToScoK ($126.75 in chips) 
Seat 5: X_BOSTROM_X ($42.93 in chips) 
Seat 6: An1an1 ($101 in chips) 
m0nTTu: posts small blind $0.50
Magnodive: posts big blind $1
alexandr699: sits out 
*** HOLE CARDS ***
MaRKiToScoK: folds 
X_BOSTROM_X: calls $1
An1an1: folds 
m0nTTu: folds 
Magnodive: checks 
*** FLOP *** [2c 4c 8h]
Magnodive: bets $1.19
X_BOSTROM_X: raises $6.81 to $8
Magnodive: folds 
Uncalled bet ($6.81) returned to X_BOSTROM_X
X_BOSTROM_X collected $4.64 from pot
*** SUMMARY ***
Total pot $4.88 | Rake $0.24 
Board [2c 4c 8h]
Seat 4: alexandr699
Seat 1: m0nTTu (small blind) folded before Flop
Seat 2: Magnodive (big blind) folded on the Flop
Seat 3: MaRKiToScoK folded before Flop (didn't bet)
Seat 5: X_BOSTROM_X collected ($4.64)
Seat 6: An1an1 (button) folded before Flop (didn't bet)



PokerStars Hand #254698556659:  Hold'em No Limit ($0.50/$1.00 USD) - 2025/02/04 3:46:51 WET [2025/02/03 22:46:51 ET]
Table 'Iduna II' 6-max Seat #1 is the button
Seat 4: alexandr699 ($100 in chips) is sitting out
Seat 1: m0nTTu ($92.81 in chips) 
Seat 2: Magnodive ($102.36 in chips) 
Seat 3: MaRKiToScoK ($126.75 in chips) 
Seat 5: X_BOSTROM_X ($45.38 in chips) 
Seat 6: An1an1 ($101 in chips) 
Magnodive: posts small blind $0.50
MaRKiToScoK: posts big blind $1
alexandr699: sits out 
*** HOLE CARDS ***
X_BOSTROM_X: calls $1
An1an1: folds 
m0nTTu: folds 
Magnodive: raises $4 to $5
MaRKiToScoK: folds 
X_BOSTROM_X: folds 
Uncalled bet ($4) returned to Magnodive
Magnodive collected $3 from pot
Magnodive: doesn't show hand 
*** SUMMARY ***
Total pot $3 | Rake $0 
Seat 4: alexandr699
Seat 1: m0nTTu (button) folded before Flop (didn't bet)
Seat 2: Magnodive (small blind) collected ($3)
Seat 3: MaRKiToScoK (big blind) folded before Flop
Seat 5: X_BOSTROM_X folded before Flop
Seat 6: An1an1 folded before Flop (didn't bet)



PokerStars Hand #254698559373:  Hold'em No Limit ($0.50/$1.00 USD) - 2025/02/04 3:47:16 WET [2025/02/03 22:47:16 ET]
Table 'Iduna II' 6-max Seat #2 is the button
Seat 1: m0nTTu ($92.81 in chips) 
Seat 2: Magnodive ($104.36 in chips) 
Seat 3: MaRKiToScoK ($125.75 in chips) 
Seat 4: alexandr699 ($100 in chips) 
Seat 5: X_BOSTROM_X ($44.38 in chips) 
Seat 6: An1an1 ($101 in chips) 
MaRKiToScoK: posts small blind $0.50
alexandr699: posts big blind $1
*** HOLE CARDS ***
X_BOSTROM_X: calls $1
An1an1: raises $4 to $5
m0nTTu: folds 
Magnodive: folds 
MaRKiToScoK: folds 
alexandr699: folds 
X_BOSTROM_X: calls $4
*** FLOP *** [8c 3s 8h]
X_BOSTROM_X: bets $5.46
An1an1: calls $5.46
*** TURN *** [8c 3s 8h] [9c]
X_BOSTROM_X: bets $10.65
An1an1: calls $10.65
*** RIVER *** [8c 3s 8h 9c] [8d]
X_BOSTROM_X: bets $23.27 and is all-in
An1an1: calls $23.27
*** SHOW DOWN ***
X_BOSTROM_X: shows [Td Ts] (a full house, Eights full of Tens)
An1an1: shows [As Kc] (three of a kind, Eights)
X_BOSTROM_X collected $87.76 from pot
*** SUMMARY ***
Total pot $90.26 | Rake $2.50 
Board [8c 3s 8h 9c 8d]
Seat 1: m0nTTu folded before Flop (didn't bet)
Seat 2: Magnodive (button) folded before Flop (didn't bet)
Seat 3: MaRKiToScoK (small blind) folded before Flop
Seat 4: alexandr699 (big blind) folded before Flop
Seat 5: X_BOSTROM_X showed [Td Ts] and won ($87.76) with a full house, Eights full of Tens
Seat 6: An1an1 showed [As Kc] and lost with three of a kind, Eights



PokerStars Hand #254698567405:  Hold'em No Limit ($0.50/$1.00 USD) - 2025/02/04 3:48:27 WET [2025/02/03 22:48:27 ET]
Table 'Iduna II' 6-max Seat #3 is the button
Seat 1: m0nTTu ($92.81 in chips) 
Seat 2: Magnodive ($104.36 in chips) 
Seat 3: MaRKiToScoK ($125.25 in chips) 
Seat 4: alexandr699 ($100 in chips) 
Seat 5: X_BOSTROM_X ($87.76 in chips) 
Seat 6: An1an1 ($100 in chips) 
alexandr699: posts small blind $0.50
X_BOSTROM_X: posts big blind $1
*** HOLE CARDS ***
An1an1: folds 
m0nTTu: folds 
Magnodive: raises $1.50 to $2.50
MaRKiToScoK: calls $2.50
alexandr699: folds 
X_BOSTROM_X: folds 
*** FLOP *** [2s 8s 9d]
Magnodive: checks 
MaRKiToScoK: bets $2.04
Magnodive: calls $2.04
*** TURN *** [2s 8s 9d] [6h]
Magnodive: checks 
MaRKiToScoK: bets $7.54
Magnodive: folds 
Uncalled bet ($7.54) returned to MaRKiToScoK
MaRKiToScoK collected $10.05 from pot
*** SUMMARY ***
Total pot $10.58 | Rake $0.53 
Board [2s 8s 9d 6h]
Seat 1: m0nTTu folded before Flop (didn't bet)
Seat 2: Magnodive folded on the Turn
Seat 3: MaRKiToScoK (button) collected ($10.05)
Seat 4: alexandr699 (small blind) folded before Flop
Seat 5: X_BOSTROM_X (big blind) folded before Flop
Seat 6: An1an1 folded before Flop (didn't bet)



PokerStars Hand #254698573624:  Hold'em No Limit ($0.50/$1.00 USD) - 2025/02/04 3:49:23 WET [2025/02/03 22:49:23 ET]
Table 'Iduna II' 6-max Seat #4 is the button
Seat 1: m0nTTu ($92.81 in chips) 
Seat 2: Magnodive ($100 in chips) 
Seat 3: MaRKiToScoK ($130.76 in chips) 
Seat 4: alexandr699 ($100 in chips) 
Seat 5: X_BOSTROM_X ($86.76 in chips) 
Seat 6: An1an1 ($100 in chips) 
X_BOSTROM_X: posts small blind $0.50
An1an1: posts big blind $1
*** HOLE CARDS ***
m0nTTu: folds 
Magnodive: folds 
MaRKiToScoK: raises $1.20 to $2.20
alexandr699: calls $2.20
X_BOSTROM_X: calls $1.70
An1an1: folds 
*** FLOP *** [2h 6h Js]
X_BOSTROM_X: checks 
MaRKiToScoK: checks 
alexandr699: bets $6.14
X_BOSTROM_X: folds 
MaRKiToScoK: folds 
Uncalled bet ($6.14) returned to alexandr699
alexandr699 collected $7.22 from pot
alexandr699: doesn't show hand 
*** SUMMARY ***
Total pot $7.60 | Rake $0.38 
Board [2h 6h Js]
Seat 1: m0nTTu folded before Flop (didn't bet)
Seat 2: Magnodive folded before Flop (didn't bet)
Seat 3: MaRKiToScoK folded on the Flop
Seat 4: alexandr699 (button) collected ($7.22)
Seat 5: X_BOSTROM_X (small blind) folded on the Flop
Seat 6: An1an1 (big blind) folded before Flop



PokerStars Hand #254698578557:  Hold'em No Limit ($0.50/$1.00 USD) - 2025/02/04 3:50:08 WET [2025/02/03 22:50:08 ET]
Table 'Iduna II' 6-max Seat #5 is the button
Seat 1: m0nTTu ($92.81 in chips) is sitting out
Seat 2: Magnodive ($100 in chips) 
Seat 3: MaRKiToScoK ($128.56 in chips) 
Seat 4: alexandr699 ($105.02 in chips) 
Seat 5: X_BOSTROM_X ($84.56 in chips) 
Seat 6: An1an1 ($100 in chips) 
An1an1: posts small blind $0.50
m0nTTu: is sitting out 
Magnodive: posts big blind $1
*** HOLE CARDS ***
MaRKiToScoK: folds 
alexandr699: folds 
m0nTTu leaves the table
X_BOSTROM_X: calls $1
An1an1: folds 
Magnodive: checks 
*** FLOP *** [Ts 4c 4h]
Magnodive: bets $1.19
X_BOSTROM_X: calls $1.19
*** TURN *** [Ts 4c 4h] [3s]
50CandyJoe joins the table at seat #1 
Magnodive: bets $4.64
X_BOSTROM_X: folds 
Uncalled bet ($4.64) returned to Magnodive
Magnodive collected $4.64 from pot
Magnodive: doesn't show hand 
*** SUMMARY ***
Total pot $4.88 | Rake $0.24 
Board [Ts 4c 4h 3s]
Seat 1: m0nTTu
Seat 2: Magnodive (big blind) collected ($4.64)
Seat 3: MaRKiToScoK folded before Flop (didn't bet)
Seat 4: alexandr699 folded before Flop (didn't bet)
Seat 5: X_BOSTROM_X (button) folded on the Turn
Seat 6: An1an1 (small blind) folded before Flop



PokerStars Hand #254698581639:  Hold'em No Limit ($0.50/$1.00 USD) - 2025/02/04 3:50:36 WET [2025/02/03 22:50:36 ET]
Table 'Iduna II' 6-max Seat #6 is the button
Seat 1: 50CandyJoe ($100 in chips) is sitting out
Seat 2: Magnodive ($102.45 in chips) 
Seat 3: MaRKiToScoK ($128.56 in chips) 
Seat 4: alexandr699 ($105.02 in chips) 
Seat 5: X_BOSTROM_X ($82.37 in chips) 
Seat 6: An1an1 ($100 in chips) 
Magnodive: posts small blind $0.50
MaRKiToScoK: posts big blind $1
*** HOLE CARDS ***
alexandr699: folds 
X_BOSTROM_X: calls $1
An1an1: folds 
Magnodive: folds 
MaRKiToScoK: checks 
*** FLOP *** [4c Ad 5h]
MaRKiToScoK: checks 
X_BOSTROM_X: checks 
*** TURN *** [4c Ad 5h] [9d]
MaRKiToScoK: checks 
X_BOSTROM_X: checks 
*** RIVER *** [4c Ad 5h 9d] [5d]
MaRKiToScoK: bets $1.78
X_BOSTROM_X: calls $1.78
*** SHOW DOWN ***
MaRKiToScoK: shows [Qh 5c] (three of a kind, Fives)
X_BOSTROM_X: mucks hand 
MaRKiToScoK collected $5.76 from pot
*** SUMMARY ***
Total pot $6.06 | Rake $0.30 
Board [4c Ad 5h 9d 5d]
Seat 1: 50CandyJoe
Seat 2: Magnodive (small blind) folded before Flop
Seat 3: MaRKiToScoK (big blind) showed [Qh 5c] and won ($5.76) with three of a kind, Fives
Seat 4: alexandr699 folded before Flop (didn't bet)
Seat 5: X_BOSTROM_X mucked
Seat 6: An1an1 (button) folded before Flop (didn't bet)



PokerStars Hand #254698586419:  Hold'em No Limit ($0.50/$1.00 USD) - 2025/02/04 3:51:19 WET [2025/02/03 22:51:19 ET]
Table 'Iduna II' 6-max Seat #2 is the button
Seat 1: 50CandyJoe ($100 in chips) is sitting out
Seat 2: Magnodive ($101.95 in chips) 
Seat 3: MaRKiToScoK ($131.54 in chips) 
Seat 4: alexandr699 ($105.02 in chips) 
Seat 5: X_BOSTROM_X ($79.59 in chips) 
Seat 6: An1an1 ($100 in chips) 
MaRKiToScoK: posts small blind $0.50
alexandr699: posts big blind $1
50CandyJoe: sits out 
*** HOLE CARDS ***
X_BOSTROM_X: calls $1
An1an1: raises $3 to $4
Magnodive: folds 
MaRKiToScoK: folds 
alexandr699: folds 
X_BOSTROM_X: calls $3
*** FLOP *** [4h 8c Js]
X_BOSTROM_X: checks 
An1an1: bets $2.16
X_BOSTROM_X: calls $2.16
*** TURN *** [4h 8c Js] [6d]
X_BOSTROM_X: checks 
An1an1: checks 
*** RIVER *** [4h 8c Js 6d] [7d]
X_BOSTROM_X: checks 
An1an1: checks 
*** SHOW DOWN ***
X_BOSTROM_X: shows [Qs Th] (high card Queen)
An1an1: shows [8h 7h] (two pair, Eights and Sevens)
An1an1 collected $13.13 from pot
*** SUMMARY ***
Total pot $13.82 | Rake $0.69 
Board [4h 8c Js 6d 7d]
Seat 1: 50CandyJoe
Seat 2: Magnodive (button) folded before Flop (didn't bet)
Seat 3: MaRKiToScoK (small blind) folded before Flop
Seat 4: alexandr699 (big blind) folded before Flop
Seat 5: X_BOSTROM_X showed [Qs Th] and lost with high card Queen
Seat 6: An1an1 showed [8h 7h] and won ($13.13) with two pair, Eights and Sevens



PokerStars Hand #254698592088:  Hold'em No Limit ($0.50/$1.00 USD) - 2025/02/04 3:52:11 WET [2025/02/03 22:52:11 ET]
Table 'Iduna II' 6-max Seat #3 is the button
Seat 1: 50CandyJoe ($100 in chips) is sitting out
Seat 2: Magnodive ($101.95 in chips) 
Seat 3: MaRKiToScoK ($131.04 in chips) 
Seat 4: alexandr699 ($104.02 in chips) 
Seat 5: X_BOSTROM_X ($73.43 in chips) 
Seat 6: An1an1 ($106.97 in chips) 
alexandr699: posts small blind $0.50
X_BOSTROM_X: posts big blind $1
50CandyJoe: sits out 
*** HOLE CARDS ***
An1an1: folds 
Magnodive: folds 
MaRKiToScoK: raises $1.50 to $2.50
alexandr699: folds 
X_BOSTROM_X: calls $1.50
*** FLOP *** [9h Qs 3s]
X_BOSTROM_X: checks 
MaRKiToScoK: bets $3.92
X_BOSTROM_X: folds 
Uncalled bet ($3.92) returned to MaRKiToScoK
MaRKiToScoK collected $5.22 from pot
*** SUMMARY ***
Total pot $5.50 | Rake $0.28 
Board [9h Qs 3s]
Seat 1: 50CandyJoe
Seat 2: Magnodive folded before Flop (didn't bet)
Seat 3: MaRKiToScoK (button) collected ($5.22)
Seat 4: alexandr699 (small blind) folded before Flop
Seat 5: X_BOSTROM_X (big blind) folded on the Flop
Seat 6: An1an1 folded before Flop (didn't bet)



PokerStars Hand #254698594485:  Hold'em No Limit ($0.50/$1.00 USD) - 2025/02/04 3:52:33 WET [2025/02/03 22:52:33 ET]
Table 'Iduna II' 6-max Seat #4 is the button
Seat 1: 50CandyJoe ($100 in chips) is sitting out
Seat 2: Magnodive ($101.95 in chips) 
Seat 3: MaRKiToScoK ($133.76 in chips) 
Seat 4: alexandr699 ($103.52 in chips) 
Seat 5: X_BOSTROM_X ($70.93 in chips) 
Seat 6: An1an1 ($106.97 in chips) 
X_BOSTROM_X: posts small blind $0.50
An1an1: posts big blind $1
50CandyJoe: sits out 
*** HOLE CARDS ***
Magnodive: folds 
MaRKiToScoK: raises $1.20 to $2.20
alexandr699: folds 
X_BOSTROM_X: calls $1.70
An1an1: folds 
*** FLOP *** [3h Tc Kd]
X_BOSTROM_X: bets $2.57
MaRKiToScoK: calls $2.57
*** TURN *** [3h Tc Kd] [Td]
X_BOSTROM_X: bets $5.01
MaRKiToScoK: folds 
Uncalled bet ($5.01) returned to X_BOSTROM_X
X_BOSTROM_X collected $10.01 from pot
*** SUMMARY ***
Total pot $10.54 | Rake $0.53 
Board [3h Tc Kd Td]
Seat 1: 50CandyJoe
Seat 2: Magnodive folded before Flop (didn't bet)
Seat 3: MaRKiToScoK folded on the Turn
Seat 4: alexandr699 (button) folded before Flop (didn't bet)
Seat 5: X_BOSTROM_X (small blind) collected ($10.01)
Seat 6: An1an1 (big blind) folded before Flop



PokerStars Hand #254698598889:  Hold'em No Limit ($0.50/$1.00 USD) - 2025/02/04 3:53:14 WET [2025/02/03 22:53:14 ET]
Table 'Iduna II' 6-max Seat #5 is the button
Seat 1: 50CandyJoe ($100 in chips) 
Seat 2: Magnodive ($101.95 in chips) 
Seat 3: MaRKiToScoK ($128.99 in chips) 
Seat 4: alexandr699 ($103.52 in chips) 
Seat 5: X_BOSTROM_X ($76.17 in chips) 
Seat 6: An1an1 ($105.97 in chips) 
An1an1: posts small blind $0.50
50CandyJoe: posts big blind $1
*** HOLE CARDS ***
Magnodive: raises $1.50 to $2.50
MaRKiToScoK: folds 
alexandr699: folds 
X_BOSTROM_X: calls $2.50
An1an1: folds 
50CandyJoe: folds 
*** FLOP *** [8d 8h Qc]
Magnodive: checks 
X_BOSTROM_X: checks 
*** TURN *** [8d 8h Qc] [2h]
Magnodive: checks 
X_BOSTROM_X: checks 
*** RIVER *** [8d 8h Qc 2h] [6h]
Magnodive: bets $2
X_BOSTROM_X: folds 
Uncalled bet ($2) returned to Magnodive
Magnodive collected $6.18 from pot
Magnodive: doesn't show hand 
*** SUMMARY ***
Total pot $6.50 | Rake $0.32 
Board [8d 8h Qc 2h 6h]
Seat 1: 50CandyJoe (big blind) folded before Flop
Seat 2: Magnodive collected ($6.18)
Seat 3: MaRKiToScoK folded before Flop (didn't bet)
Seat 4: alexandr699 folded before Flop (didn't bet)
Seat 5: X_BOSTROM_X (button) folded on the River
Seat 6: An1an1 (small blind) folded before Flop



PokerStars Hand #254698606407:  Hold'em No Limit ($0.50/$1.00 USD) - 2025/02/04 3:54:23 WET [2025/02/03 22:54:23 ET]
Table 'Iduna II' 6-max Seat #6 is the button
Seat 1: 50CandyJoe ($100 in chips) 
Seat 2: Magnodive ($105.63 in chips) 
Seat 3: MaRKiToScoK ($128.99 in chips) 
Seat 4: alexandr699 ($103.52 in chips) 
Seat 5: X_BOSTROM_X ($73.67 in chips) 
Seat 6: An1an1 ($105.47 in chips) 
50CandyJoe: posts small blind $0.50
Magnodive: posts big blind $1
*** HOLE CARDS ***
MaRKiToScoK: folds 
alexandr699: raises $1.98 to $2.98
X_BOSTROM_X: calls $2.98
An1an1: folds 
50CandyJoe: raises $10.52 to $13.50
Magnodive: folds 
alexandr699: calls $10.52
X_BOSTROM_X: calls $10.52
*** FLOP *** [5s 4c Qc]
50CandyJoe: bets $13.01
alexandr699: raises $19.38 to $32.39
X_BOSTROM_X: folds 
50CandyJoe: raises $54.11 to $86.50 and is all-in
alexandr699: folds 
Uncalled bet ($54.11) returned to 50CandyJoe
50CandyJoe collected $103.78 from pot
50CandyJoe: doesn't show hand 
*** SUMMARY ***
Total pot $106.28 | Rake $2.50 
Board [5s 4c Qc]
Seat 1: 50CandyJoe (small blind) collected ($103.78)
Seat 2: Magnodive (big blind) folded before Flop
Seat 3: MaRKiToScoK folded before Flop (didn't bet)
Seat 4: alexandr699 folded on the Flop
Seat 5: X_BOSTROM_X folded on the Flop
Seat 6: An1an1 (button) folded before Flop (didn't bet)



PokerStars Hand #254698614830:  Hold'em No Limit ($0.50/$1.00 USD) - 2025/02/04 3:55:49 WET [2025/02/03 22:55:49 ET]
Table 'Iduna II' 6-max Seat #1 is the button
Seat 1: 50CandyJoe ($157.89 in chips) 
Seat 2: Magnodive ($104.63 in chips) 
Seat 3: MaRKiToScoK ($128.99 in chips) 
Seat 4: alexandr699 ($100 in chips) 
Seat 5: X_BOSTROM_X ($60.17 in chips) 
Seat 6: An1an1 ($105.47 in chips) 
Magnodive: posts small blind $0.50
MaRKiToScoK: posts big blind $1
*** HOLE CARDS ***
alexandr699: folds 
X_BOSTROM_X: calls $1
An1an1: raises $3 to $4
50CandyJoe: folds 
Magnodive: folds 
MaRKiToScoK: calls $3
X_BOSTROM_X: folds 
*** FLOP *** [4d Js Ts]
MaRKiToScoK: checks 
An1an1: checks 
*** TURN *** [4d Js Ts] [8c]
MaRKiToScoK: checks 
An1an1: bets $2.71
MaRKiToScoK: calls $2.71
*** RIVER *** [4d Js Ts 8c] [Qc]
MaRKiToScoK: checks 
An1an1: bets $10.63
MaRKiToScoK: folds 
Uncalled bet ($10.63) returned to An1an1
An1an1 collected $14.17 from pot
An1an1: doesn't show hand 
*** SUMMARY ***
Total pot $14.92 | Rake $0.75 
Board [4d Js Ts 8c Qc]
Seat 1: 50CandyJoe (button) folded before Flop (didn't bet)
Seat 2: Magnodive (small blind) folded before Flop
Seat 3: MaRKiToScoK (big blind) folded on the River
Seat 4: alexandr699 folded before Flop (didn't bet)
Seat 5: X_BOSTROM_X folded before Flop
Seat 6: An1an1 collected ($14.17)



PokerStars Hand #254698620799:  Hold'em No Limit ($0.50/$1.00 USD) - 2025/02/04 3:56:58 WET [2025/02/03 22:56:58 ET]
Table 'Iduna II' 6-max Seat #2 is the button
Seat 1: 50CandyJoe ($157.89 in chips) 
Seat 2: Magnodive ($104.13 in chips) 
Seat 3: MaRKiToScoK ($122.28 in chips) 
Seat 4: alexandr699 ($100 in chips) 
Seat 5: X_BOSTROM_X ($59.17 in chips) 
Seat 6: An1an1 ($112.93 in chips) 
MaRKiToScoK: posts small blind $0.50
alexandr699: posts big blind $1
*** HOLE CARDS ***
X_BOSTROM_X: calls $1
An1an1: raises $3 to $4
50CandyJoe: folds 
Magnodive: calls $4
MaRKiToScoK: folds 
alexandr699: folds 
X_BOSTROM_X: calls $3
*** FLOP *** [5s 6h 4c]
X_BOSTROM_X: checks 
An1an1: checks 
Magnodive: bets $4.23
X_BOSTROM_X: calls $4.23
An1an1: calls $4.23
*** TURN *** [5s 6h 4c] [3h]
X_BOSTROM_X: checks 
An1an1: checks 
Magnodive: checks 
*** RIVER *** [5s 6h 4c 3h] [9s]
X_BOSTROM_X: checks 
An1an1: checks 
Magnodive: bets $18.66
X_BOSTROM_X: folds 
An1an1: folds 
Uncalled bet ($18.66) returned to Magnodive
Magnodive collected $24.88 from pot
Magnodive: doesn't show hand 
*** SUMMARY ***
Total pot $26.19 | Rake $1.31 
Board [5s 6h 4c 3h 9s]
Seat 1: 50CandyJoe folded before Flop (didn't bet)
Seat 2: Magnodive (button) collected ($24.88)
Seat 3: MaRKiToScoK (small blind) folded before Flop
Seat 4: alexandr699 (big blind) folded before Flop
Seat 5: X_BOSTROM_X folded on the River
Seat 6: An1an1 folded on the River



PokerStars Hand #254698628044:  Hold'em No Limit ($0.50/$1.00 USD) - 2025/02/04 3:58:22 WET [2025/02/03 22:58:22 ET]
Table 'Iduna II' 6-max Seat #3 is the button
Seat 1: 50CandyJoe ($157.89 in chips) 
Seat 2: Magnodive ($120.78 in chips) 
Seat 3: MaRKiToScoK ($121.78 in chips) 
Seat 4: alexandr699 ($100 in chips) 
Seat 5: X_BOSTROM_X ($50.94 in chips) 
Seat 6: An1an1 ($104.70 in chips) 
alexandr699: posts small blind $0.50
X_BOSTROM_X: posts big blind $1
*** HOLE CARDS ***
An1an1: calls $1
50CandyJoe: calls $1
Magnodive: folds 
MaRKiToScoK: calls $1
alexandr699: raises $3.98 to $4.98
X_BOSTROM_X: folds 
An1an1: raises $12.02 to $17
50CandyJoe: folds 
MaRKiToScoK: folds 
alexandr699: folds 
Uncalled bet ($12.02) returned to An1an1
An1an1 collected $12.96 from pot
An1an1: doesn't show hand 
*** SUMMARY ***
Total pot $12.96 | Rake $0 
Seat 1: 50CandyJoe folded before Flop
Seat 2: Magnodive folded before Flop (didn't bet)
Seat 3: MaRKiToScoK (button) folded before Flop
Seat 4: alexandr699 (small blind) folded before Flop
Seat 5: X_BOSTROM_X (big blind) folded before Flop
Seat 6: An1an1 collected ($12.96)



PokerStars Hand #254698634306:  Hold'em No Limit ($0.50/$1.00 USD) - 2025/02/04 3:59:33 WET [2025/02/03 22:59:33 ET]
Table 'Iduna II' 6-max Seat #4 is the button
Seat 1: 50CandyJoe ($156.89 in chips) 
Seat 2: Magnodive ($120.78 in chips) 
Seat 3: MaRKiToScoK ($120.78 in chips) 
Seat 4: alexandr699 ($100 in chips) 
Seat 5: X_BOSTROM_X ($49.94 in chips) 
Seat 6: An1an1 ($112.68 in chips) 
X_BOSTROM_X: posts small blind $0.50
An1an1: posts big blind $1
*** HOLE CARDS ***
50CandyJoe: folds 
Magnodive: folds 
MaRKiToScoK: raises $1.20 to $2.20
alexandr699: folds 
X_BOSTROM_X: folds 
An1an1: raises $9.80 to $12
MaRKiToScoK: folds 
Uncalled bet ($9.80) returned to An1an1
An1an1 collected $4.90 from pot
An1an1: doesn't show hand 
*** SUMMARY ***
Total pot $4.90 | Rake $0 
Seat 1: 50CandyJoe folded before Flop (didn't bet)
Seat 2: Magnodive folded before Flop (didn't bet)
Seat 3: MaRKiToScoK folded before Flop
Seat 4: alexandr699 (button) folded before Flop (didn't bet)
Seat 5: X_BOSTROM_X (small blind) folded before Flop
Seat 6: An1an1 (big blind) collected ($4.90)



PokerStars Hand #254698636705:  Hold'em No Limit ($0.50/$1.00 USD) - 2025/02/04 4:00:01 WET [2025/02/03 23:00:01 ET]
Table 'Iduna II' 6-max Seat #5 is the button
Seat 1: 50CandyJoe ($156.89 in chips) 
Seat 2: Magnodive ($120.78 in chips) 
Seat 3: MaRKiToScoK ($118.58 in chips) 
Seat 4: alexandr699 ($100 in chips) 
Seat 5: X_BOSTROM_X ($49.44 in chips) 
Seat 6: An1an1 ($115.38 in chips) 
An1an1: posts small blind $0.50
50CandyJoe: posts big blind $1
*** HOLE CARDS ***
Magnodive: folds 
MaRKiToScoK: folds 
alexandr699: folds 
X_BOSTROM_X: folds 
An1an1: raises $1.50 to $2.50
50CandyJoe: folds 
Uncalled bet ($1.50) returned to An1an1
An1an1 collected $2 from pot
An1an1: doesn't show hand 
*** SUMMARY ***
Total pot $2 | Rake $0 
Seat 1: 50CandyJoe (big blind) folded before Flop
Seat 2: Magnodive folded before Flop (didn't bet)
Seat 3: MaRKiToScoK folded before Flop (didn't bet)
Seat 4: alexandr699 folded before Flop (didn't bet)
Seat 5: X_BOSTROM_X (button) folded before Flop (didn't bet)
Seat 6: An1an1 (small blind) collected ($2)



PokerStars Hand #254698639334:  Hold'em No Limit ($0.50/$1.00 USD) - 2025/02/04 4:00:29 WET [2025/02/03 23:00:29 ET]
Table 'Iduna II' 6-max Seat #6 is the button
Seat 1: 50CandyJoe ($155.89 in chips) 
Seat 2: Magnodive ($120.78 in chips) 
Seat 3: MaRKiToScoK ($118.58 in chips) 
Seat 4: alexandr699 ($100 in chips) 
Seat 5: X_BOSTROM_X ($49.44 in chips) 
Seat 6: An1an1 ($116.38 in chips) 
50CandyJoe: posts small blind $0.50
Magnodive: posts big blind $1
*** HOLE CARDS ***
MaRKiToScoK: raises $1 to $2
alexandr699: folds 
X_BOSTROM_X: folds 
An1an1: folds 
50CandyJoe: folds 
Magnodive: folds 
Uncalled bet ($1) returned to MaRKiToScoK
MaRKiToScoK collected $2.50 from pot
*** SUMMARY ***
Total pot $2.50 | Rake $0 
Seat 1: 50CandyJoe (small blind) folded before Flop
Seat 2: Magnodive (big blind) folded before Flop
Seat 3: MaRKiToScoK collected ($2.50)
Seat 4: alexandr699 folded before Flop (didn't bet)
Seat 5: X_BOSTROM_X folded before Flop (didn't bet)
Seat 6: An1an1 (button) folded before Flop (didn't bet)



PokerStars Hand #254698641017:  Hold'em No Limit ($0.50/$1.00 USD) - 2025/02/04 4:00:46 WET [2025/02/03 23:00:46 ET]
Table 'Iduna II' 6-max Seat #1 is the button
Seat 1: 50CandyJoe ($155.39 in chips) 
Seat 2: Magnodive ($119.78 in chips) 
Seat 3: MaRKiToScoK ($120.08 in chips) 
Seat 4: alexandr699 ($100 in chips) 
Seat 5: X_BOSTROM_X ($49.44 in chips) 
Seat 6: An1an1 ($116.38 in chips) 
Magnodive: posts small blind $0.50
MaRKiToScoK: posts big blind $1
*** HOLE CARDS ***
alexandr699: raises $1.98 to $2.98
X_BOSTROM_X: folds 
An1an1: raises $6.02 to $9
50CandyJoe: folds 
Magnodive: folds 
MaRKiToScoK: folds 
alexandr699: folds 
Uncalled bet ($6.02) returned to An1an1
An1an1 collected $7.46 from pot
An1an1: doesn't show hand 
*** SUMMARY ***
Total pot $7.46 | Rake $0 
Seat 1: 50CandyJoe (button) folded before Flop (didn't bet)
Seat 2: Magnodive (small blind) folded before Flop
Seat 3: MaRKiToScoK (big blind) folded before Flop
Seat 4: alexandr699 folded before Flop
Seat 5: X_BOSTROM_X folded before Flop (didn't bet)
Seat 6: An1an1 collected ($7.46)



PokerStars Hand #254698642879:  Hold'em No Limit ($0.50/$1.00 USD) - 2025/02/04 4:01:05 WET [2025/02/03 23:01:05 ET]
Table 'Iduna II' 6-max Seat #2 is the button
Seat 1: 50CandyJoe ($155.39 in chips) 
Seat 2: Magnodive ($119.28 in chips) 
Seat 3: MaRKiToScoK ($119.08 in chips) 
Seat 4: alexandr699 ($100 in chips) 
Seat 5: X_BOSTROM_X ($49.44 in chips) 
Seat 6: An1an1 ($120.86 in chips) 
MaRKiToScoK: posts small blind $0.50
alexandr699: posts big blind $1
*** HOLE CARDS ***
X_BOSTROM_X: folds 
An1an1: folds 
50CandyJoe: folds 
Magnodive: raises $1.50 to $2.50
MaRKiToScoK: folds 
alexandr699: calls $1.50
*** FLOP *** [2c Qs 6c]
alexandr699: checks 
Magnodive: bets $1.72
alexandr699: calls $1.72
*** TURN *** [2c Qs 6c] [Ks]
alexandr699: checks 
Magnodive: bets $6.37
alexandr699: calls $6.37
*** RIVER *** [2c Qs 6c Ks] [2s]
alexandr699: checks 
Magnodive: bets $15.45
alexandr699: calls $15.45
*** SHOW DOWN ***
Magnodive: shows [Qc Kh] (two pair, Kings and Queens)
alexandr699: mucks hand 
Magnodive collected $50.08 from pot
*** SUMMARY ***
Total pot $52.58 | Rake $2.50 
Board [2c Qs 6c Ks 2s]
Seat 1: 50CandyJoe folded before Flop (didn't bet)
Seat 2: Magnodive (button) showed [Qc Kh] and won ($50.08) with two pair, Kings and Queens
Seat 3: MaRKiToScoK (small blind) folded before Flop
Seat 4: alexandr699 (big blind) mucked
Seat 5: X_BOSTROM_X folded before Flop (didn't bet)
Seat 6: An1an1 folded before Flop (didn't bet)



PokerStars Hand #254698652904:  Hold'em No Limit ($0.50/$1.00 USD) - 2025/02/04 4:02:42 WET [2025/02/03 23:02:42 ET]
Table 'Iduna II' 6-max Seat #3 is the button
Seat 1: 50CandyJoe ($155.39 in chips) 
Seat 2: Magnodive ($143.32 in chips) 
Seat 3: MaRKiToScoK ($118.58 in chips) 
Seat 4: alexandr699 ($100 in chips) 
Seat 5: X_BOSTROM_X ($49.44 in chips) 
Seat 6: An1an1 ($120.86 in chips) 
alexandr699: posts small blind $0.50
X_BOSTROM_X: posts big blind $1
*** HOLE CARDS ***
An1an1: folds 
50CandyJoe: folds 
Magnodive: folds 
MaRKiToScoK: folds 
alexandr699: raises $1.98 to $2.98
X_BOSTROM_X: calls $1.98
*** FLOP *** [Js 4c Kc]
alexandr699: checks 
X_BOSTROM_X: bets $1
alexandr699: calls $1
*** TURN *** [Js 4c Kc] [Th]
alexandr699: checks 
X_BOSTROM_X: bets $3.78
alexandr699: folds 
Uncalled bet ($3.78) returned to X_BOSTROM_X
X_BOSTROM_X collected $7.56 from pot
*** SUMMARY ***
Total pot $7.96 | Rake $0.40 
Board [Js 4c Kc Th]
Seat 1: 50CandyJoe folded before Flop (didn't bet)
Seat 2: Magnodive folded before Flop (didn't bet)
Seat 3: MaRKiToScoK (button) folded before Flop (didn't bet)
Seat 4: alexandr699 (small blind) folded on the Turn
Seat 5: X_BOSTROM_X (big blind) collected ($7.56)
Seat 6: An1an1 folded before Flop (didn't bet)



PokerStars Hand #254698659463:  Hold'em No Limit ($0.50/$1.00 USD) - 2025/02/04 4:03:45 WET [2025/02/03 23:03:45 ET]
Table 'Iduna II' 6-max Seat #4 is the button
Seat 1: 50CandyJoe ($155.39 in chips) 
Seat 2: Magnodive ($143.32 in chips) 
Seat 3: MaRKiToScoK ($118.58 in chips) 
Seat 4: alexandr699 ($100 in chips) 
Seat 5: X_BOSTROM_X ($53.02 in chips) 
Seat 6: An1an1 ($120.86 in chips) 
X_BOSTROM_X: posts small blind $0.50
An1an1: posts big blind $1
*** HOLE CARDS ***
50CandyJoe: folds 
Magnodive: folds 
MaRKiToScoK: folds 
alexandr699: raises $1.98 to $2.98
X_BOSTROM_X: calls $2.48
An1an1: calls $1.98
*** FLOP *** [Kd 5s 7c]
X_BOSTROM_X: checks 
An1an1: checks 
alexandr699: bets $2.12
X_BOSTROM_X: calls $2.12
An1an1: folds 
*** TURN *** [Kd 5s 7c] [3s]
X_BOSTROM_X: checks 
alexandr699: bets $4.13
X_BOSTROM_X: calls $4.13
*** RIVER *** [Kd 5s 7c 3s] [Ts]
X_BOSTROM_X: bets $20.37
alexandr699: folds 
Uncalled bet ($20.37) returned to X_BOSTROM_X
X_BOSTROM_X collected $20.37 from pot
*** SUMMARY ***
Total pot $21.44 | Rake $1.07 
Board [Kd 5s 7c 3s Ts]
Seat 1: 50CandyJoe folded before Flop (didn't bet)
Seat 2: Magnodive folded before Flop (didn't bet)
Seat 3: MaRKiToScoK folded before Flop (didn't bet)
Seat 4: alexandr699 (button) folded on the River
Seat 5: X_BOSTROM_X (small blind) collected ($20.37)
Seat 6: An1an1 (big blind) folded on the Flop



PokerStars Hand #254698667880:  Hold'em No Limit ($0.50/$1.00 USD) - 2025/02/04 4:05:05 WET [2025/02/03 23:05:05 ET]
Table 'Iduna II' 6-max Seat #5 is the button
Seat 1: 50CandyJoe ($155.39 in chips) 
Seat 2: Magnodive ($143.32 in chips) 
Seat 3: MaRKiToScoK ($118.58 in chips) 
Seat 4: alexandr699 ($100 in chips) 
Seat 5: X_BOSTROM_X ($64.16 in chips) 
Seat 6: An1an1 ($117.88 in chips) 
An1an1: posts small blind $0.50
50CandyJoe: posts big blind $1
*** HOLE CARDS ***
Magnodive: raises $1.50 to $2.50
MaRKiToScoK: raises $5.50 to $8
alexandr699: folds 
X_BOSTROM_X: folds 
An1an1: folds 
50CandyJoe: folds 
Magnodive: calls $5.50
*** FLOP *** [8s 2s 3h]
Magnodive: checks 
MaRKiToScoK: bets $11.14
Magnodive: calls $11.14
*** TURN *** [8s 2s 3h] [6c]
Magnodive: checks 
MaRKiToScoK: checks 
*** RIVER *** [8s 2s 3h 6c] [Td]
Magnodive: bets $11.34
MaRKiToScoK: folds 
Uncalled bet ($11.34) returned to Magnodive
Magnodive collected $37.79 from pot
Magnodive: doesn't show hand 
*** SUMMARY ***
Total pot $39.78 | Rake $1.99 
Board [8s 2s 3h 6c Td]
Seat 1: 50CandyJoe (big blind) folded before Flop
Seat 2: Magnodive collected ($37.79)
Seat 3: MaRKiToScoK folded on the River
Seat 4: alexandr699 folded before Flop (didn't bet)
Seat 5: X_BOSTROM_X (button) folded before Flop (didn't bet)
Seat 6: An1an1 (small blind) folded before Flop



PokerStars Hand #254698674688:  Hold'em No Limit ($0.50/$1.00 USD) - 2025/02/04 4:06:11 WET [2025/02/03 23:06:11 ET]
Table 'Iduna II' 6-max Seat #6 is the button
Seat 1: 50CandyJoe ($154.39 in chips) 
Seat 2: Magnodive ($161.97 in chips) 
Seat 3: MaRKiToScoK ($100 in chips) 
Seat 4: alexandr699 ($100 in chips) 
Seat 5: X_BOSTROM_X ($64.16 in chips) 
Seat 6: An1an1 ($117.38 in chips) 
50CandyJoe: posts small blind $0.50
Magnodive: posts big blind $1
*** HOLE CARDS ***
MaRKiToScoK: raises $1.50 to $2.50
alexandr699: folds 
X_BOSTROM_X: calls $2.50
An1an1: folds 
50CandyJoe: folds 
Magnodive: folds 
*** FLOP *** [7d 8c 5s]
MaRKiToScoK: checks 
X_BOSTROM_X: checks 
*** TURN *** [7d 8c 5s] [Jh]
MaRKiToScoK: checks 
X_BOSTROM_X: bets $6.18
MaRKiToScoK: folds 
Uncalled bet ($6.18) returned to X_BOSTROM_X
X_BOSTROM_X collected $6.18 from pot
*** SUMMARY ***
Total pot $6.50 | Rake $0.32 
Board [7d 8c 5s Jh]
Seat 1: 50CandyJoe (small blind) folded before Flop
Seat 2: Magnodive (big blind) folded before Flop
Seat 3: MaRKiToScoK folded on the Turn
Seat 4: alexandr699 folded before Flop (didn't bet)
Seat 5: X_BOSTROM_X collected ($6.18)
Seat 6: An1an1 (button) folded before Flop (didn't bet)



PokerStars Hand #254698679731:  Hold'em No Limit ($0.50/$1.00 USD) - 2025/02/04 4:07:00 WET [2025/02/03 23:07:00 ET]
Table 'Iduna II' 6-max Seat #1 is the button
Seat 1: 50CandyJoe ($153.89 in chips) 
Seat 2: Magnodive ($160.97 in chips) 
Seat 3: MaRKiToScoK ($100 in chips) 
Seat 4: alexandr699 ($100 in chips) 
Seat 5: X_BOSTROM_X ($67.84 in chips) 
Seat 6: An1an1 ($117.38 in chips) 
Magnodive: posts small blind $0.50
MaRKiToScoK: posts big blind $1
*** HOLE CARDS ***
alexandr699: folds 
X_BOSTROM_X: calls $1
An1an1: folds 
50CandyJoe: folds 
Magnodive: raises $5 to $6
MaRKiToScoK: folds 
X_BOSTROM_X: folds 
Uncalled bet ($5) returned to Magnodive
Magnodive collected $3 from pot
Magnodive: doesn't show hand 
*** SUMMARY ***
Total pot $3 | Rake $0 
Seat 1: 50CandyJoe (button) folded before Flop (didn't bet)
Seat 2: Magnodive (small blind) collected ($3)
Seat 3: MaRKiToScoK (big blind) folded before Flop
Seat 4: alexandr699 folded before Flop (didn't bet)
Seat 5: X_BOSTROM_X folded before Flop
Seat 6: An1an1 folded before Flop (didn't bet)



PokerStars Hand #254698682169:  Hold'em No Limit ($0.50/$1.00 USD) - 2025/02/04 4:07:23 WET [2025/02/03 23:07:23 ET]
Table 'Iduna II' 6-max Seat #2 is the button
Seat 1: 50CandyJoe ($153.89 in chips) 
Seat 2: Magnodive ($162.97 in chips) 
Seat 3: MaRKiToScoK ($100 in chips) 
Seat 4: alexandr699 ($100 in chips) 
Seat 5: X_BOSTROM_X ($66.84 in chips) 
Seat 6: An1an1 ($117.38 in chips) 
MaRKiToScoK: posts small blind $0.50
alexandr699: posts big blind $1
*** HOLE CARDS ***
X_BOSTROM_X: calls $1
An1an1: folds 
50CandyJoe: folds 
Magnodive: folds 
MaRKiToScoK: raises $4 to $5
alexandr699: calls $4
X_BOSTROM_X: folds 
*** FLOP *** [8c 4s 5h]
MaRKiToScoK: checks 
alexandr699: bets $6.79
MaRKiToScoK: calls $6.79
*** TURN *** [8c 4s 5h] [5s]
MaRKiToScoK: checks 
alexandr699: bets $7.71
MaRKiToScoK: calls $7.71
*** RIVER *** [8c 4s 5h 5s] [3c]
MaRKiToScoK: checks 
alexandr699: checks 
*** SHOW DOWN ***
MaRKiToScoK: shows [As Ac] (two pair, Aces and Fives)
alexandr699: mucks hand 
MaRKiToScoK collected $38 from pot
*** SUMMARY ***
Total pot $40 | Rake $2 
Board [8c 4s 5h 5s 3c]
Seat 1: 50CandyJoe folded before Flop (didn't bet)
Seat 2: Magnodive (button) folded before Flop (didn't bet)
Seat 3: MaRKiToScoK (small blind) showed [As Ac] and won ($38) with two pair, Aces and Fives
Seat 4: alexandr699 (big blind) mucked
Seat 5: X_BOSTROM_X folded before Flop
Seat 6: An1an1 folded before Flop (didn't bet)



PokerStars Hand #254698689566:  Hold'em No Limit ($0.50/$1.00 USD) - 2025/02/04 4:08:35 WET [2025/02/03 23:08:35 ET]
Table 'Iduna II' 6-max Seat #3 is the button
Seat 1: 50CandyJoe ($153.89 in chips) 
Seat 2: Magnodive ($162.97 in chips) 
Seat 3: MaRKiToScoK ($118.50 in chips) 
Seat 4: alexandr699 ($100 in chips) 
Seat 5: X_BOSTROM_X ($65.84 in chips) 
Seat 6: An1an1 ($117.38 in chips) 
alexandr699: posts small blind $0.50
X_BOSTROM_X: posts big blind $1
*** HOLE CARDS ***
An1an1: folds 
50CandyJoe: folds 
Magnodive: folds 
MaRKiToScoK: raises $1.50 to $2.50
alexandr699: folds 
X_BOSTROM_X: calls $1.50
*** FLOP *** [2c Ah Jc]
X_BOSTROM_X: checks 
MaRKiToScoK: bets $1.50
X_BOSTROM_X: calls $1.50
*** TURN *** [2c Ah Jc] [6s]
X_BOSTROM_X: checks 
MaRKiToScoK: checks 
*** RIVER *** [2c Ah Jc 6s] [4c]
X_BOSTROM_X: bets $1
MaRKiToScoK: calls $1
*** SHOW DOWN ***
X_BOSTROM_X: shows [4h Ks] (a pair of Fours)
MaRKiToScoK: shows [Js 7s] (a pair of Jacks)
MaRKiToScoK collected $9.98 from pot
*** SUMMARY ***
Total pot $10.50 | Rake $0.52 
Board [2c Ah Jc 6s 4c]
Seat 1: 50CandyJoe folded before Flop (didn't bet)
Seat 2: Magnodive folded before Flop (didn't bet)
Seat 3: MaRKiToScoK (button) showed [Js 7s] and won ($9.98) with a pair of Jacks
Seat 4: alexandr699 (small blind) folded before Flop
Seat 5: X_BOSTROM_X (big blind) showed [4h Ks] and lost with a pair of Fours
Seat 6: An1an1 folded before Flop (didn't bet)



PokerStars Hand #254698694338:  Hold'em No Limit ($0.50/$1.00 USD) - 2025/02/04 4:09:23 WET [2025/02/03 23:09:23 ET]
Table 'Iduna II' 6-max Seat #4 is the button
Seat 1: 50CandyJoe ($153.89 in chips) 
Seat 2: Magnodive ($162.97 in chips) 
Seat 3: MaRKiToScoK ($123.48 in chips) 
Seat 4: alexandr699 ($100 in chips) 
Seat 5: X_BOSTROM_X ($60.84 in chips) 
Seat 6: An1an1 ($117.38 in chips) 
X_BOSTROM_X: posts small blind $0.50
An1an1: posts big blind $1
*** HOLE CARDS ***
50CandyJoe: raises $1.20 to $2.20
Magnodive: folds 
MaRKiToScoK: calls $2.20
alexandr699: folds 
X_BOSTROM_X: calls $1.70
An1an1: folds 
*** FLOP *** [Qs 2s 7h]
X_BOSTROM_X: checks 
50CandyJoe: bets $2.38
MaRKiToScoK: calls $2.38
X_BOSTROM_X: calls $2.38
*** TURN *** [Qs 2s 7h] [Td]
X_BOSTROM_X: checks 
50CandyJoe: checks 
MaRKiToScoK: bets $9.88
X_BOSTROM_X: raises $20.12 to $30
50CandyJoe: folds 
MaRKiToScoK: calls $20.12
*** RIVER *** [Qs 2s 7h Td] [Jc]
X_BOSTROM_X: bets $26.26 and is all-in
MaRKiToScoK: calls $26.26
*** SHOW DOWN ***
X_BOSTROM_X: shows [Kc 7c] (a pair of Sevens)
MaRKiToScoK: shows [Th Tc] (three of a kind, Tens)
MaRKiToScoK collected $124.76 from pot
*** SUMMARY ***
Total pot $127.26 | Rake $2.50 
Board [Qs 2s 7h Td Jc]
Seat 1: 50CandyJoe folded on the Turn
Seat 2: Magnodive folded before Flop (didn't bet)
Seat 3: MaRKiToScoK showed [Th Tc] and won ($124.76) with three of a kind, Tens
Seat 4: alexandr699 (button) folded before Flop (didn't bet)
Seat 5: X_BOSTROM_X (small blind) showed [Kc 7c] and lost with a pair of Sevens
Seat 6: An1an1 (big blind) folded before Flop



PokerStars Hand #254698703105:  Hold'em No Limit ($0.50/$1.00 USD) - 2025/02/04 4:10:49 WET [2025/02/03 23:10:49 ET]
Table 'Iduna II' 6-max Seat #6 is the button
Seat 5: X_BOSTROM_X ($0 in chips) is sitting out
Seat 1: 50CandyJoe ($149.31 in chips) 
Seat 2: Magnodive ($162.97 in chips) 
Seat 3: MaRKiToScoK ($187.40 in chips) 
Seat 4: alexandr699 ($100 in chips) 
Seat 6: An1an1 ($116.38 in chips) 
50CandyJoe: posts small blind $0.50
Magnodive: posts big blind $1
*** HOLE CARDS ***
MaRKiToScoK: folds 
alexandr699: folds 
An1an1: raises $1.50 to $2.50
MaRKiToScoK leaves the table
50CandyJoe: folds 
X_BOSTROM_X is disconnected 
Magnodive: folds 
Uncalled bet ($1.50) returned to An1an1
An1an1 collected $2.50 from pot
An1an1: doesn't show hand 
*** SUMMARY ***
Total pot $2.50 | Rake $0 
Seat 5: X_BOSTROM_X
Seat 1: 50CandyJoe (small blind) folded before Flop
Seat 2: Magnodive (big blind) folded before Flop
Seat 3: MaRKiToScoK folded before Flop (didn't bet)
Seat 4: alexandr699 folded before Flop (didn't bet)
Seat 6: An1an1 (button) collected ($2.50)



PokerStars Hand #254698705714:  Hold'em No Limit ($0.50/$1.00 USD) - 2025/02/04 4:11:15 WET [2025/02/03 23:11:15 ET]
Table 'Iduna II' 6-max Seat #1 is the button
Seat 5: X_BOSTROM_X ($0 in chips) is sitting out
Seat 1: 50CandyJoe ($148.81 in chips) 
Seat 2: Magnodive ($161.97 in chips) 
Seat 4: alexandr699 ($100 in chips) 
Seat 6: An1an1 ($117.88 in chips) 
Magnodive: posts small blind $0.50
alexandr699: posts big blind $1
*** HOLE CARDS ***
An1an1: folds 
An1an1 leaves the table
50CandyJoe: raises $1.50 to $2.50
Magnodive: folds 
alexandr699: calls $1.50
*** FLOP *** [4d Js 6c]
alexandr699: checks 
50CandyJoe: bets $1.31
alexandr699: raises $4.57 to $5.88
50CandyJoe: folds 
Uncalled bet ($4.57) returned to alexandr699
alexandr699 collected $7.71 from pot
alexandr699: doesn't show hand 
*** SUMMARY ***
Total pot $8.12 | Rake $0.41 
Board [4d Js 6c]
Seat 5: X_BOSTROM_X
Seat 1: 50CandyJoe (button) folded on the Flop
Seat 2: Magnodive (small blind) folded before Flop
Seat 4: alexandr699 (big blind) collected ($7.71)
Seat 6: An1an1 folded before Flop (didn't bet)



PokerStars Hand #254698710031:  Hold'em No Limit ($0.50/$1.00 USD) - 2025/02/04 4:11:58 WET [2025/02/03 23:11:58 ET]
Table 'Iduna II' 6-max Seat #2 is the button
Seat 5: X_BOSTROM_X ($0 in chips) is sitting out
Seat 1: 50CandyJoe ($145 in chips) 
Seat 2: Magnodive ($161.47 in chips) 
Seat 4: alexandr699 ($103.90 in chips) 
alexandr699: posts small blind $0.50
50CandyJoe: posts big blind $1
*** HOLE CARDS ***
Magnodive: folds 
alexandr699: raises $1.98 to $2.98
50CandyJoe: folds 
Uncalled bet ($1.98) returned to alexandr699
alexandr699 collected $2 from pot
alexandr699: doesn't show hand 
*** SUMMARY ***
Total pot $2 | Rake $0 
Seat 5: X_BOSTROM_X
Seat 1: 50CandyJoe (big blind) folded before Flop
Seat 2: Magnodive (button) folded before Flop (didn't bet)
Seat 4: alexandr699 (small blind) collected ($2)



