PokerStars Hand #254713750357:  Hold'em No Limit ($0.50/$1.00 USD) - 2025/02/04 2:45:43 WET [2025/02/04 21:45:43 ET]
Table 'Chimay' 6-max Seat #4 is the button
Seat 1: rødlibanon ($10 in chips) 
Seat 2: Seavus10 ($100 in chips) 
Seat 3: nastja336 ($100 in chips) 
Seat 4: G.Andrei95 ($100 in chips) 
rødlibanon: posts small blind $0.50
Seavus10: posts big blind $1
*** HOLE CARDS ***
nastja336: raises $1.50 to $2.50
G.Andrei95: folds 
rødlibanon: calls $2
Seavus10: folds 
*** FLOP *** [Kd 5d Qh]
rødlibanon: checks 
nastja336: checks 
*** TURN *** [Kd 5d Qh] [6h]
rødlibanon: checks 
nastja336: bets $1.50
rødlibanon: raises $6 to $7.50 and is all-in
nastja336: folds 
Uncalled bet ($6) returned to rødlibanon
rødlibanon collected $8.55 from pot
rødlibanon: doesn't show hand 
*** SUMMARY ***
Total pot $9 | Rake $0.45 
Board [Kd 5d Qh 6h]
Seat 1: rødlibanon (small blind) collected ($8.55)
Seat 2: Seavus10 (big blind) folded before Flop
Seat 3: nastja336 folded on the Turn
Seat 4: G.Andrei95 (button) folded before Flop (didn't bet)



PokerStars Hand #254713758167:  Hold'em No Limit ($0.50/$1.00 USD) - 2025/02/04 2:46:38 WET [2025/02/04 21:46:38 ET]
Table 'Chimay' 6-max Seat #1 is the button
Seat 1: rødlibanon ($100 in chips) 
Seat 2: Seavus10 ($100 in chips) 
Seat 3: nastja336 ($100 in chips) 
Seat 4: G.Andrei95 ($100 in chips) 
Seavus10: posts small blind $0.50
nastja336: posts big blind $1
*** HOLE CARDS ***
G.Andrei95: folds 
rødlibanon has timed out
rødlibanon: folds 
Seavus10: raises $2 to $3
nastja336: folds 
Uncalled bet ($2) returned to Seavus10
Seavus10 collected $2 from pot
Seavus10: doesn't show hand 
*** SUMMARY ***
Total pot $2 | Rake $0 
Seat 1: rødlibanon (button) folded before Flop (didn't bet)
Seat 2: Seavus10 (small blind) collected ($2)
Seat 3: nastja336 (big blind) folded before Flop
Seat 4: G.Andrei95 folded before Flop (didn't bet)



PokerStars Hand #254713761632:  Hold'em No Limit ($0.50/$1.00 USD) - 2025/02/04 2:47:02 WET [2025/02/04 21:47:02 ET]
Table 'Chimay' 6-max Seat #2 is the button
Seat 1: rødlibanon ($100 in chips) is sitting out
Seat 2: Seavus10 ($101 in chips) 
Seat 3: nastja336 ($100 in chips) 
Seat 4: G.Andrei95 ($100 in chips) 
nastja336: posts small blind $0.50
G.Andrei95: posts big blind $1
*** HOLE CARDS ***
Seavus10: folds 
nastja336: folds 
Uncalled bet ($0.50) returned to G.Andrei95
G.Andrei95 collected $1 from pot
G.Andrei95: doesn't show hand 
*** SUMMARY ***
Total pot $1 | Rake $0 
Seat 1: rødlibanon
Seat 2: Seavus10 (button) folded before Flop (didn't bet)
Seat 3: nastja336 (small blind) folded before Flop
Seat 4: G.Andrei95 (big blind) collected ($1)



PokerStars Hand #254713763499:  Hold'em No Limit ($0.50/$1.00 USD) - 2025/02/04 2:47:16 WET [2025/02/04 21:47:16 ET]
Table 'Chimay' 6-max Seat #3 is the button
Seat 1: rødlibanon ($100 in chips) 
Seat 2: Seavus10 ($101 in chips) 
Seat 3: nastja336 ($100 in chips) 
Seat 4: G.Andrei95 ($100.50 in chips) 
G.Andrei95: posts small blind $0.50
rødlibanon: posts big blind $1
*** HOLE CARDS ***
Seavus10: raises $1.20 to $2.20
nastja336: folds 
G.Andrei95: folds 
rødlibanon: calls $1.20
*** FLOP *** [Ac 8d Qd]
rødlibanon: checks 
Seavus10: checks 
*** TURN *** [Ac 8d Qd] [Ad]
rødlibanon: bets $3.50
Seavus10: folds 
Uncalled bet ($3.50) returned to rødlibanon
rødlibanon collected $4.66 from pot
rødlibanon: doesn't show hand 
*** SUMMARY ***
Total pot $4.90 | Rake $0.24 
Board [Ac 8d Qd Ad]
Seat 1: rødlibanon (big blind) collected ($4.66)
Seat 2: Seavus10 folded on the Turn
Seat 3: nastja336 (button) folded before Flop (didn't bet)
Seat 4: G.Andrei95 (small blind) folded before Flop



PokerStars Hand #254713769059:  Hold'em No Limit ($0.50/$1.00 USD) - 2025/02/04 2:47:55 WET [2025/02/04 21:47:55 ET]
Table 'Chimay' 6-max Seat #4 is the button
Seat 1: rødlibanon ($102.46 in chips) 
Seat 2: Seavus10 ($100 in chips) 
Seat 3: nastja336 ($100 in chips) 
Seat 4: G.Andrei95 ($100 in chips) 
rødlibanon: posts small blind $0.50
Seavus10: posts big blind $1
*** HOLE CARDS ***
nastja336: folds 
G.Andrei95: folds 
rødlibanon: folds 
Uncalled bet ($0.50) returned to Seavus10
Seavus10 collected $1 from pot
Seavus10: doesn't show hand 
*** SUMMARY ***
Total pot $1 | Rake $0 
Seat 1: rødlibanon (small blind) folded before Flop
Seat 2: Seavus10 (big blind) collected ($1)
Seat 3: nastja336 folded before Flop (didn't bet)
Seat 4: G.Andrei95 (button) folded before Flop (didn't bet)



PokerStars Hand #254713771143:  Hold'em No Limit ($0.50/$1.00 USD) - 2025/02/04 2:48:10 WET [2025/02/04 21:48:10 ET]
Table 'Chimay' 6-max Seat #1 is the button
Seat 3: nastja336 ($100 in chips) is sitting out
Seat 1: rødlibanon ($101.96 in chips) 
Seat 2: Seavus10 ($100.50 in chips) 
Seat 4: G.Andrei95 ($100 in chips) 
Seavus10: posts small blind $0.50
nastja336: is sitting out 
G.Andrei95: posts big blind $1
*** HOLE CARDS ***
nastja336 leaves the table
rødlibanon: calls $1
Seavus10: calls $0.50
G.Andrei95: checks 
*** FLOP *** [5s Ks Ts]
Seavus10: checks 
G.Andrei95: checks 
rødlibanon: checks 
*** TURN *** [5s Ks Ts] [5h]
Seavus10: bets $2.14
G.Andrei95: calls $2.14
rødlibanon: folds 
*** RIVER *** [5s Ks Ts 5h] [Jc]
Seavus10: bets $5.19
Tibibacsi joins the table at seat #5 
G.Andrei95: raises $7.81 to $13
Seavus10: raises $84.36 to $97.36 and is all-in
G.Andrei95: folds 
Uncalled bet ($84.36) returned to Seavus10
Seavus10 collected $32.28 from pot
Seavus10: doesn't show hand 
*** SUMMARY ***
Total pot $33.28 | Rake $1 
Board [5s Ks Ts 5h Jc]
Seat 3: nastja336
Seat 1: rødlibanon (button) folded on the Turn
Seat 2: Seavus10 (small blind) collected ($32.28)
Seat 4: G.Andrei95 (big blind) folded on the River



PokerStars Hand #254713789818:  Hold'em No Limit ($0.50/$1.00 USD) - 2025/02/04 2:50:24 WET [2025/02/04 21:50:24 ET]
Table 'Chimay' 6-max Seat #2 is the button
Seat 1: rødlibanon ($100.96 in chips) 
Seat 2: Seavus10 ($116.64 in chips) 
Seat 4: G.Andrei95 ($100 in chips) 
Seat 5: Tibibacsi ($100 in chips) 
G.Andrei95: posts small blind $0.50
Tibibacsi: posts big blind $1
*** HOLE CARDS ***
rødlibanon: raises $1 to $2
Seavus10: folds 
G.Andrei95: folds 
Tibibacsi: calls $1
*** FLOP *** [Td 5d 6d]
Tibibacsi: checks 
rødlibanon: bets $2.85
Tibibacsi: calls $2.85
*** TURN *** [Td 5d 6d] [4c]
Tibibacsi: checks 
rødlibanon: checks 
*** RIVER *** [Td 5d 6d 4c] [Ac]
fossil500 joins the table at seat #3 
Tibibacsi: bets $15
kekoccc joins the table at seat #6 
rødlibanon: folds 
Uncalled bet ($15) returned to Tibibacsi
Tibibacsi collected $9.69 from pot
Tibibacsi: doesn't show hand 
*** SUMMARY ***
Total pot $10.20 | Rake $0.51 
Board [Td 5d 6d 4c Ac]
Seat 1: rødlibanon folded on the River
Seat 2: Seavus10 (button) folded before Flop (didn't bet)
Seat 4: G.Andrei95 (small blind) folded before Flop
Seat 5: Tibibacsi (big blind) collected ($9.69)



PokerStars Hand #254713797722:  Hold'em No Limit ($0.50/$1.00 USD) - 2025/02/04 2:51:21 WET [2025/02/04 21:51:21 ET]
Table 'Chimay' 6-max Seat #4 is the button
Seat 3: fossil500 ($100 in chips) is sitting out
Seat 1: rødlibanon ($96.11 in chips) 
Seat 2: Seavus10 ($116.64 in chips) 
Seat 4: G.Andrei95 ($100 in chips) 
Seat 5: Tibibacsi ($104.84 in chips) 
Seat 6: kekoccc ($100 in chips) 
Tibibacsi: posts small blind $0.50
kekoccc: posts big blind $1
fossil500: sits out 
*** HOLE CARDS ***
rødlibanon: folds 
Seavus10: folds 
G.Andrei95: folds 
Tibibacsi: folds 
Uncalled bet ($0.50) returned to kekoccc
kekoccc collected $1 from pot
kekoccc: doesn't show hand 
*** SUMMARY ***
Total pot $1 | Rake $0 
Seat 3: fossil500
Seat 1: rødlibanon folded before Flop (didn't bet)
Seat 2: Seavus10 folded before Flop (didn't bet)
Seat 4: G.Andrei95 (button) folded before Flop (didn't bet)
Seat 5: Tibibacsi (small blind) folded before Flop
Seat 6: kekoccc (big blind) collected ($1)



PokerStars Hand #254713799090:  Hold'em No Limit ($0.50/$1.00 USD) - 2025/02/04 2:51:32 WET [2025/02/04 21:51:32 ET]
Table 'Chimay' 6-max Seat #5 is the button
Seat 3: fossil500 ($100 in chips) is sitting out
Seat 1: rødlibanon ($96.11 in chips) 
Seat 2: Seavus10 ($116.64 in chips) 
Seat 4: G.Andrei95 ($100 in chips) 
Seat 5: Tibibacsi ($104.34 in chips) 
Seat 6: kekoccc ($100.50 in chips) 
kekoccc: posts small blind $0.50
rødlibanon: posts big blind $1
fossil500: sits out 
*** HOLE CARDS ***
Seavus10: folds 
G.Andrei95: folds 
Tibibacsi: raises $1.50 to $2.50
kekoccc: raises $8.50 to $11
rødlibanon: folds 
Tibibacsi: calls $8.50
*** FLOP *** [Jc Ks 8d]
kekoccc: bets $7.23
Tibibacsi: calls $7.23
*** TURN *** [Jc Ks 8d] [Js]
kekoccc: checks 
Tibibacsi: bets $11.74
kekoccc: calls $11.74
*** RIVER *** [Jc Ks 8d Js] [5s]
kekoccc: checks 
Tibibacsi: checks 
*** SHOW DOWN ***
kekoccc: shows [Qh Qd] (two pair, Queens and Jacks)
Tibibacsi: shows [Jh 9h] (three of a kind, Jacks)
Tibibacsi collected $58.44 from pot
*** SUMMARY ***
Total pot $60.94 | Rake $2.50 
Board [Jc Ks 8d Js 5s]
Seat 3: fossil500
Seat 1: rødlibanon (big blind) folded before Flop
Seat 2: Seavus10 folded before Flop (didn't bet)
Seat 4: G.Andrei95 folded before Flop (didn't bet)
Seat 5: Tibibacsi (button) showed [Jh 9h] and won ($58.44) with three of a kind, Jacks
Seat 6: kekoccc (small blind) showed [Qh Qd] and lost with two pair, Queens and Jacks



PokerStars Hand #254713817454:  Hold'em No Limit ($0.50/$1.00 USD) - 2025/02/04 2:53:47 WET [2025/02/04 21:53:47 ET]
Table 'Chimay' 6-max Seat #6 is the button
Seat 3: fossil500 ($100 in chips) is sitting out
Seat 1: rødlibanon ($95.11 in chips) 
Seat 2: Seavus10 ($116.64 in chips) 
Seat 4: G.Andrei95 ($100 in chips) 
Seat 5: Tibibacsi ($132.81 in chips) 
Seat 6: kekoccc ($100 in chips) 
rødlibanon: posts small blind $0.50
Seavus10: posts big blind $1
fossil500: sits out 
*** HOLE CARDS ***
G.Andrei95: raises $1.50 to $2.50
Tibibacsi: raises $5 to $7.50
kekoccc: folds 
rødlibanon: folds 
Seavus10: folds 
G.Andrei95: folds 
Uncalled bet ($5) returned to Tibibacsi
Tibibacsi collected $6.50 from pot
Tibibacsi: doesn't show hand 
*** SUMMARY ***
Total pot $6.50 | Rake $0 
Seat 3: fossil500
Seat 1: rødlibanon (small blind) folded before Flop
Seat 2: Seavus10 (big blind) folded before Flop
Seat 4: G.Andrei95 folded before Flop
Seat 5: Tibibacsi collected ($6.50)
Seat 6: kekoccc (button) folded before Flop (didn't bet)



PokerStars Hand #254713823781:  Hold'em No Limit ($0.50/$1.00 USD) - 2025/02/04 2:54:34 WET [2025/02/04 21:54:34 ET]
Table 'Chimay' 6-max Seat #1 is the button
Seat 1: rødlibanon ($94.61 in chips) 
Seat 2: Seavus10 ($115.64 in chips) 
Seat 3: fossil500 ($100 in chips) 
Seat 4: G.Andrei95 ($100 in chips) 
Seat 5: Tibibacsi ($136.81 in chips) 
Seat 6: kekoccc ($100 in chips) 
Seavus10: posts small blind $0.50
fossil500: posts big blind $1
*** HOLE CARDS ***
G.Andrei95: folds 
Tibibacsi: folds 
kekoccc: raises $1.50 to $2.50
rødlibanon: folds 
Seavus10 has timed out
Seavus10: folds 
fossil500: calls $1.50
*** FLOP *** [5h Ah Jd]
fossil500: checks 
kekoccc: checks 
*** TURN *** [5h Ah Jd] [4h]
fossil500: bets $3.92
kekoccc: folds 
Uncalled bet ($3.92) returned to fossil500
fossil500 collected $5.22 from pot
fossil500: doesn't show hand 
*** SUMMARY ***
Total pot $5.50 | Rake $0.28 
Board [5h Ah Jd 4h]
Seat 1: rødlibanon (button) folded before Flop (didn't bet)
Seat 2: Seavus10 (small blind) folded before Flop
Seat 3: fossil500 (big blind) collected ($5.22)
Seat 4: G.Andrei95 folded before Flop (didn't bet)
Seat 5: Tibibacsi folded before Flop (didn't bet)
Seat 6: kekoccc folded on the Turn



PokerStars Hand #254713833306:  Hold'em No Limit ($0.50/$1.00 USD) - 2025/02/04 2:55:56 WET [2025/02/04 21:55:56 ET]
Table 'Chimay' 6-max Seat #2 is the button
Seat 4: G.Andrei95 ($100 in chips) is sitting out
Seat 1: rødlibanon ($94.61 in chips) 
Seat 2: Seavus10 ($115.14 in chips) 
Seat 3: fossil500 ($102.72 in chips) 
Seat 5: Tibibacsi ($136.81 in chips) 
Seat 6: kekoccc ($100 in chips) 
fossil500: posts small blind $0.50
G.Andrei95: is sitting out 
Tibibacsi: posts big blind $1
*** HOLE CARDS ***
G.Andrei95 leaves the table
kekoccc: folds 
rødlibanon: folds 
Seavus10 has timed out
Seavus10: folds 
fossil500: folds 
Uncalled bet ($0.50) returned to Tibibacsi
Tibibacsi collected $1 from pot
Tibibacsi: doesn't show hand 
*** SUMMARY ***
Total pot $1 | Rake $0 
Seat 4: G.Andrei95
Seat 1: rødlibanon folded before Flop (didn't bet)
Seat 2: Seavus10 (button) folded before Flop (didn't bet)
Seat 3: fossil500 (small blind) folded before Flop
Seat 5: Tibibacsi (big blind) collected ($1)
Seat 6: kekoccc folded before Flop (didn't bet)



PokerStars Hand #254713836622:  Hold'em No Limit ($0.50/$1.00 USD) - 2025/02/04 2:56:27 WET [2025/02/04 21:56:27 ET]
Table 'Chimay' 6-max Seat #3 is the button
Seat 1: rødlibanon ($94.61 in chips) 
Seat 2: Seavus10 ($115.14 in chips) 
Seat 3: fossil500 ($102.22 in chips) 
Seat 5: Tibibacsi ($137.31 in chips) 
Seat 6: kekoccc ($100 in chips) 
Tibibacsi: posts small blind $0.50
kekoccc: posts big blind $1
*** HOLE CARDS ***
rødlibanon: folds 
Seavus10: raises $1.20 to $2.20
fossil500: raises $4.80 to $7
Tibibacsi: folds 
kekoccc: folds 
Seavus10: folds 
Uncalled bet ($4.80) returned to fossil500
fossil500 collected $5.90 from pot
fossil500: doesn't show hand 
*** SUMMARY ***
Total pot $5.90 | Rake $0 
Seat 1: rødlibanon folded before Flop (didn't bet)
Seat 2: Seavus10 folded before Flop
Seat 3: fossil500 (button) collected ($5.90)
Seat 5: Tibibacsi (small blind) folded before Flop
Seat 6: kekoccc (big blind) folded before Flop



PokerStars Hand #254713839363:  Hold'em No Limit ($0.50/$1.00 USD) - 2025/02/04 2:56:54 WET [2025/02/04 21:56:54 ET]
Table 'Chimay' 6-max Seat #5 is the button
Seat 1: rødlibanon ($94.61 in chips) 
Seat 2: Seavus10 ($112.94 in chips) 
Seat 3: fossil500 ($105.92 in chips) 
Seat 5: Tibibacsi ($136.81 in chips) 
Seat 6: kekoccc ($100 in chips) 
kekoccc: posts small blind $0.50
rødlibanon: posts big blind $1
*** HOLE CARDS ***
Seavus10: folds 
fossil500: folds 
Tibibacsi: folds 
kekoccc: folds 
Uncalled bet ($0.50) returned to rødlibanon
rødlibanon collected $1 from pot
rødlibanon: doesn't show hand 
*** SUMMARY ***
Total pot $1 | Rake $0 
Seat 1: rødlibanon (big blind) collected ($1)
Seat 2: Seavus10 folded before Flop (didn't bet)
Seat 3: fossil500 folded before Flop (didn't bet)
Seat 5: Tibibacsi (button) folded before Flop (didn't bet)
Seat 6: kekoccc (small blind) folded before Flop



PokerStars Hand #254713840828:  Hold'em No Limit ($0.50/$1.00 USD) - 2025/02/04 2:57:08 WET [2025/02/04 21:57:08 ET]
Table 'Chimay' 6-max Seat #6 is the button
Seat 1: rødlibanon ($95.11 in chips) 
Seat 2: Seavus10 ($112.94 in chips) 
Seat 3: fossil500 ($105.92 in chips) 
Seat 5: Tibibacsi ($136.81 in chips) 
Seat 6: kekoccc ($100 in chips) 
rødlibanon: posts small blind $0.50
Seavus10: posts big blind $1
*** HOLE CARDS ***
fossil500: folds 
Tibibacsi: raises $1.50 to $2.50
kekoccc: folds 
rødlibanon: folds 
Seavus10: calls $1.50
*** FLOP *** [Qd 9h 3s]
Seavus10: checks 
Tibibacsi: bets $1.72
Seavus10: folds 
Uncalled bet ($1.72) returned to Tibibacsi
Tibibacsi collected $5.22 from pot
Tibibacsi: doesn't show hand 
*** SUMMARY ***
Total pot $5.50 | Rake $0.28 
Board [Qd 9h 3s]
Seat 1: rødlibanon (small blind) folded before Flop
Seat 2: Seavus10 (big blind) folded on the Flop
Seat 3: fossil500 folded before Flop (didn't bet)
Seat 5: Tibibacsi collected ($5.22)
Seat 6: kekoccc (button) folded before Flop (didn't bet)



PokerStars Hand #254713846237:  Hold'em No Limit ($0.50/$1.00 USD) - 2025/02/04 2:57:59 WET [2025/02/04 21:57:59 ET]
Table 'Chimay' 6-max Seat #1 is the button
Seat 1: rødlibanon ($94.61 in chips) 
Seat 2: Seavus10 ($110.44 in chips) 
Seat 3: fossil500 ($105.92 in chips) 
Seat 5: Tibibacsi ($139.53 in chips) 
Seat 6: kekoccc ($100 in chips) 
Seavus10: posts small blind $0.50
fossil500: posts big blind $1
*** HOLE CARDS ***
Tibibacsi: raises $1 to $2
kekoccc: folds 
rødlibanon: folds 
Seavus10: folds 
fossil500: calls $1
*** FLOP *** [Th 4h Ts]
fossil500: checks 
Tibibacsi: bets $1.41
fossil500: folds 
Uncalled bet ($1.41) returned to Tibibacsi
Tibibacsi collected $4.28 from pot
Tibibacsi: doesn't show hand 
*** SUMMARY ***
Total pot $4.50 | Rake $0.22 
Board [Th 4h Ts]
Seat 1: rødlibanon (button) folded before Flop (didn't bet)
Seat 2: Seavus10 (small blind) folded before Flop
Seat 3: fossil500 (big blind) folded on the Flop
Seat 5: Tibibacsi collected ($4.28)
Seat 6: kekoccc folded before Flop (didn't bet)



PokerStars Hand #254713851240:  Hold'em No Limit ($0.50/$1.00 USD) - 2025/02/04 2:58:47 WET [2025/02/04 21:58:47 ET]
Table 'Chimay' 6-max Seat #2 is the button
Seat 1: rødlibanon ($94.61 in chips) 
Seat 2: Seavus10 ($109.94 in chips) 
Seat 3: fossil500 ($103.92 in chips) 
Seat 5: Tibibacsi ($141.81 in chips) 
Seat 6: kekoccc ($100 in chips) 
fossil500: posts small blind $0.50
Tibibacsi: posts big blind $1
*** HOLE CARDS ***
kekoccc: raises $1.50 to $2.50
rødlibanon: folds 
nicofellow joins the table at seat #4 
Seavus10: folds 
fossil500: folds 
Tibibacsi: folds 
Uncalled bet ($1.50) returned to kekoccc
kekoccc collected $2.50 from pot
kekoccc: doesn't show hand 
*** SUMMARY ***
Total pot $2.50 | Rake $0 
Seat 1: rødlibanon folded before Flop (didn't bet)
Seat 2: Seavus10 (button) folded before Flop (didn't bet)
Seat 3: fossil500 (small blind) folded before Flop
Seat 5: Tibibacsi (big blind) folded before Flop
Seat 6: kekoccc collected ($2.50)



PokerStars Hand #254713853476:  Hold'em No Limit ($0.50/$1.00 USD) - 2025/02/04 2:59:08 WET [2025/02/04 21:59:08 ET]
Table 'Chimay' 6-max Seat #3 is the button
Seat 4: nicofellow ($100 in chips) is sitting out
Seat 6: kekoccc ($101.50 in chips) is sitting out
Seat 1: rødlibanon ($94.61 in chips) 
Seat 2: Seavus10 ($109.94 in chips) 
Seat 3: fossil500 ($103.42 in chips) 
Seat 5: Tibibacsi ($140.81 in chips) 
Tibibacsi: posts small blind $0.50
kekoccc: is sitting out 
rødlibanon: posts big blind $1
*** HOLE CARDS ***
Seavus10: raises $1.20 to $2.20
kekoccc leaves the table
fossil500: folds 
Tibibacsi: folds 
rødlibanon: calls $1.20
*** FLOP *** [9c 6c 6h]
rødlibanon: checks 
Seavus10: bets $1.55
rødlibanon: calls $1.55
*** TURN *** [9c 6c 6h] [2c]
rødlibanon: checks 
Seavus10: bets $5.70
rødlibanon: folds 
Uncalled bet ($5.70) returned to Seavus10
Seavus10 collected $7.60 from pot
Seavus10: doesn't show hand 
*** SUMMARY ***
Total pot $8 | Rake $0.40 
Board [9c 6c 6h 2c]
Seat 4: nicofellow
Seat 6: kekoccc
Seat 1: rødlibanon (big blind) folded on the Turn
Seat 2: Seavus10 collected ($7.60)
Seat 3: fossil500 (button) folded before Flop (didn't bet)
Seat 5: Tibibacsi (small blind) folded before Flop



PokerStars Hand #254713859032:  Hold'em No Limit ($0.50/$1.00 USD) - 2025/02/04 3:00:00 WET [2025/02/04 22:00:00 ET]
Table 'Chimay' 6-max Seat #5 is the button
Seat 4: nicofellow ($100 in chips) is sitting out
Seat 1: rødlibanon ($90.86 in chips) 
Seat 2: Seavus10 ($113.79 in chips) 
Seat 3: fossil500 ($103.42 in chips) 
Seat 5: Tibibacsi ($140.31 in chips) 
rødlibanon: posts small blind $0.50
Seavus10: posts big blind $1
nicofellow: sits out 
*** HOLE CARDS ***
fossil500: folds 
Tibibacsi: raises $1.50 to $2.50
rødlibanon: folds 
Seavus10: calls $1.50
*** FLOP *** [Qd 7d 8h]
Seavus10: checks 
Tibibacsi: bets $3.92
Seavus10: folds 
Uncalled bet ($3.92) returned to Tibibacsi
Tibibacsi collected $5.22 from pot
Tibibacsi: doesn't show hand 
*** SUMMARY ***
Total pot $5.50 | Rake $0.28 
Board [Qd 7d 8h]
Seat 4: nicofellow
Seat 1: rødlibanon (small blind) folded before Flop
Seat 2: Seavus10 (big blind) folded on the Flop
Seat 3: fossil500 folded before Flop (didn't bet)
Seat 5: Tibibacsi (button) collected ($5.22)



PokerStars Hand #254713863425:  Hold'em No Limit ($0.50/$1.00 USD) - 2025/02/04 3:00:39 WET [2025/02/04 22:00:39 ET]
Table 'Chimay' 6-max Seat #1 is the button
Seat 4: nicofellow ($100 in chips) is sitting out
Seat 1: rødlibanon ($90.36 in chips) 
Seat 2: Seavus10 ($111.29 in chips) 
Seat 3: fossil500 ($103.42 in chips) 
Seat 5: Tibibacsi ($143.03 in chips) 
Seavus10: posts small blind $0.50
fossil500: posts big blind $1
nicofellow: sits out 
*** HOLE CARDS ***
Tibibacsi: raises $1.50 to $2.50
rødlibanon: folds 
Seavus10: raises $8.50 to $11
fossil500: raises $12.65 to $23.65
Tibibacsi: folds 
Seavus10: raises $87.64 to $111.29 and is all-in
fossil500: folds 
Uncalled bet ($87.64) returned to Seavus10
Seavus10 collected $49.80 from pot
Seavus10: doesn't show hand 
*** SUMMARY ***
Total pot $49.80 | Rake $0 
Seat 4: nicofellow
Seat 1: rødlibanon (button) folded before Flop (didn't bet)
Seat 2: Seavus10 (small blind) collected ($49.80)
Seat 3: fossil500 (big blind) folded before Flop
Seat 5: Tibibacsi folded before Flop



PokerStars Hand #254713870283:  Hold'em No Limit ($0.50/$1.00 USD) - 2025/02/04 3:01:31 WET [2025/02/04 22:01:31 ET]
Table 'Chimay' 6-max Seat #2 is the button
Seat 1: rødlibanon ($90.36 in chips) 
Seat 2: Seavus10 ($137.44 in chips) 
Seat 3: fossil500 ($100 in chips) 
Seat 4: nicofellow ($100 in chips) 
Seat 5: Tibibacsi ($140.53 in chips) 
fossil500: posts small blind $0.50
nicofellow: posts big blind $1
*** HOLE CARDS ***
Tibibacsi: folds 
rødlibanon: raises $1.50 to $2.50
50CandyJoe joins the table at seat #6 
Seavus10: raises $5 to $7.50
fossil500: folds 
nicofellow: folds 
rødlibanon: calls $5
*** FLOP *** [7h 4d 9c]
rødlibanon: checks 
Seavus10: bets $7.84
rødlibanon: folds 
Uncalled bet ($7.84) returned to Seavus10
Seavus10 collected $15.68 from pot
Seavus10: doesn't show hand 
*** SUMMARY ***
Total pot $16.50 | Rake $0.82 
Board [7h 4d 9c]
Seat 1: rødlibanon folded on the Flop
Seat 2: Seavus10 (button) collected ($15.68)
Seat 3: fossil500 (small blind) folded before Flop
Seat 4: nicofellow (big blind) folded before Flop
Seat 5: Tibibacsi folded before Flop (didn't bet)



PokerStars Hand #254713878062:  Hold'em No Limit ($0.50/$1.00 USD) - 2025/02/04 3:02:30 WET [2025/02/04 22:02:30 ET]
Table 'Chimay' 6-max Seat #3 is the button
Seat 6: 50CandyJoe ($100 in chips) is sitting out
Seat 1: rødlibanon ($82.86 in chips) 
Seat 2: Seavus10 ($145.62 in chips) 
Seat 3: fossil500 ($100 in chips) 
Seat 4: nicofellow ($100 in chips) 
Seat 5: Tibibacsi ($140.53 in chips) 
nicofellow: posts small blind $0.50
Tibibacsi: posts big blind $1
50CandyJoe: sits out 
*** HOLE CARDS ***
rødlibanon: folds 
Seavus10: raises $1.20 to $2.20
fossil500: raises $5.30 to $7.50
nicofellow: folds 
Tibibacsi: folds 
Seavus10: folds 
Uncalled bet ($5.30) returned to fossil500
fossil500 collected $5.90 from pot
fossil500: doesn't show hand 
*** SUMMARY ***
Total pot $5.90 | Rake $0 
Seat 6: 50CandyJoe
Seat 1: rødlibanon folded before Flop (didn't bet)
Seat 2: Seavus10 folded before Flop
Seat 3: fossil500 (button) collected ($5.90)
Seat 4: nicofellow (small blind) folded before Flop
Seat 5: Tibibacsi (big blind) folded before Flop



PokerStars Hand #254713881308:  Hold'em No Limit ($0.50/$1.00 USD) - 2025/02/04 3:02:54 WET [2025/02/04 22:02:54 ET]
Table 'Chimay' 6-max Seat #4 is the button
Seat 1: rødlibanon ($82.86 in chips) 
Seat 2: Seavus10 ($143.42 in chips) 
Seat 3: fossil500 ($103.70 in chips) 
Seat 4: nicofellow ($100 in chips) 
Seat 5: Tibibacsi ($139.53 in chips) 
Seat 6: 50CandyJoe ($100 in chips) 
Tibibacsi: posts small blind $0.50
50CandyJoe: posts big blind $1
*** HOLE CARDS ***
rødlibanon: folds 
Seavus10: folds 
fossil500: raises $1.50 to $2.50
nicofellow: folds 
Tibibacsi: folds 
50CandyJoe: folds 
Uncalled bet ($1.50) returned to fossil500
fossil500 collected $2.50 from pot
fossil500: doesn't show hand 
*** SUMMARY ***
Total pot $2.50 | Rake $0 
Seat 1: rødlibanon folded before Flop (didn't bet)
Seat 2: Seavus10 folded before Flop (didn't bet)
Seat 3: fossil500 collected ($2.50)
Seat 4: nicofellow (button) folded before Flop (didn't bet)
Seat 5: Tibibacsi (small blind) folded before Flop
Seat 6: 50CandyJoe (big blind) folded before Flop



PokerStars Hand #254713883851:  Hold'em No Limit ($0.50/$1.00 USD) - 2025/02/04 3:03:13 WET [2025/02/04 22:03:13 ET]
Table 'Chimay' 6-max Seat #5 is the button
Seat 1: rødlibanon ($82.86 in chips) 
Seat 2: Seavus10 ($143.42 in chips) 
Seat 3: fossil500 ($105.20 in chips) 
Seat 4: nicofellow ($100 in chips) 
Seat 5: Tibibacsi ($139.03 in chips) 
Seat 6: 50CandyJoe ($100 in chips) 
50CandyJoe: posts small blind $0.50
rødlibanon: posts big blind $1
*** HOLE CARDS ***
Seavus10: folds 
fossil500: folds 
nicofellow: folds 
Tibibacsi: folds 
50CandyJoe: raises $1.50 to $2.50
rødlibanon: folds 
Uncalled bet ($1.50) returned to 50CandyJoe
50CandyJoe collected $2 from pot
50CandyJoe: doesn't show hand 
*** SUMMARY ***
Total pot $2 | Rake $0 
Seat 1: rødlibanon (big blind) folded before Flop
Seat 2: Seavus10 folded before Flop (didn't bet)
Seat 3: fossil500 folded before Flop (didn't bet)
Seat 4: nicofellow folded before Flop (didn't bet)
Seat 5: Tibibacsi (button) folded before Flop (didn't bet)
Seat 6: 50CandyJoe (small blind) collected ($2)



PokerStars Hand #254713886130:  Hold'em No Limit ($0.50/$1.00 USD) - 2025/02/04 3:03:30 WET [2025/02/04 22:03:30 ET]
Table 'Chimay' 6-max Seat #6 is the button
Seat 1: rødlibanon ($81.86 in chips) 
Seat 2: Seavus10 ($143.42 in chips) 
Seat 3: fossil500 ($105.20 in chips) 
Seat 4: nicofellow ($100 in chips) 
Seat 5: Tibibacsi ($139.03 in chips) 
Seat 6: 50CandyJoe ($101 in chips) 
rødlibanon: posts small blind $0.50
Seavus10: posts big blind $1
*** HOLE CARDS ***
fossil500: folds 
nicofellow: raises $1 to $2
Tibibacsi: folds 
50CandyJoe: folds 
rødlibanon: folds 
Seavus10: folds 
Uncalled bet ($1) returned to nicofellow
nicofellow collected $2.50 from pot
nicofellow: doesn't show hand 
*** SUMMARY ***
Total pot $2.50 | Rake $0 
Seat 1: rødlibanon (small blind) folded before Flop
Seat 2: Seavus10 (big blind) folded before Flop
Seat 3: fossil500 folded before Flop (didn't bet)
Seat 4: nicofellow collected ($2.50)
Seat 5: Tibibacsi folded before Flop (didn't bet)
Seat 6: 50CandyJoe (button) folded before Flop (didn't bet)



PokerStars Hand #254713889280:  Hold'em No Limit ($0.50/$1.00 USD) - 2025/02/04 3:03:54 WET [2025/02/04 22:03:54 ET]
Table 'Chimay' 6-max Seat #1 is the button
Seat 1: rødlibanon ($81.36 in chips) 
Seat 2: Seavus10 ($142.42 in chips) 
Seat 3: fossil500 ($105.20 in chips) 
Seat 4: nicofellow ($101.50 in chips) 
Seat 5: Tibibacsi ($139.03 in chips) 
Seat 6: 50CandyJoe ($101 in chips) 
Seavus10: posts small blind $0.50
fossil500: posts big blind $1
*** HOLE CARDS ***
nicofellow: folds 
Tibibacsi: folds 
50CandyJoe: folds 
rødlibanon: folds 
Seavus10: folds 
Uncalled bet ($0.50) returned to fossil500
fossil500 collected $1 from pot
fossil500: doesn't show hand 
*** SUMMARY ***
Total pot $1 | Rake $0 
Seat 1: rødlibanon (button) folded before Flop (didn't bet)
Seat 2: Seavus10 (small blind) folded before Flop
Seat 3: fossil500 (big blind) collected ($1)
Seat 4: nicofellow folded before Flop (didn't bet)
Seat 5: Tibibacsi folded before Flop (didn't bet)
Seat 6: 50CandyJoe folded before Flop (didn't bet)



PokerStars Hand #254713892209:  Hold'em No Limit ($0.50/$1.00 USD) - 2025/02/04 3:04:16 WET [2025/02/04 22:04:16 ET]
Table 'Chimay' 6-max Seat #2 is the button
Seat 1: rødlibanon ($81.36 in chips) 
Seat 2: Seavus10 ($141.92 in chips) 
Seat 3: fossil500 ($105.70 in chips) 
Seat 4: nicofellow ($101.50 in chips) 
Seat 5: Tibibacsi ($139.03 in chips) 
Seat 6: 50CandyJoe ($101 in chips) 
fossil500: posts small blind $0.50
nicofellow: posts big blind $1
*** HOLE CARDS ***
Tibibacsi: raises $1 to $2
50CandyJoe: folds 
rødlibanon: folds 
Seavus10: folds 
fossil500: folds 
nicofellow: folds 
Uncalled bet ($1) returned to Tibibacsi
Tibibacsi collected $2.50 from pot
Tibibacsi: doesn't show hand 
*** SUMMARY ***
Total pot $2.50 | Rake $0 
Seat 1: rødlibanon folded before Flop (didn't bet)
Seat 2: Seavus10 (button) folded before Flop (didn't bet)
Seat 3: fossil500 (small blind) folded before Flop
Seat 4: nicofellow (big blind) folded before Flop
Seat 5: Tibibacsi collected ($2.50)
Seat 6: 50CandyJoe folded before Flop (didn't bet)



PokerStars Hand #254713896639:  Hold'em No Limit ($0.50/$1.00 USD) - 2025/02/04 3:04:50 WET [2025/02/04 22:04:50 ET]
Table 'Chimay' 6-max Seat #3 is the button
Seat 1: rødlibanon ($81.36 in chips) 
Seat 2: Seavus10 ($141.92 in chips) 
Seat 3: fossil500 ($105.20 in chips) 
Seat 4: nicofellow ($100.50 in chips) 
Seat 5: Tibibacsi ($140.53 in chips) 
Seat 6: 50CandyJoe ($101 in chips) 
nicofellow: posts small blind $0.50
Tibibacsi: posts big blind $1
*** HOLE CARDS ***
50CandyJoe: folds 
rødlibanon: folds 
Seavus10: folds 
fossil500: folds 
nicofellow: raises $2 to $3
Tibibacsi: raises $6 to $9
nicofellow: raises $14 to $23
Tibibacsi: folds 
Uncalled bet ($14) returned to nicofellow
nicofellow collected $18 from pot
nicofellow: doesn't show hand 
*** SUMMARY ***
Total pot $18 | Rake $0 
Seat 1: rødlibanon folded before Flop (didn't bet)
Seat 2: Seavus10 folded before Flop (didn't bet)
Seat 3: fossil500 (button) folded before Flop (didn't bet)
Seat 4: nicofellow (small blind) collected ($18)
Seat 5: Tibibacsi (big blind) folded before Flop
Seat 6: 50CandyJoe folded before Flop (didn't bet)



PokerStars Hand #254713902761:  Hold'em No Limit ($0.50/$1.00 USD) - 2025/02/04 3:05:37 WET [2025/02/04 22:05:37 ET]
Table 'Chimay' 6-max Seat #4 is the button
Seat 1: rødlibanon ($81.36 in chips) 
Seat 2: Seavus10 ($141.92 in chips) 
Seat 3: fossil500 ($105.20 in chips) 
Seat 4: nicofellow ($109.50 in chips) 
Seat 5: Tibibacsi ($131.53 in chips) 
Seat 6: 50CandyJoe ($101 in chips) 
Tibibacsi: posts small blind $0.50
50CandyJoe: posts big blind $1
*** HOLE CARDS ***
rødlibanon: folds 
Seavus10: raises $1.20 to $2.20
fossil500: folds 
nicofellow has timed out
nicofellow: folds 
Tibibacsi: folds 
50CandyJoe: calls $1.20
*** FLOP *** [As Kh 6d]
50CandyJoe: checks 
Seavus10: bets $1.55
50CandyJoe: folds 
Uncalled bet ($1.55) returned to Seavus10
Seavus10 collected $4.66 from pot
Seavus10: doesn't show hand 
*** SUMMARY ***
Total pot $4.90 | Rake $0.24 
Board [As Kh 6d]
Seat 1: rødlibanon folded before Flop (didn't bet)
Seat 2: Seavus10 collected ($4.66)
Seat 3: fossil500 folded before Flop (didn't bet)
Seat 4: nicofellow (button) folded before Flop (didn't bet)
Seat 5: Tibibacsi (small blind) folded before Flop
Seat 6: 50CandyJoe (big blind) folded on the Flop



PokerStars Hand #254713911695:  Hold'em No Limit ($0.50/$1.00 USD) - 2025/02/04 3:06:46 WET [2025/02/04 22:06:46 ET]
Table 'Chimay' 6-max Seat #5 is the button
Seat 1: rødlibanon ($81.36 in chips) 
Seat 2: Seavus10 ($144.38 in chips) 
Seat 3: fossil500 ($105.20 in chips) 
Seat 4: nicofellow ($109.50 in chips) 
Seat 5: Tibibacsi ($131.03 in chips) 
Seat 6: 50CandyJoe ($100 in chips) 
50CandyJoe: posts small blind $0.50
rødlibanon: posts big blind $1
*** HOLE CARDS ***
Seavus10: folds 
fossil500: folds 
nicofellow: folds 
Tibibacsi: folds 
50CandyJoe: folds 
Uncalled bet ($0.50) returned to rødlibanon
rødlibanon collected $1 from pot
rødlibanon: doesn't show hand 
*** SUMMARY ***
Total pot $1 | Rake $0 
Seat 1: rødlibanon (big blind) collected ($1)
Seat 2: Seavus10 folded before Flop (didn't bet)
Seat 3: fossil500 folded before Flop (didn't bet)
Seat 4: nicofellow folded before Flop (didn't bet)
Seat 5: Tibibacsi (button) folded before Flop (didn't bet)
Seat 6: 50CandyJoe (small blind) folded before Flop



PokerStars Hand #254713915928:  Hold'em No Limit ($0.50/$1.00 USD) - 2025/02/04 3:07:19 WET [2025/02/04 22:07:19 ET]
Table 'Chimay' 6-max Seat #6 is the button
Seat 1: rødlibanon ($81.86 in chips) 
Seat 2: Seavus10 ($144.38 in chips) 
Seat 3: fossil500 ($105.20 in chips) 
Seat 4: nicofellow ($109.50 in chips) 
Seat 5: Tibibacsi ($131.03 in chips) 
Seat 6: 50CandyJoe ($100 in chips) 
rødlibanon: posts small blind $0.50
Seavus10: posts big blind $1
*** HOLE CARDS ***
fossil500: folds 
nicofellow: folds 
Tibibacsi: folds 
50CandyJoe: raises $1.50 to $2.50
rødlibanon: calls $2
Seavus10: folds 
*** FLOP *** [3d 8h 5d]
rødlibanon: bets $4.28
50CandyJoe: folds 
Uncalled bet ($4.28) returned to rødlibanon
rødlibanon collected $5.70 from pot
rødlibanon: doesn't show hand 
*** SUMMARY ***
Total pot $6 | Rake $0.30 
Board [3d 8h 5d]
Seat 1: rødlibanon (small blind) collected ($5.70)
Seat 2: Seavus10 (big blind) folded before Flop
Seat 3: fossil500 folded before Flop (didn't bet)
Seat 4: nicofellow folded before Flop (didn't bet)
Seat 5: Tibibacsi folded before Flop (didn't bet)
Seat 6: 50CandyJoe (button) folded on the Flop



PokerStars Hand #254713980433:  Hold'em No Limit ($0.50/$1.00 USD) - 2025/02/04 3:15:43 WET [2025/02/04 22:15:43 ET]
Table 'Chimay' 6-max Seat #5 is the button
Seat 1: rødlibanon ($70.43 in chips) 
Seat 2: Seavus10 ($141.38 in chips) 
Seat 3: fossil500 ($114.01 in chips) 
Seat 4: nicofellow ($104 in chips) 
Seat 5: Tibibacsi ($133.83 in chips) 
Seat 6: 50CandyJoe ($117.16 in chips) 
50CandyJoe: posts small blind $0.50
rødlibanon: posts big blind $1
*** HOLE CARDS ***
Seavus10: raises $1 to $2
fossil500: folds 
nicofellow: folds 
Tibibacsi: folds 
50CandyJoe: folds 
rødlibanon: folds 
Uncalled bet ($1) returned to Seavus10
Seavus10 collected $2.50 from pot
Seavus10: doesn't show hand 
*** SUMMARY ***
Total pot $2.50 | Rake $0 
Seat 1: rødlibanon (big blind) folded before Flop
Seat 2: Seavus10 collected ($2.50)
Seat 3: fossil500 folded before Flop (didn't bet)
Seat 4: nicofellow folded before Flop (didn't bet)
Seat 5: Tibibacsi (button) folded before Flop (didn't bet)
Seat 6: 50CandyJoe (small blind) folded before Flop



PokerStars Hand #254713982654:  Hold'em No Limit ($0.50/$1.00 USD) - 2025/02/04 3:16:01 WET [2025/02/04 22:16:01 ET]
Table 'Chimay' 6-max Seat #6 is the button
Seat 1: rødlibanon ($69.43 in chips) 
Seat 2: Seavus10 ($142.88 in chips) 
Seat 3: fossil500 ($114.01 in chips) 
Seat 4: nicofellow ($104 in chips) 
Seat 5: Tibibacsi ($133.83 in chips) 
Seat 6: 50CandyJoe ($116.66 in chips) 
rødlibanon: posts small blind $0.50
Seavus10: posts big blind $1
*** HOLE CARDS ***
fossil500: folds 
nicofellow: folds 
Tibibacsi: raises $1.50 to $2.50
50CandyJoe: folds 
rødlibanon: folds 
Seavus10: raises $9.50 to $12
Tibibacsi: calls $9.50
*** FLOP *** [8s 6c 3d]
Seavus10: checks 
Tibibacsi: bets $7.68
Seavus10: calls $7.68
*** TURN *** [8s 6c 3d] [9d]
Seavus10: checks 
Tibibacsi: bets $29
Seavus10: folds 
Uncalled bet ($29) returned to Tibibacsi
Tibibacsi collected $37.87 from pot
Tibibacsi: doesn't show hand 
*** SUMMARY ***
Total pot $39.86 | Rake $1.99 
Board [8s 6c 3d 9d]
Seat 1: rødlibanon (small blind) folded before Flop
Seat 2: Seavus10 (big blind) folded on the Turn
Seat 3: fossil500 folded before Flop (didn't bet)
Seat 4: nicofellow folded before Flop (didn't bet)
Seat 5: Tibibacsi collected ($37.87)
Seat 6: 50CandyJoe (button) folded before Flop (didn't bet)



PokerStars Hand #254714000029:  Hold'em No Limit ($0.50/$1.00 USD) - 2025/02/04 3:18:19 WET [2025/02/04 22:18:19 ET]
Table 'Chimay' 6-max Seat #1 is the button
Seat 1: rødlibanon ($68.93 in chips) 
Seat 2: Seavus10 ($123.20 in chips) 
Seat 3: fossil500 ($114.01 in chips) 
Seat 4: nicofellow ($104 in chips) 
Seat 5: Tibibacsi ($152.02 in chips) 
Seat 6: 50CandyJoe ($116.66 in chips) 
Seavus10: posts small blind $0.50
fossil500: posts big blind $1
*** HOLE CARDS ***
nicofellow: folds 
Tibibacsi: raises $1 to $2
50CandyJoe: folds 
rødlibanon: folds 
Seavus10: folds 
fossil500: calls $1
*** FLOP *** [3h Js Th]
fossil500: checks 
Tibibacsi: bets $3.21
fossil500: calls $3.21
*** TURN *** [3h Js Th] [As]
fossil500: checks 
Tibibacsi: bets $7.78
fossil500: folds 
Uncalled bet ($7.78) returned to Tibibacsi
Tibibacsi collected $10.37 from pot
Tibibacsi: doesn't show hand 
*** SUMMARY ***
Total pot $10.92 | Rake $0.55 
Board [3h Js Th As]
Seat 1: rødlibanon (button) folded before Flop (didn't bet)
Seat 2: Seavus10 (small blind) folded before Flop
Seat 3: fossil500 (big blind) folded on the Turn
Seat 4: nicofellow folded before Flop (didn't bet)
Seat 5: Tibibacsi collected ($10.37)
Seat 6: 50CandyJoe folded before Flop (didn't bet)



PokerStars Hand #254714008936:  Hold'em No Limit ($0.50/$1.00 USD) - 2025/02/04 3:19:29 WET [2025/02/04 22:19:29 ET]
Table 'Chimay' 6-max Seat #2 is the button
Seat 1: rødlibanon ($68.93 in chips) 
Seat 2: Seavus10 ($122.70 in chips) 
Seat 3: fossil500 ($108.80 in chips) 
Seat 4: nicofellow ($104 in chips) 
Seat 5: Tibibacsi ($157.18 in chips) 
Seat 6: 50CandyJoe ($116.66 in chips) 
fossil500: posts small blind $0.50
nicofellow: posts big blind $1
*** HOLE CARDS ***
Tibibacsi: folds 
50CandyJoe: folds 
rødlibanon: folds 
Seavus10: folds 
fossil500: folds 
Uncalled bet ($0.50) returned to nicofellow
nicofellow collected $1 from pot
nicofellow: doesn't show hand 
*** SUMMARY ***
Total pot $1 | Rake $0 
Seat 1: rødlibanon folded before Flop (didn't bet)
Seat 2: Seavus10 (button) folded before Flop (didn't bet)
Seat 3: fossil500 (small blind) folded before Flop
Seat 4: nicofellow (big blind) collected ($1)
Seat 5: Tibibacsi folded before Flop (didn't bet)
Seat 6: 50CandyJoe folded before Flop (didn't bet)



PokerStars Hand #254714012053:  Hold'em No Limit ($0.50/$1.00 USD) - 2025/02/04 3:19:53 WET [2025/02/04 22:19:53 ET]
Table 'Chimay' 6-max Seat #3 is the button
Seat 1: rødlibanon ($68.93 in chips) 
Seat 2: Seavus10 ($122.70 in chips) 
Seat 3: fossil500 ($108.30 in chips) 
Seat 4: nicofellow ($104.50 in chips) 
Seat 5: Tibibacsi ($157.18 in chips) 
Seat 6: 50CandyJoe ($116.66 in chips) 
nicofellow: posts small blind $0.50
Tibibacsi: posts big blind $1
*** HOLE CARDS ***
50CandyJoe: folds 
rødlibanon: raises $1 to $2
Seavus10: folds 
fossil500: folds 
nicofellow: folds 
Tibibacsi: folds 
Uncalled bet ($1) returned to rødlibanon
rødlibanon collected $2.50 from pot
rødlibanon: doesn't show hand 
*** SUMMARY ***
Total pot $2.50 | Rake $0 
Seat 1: rødlibanon collected ($2.50)
Seat 2: Seavus10 folded before Flop (didn't bet)
Seat 3: fossil500 (button) folded before Flop (didn't bet)
Seat 4: nicofellow (small blind) folded before Flop
Seat 5: Tibibacsi (big blind) folded before Flop
Seat 6: 50CandyJoe folded before Flop (didn't bet)



PokerStars Hand #254714014969:  Hold'em No Limit ($0.50/$1.00 USD) - 2025/02/04 3:20:17 WET [2025/02/04 22:20:17 ET]
Table 'Chimay' 6-max Seat #4 is the button
Seat 1: rødlibanon ($70.43 in chips) 
Seat 2: Seavus10 ($122.70 in chips) 
Seat 3: fossil500 ($108.30 in chips) 
Seat 4: nicofellow ($104 in chips) 
Seat 5: Tibibacsi ($156.18 in chips) 
Seat 6: 50CandyJoe ($116.66 in chips) 
Tibibacsi: posts small blind $0.50
50CandyJoe: posts big blind $1
*** HOLE CARDS ***
rødlibanon: folds 
Seavus10: raises $1.20 to $2.20
fossil500: folds 
nicofellow: folds 
Tibibacsi: folds 
50CandyJoe: folds 
Uncalled bet ($1.20) returned to Seavus10
Seavus10 collected $2.50 from pot
Seavus10: doesn't show hand 
*** SUMMARY ***
Total pot $2.50 | Rake $0 
Seat 1: rødlibanon folded before Flop (didn't bet)
Seat 2: Seavus10 collected ($2.50)
Seat 3: fossil500 folded before Flop (didn't bet)
Seat 4: nicofellow (button) folded before Flop (didn't bet)
Seat 5: Tibibacsi (small blind) folded before Flop
Seat 6: 50CandyJoe (big blind) folded before Flop



PokerStars Hand #254714018908:  Hold'em No Limit ($0.50/$1.00 USD) - 2025/02/04 3:20:47 WET [2025/02/04 22:20:47 ET]
Table 'Chimay' 6-max Seat #5 is the button
Seat 1: rødlibanon ($70.43 in chips) 
Seat 2: Seavus10 ($124.20 in chips) 
Seat 3: fossil500 ($108.30 in chips) 
Seat 4: nicofellow ($104 in chips) 
Seat 5: Tibibacsi ($155.68 in chips) 
Seat 6: 50CandyJoe ($115.66 in chips) 
50CandyJoe: posts small blind $0.50
rødlibanon: posts big blind $1
*** HOLE CARDS ***
Seavus10: folds 
fossil500: folds 
nicofellow: folds 
Tibibacsi: raises $1.50 to $2.50
50CandyJoe: folds 
rødlibanon: folds 
Uncalled bet ($1.50) returned to Tibibacsi
Tibibacsi collected $2.50 from pot
Tibibacsi: doesn't show hand 
*** SUMMARY ***
Total pot $2.50 | Rake $0 
Seat 1: rødlibanon (big blind) folded before Flop
Seat 2: Seavus10 folded before Flop (didn't bet)
Seat 3: fossil500 folded before Flop (didn't bet)
Seat 4: nicofellow folded before Flop (didn't bet)
Seat 5: Tibibacsi (button) collected ($2.50)
Seat 6: 50CandyJoe (small blind) folded before Flop



PokerStars Hand #254714021826:  Hold'em No Limit ($0.50/$1.00 USD) - 2025/02/04 3:21:10 WET [2025/02/04 22:21:10 ET]
Table 'Chimay' 6-max Seat #6 is the button
Seat 1: rødlibanon ($69.43 in chips) 
Seat 2: Seavus10 ($124.20 in chips) 
Seat 3: fossil500 ($108.30 in chips) 
Seat 4: nicofellow ($104 in chips) 
Seat 5: Tibibacsi ($157.18 in chips) 
Seat 6: 50CandyJoe ($115.16 in chips) 
rødlibanon: posts small blind $0.50
Seavus10: posts big blind $1
*** HOLE CARDS ***
fossil500: folds 
nicofellow: folds 
Tibibacsi: folds 
50CandyJoe: folds 
rødlibanon: raises $1.50 to $2.50
Seavus10: calls $1.50
*** FLOP *** [8c Qs Qd]
rødlibanon: checks 
Seavus10: bets $1.58
rødlibanon: calls $1.58
*** TURN *** [8c Qs Qd] [Kd]
rødlibanon: checks 
Seavus10: bets $5.81
rødlibanon: folds 
Uncalled bet ($5.81) returned to Seavus10
Seavus10 collected $7.75 from pot
Seavus10: doesn't show hand 
*** SUMMARY ***
Total pot $8.16 | Rake $0.41 
Board [8c Qs Qd Kd]
Seat 1: rødlibanon (small blind) folded on the Turn
Seat 2: Seavus10 (big blind) collected ($7.75)
Seat 3: fossil500 folded before Flop (didn't bet)
Seat 4: nicofellow folded before Flop (didn't bet)
Seat 5: Tibibacsi folded before Flop (didn't bet)
Seat 6: 50CandyJoe (button) folded before Flop (didn't bet)



PokerStars Hand #254714033726:  Hold'em No Limit ($0.50/$1.00 USD) - 2025/02/04 3:22:42 WET [2025/02/04 22:22:42 ET]
Table 'Chimay' 6-max Seat #1 is the button
Seat 1: rødlibanon ($65.35 in chips) 
Seat 2: Seavus10 ($127.87 in chips) 
Seat 3: fossil500 ($108.30 in chips) 
Seat 4: nicofellow ($104 in chips) 
Seat 5: Tibibacsi ($157.18 in chips) 
Seat 6: 50CandyJoe ($115.16 in chips) 
Seavus10: posts small blind $0.50
fossil500: posts big blind $1
*** HOLE CARDS ***
nicofellow: folds 
Tibibacsi: folds 
50CandyJoe: folds 
rødlibanon: folds 
Seavus10: folds 
Uncalled bet ($0.50) returned to fossil500
fossil500 collected $1 from pot
fossil500: doesn't show hand 
*** SUMMARY ***
Total pot $1 | Rake $0 
Seat 1: rødlibanon (button) folded before Flop (didn't bet)
Seat 2: Seavus10 (small blind) folded before Flop
Seat 3: fossil500 (big blind) collected ($1)
Seat 4: nicofellow folded before Flop (didn't bet)
Seat 5: Tibibacsi folded before Flop (didn't bet)
Seat 6: 50CandyJoe folded before Flop (didn't bet)



PokerStars Hand #254714034979:  Hold'em No Limit ($0.50/$1.00 USD) - 2025/02/04 3:22:52 WET [2025/02/04 22:22:52 ET]
Table 'Chimay' 6-max Seat #2 is the button
Seat 1: rødlibanon ($65.35 in chips) 
Seat 2: Seavus10 ($127.37 in chips) 
Seat 3: fossil500 ($108.80 in chips) 
Seat 4: nicofellow ($104 in chips) 
Seat 5: Tibibacsi ($157.18 in chips) 
Seat 6: 50CandyJoe ($115.16 in chips) 
fossil500: posts small blind $0.50
nicofellow: posts big blind $1
*** HOLE CARDS ***
Tibibacsi: folds 
50CandyJoe: raises $1.20 to $2.20
rødlibanon: folds 
Seavus10: folds 
fossil500: raises $8.80 to $11
nicofellow: folds 
50CandyJoe: folds 
Uncalled bet ($8.80) returned to fossil500
fossil500 collected $5.40 from pot
fossil500: doesn't show hand 
*** SUMMARY ***
Total pot $5.40 | Rake $0 
Seat 1: rødlibanon folded before Flop (didn't bet)
Seat 2: Seavus10 (button) folded before Flop (didn't bet)
Seat 3: fossil500 (small blind) collected ($5.40)
Seat 4: nicofellow (big blind) folded before Flop
Seat 5: Tibibacsi folded before Flop (didn't bet)
Seat 6: 50CandyJoe folded before Flop



PokerStars Hand #254714037916:  Hold'em No Limit ($0.50/$1.00 USD) - 2025/02/04 3:23:15 WET [2025/02/04 22:23:15 ET]
Table 'Chimay' 6-max Seat #3 is the button
Seat 1: rødlibanon ($65.35 in chips) 
Seat 2: Seavus10 ($127.37 in chips) 
Seat 3: fossil500 ($112 in chips) 
Seat 4: nicofellow ($103 in chips) 
Seat 5: Tibibacsi ($157.18 in chips) 
Seat 6: 50CandyJoe ($112.96 in chips) 
nicofellow: posts small blind $0.50
Tibibacsi: posts big blind $1
*** HOLE CARDS ***
50CandyJoe: folds 
rødlibanon: raises $1.50 to $2.50
Seavus10: folds 
fossil500: folds 
nicofellow: folds 
Tibibacsi: folds 
Uncalled bet ($1.50) returned to rødlibanon
rødlibanon collected $2.50 from pot
rødlibanon: doesn't show hand 
*** SUMMARY ***
Total pot $2.50 | Rake $0 
Seat 1: rødlibanon collected ($2.50)
Seat 2: Seavus10 folded before Flop (didn't bet)
Seat 3: fossil500 (button) folded before Flop (didn't bet)
Seat 4: nicofellow (small blind) folded before Flop
Seat 5: Tibibacsi (big blind) folded before Flop
Seat 6: 50CandyJoe folded before Flop (didn't bet)



PokerStars Hand #254714039843:  Hold'em No Limit ($0.50/$1.00 USD) - 2025/02/04 3:23:31 WET [2025/02/04 22:23:31 ET]
Table 'Chimay' 6-max Seat #4 is the button
Seat 1: rødlibanon ($66.85 in chips) 
Seat 2: Seavus10 ($127.37 in chips) 
Seat 3: fossil500 ($112 in chips) 
Seat 4: nicofellow ($102.50 in chips) 
Seat 5: Tibibacsi ($156.18 in chips) 
Seat 6: 50CandyJoe ($112.96 in chips) 
Tibibacsi: posts small blind $0.50
50CandyJoe: posts big blind $1
*** HOLE CARDS ***
rødlibanon: folds 
Seavus10: folds 
fossil500: raises $1.50 to $2.50
nicofellow: folds 
Tibibacsi: folds 
50CandyJoe: folds 
Uncalled bet ($1.50) returned to fossil500
fossil500 collected $2.50 from pot
fossil500: doesn't show hand 
*** SUMMARY ***
Total pot $2.50 | Rake $0 
Seat 1: rødlibanon folded before Flop (didn't bet)
Seat 2: Seavus10 folded before Flop (didn't bet)
Seat 3: fossil500 collected ($2.50)
Seat 4: nicofellow (button) folded before Flop (didn't bet)
Seat 5: Tibibacsi (small blind) folded before Flop
Seat 6: 50CandyJoe (big blind) folded before Flop



PokerStars Hand #254714044109:  Hold'em No Limit ($0.50/$1.00 USD) - 2025/02/04 3:24:04 WET [2025/02/04 22:24:04 ET]
Table 'Chimay' 6-max Seat #5 is the button
Seat 1: rødlibanon ($66.85 in chips) 
Seat 2: Seavus10 ($127.37 in chips) 
Seat 3: fossil500 ($113.50 in chips) 
Seat 4: nicofellow ($102.50 in chips) 
Seat 5: Tibibacsi ($155.68 in chips) 
Seat 6: 50CandyJoe ($111.96 in chips) 
50CandyJoe: posts small blind $0.50
rødlibanon: posts big blind $1
*** HOLE CARDS ***
Seavus10: folds 
fossil500: folds 
nicofellow: folds 
Tibibacsi: folds 
50CandyJoe: raises $1.50 to $2.50
rødlibanon: calls $1.50
*** FLOP *** [8d Ks Kd]
50CandyJoe: bets $1.57
rødlibanon: folds 
Uncalled bet ($1.57) returned to 50CandyJoe
50CandyJoe collected $4.75 from pot
50CandyJoe: doesn't show hand 
*** SUMMARY ***
Total pot $5 | Rake $0.25 
Board [8d Ks Kd]
Seat 1: rødlibanon (big blind) folded on the Flop
Seat 2: Seavus10 folded before Flop (didn't bet)
Seat 3: fossil500 folded before Flop (didn't bet)
Seat 4: nicofellow folded before Flop (didn't bet)
Seat 5: Tibibacsi (button) folded before Flop (didn't bet)
Seat 6: 50CandyJoe (small blind) collected ($4.75)



PokerStars Hand #254714048545:  Hold'em No Limit ($0.50/$1.00 USD) - 2025/02/04 3:24:40 WET [2025/02/04 22:24:40 ET]
Table 'Chimay' 6-max Seat #6 is the button
Seat 1: rødlibanon ($64.35 in chips) 
Seat 2: Seavus10 ($127.37 in chips) 
Seat 3: fossil500 ($113.50 in chips) 
Seat 4: nicofellow ($102.50 in chips) 
Seat 5: Tibibacsi ($155.68 in chips) 
Seat 6: 50CandyJoe ($114.21 in chips) 
rødlibanon: posts small blind $0.50
Seavus10: posts big blind $1
*** HOLE CARDS ***
fossil500: folds 
nicofellow: raises $1 to $2
Tibibacsi: folds 
50CandyJoe: folds 
rødlibanon: folds 
Seavus10: folds 
Uncalled bet ($1) returned to nicofellow
nicofellow collected $2.50 from pot
nicofellow: doesn't show hand 
*** SUMMARY ***
Total pot $2.50 | Rake $0 
Seat 1: rødlibanon (small blind) folded before Flop
Seat 2: Seavus10 (big blind) folded before Flop
Seat 3: fossil500 folded before Flop (didn't bet)
Seat 4: nicofellow collected ($2.50)
Seat 5: Tibibacsi folded before Flop (didn't bet)
Seat 6: 50CandyJoe (button) folded before Flop (didn't bet)



PokerStars Hand #254714052058:  Hold'em No Limit ($0.50/$1.00 USD) - 2025/02/04 3:25:08 WET [2025/02/04 22:25:08 ET]
Table 'Chimay' 6-max Seat #1 is the button
Seat 1: rødlibanon ($63.85 in chips) 
Seat 2: Seavus10 ($126.37 in chips) 
Seat 3: fossil500 ($113.50 in chips) 
Seat 4: nicofellow ($104 in chips) 
Seat 5: Tibibacsi ($155.68 in chips) 
Seat 6: 50CandyJoe ($114.21 in chips) 
Seavus10: posts small blind $0.50
fossil500: posts big blind $1
*** HOLE CARDS ***
nicofellow: folds 
Tibibacsi: folds 
50CandyJoe: raises $1.20 to $2.20
rødlibanon: folds 
Seavus10: folds 
fossil500: calls $1.20
*** FLOP *** [2c Ks Kc]
fossil500: checks 
50CandyJoe: bets $1.54
fossil500: calls $1.54
*** TURN *** [2c Ks Kc] [8d]
fossil500: checks 
50CandyJoe: checks 
*** RIVER *** [2c Ks Kc 8d] [8h]
fossil500: checks 
50CandyJoe: bets $2.50
fossil500: calls $2.50
*** SHOW DOWN ***
50CandyJoe: shows [5d 5c] (two pair, Kings and Eights)
fossil500: shows [Ad 9d] (two pair, Kings and Eights - Ace kicker)
fossil500 collected $12.33 from pot
*** SUMMARY ***
Total pot $12.98 | Rake $0.65 
Board [2c Ks Kc 8d 8h]
Seat 1: rødlibanon (button) folded before Flop (didn't bet)
Seat 2: Seavus10 (small blind) folded before Flop
Seat 3: fossil500 (big blind) showed [Ad 9d] and won ($12.33) with two pair, Kings and Eights
Seat 4: nicofellow folded before Flop (didn't bet)
Seat 5: Tibibacsi folded before Flop (didn't bet)
Seat 6: 50CandyJoe showed [5d 5c] and lost with two pair, Kings and Eights



PokerStars Hand #254714059610:  Hold'em No Limit ($0.50/$1.00 USD) - 2025/02/04 3:26:07 WET [2025/02/04 22:26:07 ET]
Table 'Chimay' 6-max Seat #2 is the button
Seat 1: rødlibanon ($63.85 in chips) 
Seat 2: Seavus10 ($125.87 in chips) 
Seat 3: fossil500 ($119.59 in chips) 
Seat 4: nicofellow ($104 in chips) 
Seat 5: Tibibacsi ($155.68 in chips) 
Seat 6: 50CandyJoe ($107.97 in chips) 
fossil500: posts small blind $0.50
nicofellow: posts big blind $1
*** HOLE CARDS ***
Tibibacsi: folds 
50CandyJoe: raises $1.20 to $2.20
rødlibanon: folds 
Seavus10: raises $5.50 to $7.70
fossil500: folds 
nicofellow: folds 
50CandyJoe: folds 
Uncalled bet ($5.50) returned to Seavus10
Seavus10 collected $5.90 from pot
Seavus10: doesn't show hand 
*** SUMMARY ***
Total pot $5.90 | Rake $0 
Seat 1: rødlibanon folded before Flop (didn't bet)
Seat 2: Seavus10 (button) collected ($5.90)
Seat 3: fossil500 (small blind) folded before Flop
Seat 4: nicofellow (big blind) folded before Flop
Seat 5: Tibibacsi folded before Flop (didn't bet)
Seat 6: 50CandyJoe folded before Flop



PokerStars Hand #254714063464:  Hold'em No Limit ($0.50/$1.00 USD) - 2025/02/04 3:26:38 WET [2025/02/04 22:26:38 ET]
Table 'Chimay' 6-max Seat #3 is the button
Seat 1: rødlibanon ($63.85 in chips) 
Seat 2: Seavus10 ($129.57 in chips) 
Seat 3: fossil500 ($119.09 in chips) 
Seat 4: nicofellow ($103 in chips) 
Seat 5: Tibibacsi ($155.68 in chips) 
Seat 6: 50CandyJoe ($105.77 in chips) 
nicofellow: posts small blind $0.50
Tibibacsi: posts big blind $1
*** HOLE CARDS ***
50CandyJoe: folds 
rødlibanon: folds 
Seavus10: folds 
fossil500: raises $1.50 to $2.50
nicofellow: folds 
Tibibacsi: folds 
Uncalled bet ($1.50) returned to fossil500
fossil500 collected $2.50 from pot
fossil500: doesn't show hand 
*** SUMMARY ***
Total pot $2.50 | Rake $0 
Seat 1: rødlibanon folded before Flop (didn't bet)
Seat 2: Seavus10 folded before Flop (didn't bet)
Seat 3: fossil500 (button) collected ($2.50)
Seat 4: nicofellow (small blind) folded before Flop
Seat 5: Tibibacsi (big blind) folded before Flop
Seat 6: 50CandyJoe folded before Flop (didn't bet)



PokerStars Hand #254714064909:  Hold'em No Limit ($0.50/$1.00 USD) - 2025/02/04 3:26:50 WET [2025/02/04 22:26:50 ET]
Table 'Chimay' 6-max Seat #4 is the button
Seat 1: rødlibanon ($63.85 in chips) 
Seat 2: Seavus10 ($129.57 in chips) 
Seat 3: fossil500 ($120.59 in chips) 
Seat 4: nicofellow ($102.50 in chips) 
Seat 5: Tibibacsi ($154.68 in chips) 
Seat 6: 50CandyJoe ($105.77 in chips) 
Tibibacsi: posts small blind $0.50
50CandyJoe: posts big blind $1
*** HOLE CARDS ***
rødlibanon: folds 
Seavus10: folds 
fossil500: raises $1.50 to $2.50
nicofellow: folds 
Tibibacsi: folds 
50CandyJoe: folds 
Uncalled bet ($1.50) returned to fossil500
fossil500 collected $2.50 from pot
fossil500: doesn't show hand 
*** SUMMARY ***
Total pot $2.50 | Rake $0 
Seat 1: rødlibanon folded before Flop (didn't bet)
Seat 2: Seavus10 folded before Flop (didn't bet)
Seat 3: fossil500 collected ($2.50)
Seat 4: nicofellow (button) folded before Flop (didn't bet)
Seat 5: Tibibacsi (small blind) folded before Flop
Seat 6: 50CandyJoe (big blind) folded before Flop



PokerStars Hand #254714066840:  Hold'em No Limit ($0.50/$1.00 USD) - 2025/02/04 3:27:06 WET [2025/02/04 22:27:06 ET]
Table 'Chimay' 6-max Seat #5 is the button
Seat 1: rødlibanon ($63.85 in chips) 
Seat 2: Seavus10 ($129.57 in chips) 
Seat 3: fossil500 ($122.09 in chips) 
Seat 4: nicofellow ($102.50 in chips) 
Seat 5: Tibibacsi ($154.18 in chips) 
Seat 6: 50CandyJoe ($104.77 in chips) 
50CandyJoe: posts small blind $0.50
rødlibanon: posts big blind $1
*** HOLE CARDS ***
Seavus10: raises $1 to $2
fossil500: folds 
nicofellow: folds 
Tibibacsi: folds 
50CandyJoe: folds 
rødlibanon: folds 
Uncalled bet ($1) returned to Seavus10
Seavus10 collected $2.50 from pot
Seavus10: doesn't show hand 
*** SUMMARY ***
Total pot $2.50 | Rake $0 
Seat 1: rødlibanon (big blind) folded before Flop
Seat 2: Seavus10 collected ($2.50)
Seat 3: fossil500 folded before Flop (didn't bet)
Seat 4: nicofellow folded before Flop (didn't bet)
Seat 5: Tibibacsi (button) folded before Flop (didn't bet)
Seat 6: 50CandyJoe (small blind) folded before Flop



PokerStars Hand #254714068626:  Hold'em No Limit ($0.50/$1.00 USD) - 2025/02/04 3:27:20 WET [2025/02/04 22:27:20 ET]
Table 'Chimay' 6-max Seat #6 is the button
Seat 1: rødlibanon ($62.85 in chips) 
Seat 2: Seavus10 ($131.07 in chips) 
Seat 3: fossil500 ($122.09 in chips) 
Seat 4: nicofellow ($102.50 in chips) 
Seat 5: Tibibacsi ($154.18 in chips) 
Seat 6: 50CandyJoe ($104.27 in chips) 
rødlibanon: posts small blind $0.50
Seavus10: posts big blind $1
*** HOLE CARDS ***
fossil500: folds 
nicofellow: folds 
Tibibacsi: raises $1.50 to $2.50
50CandyJoe: folds 
rødlibanon: folds 
Seavus10: folds 
Uncalled bet ($1.50) returned to Tibibacsi
Tibibacsi collected $2.50 from pot
Tibibacsi: doesn't show hand 
*** SUMMARY ***
Total pot $2.50 | Rake $0 
Seat 1: rødlibanon (small blind) folded before Flop
Seat 2: Seavus10 (big blind) folded before Flop
Seat 3: fossil500 folded before Flop (didn't bet)
Seat 4: nicofellow folded before Flop (didn't bet)
Seat 5: Tibibacsi collected ($2.50)
Seat 6: 50CandyJoe (button) folded before Flop (didn't bet)



PokerStars Hand #254714072693:  Hold'em No Limit ($0.50/$1.00 USD) - 2025/02/04 3:27:53 WET [2025/02/04 22:27:53 ET]
Table 'Chimay' 6-max Seat #1 is the button
Seat 1: rødlibanon ($62.35 in chips) 
Seat 2: Seavus10 ($130.07 in chips) 
Seat 3: fossil500 ($122.09 in chips) 
Seat 4: nicofellow ($102.50 in chips) 
Seat 5: Tibibacsi ($155.68 in chips) 
Seat 6: 50CandyJoe ($104.27 in chips) 
Seavus10: posts small blind $0.50
fossil500: posts big blind $1
*** HOLE CARDS ***
nicofellow: folds 
Tibibacsi: folds 
50CandyJoe: folds 
rødlibanon: folds 
Seavus10: folds 
Uncalled bet ($0.50) returned to fossil500
fossil500 collected $1 from pot
fossil500: doesn't show hand 
*** SUMMARY ***
Total pot $1 | Rake $0 
Seat 1: rødlibanon (button) folded before Flop (didn't bet)
Seat 2: Seavus10 (small blind) folded before Flop
Seat 3: fossil500 (big blind) collected ($1)
Seat 4: nicofellow folded before Flop (didn't bet)
Seat 5: Tibibacsi folded before Flop (didn't bet)
Seat 6: 50CandyJoe folded before Flop (didn't bet)



PokerStars Hand #254714075499:  Hold'em No Limit ($0.50/$1.00 USD) - 2025/02/04 3:28:16 WET [2025/02/04 22:28:16 ET]
Table 'Chimay' 6-max Seat #2 is the button
Seat 1: rødlibanon ($62.35 in chips) 
Seat 2: Seavus10 ($129.57 in chips) 
Seat 3: fossil500 ($122.59 in chips) 
Seat 4: nicofellow ($102.50 in chips) 
Seat 5: Tibibacsi ($155.68 in chips) 
Seat 6: 50CandyJoe ($104.27 in chips) 
fossil500: posts small blind $0.50
nicofellow: posts big blind $1
*** HOLE CARDS ***
Tibibacsi: raises $1 to $2
50CandyJoe: folds 
rødlibanon: folds 
Seavus10: folds 
fossil500: folds 
nicofellow: calls $1
*** FLOP *** [Qd Ts 6s]
nicofellow: checks 
Tibibacsi: checks 
*** TURN *** [Qd Ts 6s] [7d]
nicofellow: bets $1.41
Tibibacsi: calls $1.41
*** RIVER *** [Qd Ts 6s 7d] [4c]
nicofellow: checks 
Tibibacsi: bets $5.21
nicofellow: calls $5.21
*** SHOW DOWN ***
Tibibacsi: shows [Js Jd] (a pair of Jacks)
nicofellow: shows [Qh 3h] (a pair of Queens)
nicofellow collected $16.85 from pot
*** SUMMARY ***
Total pot $17.74 | Rake $0.89 
Board [Qd Ts 6s 7d 4c]
Seat 1: rødlibanon folded before Flop (didn't bet)
Seat 2: Seavus10 (button) folded before Flop (didn't bet)
Seat 3: fossil500 (small blind) folded before Flop
Seat 4: nicofellow (big blind) showed [Qh 3h] and won ($16.85) with a pair of Queens
Seat 5: Tibibacsi showed [Js Jd] and lost with a pair of Jacks
Seat 6: 50CandyJoe folded before Flop (didn't bet)



PokerStars Hand #254714090503:  Hold'em No Limit ($0.50/$1.00 USD) - 2025/02/04 3:30:19 WET [2025/02/04 22:30:19 ET]
Table 'Chimay' 6-max Seat #3 is the button
Seat 1: rødlibanon ($62.35 in chips) 
Seat 2: Seavus10 ($129.57 in chips) 
Seat 3: fossil500 ($122.09 in chips) 
Seat 4: nicofellow ($110.73 in chips) 
Seat 5: Tibibacsi ($147.06 in chips) 
Seat 6: 50CandyJoe ($104.27 in chips) 
nicofellow: posts small blind $0.50
Tibibacsi: posts big blind $1
*** HOLE CARDS ***
50CandyJoe: folds 
rødlibanon: raises $1.50 to $2.50
Seavus10: raises $5 to $7.50
fossil500: folds 
nicofellow: folds 
Tibibacsi: folds 
rødlibanon: calls $5
*** FLOP *** [9c Kd 3d]
rødlibanon: checks 
Seavus10: bets $5.22
rødlibanon: folds 
Uncalled bet ($5.22) returned to Seavus10
Seavus10 collected $15.68 from pot
Seavus10: doesn't show hand 
*** SUMMARY ***
Total pot $16.50 | Rake $0.82 
Board [9c Kd 3d]
Seat 1: rødlibanon folded on the Flop
Seat 2: Seavus10 collected ($15.68)
Seat 3: fossil500 (button) folded before Flop (didn't bet)
Seat 4: nicofellow (small blind) folded before Flop
Seat 5: Tibibacsi (big blind) folded before Flop
Seat 6: 50CandyJoe folded before Flop (didn't bet)



PokerStars Hand #254714095644:  Hold'em No Limit ($0.50/$1.00 USD) - 2025/02/04 3:31:01 WET [2025/02/04 22:31:01 ET]
Table 'Chimay' 6-max Seat #4 is the button
Seat 1: rødlibanon ($54.85 in chips) 
Seat 2: Seavus10 ($137.75 in chips) 
Seat 3: fossil500 ($122.09 in chips) 
Seat 4: nicofellow ($110.23 in chips) 
Seat 5: Tibibacsi ($146.06 in chips) 
Seat 6: 50CandyJoe ($104.27 in chips) 
Tibibacsi: posts small blind $0.50
50CandyJoe: posts big blind $1
*** HOLE CARDS ***
rødlibanon: folds 
Seavus10: folds 
fossil500: folds 
nicofellow: folds 
Tibibacsi: folds 
Uncalled bet ($0.50) returned to 50CandyJoe
50CandyJoe collected $1 from pot
50CandyJoe: doesn't show hand 
*** SUMMARY ***
Total pot $1 | Rake $0 
Seat 1: rødlibanon folded before Flop (didn't bet)
Seat 2: Seavus10 folded before Flop (didn't bet)
Seat 3: fossil500 folded before Flop (didn't bet)
Seat 4: nicofellow (button) folded before Flop (didn't bet)
Seat 5: Tibibacsi (small blind) folded before Flop
Seat 6: 50CandyJoe (big blind) collected ($1)



