PokerStars Hand #254712148694:  Hold'em No Limit ($0.50/$1.00 USD) - 2025/02/04 0:50:40 WET [2025/02/04 19:50:40 ET]
Table 'Perihelion' 6-max Seat #4 is the button
Seat 1: Xenicide ($100 in chips) 
Seat 4: Bessie0009 ($18.16 in chips) 
Seat 5: Espada Fish ($100 in chips) 
Seat 6: Seavus10 ($100 in chips) 
Espada Fish: posts small blind $0.50
Seavus10: posts big blind $1
*** HOLE CARDS ***
Xenicide: raises $1 to $2
Bessie0009: raises $5.50 to $7.50
Espada Fish: folds 
Seavus10: folds 
Xenicide: folds 
Uncalled bet ($5.50) returned to Bessie0009
Bessie0009 collected $5.50 from pot
*** SUMMARY ***
Total pot $5.50 | Rake $0 
Seat 1: Xenicide folded before Flop
Seat 4: Bessie0009 (button) collected ($5.50)
Seat 5: Espada Fish (small blind) folded before Flop
Seat 6: Seavus10 (big blind) folded before Flop



PokerStars Hand #254712155546:  Hold'em No Limit ($0.50/$1.00 USD) - 2025/02/04 0:51:18 WET [2025/02/04 19:51:18 ET]
Table 'Perihelion' 6-max Seat #5 is the button
Seat 1: Xenicide ($100 in chips) 
Seat 4: Bessie0009 ($21.66 in chips) 
Seat 5: Espada Fish ($100 in chips) 
Seat 6: Seavus10 ($100 in chips) 
Seavus10: posts small blind $0.50
Xenicide: posts big blind $1
*** HOLE CARDS ***
Bessie0009: calls $1
Espada Fish: folds 
Seavus10: folds 
Xenicide: checks 
*** FLOP *** [5d 2d Qh]
Xenicide: checks 
Bessie0009: bets $2.38
Xenicide: raises $6.07 to $8.45
Bessie0009: folds 
Uncalled bet ($6.07) returned to Xenicide
Xenicide collected $6.90 from pot
*** SUMMARY ***
Total pot $7.26 | Rake $0.36 
Board [5d 2d Qh]
Seat 1: Xenicide (big blind) collected ($6.90)
Seat 4: Bessie0009 folded on the Flop
Seat 5: Espada Fish (button) folded before Flop (didn't bet)
Seat 6: Seavus10 (small blind) folded before Flop



PokerStars Hand #254712164133:  Hold'em No Limit ($0.50/$1.00 USD) - 2025/02/04 0:52:05 WET [2025/02/04 19:52:05 ET]
Table 'Perihelion' 6-max Seat #6 is the button
Seat 1: Xenicide ($103.52 in chips) 
Seat 4: Bessie0009 ($18.28 in chips) 
Seat 5: Espada Fish ($100 in chips) 
Seat 6: Seavus10 ($100 in chips) 
Xenicide: posts small blind $0.50
Bessie0009: posts big blind $1
*** HOLE CARDS ***
Espada Fish: folds 
Seavus10: folds 
Xenicide: raises $2.50 to $3.50
Bessie0009: folds 
Uncalled bet ($2.50) returned to Xenicide
Xenicide collected $2 from pot
*** SUMMARY ***
Total pot $2 | Rake $0 
Seat 1: Xenicide (small blind) collected ($2)
Seat 4: Bessie0009 (big blind) folded before Flop
Seat 5: Espada Fish folded before Flop (didn't bet)
Seat 6: Seavus10 (button) folded before Flop (didn't bet)



PokerStars Hand #254712168589:  Hold'em No Limit ($0.50/$1.00 USD) - 2025/02/04 0:52:30 WET [2025/02/04 19:52:30 ET]
Table 'Perihelion' 6-max Seat #1 is the button
Seat 1: Xenicide ($104.52 in chips) 
Seat 4: Bessie0009 ($17.28 in chips) 
Seat 5: Espada Fish ($100 in chips) 
Seat 6: Seavus10 ($100 in chips) 
Bessie0009: posts small blind $0.50
Espada Fish: posts big blind $1
*** HOLE CARDS ***
Seavus10: raises $1.20 to $2.20
Xenicide: folds 
Bessie0009: folds 
Espada Fish: raises $9.80 to $12
Seavus10: calls $9.80
*** FLOP *** [7h 5d Qd]
Espada Fish: bets $7.76
Seavus10: folds 
Uncalled bet ($7.76) returned to Espada Fish
Espada Fish collected $23.50 from pot
Espada Fish: doesn't show hand 
*** SUMMARY ***
Total pot $24.50 | Rake $1 
Board [7h 5d Qd]
Seat 1: Xenicide (button) folded before Flop (didn't bet)
Seat 4: Bessie0009 (small blind) folded before Flop
Seat 5: Espada Fish (big blind) collected ($23.50)
Seat 6: Seavus10 folded on the Flop



PokerStars Hand #254712178939:  Hold'em No Limit ($0.50/$1.00 USD) - 2025/02/04 0:53:28 WET [2025/02/04 19:53:28 ET]
Table 'Perihelion' 6-max Seat #4 is the button
Seat 1: Xenicide ($104.52 in chips) 
Seat 4: Bessie0009 ($16.78 in chips) 
Seat 5: Espada Fish ($111.50 in chips) 
Seat 6: Seavus10 ($100 in chips) 
Espada Fish: posts small blind $0.50
Seavus10: posts big blind $1
*** HOLE CARDS ***
Xenicide: folds 
Bessie0009: folds 
Espada Fish: raises $2 to $3
Seavus10: folds 
Uncalled bet ($2) returned to Espada Fish
Espada Fish collected $2 from pot
Espada Fish: doesn't show hand 
*** SUMMARY ***
Total pot $2 | Rake $0 
Seat 1: Xenicide folded before Flop (didn't bet)
Seat 4: Bessie0009 (button) folded before Flop (didn't bet)
Seat 5: Espada Fish (small blind) collected ($2)
Seat 6: Seavus10 (big blind) folded before Flop



PokerStars Hand #254712181652:  Hold'em No Limit ($0.50/$1.00 USD) - 2025/02/04 0:53:43 WET [2025/02/04 19:53:43 ET]
Table 'Perihelion' 6-max Seat #5 is the button
Seat 1: Xenicide ($104.52 in chips) 
Seat 4: Bessie0009 ($16.78 in chips) 
Seat 5: Espada Fish ($112.50 in chips) 
Seat 6: Seavus10 ($100 in chips) 
Seavus10: posts small blind $0.50
Xenicide: posts big blind $1
*** HOLE CARDS ***
Bessie0009: folds 
Espada Fish: folds 
Seavus10: folds 
Uncalled bet ($0.50) returned to Xenicide
Xenicide collected $1 from pot
*** SUMMARY ***
Total pot $1 | Rake $0 
Seat 1: Xenicide (big blind) collected ($1)
Seat 4: Bessie0009 folded before Flop (didn't bet)
Seat 5: Espada Fish (button) folded before Flop (didn't bet)
Seat 6: Seavus10 (small blind) folded before Flop



PokerStars Hand #254712183765:  Hold'em No Limit ($0.50/$1.00 USD) - 2025/02/04 0:53:55 WET [2025/02/04 19:53:55 ET]
Table 'Perihelion' 6-max Seat #6 is the button
Seat 1: Xenicide ($105.02 in chips) 
Seat 4: Bessie0009 ($16.78 in chips) 
Seat 5: Espada Fish ($112.50 in chips) 
Seat 6: Seavus10 ($100 in chips) 
Xenicide: posts small blind $0.50
Bessie0009: posts big blind $1
*** HOLE CARDS ***
Espada Fish: folds 
Seavus10: raises $1.50 to $2.50
Xenicide: folds 
Bessie0009: raises $5.50 to $8
Seavus10: folds 
Uncalled bet ($5.50) returned to Bessie0009
Bessie0009 collected $5.50 from pot
*** SUMMARY ***
Total pot $5.50 | Rake $0 
Seat 1: Xenicide (small blind) folded before Flop
Seat 4: Bessie0009 (big blind) collected ($5.50)
Seat 5: Espada Fish folded before Flop (didn't bet)
Seat 6: Seavus10 (button) folded before Flop



PokerStars Hand #254712187991:  Hold'em No Limit ($0.50/$1.00 USD) - 2025/02/04 0:54:19 WET [2025/02/04 19:54:19 ET]
Table 'Perihelion' 6-max Seat #1 is the button
Seat 1: Xenicide ($104.52 in chips) 
Seat 4: Bessie0009 ($19.78 in chips) 
Seat 5: Espada Fish ($112.50 in chips) 
Seat 6: Seavus10 ($100 in chips) 
Bessie0009: posts small blind $0.50
Espada Fish: posts big blind $1
*** HOLE CARDS ***
Seavus10: folds 
Xenicide: folds 
Bessie0009: calls $0.50
Espada Fish: checks 
*** FLOP *** [Qc 6d 5d]
Bessie0009: checks 
Espada Fish: bets $1.43
Bessie0009: folds 
Uncalled bet ($1.43) returned to Espada Fish
Espada Fish collected $1.90 from pot
Espada Fish: doesn't show hand 
*** SUMMARY ***
Total pot $2 | Rake $0.10 
Board [Qc 6d 5d]
Seat 1: Xenicide (button) folded before Flop (didn't bet)
Seat 4: Bessie0009 (small blind) folded on the Flop
Seat 5: Espada Fish (big blind) collected ($1.90)
Seat 6: Seavus10 folded before Flop (didn't bet)



PokerStars Hand #254712193684:  Hold'em No Limit ($0.50/$1.00 USD) - 2025/02/04 0:54:50 WET [2025/02/04 19:54:50 ET]
Table 'Perihelion' 6-max Seat #4 is the button
Seat 1: Xenicide ($104.52 in chips) 
Seat 4: Bessie0009 ($18.78 in chips) 
Seat 5: Espada Fish ($113.40 in chips) 
Seat 6: Seavus10 ($100 in chips) 
Espada Fish: posts small blind $0.50
Seavus10: posts big blind $1
*** HOLE CARDS ***
Xenicide: folds 
Bessie0009: calls $1
Espada Fish: folds 
Seavus10: checks 
*** FLOP *** [4s 4c 7c]
Seavus10: checks 
Bessie0009: checks 
*** TURN *** [4s 4c 7c] [Jd]
Seavus10: checks 
Bessie0009: bets $2.38
Seavus10: calls $2.38
*** RIVER *** [4s 4c 7c Jd] [6s]
Seavus10: checks 
Bessie0009: bets $6.90
Seavus10: raises $52.79 to $59.69
Bessie0009: folds 
Uncalled bet ($52.79) returned to Seavus10
Seavus10 collected $20.06 from pot
Seavus10: doesn't show hand 
*** SUMMARY ***
Total pot $21.06 | Rake $1 
Board [4s 4c 7c Jd 6s]
Seat 1: Xenicide folded before Flop (didn't bet)
Seat 4: Bessie0009 (button) folded on the River
Seat 5: Espada Fish (small blind) folded before Flop
Seat 6: Seavus10 (big blind) collected ($20.06)



PokerStars Hand #254712203706:  Hold'em No Limit ($0.50/$1.00 USD) - 2025/02/04 0:55:56 WET [2025/02/04 19:55:56 ET]
Table 'Perihelion' 6-max Seat #5 is the button
Seat 1: Xenicide ($104.52 in chips) 
Seat 4: Bessie0009 ($8.50 in chips) 
Seat 5: Espada Fish ($112.90 in chips) 
Seat 6: Seavus10 ($109.78 in chips) 
Seavus10: posts small blind $0.50
Xenicide: posts big blind $1
*** HOLE CARDS ***
Bessie0009: folds 
Espada Fish: raises $1.50 to $2.50
Seavus10: raises $8.50 to $11
Xenicide: raises $11 to $22
Espada Fish: folds 
Seavus10: folds 
Uncalled bet ($11) returned to Xenicide
Xenicide collected $24.50 from pot
*** SUMMARY ***
Total pot $24.50 | Rake $0 
Seat 1: Xenicide (big blind) collected ($24.50)
Seat 4: Bessie0009 folded before Flop (didn't bet)
Seat 5: Espada Fish (button) folded before Flop
Seat 6: Seavus10 (small blind) folded before Flop



PokerStars Hand #254712207371:  Hold'em No Limit ($0.50/$1.00 USD) - 2025/02/04 0:56:21 WET [2025/02/04 19:56:21 ET]
Table 'Perihelion' 6-max Seat #6 is the button
Seat 1: Xenicide ($118.02 in chips) 
Seat 4: Bessie0009 ($8.50 in chips) 
Seat 5: Espada Fish ($110.40 in chips) 
Seat 6: Seavus10 ($100 in chips) 
Xenicide: posts small blind $0.50
Bessie0009: posts big blind $1
*** HOLE CARDS ***
Espada Fish: folds 
Seavus10: folds 
Xenicide: folds 
Uncalled bet ($0.50) returned to Bessie0009
Bessie0009 collected $1 from pot
*** SUMMARY ***
Total pot $1 | Rake $0 
Seat 1: Xenicide (small blind) folded before Flop
Seat 4: Bessie0009 (big blind) collected ($1)
Seat 5: Espada Fish folded before Flop (didn't bet)
Seat 6: Seavus10 (button) folded before Flop (didn't bet)



PokerStars Hand #254712209542:  Hold'em No Limit ($0.50/$1.00 USD) - 2025/02/04 0:56:36 WET [2025/02/04 19:56:36 ET]
Table 'Perihelion' 6-max Seat #1 is the button
Seat 1: Xenicide ($117.52 in chips) 
Seat 4: Bessie0009 ($9 in chips) 
Seat 5: Espada Fish ($110.40 in chips) 
Seat 6: Seavus10 ($100 in chips) 
Bessie0009: posts small blind $0.50
Espada Fish: posts big blind $1
*** HOLE CARDS ***
Seavus10: folds 
Xenicide: folds 
Bessie0009: calls $0.50
Espada Fish: checks 
*** FLOP *** [Kh Kd 6h]
Bessie0009: checks 
Espada Fish: checks 
*** TURN *** [Kh Kd 6h] [6s]
Bessie0009: bets $1.90
Espada Fish: folds 
Uncalled bet ($1.90) returned to Bessie0009
Bessie0009 collected $1.90 from pot
*** SUMMARY ***
Total pot $2 | Rake $0.10 
Board [Kh Kd 6h 6s]
Seat 1: Xenicide (button) folded before Flop (didn't bet)
Seat 4: Bessie0009 (small blind) collected ($1.90)
Seat 5: Espada Fish (big blind) folded on the Turn
Seat 6: Seavus10 folded before Flop (didn't bet)



PokerStars Hand #254712213911:  Hold'em No Limit ($0.50/$1.00 USD) - 2025/02/04 0:57:07 WET [2025/02/04 19:57:07 ET]
Table 'Perihelion' 6-max Seat #4 is the button
Seat 1: Xenicide ($117.52 in chips) 
Seat 4: Bessie0009 ($9.90 in chips) 
Seat 5: Espada Fish ($109.40 in chips) 
Seat 6: Seavus10 ($100 in chips) 
Espada Fish: posts small blind $0.50
Seavus10: posts big blind $1
*** HOLE CARDS ***
Xenicide: folds 
Bessie0009: folds 
Espada Fish: raises $2 to $3
Seavus10: folds 
Uncalled bet ($2) returned to Espada Fish
Espada Fish collected $2 from pot
Espada Fish: doesn't show hand 
*** SUMMARY ***
Total pot $2 | Rake $0 
Seat 1: Xenicide folded before Flop (didn't bet)
Seat 4: Bessie0009 (button) folded before Flop (didn't bet)
Seat 5: Espada Fish (small blind) collected ($2)
Seat 6: Seavus10 (big blind) folded before Flop



PokerStars Hand #254712217079:  Hold'em No Limit ($0.50/$1.00 USD) - 2025/02/04 0:57:29 WET [2025/02/04 19:57:29 ET]
Table 'Perihelion' 6-max Seat #5 is the button
Seat 1: Xenicide ($117.52 in chips) 
Seat 4: Bessie0009 ($9.90 in chips) 
Seat 5: Espada Fish ($110.40 in chips) 
Seat 6: Seavus10 ($100 in chips) 
Seavus10: posts small blind $0.50
Xenicide: posts big blind $1
*** HOLE CARDS ***
J0SHB0SH joins the table at seat #3 
Bessie0009: folds 
Espada Fish: folds 
Seavus10: folds 
Uncalled bet ($0.50) returned to Xenicide
Xenicide collected $1 from pot
*** SUMMARY ***
Total pot $1 | Rake $0 
Seat 1: Xenicide (big blind) collected ($1)
Seat 4: Bessie0009 folded before Flop (didn't bet)
Seat 5: Espada Fish (button) folded before Flop (didn't bet)
Seat 6: Seavus10 (small blind) folded before Flop



PokerStars Hand #254712218369:  Hold'em No Limit ($0.50/$1.00 USD) - 2025/02/04 0:57:37 WET [2025/02/04 19:57:37 ET]
Table 'Perihelion' 6-max Seat #6 is the button
Seat 1: Xenicide ($118.02 in chips) 
Seat 3: J0SHB0SH ($100 in chips) 
Seat 4: Bessie0009 ($9.90 in chips) 
Seat 5: Espada Fish ($110.40 in chips) 
Seat 6: Seavus10 ($100 in chips) 
Xenicide: posts small blind $0.50
J0SHB0SH: posts big blind $1
*** HOLE CARDS ***
Bessie0009: calls $1
Espada Fish: folds 
Seavus10: folds 
Xenicide: folds 
J0SHB0SH: checks 
*** FLOP *** [Ah 9h Td]
J0SHB0SH: checks 
Bessie0009: checks 
*** TURN *** [Ah 9h Td] [2d]
J0SHB0SH: bets $1
Bessie0009: folds 
Uncalled bet ($1) returned to J0SHB0SH
J0SHB0SH collected $2.38 from pot
J0SHB0SH: doesn't show hand 
*** SUMMARY ***
Total pot $2.50 | Rake $0.12 
Board [Ah 9h Td 2d]
Seat 1: Xenicide (small blind) folded before Flop
Seat 3: J0SHB0SH (big blind) collected ($2.38)
Seat 4: Bessie0009 folded on the Turn
Seat 5: Espada Fish folded before Flop (didn't bet)
Seat 6: Seavus10 (button) folded before Flop (didn't bet)



PokerStars Hand #254712222068:  Hold'em No Limit ($0.50/$1.00 USD) - 2025/02/04 0:58:02 WET [2025/02/04 19:58:02 ET]
Table 'Perihelion' 6-max Seat #1 is the button
Seat 1: Xenicide ($117.52 in chips) 
Seat 3: J0SHB0SH ($101.38 in chips) 
Seat 4: Bessie0009 ($8.90 in chips) 
Seat 5: Espada Fish ($110.40 in chips) 
Seat 6: Seavus10 ($100 in chips) 
J0SHB0SH: posts small blind $0.50
Bessie0009: posts big blind $1
*** HOLE CARDS ***
Espada Fish: folds 
Seavus10: folds 
Xenicide: folds 
wyatt175 joins the table at seat #2 
J0SHB0SH: calls $0.50
wyatt175 is disconnected 
Bessie0009: raises $2 to $3
J0SHB0SH: folds 
Uncalled bet ($2) returned to Bessie0009
Bessie0009 collected $2 from pot
*** SUMMARY ***
Total pot $2 | Rake $0 
Seat 1: Xenicide (button) folded before Flop (didn't bet)
Seat 3: J0SHB0SH (small blind) folded before Flop
Seat 4: Bessie0009 (big blind) collected ($2)
Seat 5: Espada Fish folded before Flop (didn't bet)
Seat 6: Seavus10 folded before Flop (didn't bet)



PokerStars Hand #254712224542:  Hold'em No Limit ($0.50/$1.00 USD) - 2025/02/04 0:58:20 WET [2025/02/04 19:58:20 ET]
Table 'Perihelion' 6-max Seat #3 is the button
Seat 2: wyatt175 ($33.85 in chips) is sitting out
Seat 1: Xenicide ($117.52 in chips) 
Seat 3: J0SHB0SH ($100.38 in chips) 
Seat 4: Bessie0009 ($9.90 in chips) 
Seat 5: Espada Fish ($110.40 in chips) 
Seat 6: Seavus10 ($100 in chips) 
Bessie0009: posts small blind $0.50
Espada Fish: posts big blind $1
wyatt175: sits out 
*** HOLE CARDS ***
Seavus10: raises $1.20 to $2.20
Xenicide: folds 
J0SHB0SH: folds 
Bessie0009: raises $7.70 to $9.90 and is all-in
Espada Fish: folds 
Seavus10: calls $7.70
*** FLOP *** [Ac 4d 3s]
*** TURN *** [Ac 4d 3s] [6h]
*** RIVER *** [Ac 4d 3s 6h] [7d]
*** SHOW DOWN ***
Bessie0009: shows [Ad Tc] (a pair of Aces)
Seavus10: shows [9s 9c] (a pair of Nines)
Bessie0009 collected $19.76 from pot
*** SUMMARY ***
Total pot $20.80 | Rake $1.04 
Board [Ac 4d 3s 6h 7d]
Seat 2: wyatt175
Seat 1: Xenicide folded before Flop (didn't bet)
Seat 3: J0SHB0SH (button) folded before Flop (didn't bet)
Seat 4: Bessie0009 (small blind) showed [Ad Tc] and won ($19.76) with a pair of Aces
Seat 5: Espada Fish (big blind) folded before Flop
Seat 6: Seavus10 showed [9s 9c] and lost with a pair of Nines



PokerStars Hand #254712229048:  Hold'em No Limit ($0.50/$1.00 USD) - 2025/02/04 0:58:51 WET [2025/02/04 19:58:51 ET]
Table 'Perihelion' 6-max Seat #4 is the button
Seat 2: wyatt175 ($33.85 in chips) is sitting out
Seat 1: Xenicide ($117.52 in chips) 
Seat 3: J0SHB0SH ($100.38 in chips) 
Seat 4: Bessie0009 ($19.76 in chips) 
Seat 5: Espada Fish ($109.40 in chips) 
Seat 6: Seavus10 ($100 in chips) 
Espada Fish: posts small blind $0.50
Seavus10: posts big blind $1
wyatt175: sits out 
*** HOLE CARDS ***
Xenicide: folds 
J0SHB0SH: raises $1.50 to $2.50
Bessie0009: calls $2.50
Espada Fish: folds 
Seavus10: folds 
*** FLOP *** [2h 3d 5d]
J0SHB0SH: checks 
Bessie0009: bets $6.18
J0SHB0SH: raises $91.70 to $97.88 and is all-in
Bessie0009: calls $11.08 and is all-in
Uncalled bet ($80.62) returned to J0SHB0SH
*** TURN *** [2h 3d 5d] [7s]
*** RIVER *** [2h 3d 5d 7s] [8c]
*** SHOW DOWN ***
J0SHB0SH: shows [As 8h] (a pair of Eights)
Bessie0009: shows [Ac 4s] (a straight, Ace to Five)
Bessie0009 collected $38.97 from pot
*** SUMMARY ***
Total pot $41.02 | Rake $2.05 
Board [2h 3d 5d 7s 8c]
Seat 2: wyatt175
Seat 1: Xenicide folded before Flop (didn't bet)
Seat 3: J0SHB0SH showed [As 8h] and lost with a pair of Eights
Seat 4: Bessie0009 (button) showed [Ac 4s] and won ($38.97) with a straight, Ace to Five
Seat 5: Espada Fish (small blind) folded before Flop
Seat 6: Seavus10 (big blind) folded before Flop



PokerStars Hand #254712236128:  Hold'em No Limit ($0.50/$1.00 USD) - 2025/02/04 0:59:40 WET [2025/02/04 19:59:40 ET]
Table 'Perihelion' 6-max Seat #5 is the button
Seat 1: Xenicide ($117.52 in chips) 
Seat 2: wyatt175 ($33.85 in chips) 
Seat 3: J0SHB0SH ($100 in chips) 
Seat 4: Bessie0009 ($38.97 in chips) 
Seat 5: Espada Fish ($108.90 in chips) 
Seat 6: Seavus10 ($100 in chips) 
Seavus10: posts small blind $0.50
Xenicide: posts big blind $1
wyatt175: posts big blind $1
*** HOLE CARDS ***
wyatt175: checks 
J0SHB0SH: folds 
Bessie0009: calls $1
Espada Fish: folds 
Seavus10: raises $4.50 to $5.50
Xenicide: folds 
wyatt175: folds 
Bessie0009: folds 
Uncalled bet ($4.50) returned to Seavus10
Seavus10 collected $4 from pot
Seavus10: doesn't show hand 
*** SUMMARY ***
Total pot $4 | Rake $0 
Seat 1: Xenicide (big blind) folded before Flop
Seat 2: wyatt175 folded before Flop (didn't bet)
Seat 3: J0SHB0SH folded before Flop (didn't bet)
Seat 4: Bessie0009 folded before Flop
Seat 5: Espada Fish (button) folded before Flop (didn't bet)
Seat 6: Seavus10 (small blind) collected ($4)



PokerStars Hand #254712243158:  Hold'em No Limit ($0.50/$1.00 USD) - 2025/02/04 1:00:27 WET [2025/02/04 20:00:27 ET]
Table 'Perihelion' 6-max Seat #6 is the button
Seat 1: Xenicide ($116.52 in chips) 
Seat 2: wyatt175 ($32.85 in chips) 
Seat 3: J0SHB0SH ($100 in chips) 
Seat 4: Bessie0009 ($37.97 in chips) 
Seat 5: Espada Fish ($108.90 in chips) 
Seat 6: Seavus10 ($103 in chips) 
Xenicide: posts small blind $0.50
wyatt175: posts big blind $1
*** HOLE CARDS ***
J0SHB0SH: folds 
Bessie0009: calls $1
Espada Fish: folds 
Seavus10: folds 
Xenicide: folds 
wyatt175: raises $1 to $2
Bessie0009: calls $1
*** FLOP *** [Ts 8h 2s]
wyatt175: bets $2
Bessie0009: calls $2
*** TURN *** [Ts 8h 2s] [5s]
wyatt175: checks 
Bessie0009: bets $4.04
wyatt175: raises $4.04 to $8.08
Bessie0009: raises $25.89 to $33.97 and is all-in
wyatt175: calls $20.77 and is all-in
Uncalled bet ($5.12) returned to Bessie0009
*** RIVER *** [Ts 8h 2s 5s] [5d]
*** SHOW DOWN ***
wyatt175: shows [As 9s] (a flush, Ace high)
Bessie0009: shows [Js 6s] (a flush, Jack high)
wyatt175 collected $63.70 from pot
*** SUMMARY ***
Total pot $66.20 | Rake $2.50 
Board [Ts 8h 2s 5s 5d]
Seat 1: Xenicide (small blind) folded before Flop
Seat 2: wyatt175 (big blind) showed [As 9s] and won ($63.70) with a flush, Ace high
Seat 3: J0SHB0SH folded before Flop (didn't bet)
Seat 4: Bessie0009 showed [Js 6s] and lost with a flush, Jack high
Seat 5: Espada Fish folded before Flop (didn't bet)
Seat 6: Seavus10 (button) folded before Flop (didn't bet)



PokerStars Hand #254712252765:  Hold'em No Limit ($0.50/$1.00 USD) - 2025/02/04 1:01:24 WET [2025/02/04 20:01:24 ET]
Table 'Perihelion' 6-max Seat #1 is the button
Seat 1: Xenicide ($116.02 in chips) 
Seat 2: wyatt175 ($63.70 in chips) 
Seat 3: J0SHB0SH ($100 in chips) 
Seat 4: Bessie0009 ($5.12 in chips) 
Seat 5: Espada Fish ($108.90 in chips) 
Seat 6: Seavus10 ($103 in chips) 
wyatt175: posts small blind $0.50
J0SHB0SH: posts big blind $1
*** HOLE CARDS ***
Bessie0009: raises $4.12 to $5.12 and is all-in
Espada Fish: folds 
Seavus10: folds 
Xenicide: folds 
wyatt175: calls $4.62
J0SHB0SH: folds 
*** FLOP *** [Qh 5s As]
*** TURN *** [Qh 5s As] [Td]
*** RIVER *** [Qh 5s As Td] [5h]
*** SHOW DOWN ***
wyatt175: shows [Ah 9c] (two pair, Aces and Fives)
Bessie0009: shows [Ad Qd] (two pair, Aces and Queens)
Bessie0009 collected $10.68 from pot
*** SUMMARY ***
Total pot $11.24 | Rake $0.56 
Board [Qh 5s As Td 5h]
Seat 1: Xenicide (button) folded before Flop (didn't bet)
Seat 2: wyatt175 (small blind) showed [Ah 9c] and lost with two pair, Aces and Fives
Seat 3: J0SHB0SH (big blind) folded before Flop
Seat 4: Bessie0009 showed [Ad Qd] and won ($10.68) with two pair, Aces and Queens
Seat 5: Espada Fish folded before Flop (didn't bet)
Seat 6: Seavus10 folded before Flop (didn't bet)



PokerStars Hand #254712257749:  Hold'em No Limit ($0.50/$1.00 USD) - 2025/02/04 1:01:53 WET [2025/02/04 20:01:53 ET]
Table 'Perihelion' 6-max Seat #2 is the button
Seat 1: Xenicide ($116.02 in chips) 
Seat 2: wyatt175 ($58.58 in chips) 
Seat 3: J0SHB0SH ($100 in chips) 
Seat 4: Bessie0009 ($10.68 in chips) 
Seat 5: Espada Fish ($108.90 in chips) 
Seat 6: Seavus10 ($103 in chips) 
J0SHB0SH: posts small blind $0.50
Bessie0009: posts big blind $1
*** HOLE CARDS ***
Espada Fish: folds 
Seavus10: raises $1.20 to $2.20
Xenicide: folds 
wyatt175: folds 
J0SHB0SH: folds 
Bessie0009: calls $1.20
*** FLOP *** [Kd 9d Td]
Bessie0009: checks 
Seavus10: bets $1.55
Bessie0009: calls $1.55
*** TURN *** [Kd 9d Td] [2h]
Bessie0009: checks 
Seavus10: checks 
*** RIVER *** [Kd 9d Td 2h] [9c]
Bessie0009: bets $6.93 and is all-in
Seavus10: folds 
Uncalled bet ($6.93) returned to Bessie0009
Bessie0009 collected $7.60 from pot
*** SUMMARY ***
Total pot $8 | Rake $0.40 
Board [Kd 9d Td 2h 9c]
Seat 1: Xenicide folded before Flop (didn't bet)
Seat 2: wyatt175 (button) folded before Flop (didn't bet)
Seat 3: J0SHB0SH (small blind) folded before Flop
Seat 4: Bessie0009 (big blind) collected ($7.60)
Seat 5: Espada Fish folded before Flop (didn't bet)
Seat 6: Seavus10 folded on the River



PokerStars Hand #254712265999:  Hold'em No Limit ($0.50/$1.00 USD) - 2025/02/04 1:02:38 WET [2025/02/04 20:02:38 ET]
Table 'Perihelion' 6-max Seat #3 is the button
Seat 1: Xenicide ($116.02 in chips) 
Seat 2: wyatt175 ($58.58 in chips) 
Seat 3: J0SHB0SH ($100 in chips) 
Seat 4: Bessie0009 ($14.53 in chips) 
Seat 5: Espada Fish ($108.90 in chips) 
Seat 6: Seavus10 ($100 in chips) 
Bessie0009: posts small blind $0.50
Espada Fish: posts big blind $1
*** HOLE CARDS ***
Seavus10: folds 
Xenicide: raises $1 to $2
wyatt175: folds 
J0SHB0SH: folds 
Bessie0009: folds 
Espada Fish: folds 
Uncalled bet ($1) returned to Xenicide
Xenicide collected $2.50 from pot
*** SUMMARY ***
Total pot $2.50 | Rake $0 
Seat 1: Xenicide collected ($2.50)
Seat 2: wyatt175 folded before Flop (didn't bet)
Seat 3: J0SHB0SH (button) folded before Flop (didn't bet)
Seat 4: Bessie0009 (small blind) folded before Flop
Seat 5: Espada Fish (big blind) folded before Flop
Seat 6: Seavus10 folded before Flop (didn't bet)



PokerStars Hand #254712268614:  Hold'em No Limit ($0.50/$1.00 USD) - 2025/02/04 1:02:53 WET [2025/02/04 20:02:53 ET]
Table 'Perihelion' 6-max Seat #4 is the button
Seat 1: Xenicide ($117.52 in chips) 
Seat 2: wyatt175 ($58.58 in chips) 
Seat 3: J0SHB0SH ($100 in chips) 
Seat 4: Bessie0009 ($14.03 in chips) 
Seat 5: Espada Fish ($107.90 in chips) 
Seat 6: Seavus10 ($100 in chips) 
Espada Fish: posts small blind $0.50
Seavus10: posts big blind $1
*** HOLE CARDS ***
Xenicide: raises $1 to $2
wyatt175: calls $2
J0SHB0SH: folds 
Bessie0009: folds 
Espada Fish: folds 
Seavus10: folds 
*** FLOP *** [Th 4c 2s]
Xenicide: checks 
wyatt175: checks 
*** TURN *** [Th 4c 2s] [8s]
Xenicide: checks 
wyatt175: bets $6
Xenicide: folds 
Uncalled bet ($6) returned to wyatt175
wyatt175 collected $5.22 from pot
*** SUMMARY ***
Total pot $5.50 | Rake $0.28 
Board [Th 4c 2s 8s]
Seat 1: Xenicide folded on the Turn
Seat 2: wyatt175 collected ($5.22)
Seat 3: J0SHB0SH folded before Flop (didn't bet)
Seat 4: Bessie0009 (button) folded before Flop (didn't bet)
Seat 5: Espada Fish (small blind) folded before Flop
Seat 6: Seavus10 (big blind) folded before Flop



PokerStars Hand #254712281985:  Hold'em No Limit ($0.50/$1.00 USD) - 2025/02/04 1:04:09 WET [2025/02/04 20:04:09 ET]
Table 'Perihelion' 6-max Seat #5 is the button
Seat 1: Xenicide ($115.52 in chips) 
Seat 2: wyatt175 ($61.80 in chips) 
Seat 3: J0SHB0SH ($100 in chips) 
Seat 4: Bessie0009 ($14.03 in chips) 
Seat 5: Espada Fish ($107.40 in chips) 
Seat 6: Seavus10 ($100 in chips) 
Seavus10: posts small blind $0.50
Xenicide: posts big blind $1
*** HOLE CARDS ***
wyatt175: calls $1
J0SHB0SH: folds 
Bessie0009: calls $1
Espada Fish: folds 
Seavus10: folds 
Xenicide: checks 
*** FLOP *** [8h 8s 7h]
Xenicide: checks 
wyatt175: checks 
Bessie0009: checks 
*** TURN *** [8h 8s 7h] [Qs]
Xenicide: checks 
wyatt175: checks 
Bessie0009: bets $3.32
Xenicide: folds 
wyatt175: folds 
Uncalled bet ($3.32) returned to Bessie0009
Bessie0009 collected $3.32 from pot
*** SUMMARY ***
Total pot $3.50 | Rake $0.18 
Board [8h 8s 7h Qs]
Seat 1: Xenicide (big blind) folded on the Turn
Seat 2: wyatt175 folded on the Turn
Seat 3: J0SHB0SH folded before Flop (didn't bet)
Seat 4: Bessie0009 collected ($3.32)
Seat 5: Espada Fish (button) folded before Flop (didn't bet)
Seat 6: Seavus10 (small blind) folded before Flop



PokerStars Hand #254712512213:  Hold'em No Limit ($0.50/$1.00 USD) - 2025/02/04 1:26:24 WET [2025/02/04 20:26:24 ET]
Table 'Perihelion' 6-max Seat #6 is the button
Seat 2: wyatt175 ($0 in chips) is sitting out
Seat 1: Xenicide ($101.02 in chips) 
Seat 3: J0SHB0SH ($110.54 in chips) 
Seat 4: Nazareno1999 ($100.25 in chips) 
Seat 5: Espada Fish ($100 in chips) 
Seat 6: Seavus10 ($159.34 in chips) 
Xenicide: posts small blind $0.50
J0SHB0SH: posts big blind $1
*** HOLE CARDS ***
Nazareno1999: raises $1.20 to $2.20
Espada Fish: folds 
Seavus10: folds 
Xenicide: folds 
J0SHB0SH: folds 
Uncalled bet ($1.20) returned to Nazareno1999
Nazareno1999 collected $2.50 from pot
Nazareno1999: doesn't show hand 
*** SUMMARY ***
Total pot $2.50 | Rake $0 
Seat 2: wyatt175
Seat 1: Xenicide (small blind) folded before Flop
Seat 3: J0SHB0SH (big blind) folded before Flop
Seat 4: Nazareno1999 collected ($2.50)
Seat 5: Espada Fish folded before Flop (didn't bet)
Seat 6: Seavus10 (button) folded before Flop (didn't bet)



PokerStars Hand #254712514956:  Hold'em No Limit ($0.50/$1.00 USD) - 2025/02/04 1:26:40 WET [2025/02/04 20:26:40 ET]
Table 'Perihelion' 6-max Seat #1 is the button
Seat 2: wyatt175 ($0 in chips) is sitting out
Seat 1: Xenicide ($100.52 in chips) 
Seat 3: J0SHB0SH ($109.54 in chips) 
Seat 4: Nazareno1999 ($101.75 in chips) 
Seat 5: Espada Fish ($100 in chips) 
Seat 6: Seavus10 ($159.34 in chips) 
J0SHB0SH: posts small blind $0.50
Nazareno1999: posts big blind $1
*** HOLE CARDS ***
Espada Fish: folds 
Seavus10: folds 
Xenicide: folds 
J0SHB0SH: raises $2 to $3
Nazareno1999: calls $2
*** FLOP *** [Kc 6h 2h]
J0SHB0SH: checks 
Nazareno1999: checks 
*** TURN *** [Kc 6h 2h] [8c]
J0SHB0SH: checks 
Nazareno1999: checks 
*** RIVER *** [Kc 6h 2h 8c] [5s]
J0SHB0SH: bets $1.88
Nazareno1999: calls $1.88
*** SHOW DOWN ***
J0SHB0SH: shows [As 4c] (high card Ace)
Nazareno1999: shows [Ah Jd] (high card Ace - King+Jack kicker)
Nazareno1999 collected $9.27 from pot
*** SUMMARY ***
Total pot $9.76 | Rake $0.49 
Board [Kc 6h 2h 8c 5s]
Seat 2: wyatt175
Seat 1: Xenicide (button) folded before Flop (didn't bet)
Seat 3: J0SHB0SH (small blind) showed [As 4c] and lost with high card Ace
Seat 4: Nazareno1999 (big blind) showed [Ah Jd] and won ($9.27) with high card Ace
Seat 5: Espada Fish folded before Flop (didn't bet)
Seat 6: Seavus10 folded before Flop (didn't bet)



PokerStars Hand #254712525496:  Hold'em No Limit ($0.50/$1.00 USD) - 2025/02/04 1:27:41 WET [2025/02/04 20:27:41 ET]
Table 'Perihelion' 6-max Seat #3 is the button
Seat 2: wyatt175 ($0 in chips) is sitting out
Seat 5: Espada Fish ($100 in chips) is sitting out
Seat 1: Xenicide ($100.52 in chips) 
Seat 3: J0SHB0SH ($104.66 in chips) 
Seat 4: Nazareno1999 ($106.14 in chips) 
Seat 6: Seavus10 ($159.34 in chips) 
Nazareno1999: posts small blind $0.50
Espada Fish: is sitting out 
Seavus10: posts big blind $1
*** HOLE CARDS ***
Xenicide: folds 
J0SHB0SH: folds 
Nazareno1999: raises $1.50 to $2.50
Espada Fish leaves the table
Seavus10: calls $1.50
*** FLOP *** [8d 2s Kh]
Nazareno1999: bets $1.57
Seavus10: folds 
Uncalled bet ($1.57) returned to Nazareno1999
Nazareno1999 collected $4.75 from pot
Nazareno1999: doesn't show hand 
*** SUMMARY ***
Total pot $5 | Rake $0.25 
Board [8d 2s Kh]
Seat 2: wyatt175
Seat 5: Espada Fish
Seat 1: Xenicide folded before Flop (didn't bet)
Seat 3: J0SHB0SH (button) folded before Flop (didn't bet)
Seat 4: Nazareno1999 (small blind) collected ($4.75)
Seat 6: Seavus10 (big blind) folded on the Flop



PokerStars Hand #254712535366:  Hold'em No Limit ($0.50/$1.00 USD) - 2025/02/04 1:28:38 WET [2025/02/04 20:28:38 ET]
Table 'Perihelion' 6-max Seat #4 is the button
Seat 2: wyatt175 ($0 in chips) is sitting out
Seat 1: Xenicide ($100.52 in chips) 
Seat 3: J0SHB0SH ($104.66 in chips) 
Seat 4: Nazareno1999 ($108.39 in chips) 
Seat 6: Seavus10 ($156.84 in chips) 
Seavus10: posts small blind $0.50
Xenicide: posts big blind $1
*** HOLE CARDS ***
J0SHB0SH: folds 
Nazareno1999: folds 
Seavus10: raises $2 to $3
Xenicide: folds 
Uncalled bet ($2) returned to Seavus10
zhino joins the table at seat #5 
Seavus10 collected $2 from pot
Seavus10: doesn't show hand 
*** SUMMARY ***
Total pot $2 | Rake $0 
Seat 2: wyatt175
Seat 1: Xenicide (big blind) folded before Flop
Seat 3: J0SHB0SH folded before Flop (didn't bet)
Seat 4: Nazareno1999 (button) folded before Flop (didn't bet)
Seat 6: Seavus10 (small blind) collected ($2)



PokerStars Hand #254712540536:  Hold'em No Limit ($0.50/$1.00 USD) - 2025/02/04 1:29:08 WET [2025/02/04 20:29:08 ET]
Table 'Perihelion' 6-max Seat #6 is the button
Seat 2: wyatt175 ($0 in chips) is sitting out
Seat 5: zhino ($100 in chips) is sitting out
Seat 1: Xenicide ($100 in chips) 
Seat 3: J0SHB0SH ($104.66 in chips) 
Seat 4: Nazareno1999 ($108.39 in chips) 
Seat 6: Seavus10 ($157.84 in chips) 
Xenicide: posts small blind $0.50
J0SHB0SH: posts big blind $1
zhino: sits out 
*** HOLE CARDS ***
Nazareno1999: folds 
Seavus10: raises $1.50 to $2.50
Xenicide: folds 
J0SHB0SH: raises $9.50 to $12
Seavus10: folds 
Uncalled bet ($9.50) returned to J0SHB0SH
J0SHB0SH collected $5.50 from pot
J0SHB0SH: doesn't show hand 
*** SUMMARY ***
Total pot $5.50 | Rake $0 
Seat 2: wyatt175
Seat 5: zhino
Seat 1: Xenicide (small blind) folded before Flop
Seat 3: J0SHB0SH (big blind) collected ($5.50)
Seat 4: Nazareno1999 folded before Flop (didn't bet)
Seat 6: Seavus10 (button) folded before Flop



PokerStars Hand #254712545249:  Hold'em No Limit ($0.50/$1.00 USD) - 2025/02/04 1:29:34 WET [2025/02/04 20:29:34 ET]
Table 'Perihelion' 6-max Seat #1 is the button
Seat 2: wyatt175 ($0 in chips) is sitting out
Seat 4: Nazareno1999 ($108.39 in chips) is sitting out
Seat 1: Xenicide ($100 in chips) 
Seat 3: J0SHB0SH ($107.66 in chips) 
Seat 5: zhino ($100 in chips) 
Seat 6: Seavus10 ($155.34 in chips) 
J0SHB0SH: posts small blind $0.50
Nazareno1999: is sitting out 
zhino: posts big blind $1
*** HOLE CARDS ***
Seavus10: raises $1.20 to $2.20
Xenicide: folds 
J0SHB0SH: folds 
Nazareno1999 leaves the table
zhino: folds 
Uncalled bet ($1.20) returned to Seavus10
Seavus10 collected $2.50 from pot
Seavus10: doesn't show hand 
*** SUMMARY ***
Total pot $2.50 | Rake $0 
Seat 2: wyatt175
Seat 4: Nazareno1999
Seat 1: Xenicide (button) folded before Flop (didn't bet)
Seat 3: J0SHB0SH (small blind) folded before Flop
Seat 5: zhino (big blind) folded before Flop
Seat 6: Seavus10 collected ($2.50)



PokerStars Hand #254712548593:  Hold'em No Limit ($0.50/$1.00 USD) - 2025/02/04 1:29:53 WET [2025/02/04 20:29:53 ET]
Table 'Perihelion' 6-max Seat #3 is the button
Seat 2: wyatt175 ($0 in chips) is sitting out
Seat 1: Xenicide ($100 in chips) 
Seat 3: J0SHB0SH ($107.16 in chips) 
Seat 5: zhino ($100 in chips) 
Seat 6: Seavus10 ($156.84 in chips) 
zhino: posts small blind $0.50
Seavus10: posts big blind $1
*** HOLE CARDS ***
Xenicide: folds 
J0SHB0SH: folds 
zhino: raises $2.49 to $3.49
Seavus10: folds 
Uncalled bet ($2.49) returned to zhino
zhino collected $2 from pot
zhino: doesn't show hand 
*** SUMMARY ***
Total pot $2 | Rake $0 
Seat 2: wyatt175
Seat 1: Xenicide folded before Flop (didn't bet)
Seat 3: J0SHB0SH (button) folded before Flop (didn't bet)
Seat 5: zhino (small blind) collected ($2)
Seat 6: Seavus10 (big blind) folded before Flop



PokerStars Hand #254712550569:  Hold'em No Limit ($0.50/$1.00 USD) - 2025/02/04 1:30:04 WET [2025/02/04 20:30:04 ET]
Table 'Perihelion' 6-max Seat #5 is the button
Seat 2: wyatt175 ($0 in chips) is sitting out
Seat 1: Xenicide ($100 in chips) 
Seat 3: J0SHB0SH ($107.16 in chips) 
Seat 5: zhino ($101 in chips) 
Seat 6: Seavus10 ($155.84 in chips) 
Seavus10: posts small blind $0.50
Xenicide: posts big blind $1
*** HOLE CARDS ***
J0SHB0SH: folds 
zhino: raises $1.99 to $2.99
Seavus10: folds 
Xenicide: calls $1.99
*** FLOP *** [9s Jd 4c]
Xenicide: checks 
rossieboy222 joins the table at seat #4 
zhino: bets $1.66
Xenicide: raises $5.21 to $6.87
zhino: folds 
Uncalled bet ($5.21) returned to Xenicide
Xenicide collected $9.31 from pot
*** SUMMARY ***
Total pot $9.80 | Rake $0.49 
Board [9s Jd 4c]
Seat 2: wyatt175
Seat 1: Xenicide (big blind) collected ($9.31)
Seat 3: J0SHB0SH folded before Flop (didn't bet)
Seat 5: zhino (button) folded on the Flop
Seat 6: Seavus10 (small blind) folded before Flop



PokerStars Hand #254712558477:  Hold'em No Limit ($0.50/$1.00 USD) - 2025/02/04 1:30:50 WET [2025/02/04 20:30:50 ET]
Table 'Perihelion' 6-max Seat #6 is the button
Seat 2: wyatt175 ($0 in chips) is sitting out
Seat 4: rossieboy222 ($19.45 in chips) is sitting out
Seat 1: Xenicide ($104.66 in chips) 
Seat 3: J0SHB0SH ($107.16 in chips) 
Seat 5: zhino ($100 in chips) 
Seat 6: Seavus10 ($155.34 in chips) 
Xenicide: posts small blind $0.50
J0SHB0SH: posts big blind $1
rossieboy222: sits out 
*** HOLE CARDS ***
zhino: folds 
Seavus10: raises $1.50 to $2.50
Xenicide: folds 
J0SHB0SH: folds 
Uncalled bet ($1.50) returned to Seavus10
Seavus10 collected $2.50 from pot
Seavus10: doesn't show hand 
*** SUMMARY ***
Total pot $2.50 | Rake $0 
Seat 2: wyatt175
Seat 4: rossieboy222
Seat 1: Xenicide (small blind) folded before Flop
Seat 3: J0SHB0SH (big blind) folded before Flop
Seat 5: zhino folded before Flop (didn't bet)
Seat 6: Seavus10 (button) collected ($2.50)



PokerStars Hand #254712560862:  Hold'em No Limit ($0.50/$1.00 USD) - 2025/02/04 1:31:03 WET [2025/02/04 20:31:03 ET]
Table 'Perihelion' 6-max Seat #1 is the button
Seat 2: wyatt175 ($0 in chips) is sitting out
Seat 1: Xenicide ($104.16 in chips) 
Seat 3: J0SHB0SH ($106.16 in chips) 
Seat 4: rossieboy222 ($19.45 in chips) 
Seat 5: zhino ($100 in chips) 
Seat 6: Seavus10 ($156.84 in chips) 
J0SHB0SH: posts small blind $0.50
rossieboy222: posts big blind $1
*** HOLE CARDS ***
zhino: folds 
Seavus10: folds 
Xenicide: folds 
J0SHB0SH: folds 
Uncalled bet ($0.50) returned to rossieboy222
rossieboy222 collected $1 from pot
rossieboy222: doesn't show hand 
*** SUMMARY ***
Total pot $1 | Rake $0 
Seat 2: wyatt175
Seat 1: Xenicide (button) folded before Flop (didn't bet)
Seat 3: J0SHB0SH (small blind) folded before Flop
Seat 4: rossieboy222 (big blind) collected ($1)
Seat 5: zhino folded before Flop (didn't bet)
Seat 6: Seavus10 folded before Flop (didn't bet)



PokerStars Hand #254712564553:  Hold'em No Limit ($0.50/$1.00 USD) - 2025/02/04 1:31:25 WET [2025/02/04 20:31:25 ET]
Table 'Perihelion' 6-max Seat #3 is the button
Seat 2: wyatt175 ($0 in chips) is sitting out
Seat 5: zhino ($100 in chips) is sitting out
Seat 1: Xenicide ($104.16 in chips) 
Seat 3: J0SHB0SH ($105.66 in chips) 
Seat 4: rossieboy222 ($19.95 in chips) 
Seat 6: Seavus10 ($156.84 in chips) 
rossieboy222: posts small blind $0.50
zhino: is sitting out 
Seavus10: posts big blind $1
*** HOLE CARDS ***
Xenicide: folds 
J0SHB0SH: folds 
rossieboy222: folds 
Uncalled bet ($0.50) returned to Seavus10
Seavus10 collected $1 from pot
Seavus10: doesn't show hand 
*** SUMMARY ***
Total pot $1 | Rake $0 
Seat 2: wyatt175
Seat 5: zhino
Seat 1: Xenicide folded before Flop (didn't bet)
Seat 3: J0SHB0SH (button) folded before Flop (didn't bet)
Seat 4: rossieboy222 (small blind) folded before Flop
Seat 6: Seavus10 (big blind) collected ($1)



PokerStars Hand #254712566674:  Hold'em No Limit ($0.50/$1.00 USD) - 2025/02/04 1:31:36 WET [2025/02/04 20:31:36 ET]
Table 'Perihelion' 6-max Seat #4 is the button
Seat 2: wyatt175 ($0 in chips) is sitting out
Seat 5: zhino ($100 in chips) is sitting out
Seat 1: Xenicide ($104.16 in chips) 
Seat 3: J0SHB0SH ($105.66 in chips) 
Seat 4: rossieboy222 ($19.45 in chips) 
Seat 6: Seavus10 ($157.34 in chips) 
Seavus10: posts small blind $0.50
Xenicide: posts big blind $1
*** HOLE CARDS ***
J0SHB0SH: folds 
rossieboy222: folds 
Seavus10: raises $2 to $3
Xenicide: folds 
Uncalled bet ($2) returned to Seavus10
Seavus10 collected $2 from pot
Seavus10: doesn't show hand 
*** SUMMARY ***
Total pot $2 | Rake $0 
Seat 2: wyatt175
Seat 5: zhino
Seat 1: Xenicide (big blind) folded before Flop
Seat 3: J0SHB0SH folded before Flop (didn't bet)
Seat 4: rossieboy222 (button) folded before Flop (didn't bet)
Seat 6: Seavus10 (small blind) collected ($2)



PokerStars Hand #254712569819:  Hold'em No Limit ($0.50/$1.00 USD) - 2025/02/04 1:31:54 WET [2025/02/04 20:31:54 ET]
Table 'Perihelion' 6-max Seat #6 is the button
Seat 2: wyatt175 ($0 in chips) is sitting out
Seat 5: zhino ($100 in chips) is sitting out
Seat 1: Xenicide ($103.16 in chips) 
Seat 3: J0SHB0SH ($105.66 in chips) 
Seat 4: rossieboy222 ($19.45 in chips) 
Seat 6: Seavus10 ($158.34 in chips) 
Xenicide: posts small blind $0.50
J0SHB0SH: posts big blind $1
*** HOLE CARDS ***
rossieboy222: folds 
Seavus10: folds 
Xenicide: folds 
Uncalled bet ($0.50) returned to J0SHB0SH
J0SHB0SH collected $1 from pot
wyatt175 leaves the table
J0SHB0SH: doesn't show hand 
*** SUMMARY ***
Total pot $1 | Rake $0 
Seat 2: wyatt175
Seat 5: zhino
Seat 1: Xenicide (small blind) folded before Flop
Seat 3: J0SHB0SH (big blind) collected ($1)
Seat 4: rossieboy222 folded before Flop (didn't bet)
Seat 6: Seavus10 (button) folded before Flop (didn't bet)



PokerStars Hand #254712571639:  Hold'em No Limit ($0.50/$1.00 USD) - 2025/02/04 1:32:05 WET [2025/02/04 20:32:05 ET]
Table 'Perihelion' 6-max Seat #1 is the button
Seat 5: zhino ($100 in chips) is sitting out
Seat 1: Xenicide ($102.66 in chips) 
Seat 3: J0SHB0SH ($106.16 in chips) 
Seat 4: rossieboy222 ($19.45 in chips) 
Seat 6: Seavus10 ($158.34 in chips) 
J0SHB0SH: posts small blind $0.50
rossieboy222: posts big blind $1
*** HOLE CARDS ***
Seavus10: folds 
Xenicide: raises $1.25 to $2.25
J0SHB0SH: folds 
rossieboy222: calls $1.25
*** FLOP *** [8d 4d Qc]
J0SHB0SH leaves the table
rossieboy222: checks 
Xenicide: bets $1.19
rossieboy222: calls $1.19
*** TURN *** [8d 4d Qc] [9h]
rossieboy222: checks 
Xenicide: checks 
*** RIVER *** [8d 4d Qc 9h] [2c]
rossieboy222: bets $10
Xenicide: folds 
Uncalled bet ($10) returned to rossieboy222
rossieboy222 collected $7.01 from pot
rossieboy222: doesn't show hand 
*** SUMMARY ***
Total pot $7.38 | Rake $0.37 
Board [8d 4d Qc 9h 2c]
Seat 5: zhino
Seat 1: Xenicide (button) folded on the River
Seat 3: J0SHB0SH (small blind) folded before Flop
Seat 4: rossieboy222 (big blind) collected ($7.01)
Seat 6: Seavus10 folded before Flop (didn't bet)



PokerStars Hand #254712582239:  Hold'em No Limit ($0.50/$1.00 USD) - 2025/02/04 1:33:06 WET [2025/02/04 20:33:06 ET]
Table 'Perihelion' 6-max Seat #4 is the button
Seat 5: zhino ($100 in chips) is sitting out
Seat 1: Xenicide ($100 in chips) 
Seat 4: rossieboy222 ($23.02 in chips) 
Seat 6: Seavus10 ($158.34 in chips) 
Seavus10: posts small blind $0.50
Xenicide: posts big blind $1
*** HOLE CARDS ***
rossieboy222: folds 
Seavus10: raises $2 to $3
Xenicide: folds 
Uncalled bet ($2) returned to Seavus10
Seavus10 collected $2 from pot
Seavus10: doesn't show hand 
*** SUMMARY ***
Total pot $2 | Rake $0 
Seat 5: zhino
Seat 1: Xenicide (big blind) folded before Flop
Seat 4: rossieboy222 (button) folded before Flop (didn't bet)
Seat 6: Seavus10 (small blind) collected ($2)



PokerStars Hand #254712587118:  Hold'em No Limit ($0.50/$1.00 USD) - 2025/02/04 1:33:34 WET [2025/02/04 20:33:34 ET]
Table 'Perihelion' 6-max Seat #6 is the button
Seat 5: zhino ($100 in chips) is sitting out
Seat 1: Xenicide ($100 in chips) 
Seat 4: rossieboy222 ($23.02 in chips) 
Seat 6: Seavus10 ($159.34 in chips) 
Xenicide: posts small blind $0.50
rossieboy222: posts big blind $1
*** HOLE CARDS ***
Seavus10: folds 
Xenicide: folds 
Uncalled bet ($0.50) returned to rossieboy222
rossieboy222 collected $1 from pot
rossieboy222: doesn't show hand 
*** SUMMARY ***
Total pot $1 | Rake $0 
Seat 5: zhino
Seat 1: Xenicide (small blind) folded before Flop
Seat 4: rossieboy222 (big blind) collected ($1)
Seat 6: Seavus10 (button) folded before Flop (didn't bet)



PokerStars Hand #254712589739:  Hold'em No Limit ($0.50/$1.00 USD) - 2025/02/04 1:33:49 WET [2025/02/04 20:33:49 ET]
Table 'Perihelion' 6-max Seat #1 is the button
Seat 5: zhino ($100 in chips) is sitting out
Seat 1: Xenicide ($100 in chips) 
Seat 4: rossieboy222 ($23.52 in chips) 
Seat 6: Seavus10 ($159.34 in chips) 
rossieboy222: posts small blind $0.50
Seavus10: posts big blind $1
*** HOLE CARDS ***
Xenicide: raises $1.25 to $2.25
rossieboy222: folds 
Seavus10: raises $10.25 to $12.50
Xenicide: folds 
Uncalled bet ($10.25) returned to Seavus10
Seavus10 collected $5 from pot
Seavus10: doesn't show hand 
*** SUMMARY ***
Total pot $5 | Rake $0 
Seat 5: zhino
Seat 1: Xenicide (button) folded before Flop
Seat 4: rossieboy222 (small blind) folded before Flop
Seat 6: Seavus10 (big blind) collected ($5)



PokerStars Hand #254712594881:  Hold'em No Limit ($0.50/$1.00 USD) - 2025/02/04 1:34:18 WET [2025/02/04 20:34:18 ET]
Table 'Perihelion' 6-max Seat #4 is the button
Seat 5: zhino ($100 in chips) is sitting out
Seat 1: Xenicide ($100 in chips) 
Seat 4: rossieboy222 ($23.02 in chips) 
Seat 6: Seavus10 ($162.09 in chips) 
Seavus10: posts small blind $0.50
Xenicide: posts big blind $1
*** HOLE CARDS ***
rossieboy222: folds 
rossieboy222 leaves the table
Seavus10: folds 
Uncalled bet ($0.50) returned to Xenicide
Xenicide collected $1 from pot
*** SUMMARY ***
Total pot $1 | Rake $0 
Seat 5: zhino
Seat 1: Xenicide (big blind) collected ($1)
Seat 4: rossieboy222 (button) folded before Flop (didn't bet)
Seat 6: Seavus10 (small blind) folded before Flop



PokerStars Hand #254712596802:  Hold'em No Limit ($0.50/$1.00 USD) - 2025/02/04 1:34:29 WET [2025/02/04 20:34:29 ET]
Table 'Perihelion' 6-max Seat #1 is the button
Seat 5: zhino ($100 in chips) is sitting out
Seat 1: Xenicide ($100.50 in chips) 
Seat 6: Seavus10 ($161.59 in chips) 
Xenicide: posts small blind $0.50
Seavus10: posts big blind $1
*** HOLE CARDS ***
Xenicide: raises $1.25 to $2.25
Seavus10: calls $1.25
*** FLOP *** [7d Ts 3d]
Seavus10: checks 
Xenicide: checks 
*** TURN *** [7d Ts 3d] [5c]
Seavus10: bets $3.21
Xenicide: calls $3.21
*** RIVER *** [7d Ts 3d 5c] [7h]
Seavus10: bets $7.78
Xenicide: raises $22.04 to $29.82
Seavus10: folds 
Uncalled bet ($22.04) returned to Xenicide
Xenicide collected $25.48 from pot
zhino leaves the table
*** SUMMARY ***
Total pot $26.48 | Rake $1 
Board [7d Ts 3d 5c 7h]
Seat 5: zhino
Seat 1: Xenicide (button) (small blind) collected ($25.48)
Seat 6: Seavus10 (big blind) folded on the River



PokerStars Hand #254712613325:  Hold'em No Limit ($0.50/$1.00 USD) - 2025/02/04 1:36:05 WET [2025/02/04 20:36:05 ET]
Table 'Perihelion' 6-max Seat #6 is the button
Seat 1: Xenicide ($112.74 in chips) 
Seat 6: Seavus10 ($148.35 in chips) 
Seavus10: posts small blind $0.50
Xenicide: posts big blind $1
*** HOLE CARDS ***
Seavus10: raises $1.50 to $2.50
Xenicide: calls $1.50
*** FLOP *** [Td 7s Ah]
Xenicide: checks 
Seavus10: checks 
*** TURN *** [Td 7s Ah] [8s]
Xenicide: checks 
Seavus10: bets $3.56
Xenicide: calls $3.56
*** RIVER *** [Td 7s Ah 8s] [Qd]
Xenicide: checks 
Seavus10: bets $7.68
Xenicide: folds 
Uncalled bet ($7.68) returned to Seavus10
Seavus10 collected $11.51 from pot
Seavus10: doesn't show hand 
*** SUMMARY ***
Total pot $12.12 | Rake $0.61 
Board [Td 7s Ah 8s Qd]
Seat 1: Xenicide (big blind) folded on the River
Seat 6: Seavus10 (button) (small blind) collected ($11.51)



PokerStars Hand #254712296296:  Hold'em No Limit ($0.50/$1.00 USD) - 2025/02/04 1:05:31 WET [2025/02/04 20:05:31 ET]
Table 'Perihelion' 6-max Seat #6 is the button
Seat 1: Xenicide ($114.52 in chips) 
Seat 2: wyatt175 ($60.80 in chips) 
Seat 3: J0SHB0SH ($100 in chips) 
Seat 4: Bessie0009 ($16.35 in chips) 
Seat 5: Espada Fish ($107.40 in chips) 
Seat 6: Seavus10 ($100 in chips) 
Xenicide: posts small blind $0.50
wyatt175: posts big blind $1
*** HOLE CARDS ***
J0SHB0SH: folds 
Bessie0009: calls $1
Espada Fish: folds 
Seavus10: folds 
Xenicide: folds 
wyatt175: checks 
*** FLOP *** [6h Jc 4d]
wyatt175: checks 
Bessie0009: checks 
*** TURN *** [6h Jc 4d] [7s]
wyatt175: checks 
Bessie0009: bets $2.38
wyatt175: folds 
Uncalled bet ($2.38) returned to Bessie0009
Bessie0009 collected $2.38 from pot
*** SUMMARY ***
Total pot $2.50 | Rake $0.12 
Board [6h Jc 4d 7s]
Seat 1: Xenicide (small blind) folded before Flop
Seat 2: wyatt175 (big blind) folded on the Turn
Seat 3: J0SHB0SH folded before Flop (didn't bet)
Seat 4: Bessie0009 collected ($2.38)
Seat 5: Espada Fish folded before Flop (didn't bet)
Seat 6: Seavus10 (button) folded before Flop (didn't bet)



PokerStars Hand #254712306380:  Hold'em No Limit ($0.50/$1.00 USD) - 2025/02/04 1:06:28 WET [2025/02/04 20:06:28 ET]
Table 'Perihelion' 6-max Seat #1 is the button
Seat 1: Xenicide ($114.02 in chips) 
Seat 2: wyatt175 ($59.80 in chips) 
Seat 3: J0SHB0SH ($100 in chips) 
Seat 4: Bessie0009 ($17.73 in chips) 
Seat 5: Espada Fish ($107.40 in chips) 
Seat 6: Seavus10 ($100 in chips) 
wyatt175: posts small blind $0.50
J0SHB0SH: posts big blind $1
*** HOLE CARDS ***
Bessie0009: folds 
Espada Fish: raises $1.20 to $2.20
Seavus10: folds 
Xenicide: folds 
wyatt175: folds 
J0SHB0SH: folds 
Uncalled bet ($1.20) returned to Espada Fish
Espada Fish collected $2.50 from pot
Espada Fish: doesn't show hand 
*** SUMMARY ***
Total pot $2.50 | Rake $0 
Seat 1: Xenicide (button) folded before Flop (didn't bet)
Seat 2: wyatt175 (small blind) folded before Flop
Seat 3: J0SHB0SH (big blind) folded before Flop
Seat 4: Bessie0009 folded before Flop (didn't bet)
Seat 5: Espada Fish collected ($2.50)
Seat 6: Seavus10 folded before Flop (didn't bet)



PokerStars Hand #254712310384:  Hold'em No Limit ($0.50/$1.00 USD) - 2025/02/04 1:06:51 WET [2025/02/04 20:06:51 ET]
Table 'Perihelion' 6-max Seat #2 is the button
Seat 1: Xenicide ($114.02 in chips) 
Seat 2: wyatt175 ($59.30 in chips) 
Seat 3: J0SHB0SH ($100 in chips) 
Seat 4: Bessie0009 ($17.73 in chips) 
Seat 5: Espada Fish ($108.90 in chips) 
Seat 6: Seavus10 ($100 in chips) 
J0SHB0SH: posts small blind $0.50
Bessie0009: posts big blind $1
*** HOLE CARDS ***
Espada Fish: raises $1.20 to $2.20
Seavus10: folds 
Xenicide: folds 
wyatt175: calls $2.20
J0SHB0SH: folds 
Bessie0009: calls $1.20
*** FLOP *** [5h 3h Kh]
Bessie0009: checks 
Espada Fish: checks 
wyatt175: bets $6
Bessie0009: folds 
Espada Fish: folds 
Uncalled bet ($6) returned to wyatt175
wyatt175 collected $6.74 from pot
*** SUMMARY ***
Total pot $7.10 | Rake $0.36 
Board [5h 3h Kh]
Seat 1: Xenicide folded before Flop (didn't bet)
Seat 2: wyatt175 (button) collected ($6.74)
Seat 3: J0SHB0SH (small blind) folded before Flop
Seat 4: Bessie0009 (big blind) folded on the Flop
Seat 5: Espada Fish folded on the Flop
Seat 6: Seavus10 folded before Flop (didn't bet)



PokerStars Hand #254712318705:  Hold'em No Limit ($0.50/$1.00 USD) - 2025/02/04 1:07:39 WET [2025/02/04 20:07:39 ET]
Table 'Perihelion' 6-max Seat #3 is the button
Seat 1: Xenicide ($114.02 in chips) 
Seat 2: wyatt175 ($63.84 in chips) 
Seat 3: J0SHB0SH ($100 in chips) 
Seat 4: Bessie0009 ($15.53 in chips) 
Seat 5: Espada Fish ($106.70 in chips) 
Seat 6: Seavus10 ($100 in chips) 
Bessie0009: posts small blind $0.50
Espada Fish: posts big blind $1
*** HOLE CARDS ***
Seavus10: folds 
Xenicide: folds 
wyatt175: calls $1
J0SHB0SH: folds 
Bessie0009: calls $0.50
Espada Fish: raises $5 to $6
wyatt175: folds 
Bessie0009: folds 
Uncalled bet ($5) returned to Espada Fish
Espada Fish collected $3 from pot
Espada Fish: doesn't show hand 
*** SUMMARY ***
Total pot $3 | Rake $0 
Seat 1: Xenicide folded before Flop (didn't bet)
Seat 2: wyatt175 folded before Flop
Seat 3: J0SHB0SH (button) folded before Flop (didn't bet)
Seat 4: Bessie0009 (small blind) folded before Flop
Seat 5: Espada Fish (big blind) collected ($3)
Seat 6: Seavus10 folded before Flop (didn't bet)



PokerStars Hand #254712327301:  Hold'em No Limit ($0.50/$1.00 USD) - 2025/02/04 1:08:29 WET [2025/02/04 20:08:29 ET]
Table 'Perihelion' 6-max Seat #4 is the button
Seat 1: Xenicide ($114.02 in chips) 
Seat 2: wyatt175 ($62.84 in chips) 
Seat 3: J0SHB0SH ($100 in chips) 
Seat 4: Bessie0009 ($14.53 in chips) 
Seat 5: Espada Fish ($108.70 in chips) 
Seat 6: Seavus10 ($100 in chips) 
Espada Fish: posts small blind $0.50
Seavus10: posts big blind $1
*** HOLE CARDS ***
Xenicide: folds 
wyatt175: folds 
J0SHB0SH: folds 
Bessie0009: folds 
Espada Fish: folds 
Uncalled bet ($0.50) returned to Seavus10
Seavus10 collected $1 from pot
Seavus10: doesn't show hand 
*** SUMMARY ***
Total pot $1 | Rake $0 
Seat 1: Xenicide folded before Flop (didn't bet)
Seat 2: wyatt175 folded before Flop (didn't bet)
Seat 3: J0SHB0SH folded before Flop (didn't bet)
Seat 4: Bessie0009 (button) folded before Flop (didn't bet)
Seat 5: Espada Fish (small blind) folded before Flop
Seat 6: Seavus10 (big blind) collected ($1)



PokerStars Hand #254712329982:  Hold'em No Limit ($0.50/$1.00 USD) - 2025/02/04 1:08:44 WET [2025/02/04 20:08:44 ET]
Table 'Perihelion' 6-max Seat #5 is the button
Seat 1: Xenicide ($114.02 in chips) 
Seat 2: wyatt175 ($62.84 in chips) 
Seat 3: J0SHB0SH ($100 in chips) 
Seat 4: Bessie0009 ($14.53 in chips) 
Seat 5: Espada Fish ($108.20 in chips) 
Seat 6: Seavus10 ($100.50 in chips) 
Seavus10: posts small blind $0.50
Xenicide: posts big blind $1
*** HOLE CARDS ***
wyatt175: calls $1
J0SHB0SH: folds 
Bessie0009: raises $3.50 to $4.50
Espada Fish: folds 
Seavus10: folds 
Xenicide: folds 
wyatt175: calls $3.50
*** FLOP *** [Tc 9d Ts]
wyatt175: checks 
Bessie0009: bets $9.98
wyatt175: calls $9.98
*** TURN *** [Tc 9d Ts] [8h]
wyatt175: bets $1
Bessie0009: calls $0.05 and is all-in
Uncalled bet ($0.95) returned to wyatt175
*** RIVER *** [Tc 9d Ts 8h] [Js]
*** SHOW DOWN ***
wyatt175: shows [7d Td] (a straight, Seven to Jack)
Bessie0009: shows [Qh Kc] (a straight, Nine to King)
Bessie0009 collected $29.03 from pot
*** SUMMARY ***
Total pot $30.56 | Rake $1.53 
Board [Tc 9d Ts 8h Js]
Seat 1: Xenicide (big blind) folded before Flop
Seat 2: wyatt175 showed [7d Td] and lost with a straight, Seven to Jack
Seat 3: J0SHB0SH folded before Flop (didn't bet)
Seat 4: Bessie0009 showed [Qh Kc] and won ($29.03) with a straight, Nine to King
Seat 5: Espada Fish (button) folded before Flop (didn't bet)
Seat 6: Seavus10 (small blind) folded before Flop



PokerStars Hand #254712339929:  Hold'em No Limit ($0.50/$1.00 USD) - 2025/02/04 1:09:42 WET [2025/02/04 20:09:42 ET]
Table 'Perihelion' 6-max Seat #6 is the button
Seat 1: Xenicide ($113.02 in chips) 
Seat 2: wyatt175 ($48.31 in chips) 
Seat 3: J0SHB0SH ($100 in chips) 
Seat 4: Bessie0009 ($29.03 in chips) 
Seat 5: Espada Fish ($108.20 in chips) 
Seat 6: Seavus10 ($100 in chips) 
Xenicide: posts small blind $0.50
wyatt175: posts big blind $1
*** HOLE CARDS ***
J0SHB0SH: folds 
Bessie0009: folds 
Espada Fish: folds 
Seavus10: raises $1.50 to $2.50
Xenicide: folds 
wyatt175: calls $1.50
*** FLOP *** [7d 9h Td]
wyatt175: bets $5
Seavus10: folds 
Uncalled bet ($5) returned to wyatt175
wyatt175 collected $5.22 from pot
*** SUMMARY ***
Total pot $5.50 | Rake $0.28 
Board [7d 9h Td]
Seat 1: Xenicide (small blind) folded before Flop
Seat 2: wyatt175 (big blind) collected ($5.22)
Seat 3: J0SHB0SH folded before Flop (didn't bet)
Seat 4: Bessie0009 folded before Flop (didn't bet)
Seat 5: Espada Fish folded before Flop (didn't bet)
Seat 6: Seavus10 (button) folded on the Flop



PokerStars Hand #254712345951:  Hold'em No Limit ($0.50/$1.00 USD) - 2025/02/04 1:10:17 WET [2025/02/04 20:10:17 ET]
Table 'Perihelion' 6-max Seat #1 is the button
Seat 1: Xenicide ($112.52 in chips) 
Seat 2: wyatt175 ($51.03 in chips) 
Seat 3: J0SHB0SH ($100 in chips) 
Seat 4: Bessie0009 ($29.03 in chips) 
Seat 5: Espada Fish ($108.20 in chips) 
Seat 6: Seavus10 ($100 in chips) 
wyatt175: posts small blind $0.50
J0SHB0SH: posts big blind $1
*** HOLE CARDS ***
Bessie0009: folds 
Espada Fish: folds 
Seavus10: folds 
Xenicide: raises $1.25 to $2.25
wyatt175: folds 
J0SHB0SH: folds 
Uncalled bet ($1.25) returned to Xenicide
Xenicide collected $2.50 from pot
*** SUMMARY ***
Total pot $2.50 | Rake $0 
Seat 1: Xenicide (button) collected ($2.50)
Seat 2: wyatt175 (small blind) folded before Flop
Seat 3: J0SHB0SH (big blind) folded before Flop
Seat 4: Bessie0009 folded before Flop (didn't bet)
Seat 5: Espada Fish folded before Flop (didn't bet)
Seat 6: Seavus10 folded before Flop (didn't bet)



PokerStars Hand #254712349009:  Hold'em No Limit ($0.50/$1.00 USD) - 2025/02/04 1:10:34 WET [2025/02/04 20:10:34 ET]
Table 'Perihelion' 6-max Seat #2 is the button
Seat 1: Xenicide ($114.02 in chips) 
Seat 2: wyatt175 ($50.53 in chips) 
Seat 3: J0SHB0SH ($100 in chips) 
Seat 4: Bessie0009 ($29.03 in chips) 
Seat 5: Espada Fish ($108.20 in chips) 
Seat 6: Seavus10 ($100 in chips) 
J0SHB0SH: posts small blind $0.50
Bessie0009: posts big blind $1
*** HOLE CARDS ***
Espada Fish: folds 
Seavus10: folds 
Xenicide: folds 
wyatt175: folds 
J0SHB0SH: raises $2 to $3
Bessie0009: calls $2
*** FLOP *** [As 5s 8c]
J0SHB0SH: bets $1.88
Bessie0009: calls $1.88
*** TURN *** [As 5s 8c] [3d]
J0SHB0SH: checks 
Bessie0009: bets $4.64
J0SHB0SH: folds 
Uncalled bet ($4.64) returned to Bessie0009
Bessie0009 collected $9.27 from pot
*** SUMMARY ***
Total pot $9.76 | Rake $0.49 
Board [As 5s 8c 3d]
Seat 1: Xenicide folded before Flop (didn't bet)
Seat 2: wyatt175 (button) folded before Flop (didn't bet)
Seat 3: J0SHB0SH (small blind) folded on the Turn
Seat 4: Bessie0009 (big blind) collected ($9.27)
Seat 5: Espada Fish folded before Flop (didn't bet)
Seat 6: Seavus10 folded before Flop (didn't bet)



PokerStars Hand #254712358250:  Hold'em No Limit ($0.50/$1.00 USD) - 2025/02/04 1:11:28 WET [2025/02/04 20:11:28 ET]
Table 'Perihelion' 6-max Seat #3 is the button
Seat 1: Xenicide ($114.02 in chips) 
Seat 2: wyatt175 ($50.53 in chips) 
Seat 3: J0SHB0SH ($100 in chips) 
Seat 4: Bessie0009 ($33.42 in chips) 
Seat 5: Espada Fish ($108.20 in chips) 
Seat 6: Seavus10 ($100 in chips) 
Bessie0009: posts small blind $0.50
Espada Fish: posts big blind $1
*** HOLE CARDS ***
Seavus10: raises $1 to $2
Xenicide: folds 
wyatt175: folds 
J0SHB0SH: folds 
Bessie0009: calls $1.50
Espada Fish: folds 
*** FLOP *** [Ad Kd Td]
Bessie0009: checks 
Seavus10: bets $1.58
Bessie0009: folds 
Uncalled bet ($1.58) returned to Seavus10
Seavus10 collected $4.75 from pot
Seavus10: doesn't show hand 
*** SUMMARY ***
Total pot $5 | Rake $0.25 
Board [Ad Kd Td]
Seat 1: Xenicide folded before Flop (didn't bet)
Seat 2: wyatt175 folded before Flop (didn't bet)
Seat 3: J0SHB0SH (button) folded before Flop (didn't bet)
Seat 4: Bessie0009 (small blind) folded on the Flop
Seat 5: Espada Fish (big blind) folded before Flop
Seat 6: Seavus10 collected ($4.75)



PokerStars Hand #254712363337:  Hold'em No Limit ($0.50/$1.00 USD) - 2025/02/04 1:11:58 WET [2025/02/04 20:11:58 ET]
Table 'Perihelion' 6-max Seat #4 is the button
Seat 1: Xenicide ($114.02 in chips) 
Seat 2: wyatt175 ($50.53 in chips) 
Seat 3: J0SHB0SH ($100 in chips) 
Seat 4: Bessie0009 ($31.42 in chips) 
Seat 5: Espada Fish ($107.20 in chips) 
Seat 6: Seavus10 ($102.75 in chips) 
Espada Fish: posts small blind $0.50
Seavus10: posts big blind $1
*** HOLE CARDS ***
Xenicide: folds 
wyatt175: calls $1
J0SHB0SH: folds 
Bessie0009: raises $3.50 to $4.50
Espada Fish: folds 
Seavus10: raises $7.88 to $12.38
wyatt175: folds 
Bessie0009: calls $7.88
*** FLOP *** [4d Jh 7c]
Seavus10: checks 
Bessie0009: bets $19.04 and is all-in
Seavus10: calls $19.04
*** TURN *** [4d Jh 7c] [9d]
*** RIVER *** [4d Jh 7c 9d] [2d]
*** SHOW DOWN ***
Seavus10: shows [Ad Qh] (high card Ace)
Bessie0009: shows [Ah Ks] (high card Ace - King kicker)
Bessie0009 collected $61.84 from pot
*** SUMMARY ***
Total pot $64.34 | Rake $2.50 
Board [4d Jh 7c 9d 2d]
Seat 1: Xenicide folded before Flop (didn't bet)
Seat 2: wyatt175 folded before Flop
Seat 3: J0SHB0SH folded before Flop (didn't bet)
Seat 4: Bessie0009 (button) showed [Ah Ks] and won ($61.84) with high card Ace
Seat 5: Espada Fish (small blind) folded before Flop
Seat 6: Seavus10 (big blind) showed [Ad Qh] and lost with high card Ace



PokerStars Hand #254712373061:  Hold'em No Limit ($0.50/$1.00 USD) - 2025/02/04 1:12:53 WET [2025/02/04 20:12:53 ET]
Table 'Perihelion' 6-max Seat #5 is the button
Seat 1: Xenicide ($114.02 in chips) 
Seat 2: wyatt175 ($49.53 in chips) 
Seat 3: J0SHB0SH ($100 in chips) 
Seat 4: Bessie0009 ($61.84 in chips) 
Seat 5: Espada Fish ($106.70 in chips) 
Seat 6: Seavus10 ($100 in chips) 
Seavus10: posts small blind $0.50
Xenicide: posts big blind $1
*** HOLE CARDS ***
wyatt175: calls $1
J0SHB0SH: folds 
Bessie0009: folds 
Espada Fish: folds 
Seavus10: folds 
Xenicide: checks 
*** FLOP *** [8d Tc 9c]
Xenicide: checks 
wyatt175: bets $2
Xenicide: folds 
Uncalled bet ($2) returned to wyatt175
wyatt175 collected $2.38 from pot
*** SUMMARY ***
Total pot $2.50 | Rake $0.12 
Board [8d Tc 9c]
Seat 1: Xenicide (big blind) folded on the Flop
Seat 2: wyatt175 collected ($2.38)
Seat 3: J0SHB0SH folded before Flop (didn't bet)
Seat 4: Bessie0009 folded before Flop (didn't bet)
Seat 5: Espada Fish (button) folded before Flop (didn't bet)
Seat 6: Seavus10 (small blind) folded before Flop



PokerStars Hand #254712383945:  Hold'em No Limit ($0.50/$1.00 USD) - 2025/02/04 1:13:57 WET [2025/02/04 20:13:57 ET]
Table 'Perihelion' 6-max Seat #6 is the button
Seat 1: Xenicide ($113.02 in chips) 
Seat 2: wyatt175 ($50.91 in chips) 
Seat 3: J0SHB0SH ($100 in chips) 
Seat 4: Bessie0009 ($61.84 in chips) 
Seat 5: Espada Fish ($106.70 in chips) 
Seat 6: Seavus10 ($100 in chips) 
Xenicide: posts small blind $0.50
wyatt175: posts big blind $1
*** HOLE CARDS ***
J0SHB0SH: folds 
Bessie0009: calls $1
Espada Fish: folds 
Seavus10: folds 
Xenicide: folds 
wyatt175: raises $1 to $2
Bessie0009: calls $1
*** FLOP *** [7c 5s 8d]
wyatt175: bets $2
Bessie0009: calls $2
*** TURN *** [7c 5s 8d] [2d]
wyatt175: bets $2
Bessie0009: calls $2
*** RIVER *** [7c 5s 8d 2d] [9c]
wyatt175: checks 
Bessie0009: checks 
*** SHOW DOWN ***
wyatt175: shows [4d Kd] (high card King)
Bessie0009: shows [Ah 4s] (high card Ace)
Bessie0009 collected $11.88 from pot
*** SUMMARY ***
Total pot $12.50 | Rake $0.62 
Board [7c 5s 8d 2d 9c]
Seat 1: Xenicide (small blind) folded before Flop
Seat 2: wyatt175 (big blind) showed [4d Kd] and lost with high card King
Seat 3: J0SHB0SH folded before Flop (didn't bet)
Seat 4: Bessie0009 showed [Ah 4s] and won ($11.88) with high card Ace
Seat 5: Espada Fish folded before Flop (didn't bet)
Seat 6: Seavus10 (button) folded before Flop (didn't bet)



PokerStars Hand #254712394694:  Hold'em No Limit ($0.50/$1.00 USD) - 2025/02/04 1:14:59 WET [2025/02/04 20:14:59 ET]
Table 'Perihelion' 6-max Seat #1 is the button
Seat 1: Xenicide ($112.52 in chips) 
Seat 2: wyatt175 ($44.91 in chips) 
Seat 3: J0SHB0SH ($100 in chips) 
Seat 4: Bessie0009 ($67.72 in chips) 
Seat 5: Espada Fish ($106.70 in chips) 
Seat 6: Seavus10 ($100 in chips) 
wyatt175: posts small blind $0.50
J0SHB0SH: posts big blind $1
*** HOLE CARDS ***
Bessie0009: folds 
Espada Fish: raises $1.20 to $2.20
Seavus10: folds 
Xenicide: raises $4.30 to $6.50
wyatt175: calls $6
J0SHB0SH: folds 
Espada Fish: raises $100.20 to $106.70 and is all-in
Xenicide: folds 
wyatt175: calls $38.41 and is all-in
Uncalled bet ($61.79) returned to Espada Fish
*** FLOP *** [7d Kc 5c]
*** TURN *** [7d Kc 5c] [9h]
*** RIVER *** [7d Kc 5c 9h] [4s]
*** SHOW DOWN ***
wyatt175: shows [Kh 3h] (a pair of Kings)
Espada Fish: shows [Jh Jd] (a pair of Jacks)
wyatt175 collected $94.82 from pot
Espada Fish cashed out the hand for $64.32 | Cash Out Fee $1.31
*** SUMMARY ***
Total pot $97.32 | Rake $2.50 
Board [7d Kc 5c 9h 4s]
Seat 1: Xenicide (button) folded before Flop
Seat 2: wyatt175 (small blind) showed [Kh 3h] and won ($94.82) with a pair of Kings
Seat 3: J0SHB0SH (big blind) folded before Flop
Seat 4: Bessie0009 folded before Flop (didn't bet)
Seat 5: Espada Fish showed [Jh Jd] and lost with a pair of Jacks (cashed out).
Seat 6: Seavus10 folded before Flop (didn't bet)



PokerStars Hand #254712409665:  Hold'em No Limit ($0.50/$1.00 USD) - 2025/02/04 1:16:25 WET [2025/02/04 20:16:25 ET]
Table 'Perihelion' 6-max Seat #2 is the button
Seat 1: Xenicide ($106.02 in chips) 
Seat 2: wyatt175 ($94.82 in chips) 
Seat 3: J0SHB0SH ($100 in chips) 
Seat 4: Bessie0009 ($67.72 in chips) 
Seat 5: Espada Fish ($126.11 in chips) 
Seat 6: Seavus10 ($100 in chips) 
J0SHB0SH: posts small blind $0.50
Bessie0009: posts big blind $1
*** HOLE CARDS ***
Espada Fish: folds 
Seavus10: folds 
Xenicide: folds 
wyatt175: calls $1
J0SHB0SH: folds 
Bessie0009: checks 
*** FLOP *** [8c 3c Ac]
Bessie0009: checks 
wyatt175: checks 
*** TURN *** [8c 3c Ac] [7h]
Bessie0009: bets $2.38
wyatt175: calls $2.38
*** RIVER *** [8c 3c Ac 7h] [8s]
Bessie0009: checks 
wyatt175: checks 
*** SHOW DOWN ***
Bessie0009: shows [3h 5c] (two pair, Eights and Threes)
wyatt175: shows [7s 4s] (two pair, Eights and Sevens)
wyatt175 collected $6.90 from pot
*** SUMMARY ***
Total pot $7.26 | Rake $0.36 
Board [8c 3c Ac 7h 8s]
Seat 1: Xenicide folded before Flop (didn't bet)
Seat 2: wyatt175 (button) showed [7s 4s] and won ($6.90) with two pair, Eights and Sevens
Seat 3: J0SHB0SH (small blind) folded before Flop
Seat 4: Bessie0009 (big blind) showed [3h 5c] and lost with two pair, Eights and Threes
Seat 5: Espada Fish folded before Flop (didn't bet)
Seat 6: Seavus10 folded before Flop (didn't bet)



PokerStars Hand #254712415888:  Hold'em No Limit ($0.50/$1.00 USD) - 2025/02/04 1:17:01 WET [2025/02/04 20:17:01 ET]
Table 'Perihelion' 6-max Seat #3 is the button
Seat 1: Xenicide ($106.02 in chips) 
Seat 2: wyatt175 ($98.34 in chips) 
Seat 3: J0SHB0SH ($100 in chips) 
Seat 4: Bessie0009 ($64.34 in chips) 
Seat 5: Espada Fish ($126.11 in chips) 
Seat 6: Seavus10 ($100 in chips) 
Bessie0009: posts small blind $0.50
Espada Fish: posts big blind $1
*** HOLE CARDS ***
Seavus10: folds 
Xenicide: folds 
wyatt175: folds 
J0SHB0SH: folds 
Bessie0009: raises $2 to $3
Espada Fish: folds 
Uncalled bet ($2) returned to Bessie0009
Bessie0009 collected $2 from pot
*** SUMMARY ***
Total pot $2 | Rake $0 
Seat 1: Xenicide folded before Flop (didn't bet)
Seat 2: wyatt175 folded before Flop (didn't bet)
Seat 3: J0SHB0SH (button) folded before Flop (didn't bet)
Seat 4: Bessie0009 (small blind) collected ($2)
Seat 5: Espada Fish (big blind) folded before Flop
Seat 6: Seavus10 folded before Flop (didn't bet)



PokerStars Hand #254712421723:  Hold'em No Limit ($0.50/$1.00 USD) - 2025/02/04 1:17:35 WET [2025/02/04 20:17:35 ET]
Table 'Perihelion' 6-max Seat #4 is the button
Seat 1: Xenicide ($106.02 in chips) 
Seat 2: wyatt175 ($98.34 in chips) 
Seat 3: J0SHB0SH ($100 in chips) 
Seat 4: Bessie0009 ($65.34 in chips) 
Seat 5: Espada Fish ($125.11 in chips) 
Seat 6: Seavus10 ($100 in chips) 
Espada Fish: posts small blind $0.50
Seavus10: posts big blind $1
*** HOLE CARDS ***
Xenicide: folds 
wyatt175: folds 
J0SHB0SH: folds 
Bessie0009: raises $2.50 to $3.50
Espada Fish: folds 
Seavus10: raises $6.50 to $10
Bessie0009: calls $6.50
*** FLOP *** [Kh 9d Th]
Seavus10: bets $6.43
Bessie0009: raises $48.91 to $55.34 and is all-in
Seavus10: calls $48.91
*** TURN *** [Kh 9d Th] [2c]
*** RIVER *** [Kh 9d Th 2c] [Qs]
*** SHOW DOWN ***
Seavus10: shows [Ah Jh] (a straight, Ten to Ace)
Bessie0009: shows [As Ks] (a pair of Kings)
Seavus10 collected $128.68 from pot
*** SUMMARY ***
Total pot $131.18 | Rake $2.50 
Board [Kh 9d Th 2c Qs]
Seat 1: Xenicide folded before Flop (didn't bet)
Seat 2: wyatt175 folded before Flop (didn't bet)
Seat 3: J0SHB0SH folded before Flop (didn't bet)
Seat 4: Bessie0009 (button) showed [As Ks] and lost with a pair of Kings
Seat 5: Espada Fish (small blind) folded before Flop
Seat 6: Seavus10 (big blind) showed [Ah Jh] and won ($128.68) with a straight, Ten to Ace



PokerStars Hand #254712432064:  Hold'em No Limit ($0.50/$1.00 USD) - 2025/02/04 1:18:36 WET [2025/02/04 20:18:36 ET]
Table 'Perihelion' 6-max Seat #5 is the button
Seat 4: Bessie0009 ($0 in chips) is sitting out
Seat 1: Xenicide ($106.02 in chips) 
Seat 2: wyatt175 ($98.34 in chips) 
Seat 3: J0SHB0SH ($100 in chips) 
Seat 5: Espada Fish ($124.61 in chips) 
Seat 6: Seavus10 ($163.34 in chips) 
Seavus10: posts small blind $0.50
Xenicide: posts big blind $1
*** HOLE CARDS ***
Bessie0009 leaves the table
wyatt175: calls $1
J0SHB0SH: folds 
Espada Fish: raises $2.50 to $3.50
Seavus10: folds 
Xenicide: calls $2.50
wyatt175: calls $2.50
*** FLOP *** [4c 6c 8h]
Nazareno1999 joins the table at seat #4 
Xenicide: checks 
wyatt175: bets $2
Espada Fish: folds 
Xenicide: folds 
Uncalled bet ($2) returned to wyatt175
wyatt175 collected $10.45 from pot
*** SUMMARY ***
Total pot $11 | Rake $0.55 
Board [4c 6c 8h]
Seat 4: Bessie0009
Seat 1: Xenicide (big blind) folded on the Flop
Seat 2: wyatt175 collected ($10.45)
Seat 3: J0SHB0SH folded before Flop (didn't bet)
Seat 5: Espada Fish (button) folded on the Flop
Seat 6: Seavus10 (small blind) folded before Flop



PokerStars Hand #254712445501:  Hold'em No Limit ($0.50/$1.00 USD) - 2025/02/04 1:19:55 WET [2025/02/04 20:19:55 ET]
Table 'Perihelion' 6-max Seat #6 is the button
Seat 4: Nazareno1999 ($100 in chips) is sitting out
Seat 1: Xenicide ($102.52 in chips) 
Seat 2: wyatt175 ($105.29 in chips) 
Seat 3: J0SHB0SH ($100 in chips) 
Seat 5: Espada Fish ($121.11 in chips) 
Seat 6: Seavus10 ($162.84 in chips) 
Xenicide: posts small blind $0.50
wyatt175: posts big blind $1
Nazareno1999: sits out 
*** HOLE CARDS ***
J0SHB0SH: raises $1 to $2
Espada Fish: folds 
Seavus10: folds 
Xenicide: folds 
wyatt175: calls $1
*** FLOP *** [Ks 3d 6s]
wyatt175: checks 
J0SHB0SH: bets $1.41
wyatt175: calls $1.41
*** TURN *** [Ks 3d 6s] [8c]
wyatt175: checks 
J0SHB0SH: checks 
*** RIVER *** [Ks 3d 6s 8c] [Qc]
wyatt175: checks 
J0SHB0SH: bets $4.59
wyatt175: folds 
Uncalled bet ($4.59) returned to J0SHB0SH
J0SHB0SH collected $6.95 from pot
J0SHB0SH: doesn't show hand 
*** SUMMARY ***
Total pot $7.32 | Rake $0.37 
Board [Ks 3d 6s 8c Qc]
Seat 4: Nazareno1999
Seat 1: Xenicide (small blind) folded before Flop
Seat 2: wyatt175 (big blind) folded on the River
Seat 3: J0SHB0SH collected ($6.95)
Seat 5: Espada Fish folded before Flop (didn't bet)
Seat 6: Seavus10 (button) folded before Flop (didn't bet)



PokerStars Hand #254712459322:  Hold'em No Limit ($0.50/$1.00 USD) - 2025/02/04 1:21:15 WET [2025/02/04 20:21:15 ET]
Table 'Perihelion' 6-max Seat #1 is the button
Seat 4: Nazareno1999 ($100 in chips) is sitting out
Seat 1: Xenicide ($102.02 in chips) 
Seat 2: wyatt175 ($101.88 in chips) 
Seat 3: J0SHB0SH ($103.54 in chips) 
Seat 5: Espada Fish ($121.11 in chips) 
Seat 6: Seavus10 ($162.84 in chips) 
wyatt175: posts small blind $0.50
J0SHB0SH: posts big blind $1
Nazareno1999: sits out 
*** HOLE CARDS ***
Espada Fish: folds 
Seavus10: folds 
Xenicide: folds 
wyatt175: calls $0.50
J0SHB0SH: checks 
*** FLOP *** [4h Ad 3h]
wyatt175: checks 
J0SHB0SH: checks 
*** TURN *** [4h Ad 3h] [As]
wyatt175: checks 
J0SHB0SH: checks 
*** RIVER *** [4h Ad 3h As] [Js]
wyatt175: checks 
J0SHB0SH: checks 
*** SHOW DOWN ***
wyatt175: shows [6h Ah] (three of a kind, Aces)
J0SHB0SH: mucks hand 
wyatt175 collected $1.90 from pot
*** SUMMARY ***
Total pot $2 | Rake $0.10 
Board [4h Ad 3h As Js]
Seat 4: Nazareno1999
Seat 1: Xenicide (button) folded before Flop (didn't bet)
Seat 2: wyatt175 (small blind) showed [6h Ah] and won ($1.90) with three of a kind, Aces
Seat 3: J0SHB0SH (big blind) mucked
Seat 5: Espada Fish folded before Flop (didn't bet)
Seat 6: Seavus10 folded before Flop (didn't bet)



PokerStars Hand #254712468641:  Hold'em No Limit ($0.50/$1.00 USD) - 2025/02/04 1:22:09 WET [2025/02/04 20:22:09 ET]
Table 'Perihelion' 6-max Seat #2 is the button
Seat 1: Xenicide ($102.02 in chips) 
Seat 2: wyatt175 ($102.78 in chips) 
Seat 3: J0SHB0SH ($102.54 in chips) 
Seat 4: Nazareno1999 ($100 in chips) 
Seat 5: Espada Fish ($121.11 in chips) 
Seat 6: Seavus10 ($162.84 in chips) 
J0SHB0SH: posts small blind $0.50
Nazareno1999: posts big blind $1
*** HOLE CARDS ***
Espada Fish: folds 
Seavus10: folds 
Xenicide: folds 
wyatt175: calls $1
J0SHB0SH: folds 
Nazareno1999: checks 
*** FLOP *** [4d 4s Kc]
Nazareno1999: checks 
wyatt175: checks 
*** TURN *** [4d 4s Kc] [7s]
Nazareno1999: checks 
wyatt175: bets $2
Nazareno1999: folds 
Uncalled bet ($2) returned to wyatt175
wyatt175 collected $2.38 from pot
*** SUMMARY ***
Total pot $2.50 | Rake $0.12 
Board [4d 4s Kc 7s]
Seat 1: Xenicide folded before Flop (didn't bet)
Seat 2: wyatt175 (button) collected ($2.38)
Seat 3: J0SHB0SH (small blind) folded before Flop
Seat 4: Nazareno1999 (big blind) folded on the Turn
Seat 5: Espada Fish folded before Flop (didn't bet)
Seat 6: Seavus10 folded before Flop (didn't bet)



