PokerStars Hand #254703162139:  Hold'em No Limit ($0.50/$1.00 USD) - 2025/02/04 15:23:55 WET [2025/02/04 10:23:55 ET]
Table 'Patroclus II' 6-max Seat #4 is the button
Seat 1: laloo246 ($109 in chips) 
Seat 2: Desverdi ($90.50 in chips) 
Seat 3: treidei3 ($100 in chips) 
Seat 4: sta$igk ($103 in chips) 
Seat 5: kaleb_josue ($56.05 in chips) 
Seat 6: whlzor ($100 in chips) 
kaleb_josue: posts small blind $0.50
whlzor: posts big blind $1
*** HOLE CARDS ***
laloo246: folds 
Desverdi: calls $1
treidei3: folds 
sta$igk: folds 
kaleb_josue: raises $5 to $6
whlzor: folds 
Desverdi: calls $5
*** FLOP *** [Ks 9s Ad]
kaleb_josue: checks 
Desverdi: checks 
*** TURN *** [Ks 9s Ad] [5d]
kaleb_josue: checks 
Desverdi: checks 
*** RIVER *** [Ks 9s Ad 5d] [6s]
kaleb_josue: bets $8.18
Desverdi: folds 
Uncalled bet ($8.18) returned to kaleb_josue
kaleb_josue collected $12.35 from pot
*** SUMMARY ***
Total pot $13 | Rake $0.65 
Board [Ks 9s Ad 5d 6s]
Seat 1: laloo246 folded before Flop (didn't bet)
Seat 2: Desverdi folded on the River
Seat 3: treidei3 folded before Flop (didn't bet)
Seat 4: sta$igk (button) folded before Flop (didn't bet)
Seat 5: kaleb_josue (small blind) collected ($12.35)
Seat 6: whlzor (big blind) folded before Flop



PokerStars Hand #254703170120:  Hold'em No Limit ($0.50/$1.00 USD) - 2025/02/04 15:24:35 WET [2025/02/04 10:24:35 ET]
Table 'Patroclus II' 6-max Seat #5 is the button
Seat 1: laloo246 ($109 in chips) 
Seat 2: Desverdi ($84.50 in chips) 
Seat 3: treidei3 ($100 in chips) 
Seat 4: sta$igk ($103 in chips) 
Seat 5: kaleb_josue ($62.40 in chips) 
Seat 6: whlzor ($100 in chips) 
whlzor: posts small blind $0.50
laloo246: posts big blind $1
*** HOLE CARDS ***
Desverdi: calls $1
treidei3: raises $3 to $4
sta$igk: folds 
kaleb_josue: calls $4
whlzor: folds 
laloo246: folds 
Desverdi: calls $3
*** FLOP *** [Ts 5c Ah]
Desverdi: checks 
treidei3: bets $4.23
kaleb_josue: calls $4.23
Desverdi: calls $4.23
*** TURN *** [Ts 5c Ah] [Ac]
Desverdi: checks 
treidei3: checks 
kaleb_josue: bets $12.44
Desverdi: folds 
treidei3: folds 
Uncalled bet ($12.44) returned to kaleb_josue
kaleb_josue collected $24.88 from pot
*** SUMMARY ***
Total pot $26.19 | Rake $1.31 
Board [Ts 5c Ah Ac]
Seat 1: laloo246 (big blind) folded before Flop
Seat 2: Desverdi folded on the Turn
Seat 3: treidei3 folded on the Turn
Seat 4: sta$igk folded before Flop (didn't bet)
Seat 5: kaleb_josue (button) collected ($24.88)
Seat 6: whlzor (small blind) folded before Flop



PokerStars Hand #254703183994:  Hold'em No Limit ($0.50/$1.00 USD) - 2025/02/04 15:25:43 WET [2025/02/04 10:25:43 ET]
Table 'Patroclus II' 6-max Seat #6 is the button
Seat 1: laloo246 ($108 in chips) 
Seat 2: Desverdi ($76.27 in chips) 
Seat 3: treidei3 ($100 in chips) 
Seat 4: sta$igk ($103 in chips) 
Seat 5: kaleb_josue ($79.05 in chips) 
Seat 6: whlzor ($100 in chips) 
laloo246: posts small blind $0.50
Desverdi: posts big blind $1
*** HOLE CARDS ***
treidei3: folds 
sta$igk: raises $1.50 to $2.50
kaleb_josue: raises $6.50 to $9
whlzor: folds 
laloo246: folds 
Desverdi: folds 
sta$igk: folds 
Uncalled bet ($6.50) returned to kaleb_josue
kaleb_josue collected $6.50 from pot
*** SUMMARY ***
Total pot $6.50 | Rake $0 
Seat 1: laloo246 (small blind) folded before Flop
Seat 2: Desverdi (big blind) folded before Flop
Seat 3: treidei3 folded before Flop (didn't bet)
Seat 4: sta$igk folded before Flop
Seat 5: kaleb_josue collected ($6.50)
Seat 6: whlzor (button) folded before Flop (didn't bet)



PokerStars Hand #254703187387:  Hold'em No Limit ($0.50/$1.00 USD) - 2025/02/04 15:26:00 WET [2025/02/04 10:26:00 ET]
Table 'Patroclus II' 6-max Seat #1 is the button
Seat 1: laloo246 ($107.50 in chips) 
Seat 2: Desverdi ($75.27 in chips) 
Seat 3: treidei3 ($100 in chips) 
Seat 4: sta$igk ($100.50 in chips) 
Seat 5: kaleb_josue ($83.05 in chips) 
Seat 6: whlzor ($100 in chips) 
Desverdi: posts small blind $0.50
treidei3: posts big blind $1
*** HOLE CARDS ***
sta$igk: folds 
kaleb_josue: folds 
whlzor: raises $2 to $3
laloo246: folds 
Desverdi: calls $2.50
treidei3: folds 
*** FLOP *** [Ks 7s 8s]
Desverdi: checks 
whlzor: checks 
*** TURN *** [Ks 7s 8s] [Ad]
Desverdi: checks 
whlzor: bets $3.33
Desverdi: calls $3.33
*** RIVER *** [Ks 7s 8s Ad] [Th]
Desverdi: bets $4
whlzor: calls $4
*** SHOW DOWN ***
Desverdi: shows [Kd 4d] (a pair of Kings)
whlzor: shows [Ah 9c] (a pair of Aces)
whlzor collected $20.58 from pot
*** SUMMARY ***
Total pot $21.66 | Rake $1.08 
Board [Ks 7s 8s Ad Th]
Seat 1: laloo246 (button) folded before Flop (didn't bet)
Seat 2: Desverdi (small blind) showed [Kd 4d] and lost with a pair of Kings
Seat 3: treidei3 (big blind) folded before Flop
Seat 4: sta$igk folded before Flop (didn't bet)
Seat 5: kaleb_josue folded before Flop (didn't bet)
Seat 6: whlzor showed [Ah 9c] and won ($20.58) with a pair of Aces



PokerStars Hand #254703196238:  Hold'em No Limit ($0.50/$1.00 USD) - 2025/02/04 15:26:45 WET [2025/02/04 10:26:45 ET]
Table 'Patroclus II' 6-max Seat #2 is the button
Seat 1: laloo246 ($107.50 in chips) 
Seat 2: Desverdi ($64.94 in chips) 
Seat 3: treidei3 ($100 in chips) 
Seat 4: sta$igk ($100.50 in chips) 
Seat 5: kaleb_josue ($83.05 in chips) 
Seat 6: whlzor ($110.25 in chips) 
treidei3: posts small blind $0.50
sta$igk: posts big blind $1
*** HOLE CARDS ***
kaleb_josue: folds 
whlzor: folds 
laloo246: folds 
Desverdi: calls $1
treidei3: raises $4 to $5
sta$igk: folds 
Desverdi: calls $4
*** FLOP *** [Jd 9h 5h]
treidei3: bets $1
Desverdi: calls $1
*** TURN *** [Jd 9h 5h] [Jc]
treidei3: checks 
Desverdi: checks 
*** RIVER *** [Jd 9h 5h Jc] [4s]
treidei3: checks 
Desverdi: checks 
*** SHOW DOWN ***
treidei3: shows [Ad 6d] (a pair of Jacks)
Desverdi: mucks hand 
treidei3 collected $12.35 from pot
*** SUMMARY ***
Total pot $13 | Rake $0.65 
Board [Jd 9h 5h Jc 4s]
Seat 1: laloo246 folded before Flop (didn't bet)
Seat 2: Desverdi (button) mucked
Seat 3: treidei3 (small blind) showed [Ad 6d] and won ($12.35) with a pair of Jacks
Seat 4: sta$igk (big blind) folded before Flop
Seat 5: kaleb_josue folded before Flop (didn't bet)
Seat 6: whlzor folded before Flop (didn't bet)



PokerStars Hand #254703203197:  Hold'em No Limit ($0.50/$1.00 USD) - 2025/02/04 15:27:19 WET [2025/02/04 10:27:19 ET]
Table 'Patroclus II' 6-max Seat #3 is the button
Seat 1: laloo246 ($107.50 in chips) 
Seat 2: Desverdi ($58.94 in chips) 
Seat 3: treidei3 ($106.35 in chips) 
Seat 4: sta$igk ($100 in chips) 
Seat 5: kaleb_josue ($83.05 in chips) 
Seat 6: whlzor ($110.25 in chips) 
sta$igk: posts small blind $0.50
kaleb_josue: posts big blind $1
*** HOLE CARDS ***
whlzor: folds 
laloo246: raises $1.20 to $2.20
Desverdi: folds 
treidei3: raises $4.40 to $6.60
sta$igk: folds 
kaleb_josue: folds 
laloo246: folds 
Uncalled bet ($4.40) returned to treidei3
treidei3 collected $5.90 from pot
treidei3: doesn't show hand 
*** SUMMARY ***
Total pot $5.90 | Rake $0 
Seat 1: laloo246 folded before Flop
Seat 2: Desverdi folded before Flop (didn't bet)
Seat 3: treidei3 (button) collected ($5.90)
Seat 4: sta$igk (small blind) folded before Flop
Seat 5: kaleb_josue (big blind) folded before Flop
Seat 6: whlzor folded before Flop (didn't bet)



PokerStars Hand #254703213102:  Hold'em No Limit ($0.50/$1.00 USD) - 2025/02/04 15:28:09 WET [2025/02/04 10:28:09 ET]
Table 'Patroclus II' 6-max Seat #4 is the button
Seat 1: laloo246 ($105.30 in chips) 
Seat 2: Desverdi ($58.94 in chips) 
Seat 3: treidei3 ($110.05 in chips) 
Seat 4: sta$igk ($100 in chips) 
Seat 5: kaleb_josue ($82.05 in chips) 
Seat 6: whlzor ($110.25 in chips) 
kaleb_josue: posts small blind $0.50
whlzor: posts big blind $1
*** HOLE CARDS ***
laloo246: folds 
Desverdi: folds 
treidei3: folds 
sta$igk: raises $1 to $2
kaleb_josue: calls $1.50
whlzor: folds 
*** FLOP *** [Kc 3c Th]
kaleb_josue: bets $2.38
sta$igk: folds 
Uncalled bet ($2.38) returned to kaleb_josue
kaleb_josue collected $4.75 from pot
*** SUMMARY ***
Total pot $5 | Rake $0.25 
Board [Kc 3c Th]
Seat 1: laloo246 folded before Flop (didn't bet)
Seat 2: Desverdi folded before Flop (didn't bet)
Seat 3: treidei3 folded before Flop (didn't bet)
Seat 4: sta$igk (button) folded on the Flop
Seat 5: kaleb_josue (small blind) collected ($4.75)
Seat 6: whlzor (big blind) folded before Flop



PokerStars Hand #254703221603:  Hold'em No Limit ($0.50/$1.00 USD) - 2025/02/04 15:28:51 WET [2025/02/04 10:28:51 ET]
Table 'Patroclus II' 6-max Seat #5 is the button
Seat 1: laloo246 ($105.30 in chips) 
Seat 2: Desverdi ($58.94 in chips) 
Seat 3: treidei3 ($110.05 in chips) 
Seat 4: sta$igk ($100 in chips) 
Seat 5: kaleb_josue ($84.80 in chips) 
Seat 6: whlzor ($109.25 in chips) 
whlzor: posts small blind $0.50
laloo246: posts big blind $1
*** HOLE CARDS ***
Desverdi: calls $1
treidei3: folds 
sta$igk: folds 
kaleb_josue: folds 
whlzor: folds 
laloo246: checks 
*** FLOP *** [7d Qh 5c]
laloo246: bets $1.79
Desverdi: raises $2.79 to $4.58
laloo246: calls $2.79
*** TURN *** [7d Qh 5c] [Kd]
laloo246: checks 
Desverdi: checks 
*** RIVER *** [7d Qh 5c Kd] [3s]
laloo246: bets $15.12
Desverdi: folds 
Uncalled bet ($15.12) returned to laloo246
laloo246 collected $11.08 from pot
laloo246: doesn't show hand 
*** SUMMARY ***
Total pot $11.66 | Rake $0.58 
Board [7d Qh 5c Kd 3s]
Seat 1: laloo246 (big blind) collected ($11.08)
Seat 2: Desverdi folded on the River
Seat 3: treidei3 folded before Flop (didn't bet)
Seat 4: sta$igk folded before Flop (didn't bet)
Seat 5: kaleb_josue (button) folded before Flop (didn't bet)
Seat 6: whlzor (small blind) folded before Flop



PokerStars Hand #254703237802:  Hold'em No Limit ($0.50/$1.00 USD) - 2025/02/04 15:30:10 WET [2025/02/04 10:30:10 ET]
Table 'Patroclus II' 6-max Seat #6 is the button
Seat 1: laloo246 ($110.80 in chips) 
Seat 2: Desverdi ($53.36 in chips) 
Seat 3: treidei3 ($110.05 in chips) 
Seat 4: sta$igk ($100 in chips) 
Seat 5: kaleb_josue ($84.80 in chips) 
Seat 6: whlzor ($108.75 in chips) 
laloo246: posts small blind $0.50
Desverdi: posts big blind $1
*** HOLE CARDS ***
treidei3: folds 
sta$igk: folds 
kaleb_josue: raises $1 to $2
whlzor: folds 
laloo246: raises $8.50 to $10.50
Desverdi: raises $14.50 to $25
kaleb_josue: folds 
laloo246 has timed out
laloo246: folds 
Uncalled bet ($14.50) returned to Desverdi
Desverdi collected $23 from pot
*** SUMMARY ***
Total pot $23 | Rake $0 
Seat 1: laloo246 (small blind) folded before Flop
Seat 2: Desverdi (big blind) collected ($23)
Seat 3: treidei3 folded before Flop (didn't bet)
Seat 4: sta$igk folded before Flop (didn't bet)
Seat 5: kaleb_josue folded before Flop
Seat 6: whlzor (button) folded before Flop (didn't bet)



PokerStars Hand #254703252874:  Hold'em No Limit ($0.50/$1.00 USD) - 2025/02/04 15:31:24 WET [2025/02/04 10:31:24 ET]
Table 'Patroclus II' 6-max Seat #1 is the button
Seat 1: laloo246 ($100.30 in chips) 
Seat 2: Desverdi ($65.86 in chips) 
Seat 3: treidei3 ($110.05 in chips) 
Seat 4: sta$igk ($100 in chips) 
Seat 5: kaleb_josue ($82.80 in chips) 
Seat 6: whlzor ($108.75 in chips) 
Desverdi: posts small blind $0.50
treidei3: posts big blind $1
*** HOLE CARDS ***
sta$igk: folds 
kaleb_josue: raises $3 to $4
whlzor: folds 
laloo246: folds 
Desverdi: folds 
treidei3: folds 
Uncalled bet ($3) returned to kaleb_josue
kaleb_josue collected $2.50 from pot
*** SUMMARY ***
Total pot $2.50 | Rake $0 
Seat 1: laloo246 (button) folded before Flop (didn't bet)
Seat 2: Desverdi (small blind) folded before Flop
Seat 3: treidei3 (big blind) folded before Flop
Seat 4: sta$igk folded before Flop (didn't bet)
Seat 5: kaleb_josue collected ($2.50)
Seat 6: whlzor folded before Flop (didn't bet)



PokerStars Hand #254703255793:  Hold'em No Limit ($0.50/$1.00 USD) - 2025/02/04 15:31:38 WET [2025/02/04 10:31:38 ET]
Table 'Patroclus II' 6-max Seat #2 is the button
Seat 1: laloo246 ($100.30 in chips) 
Seat 2: Desverdi ($65.36 in chips) 
Seat 3: treidei3 ($109.05 in chips) 
Seat 4: sta$igk ($100 in chips) 
Seat 5: kaleb_josue ($84.30 in chips) 
Seat 6: whlzor ($108.75 in chips) 
treidei3: posts small blind $0.50
sta$igk: posts big blind $1
*** HOLE CARDS ***
kaleb_josue: folds 
whlzor: raises $1.50 to $2.50
laloo246: folds 
Desverdi: folds 
treidei3: folds 
sta$igk: folds 
Uncalled bet ($1.50) returned to whlzor
whlzor collected $2.50 from pot
whlzor: doesn't show hand 
*** SUMMARY ***
Total pot $2.50 | Rake $0 
Seat 1: laloo246 folded before Flop (didn't bet)
Seat 2: Desverdi (button) folded before Flop (didn't bet)
Seat 3: treidei3 (small blind) folded before Flop
Seat 4: sta$igk (big blind) folded before Flop
Seat 5: kaleb_josue folded before Flop (didn't bet)
Seat 6: whlzor collected ($2.50)



PokerStars Hand #254703259959:  Hold'em No Limit ($0.50/$1.00 USD) - 2025/02/04 15:31:58 WET [2025/02/04 10:31:58 ET]
Table 'Patroclus II' 6-max Seat #3 is the button
Seat 1: laloo246 ($100.30 in chips) 
Seat 2: Desverdi ($65.36 in chips) 
Seat 3: treidei3 ($108.55 in chips) 
Seat 4: sta$igk ($100 in chips) 
Seat 5: kaleb_josue ($84.30 in chips) 
Seat 6: whlzor ($110.25 in chips) 
sta$igk: posts small blind $0.50
kaleb_josue: posts big blind $1
*** HOLE CARDS ***
whlzor: raises $1.50 to $2.50
laloo246: raises $5 to $7.50
Desverdi: folds 
treidei3: folds 
sta$igk: folds 
kaleb_josue: folds 
whlzor: raises $14.50 to $22
laloo246: calls $14.50
*** FLOP *** [Ts Ad 3h]
whlzor: checks 
laloo246: bets $14.26
whlzor: folds 
Uncalled bet ($14.26) returned to laloo246
laloo246 collected $43.22 from pot
laloo246: doesn't show hand 
*** SUMMARY ***
Total pot $45.50 | Rake $2.28 
Board [Ts Ad 3h]
Seat 1: laloo246 collected ($43.22)
Seat 2: Desverdi folded before Flop (didn't bet)
Seat 3: treidei3 (button) folded before Flop (didn't bet)
Seat 4: sta$igk (small blind) folded before Flop
Seat 5: kaleb_josue (big blind) folded before Flop
Seat 6: whlzor folded on the Flop



PokerStars Hand #254703278727:  Hold'em No Limit ($0.50/$1.00 USD) - 2025/02/04 15:33:30 WET [2025/02/04 10:33:30 ET]
Table 'Patroclus II' 6-max Seat #4 is the button
Seat 1: laloo246 ($121.52 in chips) 
Seat 2: Desverdi ($65.36 in chips) 
Seat 3: treidei3 ($108.55 in chips) 
Seat 4: sta$igk ($100 in chips) 
Seat 5: kaleb_josue ($83.30 in chips) 
Seat 6: whlzor ($100 in chips) 
kaleb_josue: posts small blind $0.50
whlzor: posts big blind $1
*** HOLE CARDS ***
laloo246: folds 
Desverdi: folds 
treidei3: folds 
sta$igk: folds 
kaleb_josue: folds 
Uncalled bet ($0.50) returned to whlzor
whlzor collected $1 from pot
whlzor: doesn't show hand 
*** SUMMARY ***
Total pot $1 | Rake $0 
Seat 1: laloo246 folded before Flop (didn't bet)
Seat 2: Desverdi folded before Flop (didn't bet)
Seat 3: treidei3 folded before Flop (didn't bet)
Seat 4: sta$igk (button) folded before Flop (didn't bet)
Seat 5: kaleb_josue (small blind) folded before Flop
Seat 6: whlzor (big blind) collected ($1)



PokerStars Hand #254703283680:  Hold'em No Limit ($0.50/$1.00 USD) - 2025/02/04 15:33:54 WET [2025/02/04 10:33:54 ET]
Table 'Patroclus II' 6-max Seat #5 is the button
Seat 1: laloo246 ($121.52 in chips) 
Seat 2: Desverdi ($65.36 in chips) 
Seat 3: treidei3 ($108.55 in chips) 
Seat 4: sta$igk ($100 in chips) 
Seat 5: kaleb_josue ($82.80 in chips) 
Seat 6: whlzor ($100.50 in chips) 
whlzor: posts small blind $0.50
laloo246: posts big blind $1
*** HOLE CARDS ***
Desverdi: folds 
treidei3: folds 
sta$igk: folds 
kaleb_josue: raises $1 to $2
whlzor: folds 
laloo246: folds 
Uncalled bet ($1) returned to kaleb_josue
kaleb_josue collected $2.50 from pot
*** SUMMARY ***
Total pot $2.50 | Rake $0 
Seat 1: laloo246 (big blind) folded before Flop
Seat 2: Desverdi folded before Flop (didn't bet)
Seat 3: treidei3 folded before Flop (didn't bet)
Seat 4: sta$igk folded before Flop (didn't bet)
Seat 5: kaleb_josue (button) collected ($2.50)
Seat 6: whlzor (small blind) folded before Flop



PokerStars Hand #254703290086:  Hold'em No Limit ($0.50/$1.00 USD) - 2025/02/04 15:34:26 WET [2025/02/04 10:34:26 ET]
Table 'Patroclus II' 6-max Seat #6 is the button
Seat 1: laloo246 ($120.52 in chips) 
Seat 2: Desverdi ($65.36 in chips) 
Seat 3: treidei3 ($108.55 in chips) 
Seat 4: sta$igk ($100 in chips) 
Seat 5: kaleb_josue ($84.30 in chips) 
Seat 6: whlzor ($100 in chips) 
laloo246: posts small blind $0.50
Desverdi: posts big blind $1
*** HOLE CARDS ***
treidei3: folds 
sta$igk: folds 
kaleb_josue: raises $2 to $3
whlzor: raises $6 to $9
laloo246: folds 
Desverdi: folds 
kaleb_josue: calls $6
*** FLOP *** [Td As Th]
kaleb_josue: bets $5.30
whlzor: folds 
Uncalled bet ($5.30) returned to kaleb_josue
kaleb_josue collected $18.52 from pot
*** SUMMARY ***
Total pot $19.50 | Rake $0.98 
Board [Td As Th]
Seat 1: laloo246 (small blind) folded before Flop
Seat 2: Desverdi (big blind) folded before Flop
Seat 3: treidei3 folded before Flop (didn't bet)
Seat 4: sta$igk folded before Flop (didn't bet)
Seat 5: kaleb_josue collected ($18.52)
Seat 6: whlzor (button) folded on the Flop



PokerStars Hand #254703302997:  Hold'em No Limit ($0.50/$1.00 USD) - 2025/02/04 15:35:29 WET [2025/02/04 10:35:29 ET]
Table 'Patroclus II' 6-max Seat #1 is the button
Seat 1: laloo246 ($120.02 in chips) 
Seat 2: Desverdi ($64.36 in chips) 
Seat 3: treidei3 ($108.55 in chips) 
Seat 4: sta$igk ($100 in chips) 
Seat 5: kaleb_josue ($93.82 in chips) 
Seat 6: whlzor ($100 in chips) 
Desverdi: posts small blind $0.50
treidei3: posts big blind $1
*** HOLE CARDS ***
sta$igk: folds 
kaleb_josue: folds 
whlzor: folds 
laloo246: folds 
Desverdi: folds 
Uncalled bet ($0.50) returned to treidei3
treidei3 collected $1 from pot
treidei3: doesn't show hand 
*** SUMMARY ***
Total pot $1 | Rake $0 
Seat 1: laloo246 (button) folded before Flop (didn't bet)
Seat 2: Desverdi (small blind) folded before Flop
Seat 3: treidei3 (big blind) collected ($1)
Seat 4: sta$igk folded before Flop (didn't bet)
Seat 5: kaleb_josue folded before Flop (didn't bet)
Seat 6: whlzor folded before Flop (didn't bet)



PokerStars Hand #254703306808:  Hold'em No Limit ($0.50/$1.00 USD) - 2025/02/04 15:35:48 WET [2025/02/04 10:35:48 ET]
Table 'Patroclus II' 6-max Seat #2 is the button
Seat 1: laloo246 ($120.02 in chips) 
Seat 2: Desverdi ($63.86 in chips) 
Seat 3: treidei3 ($109.05 in chips) 
Seat 4: sta$igk ($100 in chips) 
Seat 5: kaleb_josue ($93.82 in chips) 
Seat 6: whlzor ($100 in chips) 
treidei3: posts small blind $0.50
sta$igk: posts big blind $1
*** HOLE CARDS ***
kaleb_josue: folds 
whlzor: folds 
laloo246: folds 
Desverdi: raises $4 to $5
treidei3: folds 
sta$igk: folds 
Uncalled bet ($4) returned to Desverdi
Desverdi collected $2.50 from pot
*** SUMMARY ***
Total pot $2.50 | Rake $0 
Seat 1: laloo246 folded before Flop (didn't bet)
Seat 2: Desverdi (button) collected ($2.50)
Seat 3: treidei3 (small blind) folded before Flop
Seat 4: sta$igk (big blind) folded before Flop
Seat 5: kaleb_josue folded before Flop (didn't bet)
Seat 6: whlzor folded before Flop (didn't bet)



PokerStars Hand #254703312788:  Hold'em No Limit ($0.50/$1.00 USD) - 2025/02/04 15:36:18 WET [2025/02/04 10:36:18 ET]
Table 'Patroclus II' 6-max Seat #3 is the button
Seat 1: laloo246 ($120.02 in chips) 
Seat 2: Desverdi ($65.36 in chips) 
Seat 3: treidei3 ($108.55 in chips) 
Seat 4: sta$igk ($100 in chips) 
Seat 5: kaleb_josue ($93.82 in chips) 
Seat 6: whlzor ($100 in chips) 
sta$igk: posts small blind $0.50
kaleb_josue: posts big blind $1
*** HOLE CARDS ***
whlzor: folds 
laloo246: folds 
Desverdi: calls $1
treidei3: raises $3 to $4
sta$igk: folds 
kaleb_josue: folds 
Desverdi: calls $3
*** FLOP *** [Kh 8s 4h]
Desverdi: checks 
treidei3: bets $1
Desverdi: calls $1
*** TURN *** [Kh 8s 4h] [Jc]
Desverdi: checks 
treidei3: bets $8.19
Desverdi: calls $8.19
*** RIVER *** [Kh 8s 4h Jc] [7c]
Desverdi: bets $13.25
treidei3: folds 
Uncalled bet ($13.25) returned to Desverdi
Desverdi collected $26.49 from pot
*** SUMMARY ***
Total pot $27.88 | Rake $1.39 
Board [Kh 8s 4h Jc 7c]
Seat 1: laloo246 folded before Flop (didn't bet)
Seat 2: Desverdi collected ($26.49)
Seat 3: treidei3 (button) folded on the River
Seat 4: sta$igk (small blind) folded before Flop
Seat 5: kaleb_josue (big blind) folded before Flop
Seat 6: whlzor folded before Flop (didn't bet)



PokerStars Hand #254703325971:  Hold'em No Limit ($0.50/$1.00 USD) - 2025/02/04 15:37:22 WET [2025/02/04 10:37:22 ET]
Table 'Patroclus II' 6-max Seat #4 is the button
Seat 1: laloo246 ($120.02 in chips) 
Seat 2: Desverdi ($78.66 in chips) 
Seat 3: treidei3 ($100 in chips) 
Seat 4: sta$igk ($100 in chips) 
Seat 5: kaleb_josue ($92.82 in chips) 
Seat 6: whlzor ($100 in chips) 
kaleb_josue: posts small blind $0.50
whlzor: posts big blind $1
*** HOLE CARDS ***
laloo246: raises $1.20 to $2.20
Desverdi: folds 
treidei3: folds 
sta$igk: raises $5.30 to $7.50
Desverdi leaves the table
kaleb_josue: calls $7
whlzor: folds 
laloo246: folds 
*** FLOP *** [2h 6s 7d]
kaleb_josue: bets $8.65
sta$igk: raises $83.85 to $92.50 and is all-in
kaleb_josue: calls $76.67 and is all-in
Uncalled bet ($7.18) returned to sta$igk
*** TURN *** [2h 6s 7d] [5d]
*** RIVER *** [2h 6s 7d 5d] [Ks]
*** SHOW DOWN ***
kaleb_josue: shows [Ac As] (a pair of Aces)
sta$igk: shows [9h 9c] (a pair of Nines)
kaleb_josue cashed out the hand for $161.41 | Cash Out Fee $3.29
*** SUMMARY ***
Total pot $188.84 | Rake $2.50 
Board [2h 6s 7d 5d Ks]
Seat 1: laloo246 folded before Flop
Seat 2: Desverdi folded before Flop (didn't bet)
Seat 3: treidei3 folded before Flop (didn't bet)
Seat 4: sta$igk (button) showed [9h 9c] and lost with a pair of Nines
Seat 5: kaleb_josue (small blind) showed [Ac As] and won ($186.34) with a pair of Aces (pot not awarded as player cashed out)
Seat 6: whlzor (big blind) folded before Flop



PokerStars Hand #254703354594:  Hold'em No Limit ($0.50/$1.00 USD) - 2025/02/04 15:39:40 WET [2025/02/04 10:39:40 ET]
Table 'Patroclus II' 6-max Seat #1 is the button
Seat 2: tintin641 ($100 in chips) is sitting out
Seat 1: laloo246 ($103.32 in chips) 
Seat 3: treidei3 ($111.68 in chips) 
Seat 4: sta$igk ($117 in chips) 
Seat 5: kaleb_josue ($146.41 in chips) 
Seat 6: whlzor ($100 in chips) 
treidei3: posts small blind $0.50
sta$igk: posts big blind $1
*** HOLE CARDS ***
kaleb_josue: folds 
whlzor: folds 
laloo246: folds 
treidei3: folds 
Uncalled bet ($0.50) returned to sta$igk
sta$igk collected $1 from pot
sta$igk: doesn't show hand 
*** SUMMARY ***
Total pot $1 | Rake $0 
Seat 2: tintin641
Seat 1: laloo246 (button) folded before Flop (didn't bet)
Seat 3: treidei3 (small blind) folded before Flop
Seat 4: sta$igk (big blind) collected ($1)
Seat 5: kaleb_josue folded before Flop (didn't bet)
Seat 6: whlzor folded before Flop (didn't bet)



PokerStars Hand #254703356596:  Hold'em No Limit ($0.50/$1.00 USD) - 2025/02/04 15:39:50 WET [2025/02/04 10:39:50 ET]
Table 'Patroclus II' 6-max Seat #3 is the button
Seat 2: tintin641 ($100 in chips) is sitting out
Seat 1: laloo246 ($103.32 in chips) 
Seat 3: treidei3 ($111.18 in chips) 
Seat 4: sta$igk ($117.50 in chips) 
Seat 5: kaleb_josue ($146.41 in chips) 
Seat 6: whlzor ($100 in chips) 
sta$igk: posts small blind $0.50
kaleb_josue: posts big blind $1
tintin641: sits out 
*** HOLE CARDS ***
whlzor: folds 
laloo246: folds 
treidei3: folds 
sta$igk: raises $2 to $3
kaleb_josue: calls $2
*** FLOP *** [Qs Tc Js]
sta$igk: checks 
kaleb_josue: bets $2.85
sta$igk: raises $6.15 to $9
kaleb_josue: calls $6.15
*** TURN *** [Qs Tc Js] [Kd]
sta$igk: checks 
kaleb_josue: checks 
*** RIVER *** [Qs Tc Js Kd] [As]
sta$igk: bets $105.50 and is all-in
kaleb_josue: folds 
Uncalled bet ($105.50) returned to sta$igk
sta$igk collected $22.80 from pot
sta$igk: doesn't show hand 
*** SUMMARY ***
Total pot $24 | Rake $1.20 
Board [Qs Tc Js Kd As]
Seat 2: tintin641
Seat 1: laloo246 folded before Flop (didn't bet)
Seat 3: treidei3 (button) folded before Flop (didn't bet)
Seat 4: sta$igk (small blind) collected ($22.80)
Seat 5: kaleb_josue (big blind) folded on the River
Seat 6: whlzor folded before Flop (didn't bet)



PokerStars Hand #254703370492:  Hold'em No Limit ($0.50/$1.00 USD) - 2025/02/04 15:40:57 WET [2025/02/04 10:40:57 ET]
Table 'Patroclus II' 6-max Seat #4 is the button
Seat 2: tintin641 ($100 in chips) is sitting out
Seat 6: whlzor ($100 in chips) is sitting out
Seat 1: laloo246 ($103.32 in chips) 
Seat 3: treidei3 ($111.18 in chips) 
Seat 4: sta$igk ($128.30 in chips) 
Seat 5: kaleb_josue ($134.41 in chips) 
kaleb_josue: posts small blind $0.50
whlzor: is sitting out 
laloo246: posts big blind $1
tintin641: sits out 
*** HOLE CARDS ***
whlzor leaves the table
treidei3: folds 
sta$igk: folds 
kaleb_josue: folds 
Uncalled bet ($0.50) returned to laloo246
laloo246 collected $1 from pot
gig.gyty joins the table at seat #6 
laloo246: doesn't show hand 
*** SUMMARY ***
Total pot $1 | Rake $0 
Seat 2: tintin641
Seat 6: whlzor
Seat 1: laloo246 (big blind) collected ($1)
Seat 3: treidei3 folded before Flop (didn't bet)
Seat 4: sta$igk (button) folded before Flop (didn't bet)
Seat 5: kaleb_josue (small blind) folded before Flop



PokerStars Hand #254703372621:  Hold'em No Limit ($0.50/$1.00 USD) - 2025/02/04 15:41:07 WET [2025/02/04 10:41:07 ET]
Table 'Patroclus II' 6-max Seat #5 is the button
Seat 6: gig.gyty ($10 in chips) is sitting out
Seat 1: laloo246 ($103.82 in chips) 
Seat 2: tintin641 ($100 in chips) 
Seat 3: treidei3 ($111.18 in chips) 
Seat 4: sta$igk ($128.30 in chips) 
Seat 5: kaleb_josue ($133.91 in chips) 
laloo246: posts small blind $0.50
tintin641: posts big blind $1
*** HOLE CARDS ***
treidei3: raises $1.20 to $2.20
sta$igk: folds 
kaleb_josue: calls $2.20
laloo246: folds 
tintin641: folds 
*** FLOP *** [4c 5h 8d]
treidei3: bets $1
kaleb_josue: calls $1
*** TURN *** [4c 5h 8d] [Qd]
treidei3: bets $5.63
kaleb_josue: folds 
Uncalled bet ($5.63) returned to treidei3
treidei3 collected $7.50 from pot
treidei3: doesn't show hand 
*** SUMMARY ***
Total pot $7.90 | Rake $0.40 
Board [4c 5h 8d Qd]
Seat 6: gig.gyty
Seat 1: laloo246 (small blind) folded before Flop
Seat 2: tintin641 (big blind) folded before Flop
Seat 3: treidei3 collected ($7.50)
Seat 4: sta$igk folded before Flop (didn't bet)
Seat 5: kaleb_josue (button) folded on the Turn



PokerStars Hand #254703379622:  Hold'em No Limit ($0.50/$1.00 USD) - 2025/02/04 15:41:41 WET [2025/02/04 10:41:41 ET]
Table 'Patroclus II' 6-max Seat #1 is the button
Seat 6: gig.gyty ($100 in chips) is sitting out
Seat 1: laloo246 ($103.32 in chips) 
Seat 2: tintin641 ($100 in chips) 
Seat 3: treidei3 ($115.48 in chips) 
Seat 4: sta$igk ($128.30 in chips) 
Seat 5: kaleb_josue ($130.71 in chips) 
tintin641: posts small blind $0.50
treidei3: posts big blind $1
gig.gyty: sits out 
*** HOLE CARDS ***
sta$igk: folds 
kaleb_josue: folds 
laloo246: raises $1.50 to $2.50
tintin641: folds 
treidei3: calls $1.50
*** FLOP *** [4d 9c 3d]
treidei3: checks 
laloo246: bets $2.61
treidei3: calls $2.61
*** TURN *** [4d 9c 3d] [Js]
treidei3: checks 
laloo246: bets $15.27
treidei3: folds 
Uncalled bet ($15.27) returned to laloo246
laloo246 collected $10.18 from pot
laloo246: doesn't show hand 
*** SUMMARY ***
Total pot $10.72 | Rake $0.54 
Board [4d 9c 3d Js]
Seat 6: gig.gyty
Seat 1: laloo246 (button) collected ($10.18)
Seat 2: tintin641 (small blind) folded before Flop
Seat 3: treidei3 (big blind) folded on the Turn
Seat 4: sta$igk folded before Flop (didn't bet)
Seat 5: kaleb_josue folded before Flop (didn't bet)



PokerStars Hand #254703390472:  Hold'em No Limit ($0.50/$1.00 USD) - 2025/02/04 15:42:34 WET [2025/02/04 10:42:34 ET]
Table 'Patroclus II' 6-max Seat #2 is the button
Seat 6: gig.gyty ($100 in chips) is sitting out
Seat 1: laloo246 ($108.39 in chips) 
Seat 2: tintin641 ($100 in chips) 
Seat 3: treidei3 ($110.37 in chips) 
Seat 4: sta$igk ($128.30 in chips) 
Seat 5: kaleb_josue ($130.71 in chips) 
treidei3: posts small blind $0.50
sta$igk: posts big blind $1
gig.gyty: sits out 
*** HOLE CARDS ***
kaleb_josue: raises $2.50 to $3.50
laloo246: folds 
tintin641: folds 
treidei3: folds 
sta$igk: calls $2.50
*** FLOP *** [9s 4s 7c]
sta$igk: checks 
kaleb_josue: bets $8.56
sta$igk: raises $17.12 to $25.68
kaleb_josue: calls $17.12
*** TURN *** [9s 4s 7c] [Td]
sta$igk: bets $33.82
kaleb_josue: calls $33.82
*** RIVER *** [9s 4s 7c Td] [4h]
sta$igk: bets $65.30 and is all-in
kaleb_josue: folds 
Uncalled bet ($65.30) returned to sta$igk
sta$igk collected $124 from pot
sta$igk: doesn't show hand 
*** SUMMARY ***
Total pot $126.50 | Rake $2.50 
Board [9s 4s 7c Td 4h]
Seat 6: gig.gyty
Seat 1: laloo246 folded before Flop (didn't bet)
Seat 2: tintin641 (button) folded before Flop (didn't bet)
Seat 3: treidei3 (small blind) folded before Flop
Seat 4: sta$igk (big blind) collected ($124)
Seat 5: kaleb_josue folded on the River



PokerStars Hand #254703409297:  Hold'em No Limit ($0.50/$1.00 USD) - 2025/02/04 15:44:05 WET [2025/02/04 10:44:05 ET]
Table 'Patroclus II' 6-max Seat #3 is the button
Seat 6: gig.gyty ($100 in chips) is sitting out
Seat 1: laloo246 ($108.39 in chips) 
Seat 2: tintin641 ($100 in chips) 
Seat 3: treidei3 ($109.87 in chips) 
Seat 4: sta$igk ($189.30 in chips) 
Seat 5: kaleb_josue ($67.71 in chips) 
sta$igk: posts small blind $0.50
kaleb_josue: posts big blind $1
gig.gyty: sits out 
*** HOLE CARDS ***
laloo246: folds 
tintin641: raises $1.50 to $2.50
treidei3: folds 
sta$igk: folds 
kaleb_josue: raises $5.50 to $8
tintin641: folds 
Uncalled bet ($5.50) returned to kaleb_josue
kaleb_josue collected $5.50 from pot
*** SUMMARY ***
Total pot $5.50 | Rake $0 
Seat 6: gig.gyty
Seat 1: laloo246 folded before Flop (didn't bet)
Seat 2: tintin641 folded before Flop
Seat 3: treidei3 (button) folded before Flop (didn't bet)
Seat 4: sta$igk (small blind) folded before Flop
Seat 5: kaleb_josue (big blind) collected ($5.50)



PokerStars Hand #254703412852:  Hold'em No Limit ($0.50/$1.00 USD) - 2025/02/04 15:44:23 WET [2025/02/04 10:44:23 ET]
Table 'Patroclus II' 6-max Seat #4 is the button
Seat 1: laloo246 ($108.39 in chips) 
Seat 2: tintin641 ($100 in chips) 
Seat 3: treidei3 ($109.87 in chips) 
Seat 4: sta$igk ($188.80 in chips) 
Seat 5: kaleb_josue ($70.71 in chips) 
Seat 6: gig.gyty ($100 in chips) 
kaleb_josue: posts small blind $0.50
gig.gyty: posts big blind $1
*** HOLE CARDS ***
laloo246: raises $1.20 to $2.20
tintin641: folds 
treidei3: folds 
sta$igk: folds 
kaleb_josue: folds 
gig.gyty: folds 
Uncalled bet ($1.20) returned to laloo246
laloo246 collected $2.50 from pot
laloo246: doesn't show hand 
*** SUMMARY ***
Total pot $2.50 | Rake $0 
Seat 1: laloo246 collected ($2.50)
Seat 2: tintin641 folded before Flop (didn't bet)
Seat 3: treidei3 folded before Flop (didn't bet)
Seat 4: sta$igk (button) folded before Flop (didn't bet)
Seat 5: kaleb_josue (small blind) folded before Flop
Seat 6: gig.gyty (big blind) folded before Flop



PokerStars Hand #254703415269:  Hold'em No Limit ($0.50/$1.00 USD) - 2025/02/04 15:44:35 WET [2025/02/04 10:44:35 ET]
Table 'Patroclus II' 6-max Seat #5 is the button
Seat 1: laloo246 ($109.89 in chips) 
Seat 2: tintin641 ($100 in chips) 
Seat 3: treidei3 ($109.87 in chips) 
Seat 4: sta$igk ($188.80 in chips) 
Seat 5: kaleb_josue ($70.21 in chips) 
Seat 6: gig.gyty ($100 in chips) 
gig.gyty: posts small blind $0.50
laloo246: posts big blind $1
*** HOLE CARDS ***
tintin641: folds 
treidei3: folds 
sta$igk: raises $1.20 to $2.20
kaleb_josue: raises $5.90 to $8.10
gig.gyty: folds 
laloo246: folds 
sta$igk: folds 
Uncalled bet ($5.90) returned to kaleb_josue
kaleb_josue collected $5.90 from pot
*** SUMMARY ***
Total pot $5.90 | Rake $0 
Seat 1: laloo246 (big blind) folded before Flop
Seat 2: tintin641 folded before Flop (didn't bet)
Seat 3: treidei3 folded before Flop (didn't bet)
Seat 4: sta$igk folded before Flop
Seat 5: kaleb_josue (button) collected ($5.90)
Seat 6: gig.gyty (small blind) folded before Flop



PokerStars Hand #254703419656:  Hold'em No Limit ($0.50/$1.00 USD) - 2025/02/04 15:44:55 WET [2025/02/04 10:44:55 ET]
Table 'Patroclus II' 6-max Seat #6 is the button
Seat 2: tintin641 ($100 in chips) is sitting out
Seat 1: laloo246 ($108.89 in chips) 
Seat 3: treidei3 ($109.87 in chips) 
Seat 4: sta$igk ($186.60 in chips) 
Seat 5: kaleb_josue ($73.91 in chips) 
Seat 6: gig.gyty ($100 in chips) 
laloo246: posts small blind $0.50
tintin641: is sitting out 
treidei3: posts big blind $1
*** HOLE CARDS ***
sta$igk: folds 
tintin641 leaves the table
kaleb_josue: folds 
gig.gyty: folds 
laloo246: folds 
Uncalled bet ($0.50) returned to treidei3
treidei3 collected $1 from pot
treidei3: doesn't show hand 
*** SUMMARY ***
Total pot $1 | Rake $0 
Seat 2: tintin641
Seat 1: laloo246 (small blind) folded before Flop
Seat 3: treidei3 (big blind) collected ($1)
Seat 4: sta$igk folded before Flop (didn't bet)
Seat 5: kaleb_josue folded before Flop (didn't bet)
Seat 6: gig.gyty (button) folded before Flop (didn't bet)



PokerStars Hand #254703422578:  Hold'em No Limit ($0.50/$1.00 USD) - 2025/02/04 15:45:09 WET [2025/02/04 10:45:09 ET]
Table 'Patroclus II' 6-max Seat #1 is the button
Seat 1: laloo246 ($108.39 in chips) 
Seat 3: treidei3 ($110.37 in chips) 
Seat 4: sta$igk ($186.60 in chips) 
Seat 5: kaleb_josue ($73.91 in chips) 
Seat 6: gig.gyty ($100 in chips) 
treidei3: posts small blind $0.50
sta$igk: posts big blind $1
*** HOLE CARDS ***
ka100pka527 joins the table at seat #2 
kaleb_josue: folds 
gig.gyty: folds 
laloo246: raises $1.50 to $2.50
treidei3: folds 
sta$igk: calls $1.50
*** FLOP *** [Td Jh Kd]
sta$igk: checks 
laloo246: bets $1.72
sta$igk: folds 
Uncalled bet ($1.72) returned to laloo246
laloo246 collected $5.22 from pot
laloo246: doesn't show hand 
*** SUMMARY ***
Total pot $5.50 | Rake $0.28 
Board [Td Jh Kd]
Seat 1: laloo246 (button) collected ($5.22)
Seat 3: treidei3 (small blind) folded before Flop
Seat 4: sta$igk (big blind) folded on the Flop
Seat 5: kaleb_josue folded before Flop (didn't bet)
Seat 6: gig.gyty folded before Flop (didn't bet)



PokerStars Hand #254703431015:  Hold'em No Limit ($0.50/$1.00 USD) - 2025/02/04 15:45:49 WET [2025/02/04 10:45:49 ET]
Table 'Patroclus II' 6-max Seat #3 is the button
Seat 2: ka100pka527 ($100 in chips) is sitting out
Seat 1: laloo246 ($111.11 in chips) 
Seat 3: treidei3 ($109.87 in chips) 
Seat 4: sta$igk ($184.10 in chips) 
Seat 5: kaleb_josue ($73.91 in chips) 
Seat 6: gig.gyty ($100 in chips) 
sta$igk: posts small blind $0.50
kaleb_josue: posts big blind $1
ka100pka527: sits out 
*** HOLE CARDS ***
gig.gyty: folds 
laloo246: folds 
treidei3: folds 
sta$igk: raises $2 to $3
kaleb_josue: calls $2
*** FLOP *** [6s 2d 9c]
sta$igk: bets $2.85
kaleb_josue: raises $5.70 to $8.55
sta$igk: calls $5.70
*** TURN *** [6s 2d 9c] [6h]
sta$igk: checks 
kaleb_josue: bets $10.97
sta$igk: folds 
Uncalled bet ($10.97) returned to kaleb_josue
kaleb_josue collected $21.94 from pot
*** SUMMARY ***
Total pot $23.10 | Rake $1.16 
Board [6s 2d 9c 6h]
Seat 2: ka100pka527
Seat 1: laloo246 folded before Flop (didn't bet)
Seat 3: treidei3 (button) folded before Flop (didn't bet)
Seat 4: sta$igk (small blind) folded on the Turn
Seat 5: kaleb_josue (big blind) collected ($21.94)
Seat 6: gig.gyty folded before Flop (didn't bet)



PokerStars Hand #254703442876:  Hold'em No Limit ($0.50/$1.00 USD) - 2025/02/04 15:46:45 WET [2025/02/04 10:46:45 ET]
Table 'Patroclus II' 6-max Seat #4 is the button
Seat 2: ka100pka527 ($100 in chips) is sitting out
Seat 1: laloo246 ($111.11 in chips) 
Seat 3: treidei3 ($109.87 in chips) 
Seat 4: sta$igk ($172.55 in chips) 
Seat 5: kaleb_josue ($84.30 in chips) 
Seat 6: gig.gyty ($100 in chips) 
kaleb_josue: posts small blind $0.50
gig.gyty: posts big blind $1
ka100pka527: sits out 
*** HOLE CARDS ***
laloo246: folds 
treidei3: raises $1.20 to $2.20
sta$igk: folds 
kaleb_josue: calls $1.70
gig.gyty: folds 
*** FLOP *** [Ah 4s 6c]
kaleb_josue: bets $2
treidei3: raises $4.57 to $6.57
kaleb_josue: folds 
Uncalled bet ($4.57) returned to treidei3
treidei3 collected $8.93 from pot
treidei3: doesn't show hand 
*** SUMMARY ***
Total pot $9.40 | Rake $0.47 
Board [Ah 4s 6c]
Seat 2: ka100pka527
Seat 1: laloo246 folded before Flop (didn't bet)
Seat 3: treidei3 collected ($8.93)
Seat 4: sta$igk (button) folded before Flop (didn't bet)
Seat 5: kaleb_josue (small blind) folded on the Flop
Seat 6: gig.gyty (big blind) folded before Flop



PokerStars Hand #254703447679:  Hold'em No Limit ($0.50/$1.00 USD) - 2025/02/04 15:47:08 WET [2025/02/04 10:47:08 ET]
Table 'Patroclus II' 6-max Seat #5 is the button
Seat 2: ka100pka527 ($100 in chips) is sitting out
Seat 1: laloo246 ($111.11 in chips) 
Seat 3: treidei3 ($114.60 in chips) 
Seat 4: sta$igk ($172.55 in chips) 
Seat 5: kaleb_josue ($80.10 in chips) 
Seat 6: gig.gyty ($100 in chips) 
gig.gyty: posts small blind $0.50
laloo246: posts big blind $1
ka100pka527: sits out 
*** HOLE CARDS ***
treidei3: raises $1.20 to $2.20
sta$igk: folds 
kaleb_josue: raises $5.90 to $8.10
gig.gyty: folds 
laloo246: folds 
treidei3: raises $106.50 to $114.60 and is all-in
kaleb_josue: calls $72 and is all-in
Uncalled bet ($34.50) returned to treidei3
*** FLOP *** [9c 9s Kh]
*** TURN *** [9c 9s Kh] [4c]
*** RIVER *** [9c 9s Kh 4c] [5c]
*** SHOW DOWN ***
treidei3: shows [Qs Ad] (a pair of Nines)
kaleb_josue: shows [As Qh] (a pair of Nines)
treidei3 collected $79.60 from pot
kaleb_josue collected $79.60 from pot
*** SUMMARY ***
Total pot $161.70 | Rake $2.50 
Board [9c 9s Kh 4c 5c]
Seat 2: ka100pka527
Seat 1: laloo246 (big blind) folded before Flop
Seat 3: treidei3 showed [Qs Ad] and won ($79.60) with a pair of Nines
Seat 4: sta$igk folded before Flop (didn't bet)
Seat 5: kaleb_josue (button) showed [As Qh] and won ($79.60) with a pair of Nines
Seat 6: gig.gyty (small blind) folded before Flop



PokerStars Hand #254703455285:  Hold'em No Limit ($0.50/$1.00 USD) - 2025/02/04 15:47:44 WET [2025/02/04 10:47:44 ET]
Table 'Patroclus II' 6-max Seat #6 is the button
Seat 1: laloo246 ($110.11 in chips) 
Seat 2: ka100pka527 ($100 in chips) 
Seat 3: treidei3 ($114.10 in chips) 
Seat 4: sta$igk ($172.55 in chips) 
Seat 5: kaleb_josue ($79.60 in chips) 
Seat 6: gig.gyty ($100 in chips) 
laloo246: posts small blind $0.50
ka100pka527: posts big blind $1
*** HOLE CARDS ***
treidei3: folds 
sta$igk: raises $1 to $2
kaleb_josue: raises $5.50 to $7.50
gig.gyty: folds 
laloo246: folds 
ka100pka527: folds 
sta$igk: calls $5.50
*** FLOP *** [2c 7c 5c]
sta$igk: checks 
kaleb_josue: bets $7.84
sta$igk: calls $7.84
*** TURN *** [2c 7c 5c] [Td]
sta$igk: checks 
kaleb_josue: bets $15.29
sta$igk: calls $15.29
*** RIVER *** [2c 7c 5c Td] [Tc]
sta$igk: checks 
kaleb_josue: checks 
*** SHOW DOWN ***
sta$igk: shows [Qc Ah] (a flush, Queen high)
kaleb_josue: shows [Th Ks] (three of a kind, Tens)
sta$igk collected $60.26 from pot
*** SUMMARY ***
Total pot $62.76 | Rake $2.50 
Board [2c 7c 5c Td Tc]
Seat 1: laloo246 (small blind) folded before Flop
Seat 2: ka100pka527 (big blind) folded before Flop
Seat 3: treidei3 folded before Flop (didn't bet)
Seat 4: sta$igk showed [Qc Ah] and won ($60.26) with a flush, Queen high
Seat 5: kaleb_josue showed [Th Ks] and lost with three of a kind, Tens
Seat 6: gig.gyty (button) folded before Flop (didn't bet)



PokerStars Hand #254703466448:  Hold'em No Limit ($0.50/$1.00 USD) - 2025/02/04 15:48:35 WET [2025/02/04 10:48:35 ET]
Table 'Patroclus II' 6-max Seat #1 is the button
Seat 1: laloo246 ($109.61 in chips) 
Seat 2: ka100pka527 ($100 in chips) 
Seat 3: treidei3 ($114.10 in chips) 
Seat 4: sta$igk ($202.18 in chips) 
Seat 5: kaleb_josue ($48.97 in chips) 
Seat 6: gig.gyty ($100 in chips) 
ka100pka527: posts small blind $0.50
treidei3: posts big blind $1
*** HOLE CARDS ***
sta$igk: folds 
kaleb_josue: raises $2.50 to $3.50
gig.gyty: folds 
laloo246: folds 
ka100pka527: folds 
treidei3: folds 
Uncalled bet ($2.50) returned to kaleb_josue
kaleb_josue collected $2.50 from pot
*** SUMMARY ***
Total pot $2.50 | Rake $0 
Seat 1: laloo246 (button) folded before Flop (didn't bet)
Seat 2: ka100pka527 (small blind) folded before Flop
Seat 3: treidei3 (big blind) folded before Flop
Seat 4: sta$igk folded before Flop (didn't bet)
Seat 5: kaleb_josue collected ($2.50)
Seat 6: gig.gyty folded before Flop (didn't bet)



PokerStars Hand #254703472005:  Hold'em No Limit ($0.50/$1.00 USD) - 2025/02/04 15:49:02 WET [2025/02/04 10:49:02 ET]
Table 'Patroclus II' 6-max Seat #2 is the button
Seat 1: laloo246 ($109.61 in chips) 
Seat 2: ka100pka527 ($100 in chips) 
Seat 3: treidei3 ($113.10 in chips) 
Seat 4: sta$igk ($202.18 in chips) 
Seat 5: kaleb_josue ($50.47 in chips) 
Seat 6: gig.gyty ($100 in chips) 
treidei3: posts small blind $0.50
sta$igk: posts big blind $1
*** HOLE CARDS ***
kaleb_josue: folds 
gig.gyty: folds 
laloo246: folds 
ka100pka527: folds 
treidei3: folds 
Uncalled bet ($0.50) returned to sta$igk
sta$igk collected $1 from pot
sta$igk: doesn't show hand 
*** SUMMARY ***
Total pot $1 | Rake $0 
Seat 1: laloo246 folded before Flop (didn't bet)
Seat 2: ka100pka527 (button) folded before Flop (didn't bet)
Seat 3: treidei3 (small blind) folded before Flop
Seat 4: sta$igk (big blind) collected ($1)
Seat 5: kaleb_josue folded before Flop (didn't bet)
Seat 6: gig.gyty folded before Flop (didn't bet)



PokerStars Hand #254703474704:  Hold'em No Limit ($0.50/$1.00 USD) - 2025/02/04 15:49:14 WET [2025/02/04 10:49:14 ET]
Table 'Patroclus II' 6-max Seat #3 is the button
Seat 1: laloo246 ($109.61 in chips) 
Seat 2: ka100pka527 ($100 in chips) 
Seat 3: treidei3 ($112.60 in chips) 
Seat 4: sta$igk ($202.68 in chips) 
Seat 5: kaleb_josue ($50.47 in chips) 
Seat 6: gig.gyty ($100 in chips) 
sta$igk: posts small blind $0.50
kaleb_josue: posts big blind $1
*** HOLE CARDS ***
gig.gyty: folds 
laloo246: folds 
ka100pka527: raises $1.50 to $2.50
treidei3: calls $2.50
sta$igk: folds 
kaleb_josue: folds 
*** FLOP *** [9s 4s 6s]
ka100pka527: checks 
treidei3: bets $4.64
ka100pka527: folds 
Uncalled bet ($4.64) returned to treidei3
treidei3 collected $6.18 from pot
treidei3: doesn't show hand 
*** SUMMARY ***
Total pot $6.50 | Rake $0.32 
Board [9s 4s 6s]
Seat 1: laloo246 folded before Flop (didn't bet)
Seat 2: ka100pka527 folded on the Flop
Seat 3: treidei3 (button) collected ($6.18)
Seat 4: sta$igk (small blind) folded before Flop
Seat 5: kaleb_josue (big blind) folded before Flop
Seat 6: gig.gyty folded before Flop (didn't bet)



PokerStars Hand #254703485336:  Hold'em No Limit ($0.50/$1.00 USD) - 2025/02/04 15:50:05 WET [2025/02/04 10:50:05 ET]
Table 'Patroclus II' 6-max Seat #4 is the button
Seat 1: laloo246 ($109.61 in chips) 
Seat 2: ka100pka527 ($100 in chips) 
Seat 3: treidei3 ($116.28 in chips) 
Seat 4: sta$igk ($202.18 in chips) 
Seat 5: kaleb_josue ($49.47 in chips) 
Seat 6: gig.gyty ($100 in chips) 
kaleb_josue: posts small blind $0.50
gig.gyty: posts big blind $1
*** HOLE CARDS ***
laloo246: raises $1.20 to $2.20
ka100pka527: folds 
treidei3: folds 
sta$igk: folds 
kaleb_josue: calls $1.70
gig.gyty: folds 
*** FLOP *** [9d Kh Td]
kaleb_josue: checks 
laloo246: bets $1.69
kaleb_josue: raises $4.26 to $5.95
laloo246: calls $4.26
*** TURN *** [9d Kh Td] [Ah]
kaleb_josue: bets $8.22
laloo246: calls $8.22
*** RIVER *** [9d Kh Td Ah] [4c]
kaleb_josue: bets $16.03
laloo246: calls $16.03
*** SHOW DOWN ***
kaleb_josue: shows [7d Qd] (high card Ace)
laloo246: shows [Ad 6d] (a pair of Aces)
laloo246 collected $63.30 from pot
*** SUMMARY ***
Total pot $65.80 | Rake $2.50 
Board [9d Kh Td Ah 4c]
Seat 1: laloo246 showed [Ad 6d] and won ($63.30) with a pair of Aces
Seat 2: ka100pka527 folded before Flop (didn't bet)
Seat 3: treidei3 folded before Flop (didn't bet)
Seat 4: sta$igk (button) folded before Flop (didn't bet)
Seat 5: kaleb_josue (small blind) showed [7d Qd] and lost with high card Ace
Seat 6: gig.gyty (big blind) folded before Flop



PokerStars Hand #254703500724:  Hold'em No Limit ($0.50/$1.00 USD) - 2025/02/04 15:51:18 WET [2025/02/04 10:51:18 ET]
Table 'Patroclus II' 6-max Seat #5 is the button
Seat 1: laloo246 ($140.51 in chips) 
Seat 2: ka100pka527 ($100 in chips) 
Seat 3: treidei3 ($116.28 in chips) 
Seat 4: sta$igk ($202.18 in chips) 
Seat 5: kaleb_josue ($17.07 in chips) 
Seat 6: gig.gyty ($100 in chips) 
gig.gyty: posts small blind $0.50
laloo246: posts big blind $1
*** HOLE CARDS ***
ka100pka527: folds 
treidei3: folds 
sta$igk: folds 
kaleb_josue: raises $2 to $3
gig.gyty: folds 
laloo246: folds 
Uncalled bet ($2) returned to kaleb_josue
kaleb_josue collected $2.50 from pot
*** SUMMARY ***
Total pot $2.50 | Rake $0 
Seat 1: laloo246 (big blind) folded before Flop
Seat 2: ka100pka527 folded before Flop (didn't bet)
Seat 3: treidei3 folded before Flop (didn't bet)
Seat 4: sta$igk folded before Flop (didn't bet)
Seat 5: kaleb_josue (button) collected ($2.50)
Seat 6: gig.gyty (small blind) folded before Flop



PokerStars Hand #254703506514:  Hold'em No Limit ($0.50/$1.00 USD) - 2025/02/04 15:51:45 WET [2025/02/04 10:51:45 ET]
Table 'Patroclus II' 6-max Seat #6 is the button
Seat 1: laloo246 ($139.51 in chips) 
Seat 2: ka100pka527 ($100 in chips) 
Seat 3: treidei3 ($116.28 in chips) 
Seat 4: sta$igk ($202.18 in chips) 
Seat 5: kaleb_josue ($18.57 in chips) 
Seat 6: gig.gyty ($100 in chips) 
laloo246: posts small blind $0.50
ka100pka527: posts big blind $1
*** HOLE CARDS ***
treidei3: folds 
sta$igk: folds 
kaleb_josue: raises $17.57 to $18.57 and is all-in
gig.gyty: folds 
laloo246: raises $120.94 to $139.51 and is all-in
ka100pka527: folds 
Uncalled bet ($120.94) returned to laloo246
*** FLOP *** [9h 7d 2h]
*** TURN *** [9h 7d 2h] [Qd]
*** RIVER *** [9h 7d 2h Qd] [Qs]
*** SHOW DOWN ***
laloo246: shows [Ks As] (a pair of Queens)
kaleb_josue: shows [Kh Td] (a pair of Queens - lower kicker)
laloo246 collected $36.23 from pot
*** SUMMARY ***
Total pot $38.14 | Rake $1.91 
Board [9h 7d 2h Qd Qs]
Seat 1: laloo246 (small blind) showed [Ks As] and won ($36.23) with a pair of Queens
Seat 2: ka100pka527 (big blind) folded before Flop
Seat 3: treidei3 folded before Flop (didn't bet)
Seat 4: sta$igk folded before Flop (didn't bet)
Seat 5: kaleb_josue showed [Kh Td] and lost with a pair of Queens
Seat 6: gig.gyty (button) folded before Flop (didn't bet)



PokerStars Hand #254703517807:  Hold'em No Limit ($0.50/$1.00 USD) - 2025/02/04 15:52:38 WET [2025/02/04 10:52:38 ET]
Table 'Patroclus II' 6-max Seat #1 is the button
Seat 5: kaleb_josue ($0 in chips) is sitting out
Seat 1: laloo246 ($157.17 in chips) 
Seat 2: ka100pka527 ($100 in chips) 
Seat 3: treidei3 ($116.28 in chips) 
Seat 4: sta$igk ($202.18 in chips) 
Seat 6: gig.gyty ($100 in chips) 
ka100pka527: posts small blind $0.50
treidei3: posts big blind $1
*** HOLE CARDS ***
sta$igk: folds 
gig.gyty: folds 
kaleb_josue leaves the table
laloo246: folds 
ka100pka527: raises $1.50 to $2.50
treidei3: folds 
Uncalled bet ($1.50) returned to ka100pka527
ka100pka527 collected $2 from pot
ka100pka527: doesn't show hand 
*** SUMMARY ***
Total pot $2 | Rake $0 
Seat 5: kaleb_josue
Seat 1: laloo246 (button) folded before Flop (didn't bet)
Seat 2: ka100pka527 (small blind) collected ($2)
Seat 3: treidei3 (big blind) folded before Flop
Seat 4: sta$igk folded before Flop (didn't bet)
Seat 6: gig.gyty folded before Flop (didn't bet)



PokerStars Hand #254703523449:  Hold'em No Limit ($0.50/$1.00 USD) - 2025/02/04 15:53:05 WET [2025/02/04 10:53:05 ET]
Table 'Patroclus II' 6-max Seat #2 is the button
Seat 4: sta$igk ($202.18 in chips) is sitting out
Seat 1: laloo246 ($157.17 in chips) 
Seat 2: ka100pka527 ($101 in chips) 
Seat 3: treidei3 ($115.28 in chips) 
Seat 6: gig.gyty ($100 in chips) 
treidei3: posts small blind $0.50
sta$igk: is sitting out 
gig.gyty: posts big blind $1
*** HOLE CARDS ***
sta$igk leaves the table
laloo246: folds 
ka100pka527: folds 
treidei3: folds 
Uncalled bet ($0.50) returned to gig.gyty
gig.gyty collected $1 from pot
gig.gyty: doesn't show hand 
*** SUMMARY ***
Total pot $1 | Rake $0 
Seat 4: sta$igk
Seat 1: laloo246 folded before Flop (didn't bet)
Seat 2: ka100pka527 (button) folded before Flop (didn't bet)
Seat 3: treidei3 (small blind) folded before Flop
Seat 6: gig.gyty (big blind) collected ($1)



PokerStars Hand #254703526375:  Hold'em No Limit ($0.50/$1.00 USD) - 2025/02/04 15:53:19 WET [2025/02/04 10:53:19 ET]
Table 'Patroclus II' 6-max Seat #6 is the button
Seat 1: laloo246 ($157.17 in chips) is sitting out
Seat 2: ka100pka527 ($101 in chips) is sitting out
Seat 3: treidei3 ($114.78 in chips) 
Seat 6: gig.gyty ($100.50 in chips) 
gig.gyty: posts small blind $0.50
laloo246: is sitting out 
ka100pka527: is sitting out 
treidei3: posts big blind $1
*** HOLE CARDS ***
ka100pka527 leaves the table
gig.gyty: folds 
Uncalled bet ($0.50) returned to treidei3
treidei3 collected $1 from pot
treidei3: doesn't show hand 
*** SUMMARY ***
Total pot $1 | Rake $0 
Seat 1: laloo246
Seat 2: ka100pka527
Seat 3: treidei3 (big blind) collected ($1)
Seat 6: gig.gyty (button) (small blind) folded before Flop



