PokerStars Hand #254706718142:  Hold'em No Limit ($0.50/$1.00 USD) - 2025/02/04 19:18:54 WET [2025/02/04 14:18:54 ET]
Table 'Ida II' 6-max Seat #3 is the button
Seat 1: laloo246 ($100 in chips) 
Seat 3: treidei3 ($100 in chips) 
Seat 5: michasia ($100 in chips) 
michasia: posts small blind $0.50
laloo246: posts big blind $1
*** HOLE CARDS ***
treidei3: folds 
michasia: folds 
Uncalled bet ($0.50) returned to laloo246
laloo246 collected $1 from pot
laloo246: doesn't show hand 
*** SUMMARY ***
Total pot $1 | Rake $0 
Seat 1: laloo246 (big blind) collected ($1)
Seat 3: treidei3 (button) folded before Flop (didn't bet)
Seat 5: michasia (small blind) folded before Flop



PokerStars Hand #254706721929:  Hold'em No Limit ($0.50/$1.00 USD) - 2025/02/04 19:19:05 WET [2025/02/04 14:19:05 ET]
Table 'Ida II' 6-max Seat #5 is the button
Seat 1: laloo246 ($100.50 in chips) 
Seat 3: treidei3 ($100 in chips) 
Seat 5: michasia ($100 in chips) 
laloo246: posts small blind $0.50
treidei3: posts big blind $1
*** HOLE CARDS ***
michasia: raises $1.80 to $2.80
laloo246: folds 
treidei3: calls $1.80
*** FLOP *** [As 6h 9h]
treidei3: checks 
michasia: checks 
*** TURN *** [As 6h 9h] [8c]
treidei3: checks 
michasia: bets $3.87
treidei3: folds 
Uncalled bet ($3.87) returned to michasia
michasia collected $5.80 from pot
michasia: doesn't show hand 
*** SUMMARY ***
Total pot $6.10 | Rake $0.30 
Board [As 6h 9h 8c]
Seat 1: laloo246 (small blind) folded before Flop
Seat 3: treidei3 (big blind) folded on the Turn
Seat 5: michasia (button) collected ($5.80)



PokerStars Hand #254706736838:  Hold'em No Limit ($0.50/$1.00 USD) - 2025/02/04 19:19:49 WET [2025/02/04 14:19:49 ET]
Table 'Ida II' 6-max Seat #1 is the button
Seat 1: laloo246 ($100 in chips) 
Seat 3: treidei3 ($100 in chips) 
Seat 5: michasia ($103 in chips) 
treidei3: posts small blind $0.50
michasia: posts big blind $1
*** HOLE CARDS ***
laloo246: folds 
treidei3: folds 
Uncalled bet ($0.50) returned to michasia
michasia collected $1 from pot
michasia: doesn't show hand 
*** SUMMARY ***
Total pot $1 | Rake $0 
Seat 1: laloo246 (button) folded before Flop (didn't bet)
Seat 3: treidei3 (small blind) folded before Flop
Seat 5: michasia (big blind) collected ($1)



PokerStars Hand #254706739734:  Hold'em No Limit ($0.50/$1.00 USD) - 2025/02/04 19:19:58 WET [2025/02/04 14:19:58 ET]
Table 'Ida II' 6-max Seat #5 is the button
Seat 1: laloo246 ($100 in chips) is sitting out
Seat 3: treidei3 ($100 in chips) 
Seat 5: michasia ($103.50 in chips) 
michasia: posts small blind $0.50
laloo246: is sitting out 
treidei3: posts big blind $1
*** HOLE CARDS ***
michasia: raises $1.80 to $2.80
laloo246 leaves the table
treidei3: folds 
Uncalled bet ($1.80) returned to michasia
michasia collected $2 from pot
michasia: doesn't show hand 
*** SUMMARY ***
Total pot $2 | Rake $0 
Seat 1: laloo246
Seat 3: treidei3 (big blind) folded before Flop
Seat 5: michasia (button) (small blind) collected ($2)



PokerStars Hand #254706745553:  Hold'em No Limit ($0.50/$1.00 USD) - 2025/02/04 19:20:15 WET [2025/02/04 14:20:15 ET]
Table 'Ida II' 6-max Seat #3 is the button
Seat 3: treidei3 ($100 in chips) 
Seat 5: michasia ($104.50 in chips) 
treidei3: posts small blind $0.50
michasia: posts big blind $1
*** HOLE CARDS ***
treidei3: folds 
Uncalled bet ($0.50) returned to michasia
michasia collected $1 from pot
michasia: doesn't show hand 
*** SUMMARY ***
Total pot $1 | Rake $0 
Seat 3: treidei3 (button) (small blind) folded before Flop
Seat 5: michasia (big blind) collected ($1)



PokerStars Hand #254706752505:  Hold'em No Limit ($0.50/$1.00 USD) - 2025/02/04 19:20:36 WET [2025/02/04 14:20:36 ET]
Table 'Ida II' 6-max Seat #5 is the button
Seat 1: AIien Hand ($100 in chips) 
Seat 3: treidei3 ($100 in chips) 
Seat 5: michasia ($105 in chips) 
AIien Hand: posts small blind $0.50
treidei3: posts big blind $1
*** HOLE CARDS ***
michasia: folds 
AIien Hand: folds 
Uncalled bet ($0.50) returned to treidei3
treidei3 collected $1 from pot
treidei3: doesn't show hand 
*** SUMMARY ***
Total pot $1 | Rake $0 
Seat 1: AIien Hand (small blind) folded before Flop
Seat 3: treidei3 (big blind) collected ($1)
Seat 5: michasia (button) folded before Flop (didn't bet)



PokerStars Hand #254706755268:  Hold'em No Limit ($0.50/$1.00 USD) - 2025/02/04 19:20:44 WET [2025/02/04 14:20:44 ET]
Table 'Ida II' 6-max Seat #1 is the button
Seat 1: AIien Hand ($100 in chips) 
Seat 3: treidei3 ($100.50 in chips) 
Seat 5: michasia ($105 in chips) 
treidei3: posts small blind $0.50
michasia: posts big blind $1
*** HOLE CARDS ***
AIien Hand: folds 
treidei3: folds 
Uncalled bet ($0.50) returned to michasia
michasia collected $1 from pot
michasia: doesn't show hand 
*** SUMMARY ***
Total pot $1 | Rake $0 
Seat 1: AIien Hand (button) folded before Flop (didn't bet)
Seat 3: treidei3 (small blind) folded before Flop
Seat 5: michasia (big blind) collected ($1)



PokerStars Hand #254706758114:  Hold'em No Limit ($0.50/$1.00 USD) - 2025/02/04 19:20:53 WET [2025/02/04 14:20:53 ET]
Table 'Ida II' 6-max Seat #3 is the button
Seat 1: AIien Hand ($100 in chips) 
Seat 3: treidei3 ($100 in chips) 
Seat 5: michasia ($105.50 in chips) 
michasia: posts small blind $0.50
AIien Hand: posts big blind $1
*** HOLE CARDS ***
treidei3: folds 
michasia: folds 
Uncalled bet ($0.50) returned to AIien Hand
AIien Hand collected $1 from pot
AIien Hand: doesn't show hand 
*** SUMMARY ***
Total pot $1 | Rake $0 
Seat 1: AIien Hand (big blind) collected ($1)
Seat 3: treidei3 (button) folded before Flop (didn't bet)
Seat 5: michasia (small blind) folded before Flop



PokerStars Hand #254706761139:  Hold'em No Limit ($0.50/$1.00 USD) - 2025/02/04 19:21:02 WET [2025/02/04 14:21:02 ET]
Table 'Ida II' 6-max Seat #5 is the button
Seat 1: AIien Hand ($100.50 in chips) 
Seat 3: treidei3 ($100 in chips) 
Seat 5: michasia ($105 in chips) 
AIien Hand: posts small blind $0.50
treidei3: posts big blind $1
*** HOLE CARDS ***
michasia: folds 
AIien Hand: folds 
Uncalled bet ($0.50) returned to treidei3
treidei3 collected $1 from pot
treidei3: doesn't show hand 
*** SUMMARY ***
Total pot $1 | Rake $0 
Seat 1: AIien Hand (small blind) folded before Flop
Seat 3: treidei3 (big blind) collected ($1)
Seat 5: michasia (button) folded before Flop (didn't bet)



PokerStars Hand #254706765307:  Hold'em No Limit ($0.50/$1.00 USD) - 2025/02/04 19:21:14 WET [2025/02/04 14:21:14 ET]
Table 'Ida II' 6-max Seat #1 is the button
Seat 1: AIien Hand ($100 in chips) 
Seat 3: treidei3 ($100.50 in chips) 
Seat 5: michasia ($105 in chips) 
treidei3: posts small blind $0.50
michasia: posts big blind $1
*** HOLE CARDS ***
AIien Hand: folds 
treidei3: raises $2 to $3
michasia: folds 
Uncalled bet ($2) returned to treidei3
treidei3 collected $2 from pot
treidei3: doesn't show hand 
*** SUMMARY ***
Total pot $2 | Rake $0 
Seat 1: AIien Hand (button) folded before Flop (didn't bet)
Seat 3: treidei3 (small blind) collected ($2)
Seat 5: michasia (big blind) folded before Flop



PokerStars Hand #254706769013:  Hold'em No Limit ($0.50/$1.00 USD) - 2025/02/04 19:21:26 WET [2025/02/04 14:21:26 ET]
Table 'Ida II' 6-max Seat #3 is the button
Seat 1: AIien Hand ($100 in chips) 
Seat 3: treidei3 ($101.50 in chips) 
Seat 5: michasia ($104 in chips) 
michasia: posts small blind $0.50
AIien Hand: posts big blind $1
*** HOLE CARDS ***
treidei3: raises $1.20 to $2.20
michasia: folds 
AIien Hand: folds 
Uncalled bet ($1.20) returned to treidei3
treidei3 collected $2.50 from pot
treidei3: doesn't show hand 
*** SUMMARY ***
Total pot $2.50 | Rake $0 
Seat 1: AIien Hand (big blind) folded before Flop
Seat 3: treidei3 (button) collected ($2.50)
Seat 5: michasia (small blind) folded before Flop



PokerStars Hand #254706772193:  Hold'em No Limit ($0.50/$1.00 USD) - 2025/02/04 19:21:36 WET [2025/02/04 14:21:36 ET]
Table 'Ida II' 6-max Seat #5 is the button
Seat 1: AIien Hand ($100 in chips) 
Seat 3: treidei3 ($103 in chips) 
Seat 5: michasia ($103.50 in chips) 
AIien Hand: posts small blind $0.50
treidei3: posts big blind $1
*** HOLE CARDS ***
michasia: folds 
AIien Hand: raises $2 to $3
treidei3: calls $2
*** FLOP *** [Ac Ah Qc]
AIien Hand: bets $1.31
treidei3: calls $1.31
*** TURN *** [Ac Ah Qc] [8d]
AIien Hand: checks 
treidei3: checks 
*** RIVER *** [Ac Ah Qc 8d] [Td]
AIien Hand: bets $13.02
treidei3: folds 
Uncalled bet ($13.02) returned to AIien Hand
AIien Hand collected $8.19 from pot
AIien Hand: doesn't show hand 
*** SUMMARY ***
Total pot $8.62 | Rake $0.43 
Board [Ac Ah Qc 8d Td]
Seat 1: AIien Hand (small blind) collected ($8.19)
Seat 3: treidei3 (big blind) folded on the River
Seat 5: michasia (button) folded before Flop (didn't bet)



PokerStars Hand #254706792366:  Hold'em No Limit ($0.50/$1.00 USD) - 2025/02/04 19:22:39 WET [2025/02/04 14:22:39 ET]
Table 'Ida II' 6-max Seat #1 is the button
Seat 1: AIien Hand ($103.88 in chips) 
Seat 3: treidei3 ($100 in chips) 
Seat 5: michasia ($103.50 in chips) 
treidei3: posts small blind $0.50
michasia: posts big blind $1
*** HOLE CARDS ***
AIien Hand: raises $1.50 to $2.50
treidei3: folds 
michasia: folds 
Uncalled bet ($1.50) returned to AIien Hand
AIien Hand collected $2.50 from pot
AIien Hand: doesn't show hand 
*** SUMMARY ***
Total pot $2.50 | Rake $0 
Seat 1: AIien Hand (button) collected ($2.50)
Seat 3: treidei3 (small blind) folded before Flop
Seat 5: michasia (big blind) folded before Flop



PokerStars Hand #254706795117:  Hold'em No Limit ($0.50/$1.00 USD) - 2025/02/04 19:22:48 WET [2025/02/04 14:22:48 ET]
Table 'Ida II' 6-max Seat #3 is the button
Seat 1: AIien Hand ($105.38 in chips) 
Seat 3: treidei3 ($100 in chips) 
Seat 5: michasia ($102.50 in chips) 
michasia: posts small blind $0.50
AIien Hand: posts big blind $1
*** HOLE CARDS ***
treidei3: folds 
michasia: folds 
Uncalled bet ($0.50) returned to AIien Hand
AIien Hand collected $1 from pot
AIien Hand: doesn't show hand 
*** SUMMARY ***
Total pot $1 | Rake $0 
Seat 1: AIien Hand (big blind) collected ($1)
Seat 3: treidei3 (button) folded before Flop (didn't bet)
Seat 5: michasia (small blind) folded before Flop



PokerStars Hand #254706797911:  Hold'em No Limit ($0.50/$1.00 USD) - 2025/02/04 19:22:57 WET [2025/02/04 14:22:57 ET]
Table 'Ida II' 6-max Seat #5 is the button
Seat 1: AIien Hand ($105.88 in chips) 
Seat 3: treidei3 ($100 in chips) 
Seat 5: michasia ($102 in chips) 
AIien Hand: posts small blind $0.50
treidei3: posts big blind $1
*** HOLE CARDS ***
michasia: raises $1.80 to $2.80
AIien Hand: folds 
treidei3: folds 
Uncalled bet ($1.80) returned to michasia
michasia collected $2.50 from pot
michasia: doesn't show hand 
*** SUMMARY ***
Total pot $2.50 | Rake $0 
Seat 1: AIien Hand (small blind) folded before Flop
Seat 3: treidei3 (big blind) folded before Flop
Seat 5: michasia (button) collected ($2.50)



PokerStars Hand #254706804647:  Hold'em No Limit ($0.50/$1.00 USD) - 2025/02/04 19:23:18 WET [2025/02/04 14:23:18 ET]
Table 'Ida II' 6-max Seat #1 is the button
Seat 1: AIien Hand ($105.38 in chips) 
Seat 3: treidei3 ($100 in chips) 
Seat 5: michasia ($103.50 in chips) 
treidei3: posts small blind $0.50
michasia: posts big blind $1
*** HOLE CARDS ***
AIien Hand: folds 
treidei3: folds 
Uncalled bet ($0.50) returned to michasia
michasia collected $1 from pot
michasia: doesn't show hand 
*** SUMMARY ***
Total pot $1 | Rake $0 
Seat 1: AIien Hand (button) folded before Flop (didn't bet)
Seat 3: treidei3 (small blind) folded before Flop
Seat 5: michasia (big blind) collected ($1)



PokerStars Hand #254706807658:  Hold'em No Limit ($0.50/$1.00 USD) - 2025/02/04 19:23:28 WET [2025/02/04 14:23:28 ET]
Table 'Ida II' 6-max Seat #3 is the button
Seat 1: AIien Hand ($105.38 in chips) 
Seat 3: treidei3 ($100 in chips) 
Seat 5: michasia ($104 in chips) 
michasia: posts small blind $0.50
AIien Hand: posts big blind $1
*** HOLE CARDS ***
treidei3: raises $1.20 to $2.20
michasia: folds 
AIien Hand: folds 
Uncalled bet ($1.20) returned to treidei3
treidei3 collected $2.50 from pot
treidei3: doesn't show hand 
*** SUMMARY ***
Total pot $2.50 | Rake $0 
Seat 1: AIien Hand (big blind) folded before Flop
Seat 3: treidei3 (button) collected ($2.50)
Seat 5: michasia (small blind) folded before Flop



PokerStars Hand #254706811619:  Hold'em No Limit ($0.50/$1.00 USD) - 2025/02/04 19:23:41 WET [2025/02/04 14:23:41 ET]
Table 'Ida II' 6-max Seat #5 is the button
Seat 1: AIien Hand ($104.38 in chips) 
Seat 3: treidei3 ($101.50 in chips) 
Seat 5: michasia ($103.50 in chips) 
AIien Hand: posts small blind $0.50
treidei3: posts big blind $1
*** HOLE CARDS ***
michasia: folds 
AIien Hand: folds 
Uncalled bet ($0.50) returned to treidei3
treidei3 collected $1 from pot
*** SUMMARY ***
Total pot $1 | Rake $0 
Seat 1: AIien Hand (small blind) folded before Flop
Seat 3: treidei3 (big blind) collected ($1)
Seat 5: michasia (button) folded before Flop (didn't bet)



PokerStars Hand #254706814070:  Hold'em No Limit ($0.50/$1.00 USD) - 2025/02/04 19:23:49 WET [2025/02/04 14:23:49 ET]
Table 'Ida II' 6-max Seat #1 is the button
Seat 1: AIien Hand ($103.88 in chips) 
Seat 3: treidei3 ($102 in chips) 
Seat 5: michasia ($103.50 in chips) 
treidei3: posts small blind $0.50
michasia: posts big blind $1
*** HOLE CARDS ***
AIien Hand: raises $1.50 to $2.50
treidei3: folds 
michasia: calls $1.50
*** FLOP *** [Ts 5h 4h]
michasia: checks 
AIien Hand: bets $3.76
michasia: calls $3.76
*** TURN *** [Ts 5h 4h] [6h]
michasia: checks 
AIien Hand: bets $6.82
michasia: folds 
Uncalled bet ($6.82) returned to AIien Hand
AIien Hand collected $12.37 from pot
AIien Hand: doesn't show hand 
*** SUMMARY ***
Total pot $13.02 | Rake $0.65 
Board [Ts 5h 4h 6h]
Seat 1: AIien Hand (button) collected ($12.37)
Seat 3: treidei3 (small blind) folded before Flop
Seat 5: michasia (big blind) folded on the Turn



PokerStars Hand #254706829275:  Hold'em No Limit ($0.50/$1.00 USD) - 2025/02/04 19:24:38 WET [2025/02/04 14:24:38 ET]
Table 'Ida II' 6-max Seat #3 is the button
Seat 1: AIien Hand ($109.99 in chips) 
Seat 3: treidei3 ($101.50 in chips) 
Seat 5: michasia ($100 in chips) 
michasia: posts small blind $0.50
AIien Hand: posts big blind $1
*** HOLE CARDS ***
treidei3: folds 
michasia: folds 
Uncalled bet ($0.50) returned to AIien Hand
AIien Hand collected $1 from pot
AIien Hand: doesn't show hand 
*** SUMMARY ***
Total pot $1 | Rake $0 
Seat 1: AIien Hand (big blind) collected ($1)
Seat 3: treidei3 (button) folded before Flop (didn't bet)
Seat 5: michasia (small blind) folded before Flop



PokerStars Hand #254706831666:  Hold'em No Limit ($0.50/$1.00 USD) - 2025/02/04 19:24:46 WET [2025/02/04 14:24:46 ET]
Table 'Ida II' 6-max Seat #5 is the button
Seat 1: AIien Hand ($110.49 in chips) 
Seat 3: treidei3 ($101.50 in chips) 
Seat 5: michasia ($100 in chips) 
AIien Hand: posts small blind $0.50
treidei3: posts big blind $1
*** HOLE CARDS ***
michasia: folds 
AIien Hand: raises $2 to $3
treidei3: folds 
Uncalled bet ($2) returned to AIien Hand
AIien Hand collected $2 from pot
AIien Hand: doesn't show hand 
*** SUMMARY ***
Total pot $2 | Rake $0 
Seat 1: AIien Hand (small blind) collected ($2)
Seat 3: treidei3 (big blind) folded before Flop
Seat 5: michasia (button) folded before Flop (didn't bet)



PokerStars Hand #254706835892:  Hold'em No Limit ($0.50/$1.00 USD) - 2025/02/04 19:25:00 WET [2025/02/04 14:25:00 ET]
Table 'Ida II' 6-max Seat #1 is the button
Seat 1: AIien Hand ($111.49 in chips) 
Seat 3: treidei3 ($100.50 in chips) 
Seat 5: michasia ($100 in chips) 
treidei3: posts small blind $0.50
michasia: posts big blind $1
*** HOLE CARDS ***
AIien Hand: folds 
treidei3: raises $2 to $3
michasia: folds 
Uncalled bet ($2) returned to treidei3
treidei3 collected $2 from pot
treidei3: doesn't show hand 
*** SUMMARY ***
Total pot $2 | Rake $0 
Seat 1: AIien Hand (button) folded before Flop (didn't bet)
Seat 3: treidei3 (small blind) collected ($2)
Seat 5: michasia (big blind) folded before Flop



PokerStars Hand #254706840423:  Hold'em No Limit ($0.50/$1.00 USD) - 2025/02/04 19:25:15 WET [2025/02/04 14:25:15 ET]
Table 'Ida II' 6-max Seat #3 is the button
Seat 1: AIien Hand ($111.49 in chips) 
Seat 3: treidei3 ($101.50 in chips) 
Seat 5: michasia ($100 in chips) 
michasia: posts small blind $0.50
AIien Hand: posts big blind $1
*** HOLE CARDS ***
treidei3: raises $1.20 to $2.20
michasia: folds 
AIien Hand: calls $1.20
*** FLOP *** [Td 8c 4c]
AIien Hand: checks 
treidei3: bets $3.50
worker0k joins the table at seat #4 
AIien Hand: calls $3.50
*** TURN *** [Td 8c 4c] [2d]
AIien Hand: checks 
treidei3: bets $14.13
AIien Hand: folds 
Uncalled bet ($14.13) returned to treidei3
treidei3 collected $11.30 from pot
treidei3: doesn't show hand 
*** SUMMARY ***
Total pot $11.90 | Rake $0.60 
Board [Td 8c 4c 2d]
Seat 1: AIien Hand (big blind) folded on the Turn
Seat 3: treidei3 (button) collected ($11.30)
Seat 5: michasia (small blind) folded before Flop



PokerStars Hand #254706852439:  Hold'em No Limit ($0.50/$1.00 USD) - 2025/02/04 19:25:55 WET [2025/02/04 14:25:55 ET]
Table 'Ida II' 6-max Seat #5 is the button
Seat 4: worker0k ($100 in chips) is sitting out
Seat 1: AIien Hand ($105.79 in chips) 
Seat 3: treidei3 ($107.10 in chips) 
Seat 5: michasia ($100 in chips) 
AIien Hand: posts small blind $0.50
treidei3: posts big blind $1
worker0k: sits out 
*** HOLE CARDS ***
michasia: raises $1.80 to $2.80
AIien Hand: raises $8.20 to $11
treidei3: folds 
michasia: calls $8.20
*** FLOP *** [8d 4c 9s]
AIien Hand: bets $15.84
michasia: calls $15.84
*** TURN *** [8d 4c 9s] [Kh]
AIien Hand: bets $16.11
michasia: folds 
Uncalled bet ($16.11) returned to AIien Hand
michasia leaves the table
AIien Hand collected $53.68 from pot
AIien Hand: doesn't show hand 
*** SUMMARY ***
Total pot $54.68 | Rake $1 
Board [8d 4c 9s Kh]
Seat 4: worker0k
Seat 1: AIien Hand (small blind) collected ($53.68)
Seat 3: treidei3 (big blind) folded before Flop
Seat 5: michasia (button) folded on the Turn



PokerStars Hand #254706874776:  Hold'em No Limit ($0.50/$1.00 USD) - 2025/02/04 19:27:09 WET [2025/02/04 14:27:09 ET]
Table 'Ida II' 6-max Seat #1 is the button
Seat 1: AIien Hand ($132.63 in chips) 
Seat 3: treidei3 ($106.10 in chips) 
Seat 4: worker0k ($100 in chips) 
treidei3: posts small blind $0.50
worker0k: posts big blind $1
*** HOLE CARDS ***
AIien Hand: folds 
treidei3: raises $2 to $3
worker0k: calls $2
*** FLOP *** [Th 8h 5s]
treidei3: checks 
worker0k: checks 
*** TURN *** [Th 8h 5s] [7s]
treidei3: bets $4.28
worker0k: folds 
Uncalled bet ($4.28) returned to treidei3
treidei3 collected $5.70 from pot
treidei3: doesn't show hand 
*** SUMMARY ***
Total pot $6 | Rake $0.30 
Board [Th 8h 5s 7s]
Seat 1: AIien Hand (button) folded before Flop (didn't bet)
Seat 3: treidei3 (small blind) collected ($5.70)
Seat 4: worker0k (big blind) folded on the Turn



PokerStars Hand #254706880990:  Hold'em No Limit ($0.50/$1.00 USD) - 2025/02/04 19:27:29 WET [2025/02/04 14:27:29 ET]
Table 'Ida II' 6-max Seat #3 is the button
Seat 1: AIien Hand ($132.63 in chips) 
Seat 3: treidei3 ($108.80 in chips) 
Seat 4: worker0k ($100 in chips) 
worker0k: posts small blind $0.50
AIien Hand: posts big blind $1
*** HOLE CARDS ***
treidei3: raises $1.20 to $2.20
worker0k: folds 
AIien Hand: raises $10.30 to $12.50
treidei3: folds 
Uncalled bet ($10.30) returned to AIien Hand
AIien Hand collected $4.90 from pot
AIien Hand: doesn't show hand 
*** SUMMARY ***
Total pot $4.90 | Rake $0 
Seat 1: AIien Hand (big blind) collected ($4.90)
Seat 3: treidei3 (button) folded before Flop
Seat 4: worker0k (small blind) folded before Flop



PokerStars Hand #254706885629:  Hold'em No Limit ($0.50/$1.00 USD) - 2025/02/04 19:27:45 WET [2025/02/04 14:27:45 ET]
Table 'Ida II' 6-max Seat #4 is the button
Seat 1: AIien Hand ($135.33 in chips) 
Seat 3: treidei3 ($106.60 in chips) 
Seat 4: worker0k ($100 in chips) 
AIien Hand: posts small blind $0.50
treidei3: posts big blind $1
*** HOLE CARDS ***
worker0k: raises $1.30 to $2.30
AIien Hand: raises $8.70 to $11
michasia joins the table at seat #6 
treidei3: folds 
worker0k: folds 
Uncalled bet ($8.70) returned to AIien Hand
AIien Hand collected $5.60 from pot
AIien Hand: doesn't show hand 
*** SUMMARY ***
Total pot $5.60 | Rake $0 
Seat 1: AIien Hand (small blind) collected ($5.60)
Seat 3: treidei3 (big blind) folded before Flop
Seat 4: worker0k (button) folded before Flop



PokerStars Hand #254706888777:  Hold'em No Limit ($0.50/$1.00 USD) - 2025/02/04 19:27:55 WET [2025/02/04 14:27:55 ET]
Table 'Ida II' 6-max Seat #1 is the button
Seat 4: worker0k ($100 in chips) is sitting out
Seat 1: AIien Hand ($138.63 in chips) 
Seat 3: treidei3 ($105.60 in chips) 
Seat 6: michasia ($100 in chips) 
treidei3: posts small blind $0.50
worker0k: is sitting out 
michasia: posts big blind $1
*** HOLE CARDS ***
AIien Hand: folds 
worker0k leaves the table
treidei3: raises $2 to $3
michasia: calls $2
*** FLOP *** [4d Jd 3s]
treidei3: checks 
michasia: bets $1.88
treidei3: raises $4.73 to $6.61
michasia: calls $4.73
*** TURN *** [4d Jd 3s] [Ts]
treidei3: checks 
michasia: checks 
*** RIVER *** [4d Jd 3s Ts] [6h]
treidei3: checks 
michasia: checks 
*** SHOW DOWN ***
treidei3: shows [Ac 4c] (a pair of Fours)
michasia: shows [Js Qd] (a pair of Jacks)
michasia collected $18.26 from pot
*** SUMMARY ***
Total pot $19.22 | Rake $0.96 
Board [4d Jd 3s Ts 6h]
Seat 4: worker0k
Seat 1: AIien Hand (button) folded before Flop (didn't bet)
Seat 3: treidei3 (small blind) showed [Ac 4c] and lost with a pair of Fours
Seat 6: michasia (big blind) showed [Js Qd] and won ($18.26) with a pair of Jacks



PokerStars Hand #254706904583:  Hold'em No Limit ($0.50/$1.00 USD) - 2025/02/04 19:28:47 WET [2025/02/04 14:28:47 ET]
Table 'Ida II' 6-max Seat #3 is the button
Seat 1: AIien Hand ($138.63 in chips) 
Seat 3: treidei3 ($100 in chips) 
Seat 6: michasia ($108.65 in chips) 
michasia: posts small blind $0.50
AIien Hand: posts big blind $1
*** HOLE CARDS ***
treidei3: folds 
michasia: folds 
Uncalled bet ($0.50) returned to AIien Hand
AIien Hand collected $1 from pot
AIien Hand: doesn't show hand 
*** SUMMARY ***
Total pot $1 | Rake $0 
Seat 1: AIien Hand (big blind) collected ($1)
Seat 3: treidei3 (button) folded before Flop (didn't bet)
Seat 6: michasia (small blind) folded before Flop



PokerStars Hand #254706906781:  Hold'em No Limit ($0.50/$1.00 USD) - 2025/02/04 19:28:54 WET [2025/02/04 14:28:54 ET]
Table 'Ida II' 6-max Seat #6 is the button
Seat 1: AIien Hand ($139.13 in chips) 
Seat 3: treidei3 ($100 in chips) 
Seat 6: michasia ($108.15 in chips) 
AIien Hand: posts small blind $0.50
treidei3: posts big blind $1
*** HOLE CARDS ***
michasia: folds 
AIien Hand: raises $2 to $3
treidei3: calls $2
*** FLOP *** [As 7c Jd]
AIien Hand: bets $1.31
treidei3: calls $1.31
*** TURN *** [As 7c Jd] [9s]
michasia leaves the table
AIien Hand: bets $13.02
treidei3: folds 
Uncalled bet ($13.02) returned to AIien Hand
AIien Hand collected $8.19 from pot
AIien Hand: doesn't show hand 
*** SUMMARY ***
Total pot $8.62 | Rake $0.43 
Board [As 7c Jd 9s]
Seat 1: AIien Hand (small blind) collected ($8.19)
Seat 3: treidei3 (big blind) folded on the Turn
Seat 6: michasia (button) folded before Flop (didn't bet)



PokerStars Hand #254706925163:  Hold'em No Limit ($0.50/$1.00 USD) - 2025/02/04 19:29:54 WET [2025/02/04 14:29:54 ET]
Table 'Ida II' 6-max Seat #3 is the button
Seat 1: AIien Hand ($143.01 in chips) 
Seat 3: treidei3 ($100 in chips) 
treidei3: posts small blind $0.50
AIien Hand: posts big blind $1
*** HOLE CARDS ***
treidei3: raises $1.20 to $2.20
AIien Hand: calls $1.20
*** FLOP *** [Qh 6h 5h]
AIien Hand: checks 
treidei3: bets $1.38
AIien Hand: calls $1.38
*** TURN *** [Qh 6h 5h] [4d]
AIien Hand: checks 
treidei3: checks 
*** RIVER *** [Qh 6h 5h 4d] [3d]
AIien Hand: bets $2.04
treidei3: folds 
Uncalled bet ($2.04) returned to AIien Hand
AIien Hand collected $6.80 from pot
AIien Hand: doesn't show hand 
*** SUMMARY ***
Total pot $7.16 | Rake $0.36 
Board [Qh 6h 5h 4d 3d]
Seat 1: AIien Hand (big blind) collected ($6.80)
Seat 3: treidei3 (button) (small blind) folded on the River



PokerStars Hand #254706940357:  Hold'em No Limit ($0.50/$1.00 USD) - 2025/02/04 19:30:44 WET [2025/02/04 14:30:44 ET]
Table 'Ida II' 6-max Seat #1 is the button
Seat 1: AIien Hand ($146.23 in chips) 
Seat 3: treidei3 ($100 in chips) 
AIien Hand: posts small blind $0.50
treidei3: posts big blind $1
*** HOLE CARDS ***
Supermegopro joins the table at seat #5 
AIien Hand: raises $1.50 to $2.50
treidei3: calls $1.50
*** FLOP *** [Ts Kc 5s]
treidei3: checks 
AIien Hand: checks 
*** TURN *** [Ts Kc 5s] [Qh]
treidei3: checks 
AIien Hand: checks 
*** RIVER *** [Ts Kc 5s Qh] [7h]
treidei3: checks 
NISIY joins the table at seat #2 
AIien Hand: bets $3.42
treidei3: folds 
Uncalled bet ($3.42) returned to AIien Hand
AIien Hand collected $4.75 from pot
AIien Hand: doesn't show hand 
*** SUMMARY ***
Total pot $5 | Rake $0.25 
Board [Ts Kc 5s Qh 7h]
Seat 1: AIien Hand (button) (small blind) collected ($4.75)
Seat 3: treidei3 (big blind) folded on the River



PokerStars Hand #254706955207:  Hold'em No Limit ($0.50/$1.00 USD) - 2025/02/04 19:31:32 WET [2025/02/04 14:31:32 ET]
Table 'Ida II' 6-max Seat #3 is the button
Seat 5: Supermegopro ($100 in chips) is sitting out
Seat 1: AIien Hand ($148.48 in chips) 
Seat 2: NISIY ($100 in chips) 
Seat 3: treidei3 ($100 in chips) 
AIien Hand: posts small blind $0.50
NISIY: posts big blind $1
*** HOLE CARDS ***
treidei3: folds 
AIien Hand: raises $2 to $3
NISIY: folds 
Uncalled bet ($2) returned to AIien Hand
AIien Hand collected $2 from pot
AIien Hand: doesn't show hand 
*** SUMMARY ***
Total pot $2 | Rake $0 
Seat 5: Supermegopro
Seat 1: AIien Hand (small blind) collected ($2)
Seat 2: NISIY (big blind) folded before Flop
Seat 3: treidei3 (button) folded before Flop (didn't bet)



PokerStars Hand #254706958583:  Hold'em No Limit ($0.50/$1.00 USD) - 2025/02/04 19:31:43 WET [2025/02/04 14:31:43 ET]
Table 'Ida II' 6-max Seat #1 is the button
Seat 5: Supermegopro ($100 in chips) is sitting out
Seat 1: AIien Hand ($149.48 in chips) 
Seat 2: NISIY ($100 in chips) 
Seat 3: treidei3 ($100 in chips) 
NISIY: posts small blind $0.50
treidei3: posts big blind $1
Supermegopro: sits out 
*** HOLE CARDS ***
AIien Hand: raises $1.50 to $2.50
NISIY: folds 
treidei3: folds 
Uncalled bet ($1.50) returned to AIien Hand
AIien Hand collected $2.50 from pot
AIien Hand: doesn't show hand 
*** SUMMARY ***
Total pot $2.50 | Rake $0 
Seat 5: Supermegopro
Seat 1: AIien Hand (button) collected ($2.50)
Seat 2: NISIY (small blind) folded before Flop
Seat 3: treidei3 (big blind) folded before Flop



PokerStars Hand #254706961772:  Hold'em No Limit ($0.50/$1.00 USD) - 2025/02/04 19:31:54 WET [2025/02/04 14:31:54 ET]
Table 'Ida II' 6-max Seat #2 is the button
Seat 1: AIien Hand ($150.98 in chips) 
Seat 2: NISIY ($100 in chips) 
Seat 3: treidei3 ($100 in chips) 
Seat 5: Supermegopro ($100 in chips) 
treidei3: posts small blind $0.50
Supermegopro: posts big blind $1
*** HOLE CARDS ***
AIien Hand: folds 
NISIY: folds 
treidei3: folds 
Uncalled bet ($0.50) returned to Supermegopro
Supermegopro collected $1 from pot
Supermegopro: doesn't show hand 
*** SUMMARY ***
Total pot $1 | Rake $0 
Seat 1: AIien Hand folded before Flop (didn't bet)
Seat 2: NISIY (button) folded before Flop (didn't bet)
Seat 3: treidei3 (small blind) folded before Flop
Seat 5: Supermegopro (big blind) collected ($1)



PokerStars Hand #254706963897:  Hold'em No Limit ($0.50/$1.00 USD) - 2025/02/04 19:32:00 WET [2025/02/04 14:32:00 ET]
Table 'Ida II' 6-max Seat #3 is the button
Seat 1: AIien Hand ($150.98 in chips) is sitting out
Seat 2: NISIY ($100 in chips) 
Seat 3: treidei3 ($100 in chips) 
Seat 5: Supermegopro ($100.50 in chips) 
Supermegopro: posts small blind $0.50
AIien Hand: is sitting out 
NISIY: posts big blind $1
*** HOLE CARDS ***
treidei3: raises $1.20 to $2.20
Supermegopro: folds 
NISIY: folds 
Uncalled bet ($1.20) returned to treidei3
treidei3 collected $2.50 from pot
treidei3: doesn't show hand 
*** SUMMARY ***
Total pot $2.50 | Rake $0 
Seat 1: AIien Hand
Seat 2: NISIY (big blind) folded before Flop
Seat 3: treidei3 (button) collected ($2.50)
Seat 5: Supermegopro (small blind) folded before Flop



PokerStars Hand #254706967928:  Hold'em No Limit ($0.50/$1.00 USD) - 2025/02/04 19:32:14 WET [2025/02/04 14:32:14 ET]
Table 'Ida II' 6-max Seat #5 is the button
Seat 1: AIien Hand ($150.98 in chips) is sitting out
Seat 2: NISIY ($100 in chips) 
Seat 3: treidei3 ($101.50 in chips) 
Seat 5: Supermegopro ($100 in chips) 
NISIY: posts small blind $0.50
treidei3: posts big blind $1
*** HOLE CARDS ***
Supermegopro: raises $1.50 to $2.50
NISIY: folds 
treidei3: calls $1.50
*** FLOP *** [Kh 9c 7d]
treidei3: checks 
Supermegopro: checks 
*** TURN *** [Kh 9c 7d] [9s]
treidei3: bets $3.92
Supermegopro: folds 
Uncalled bet ($3.92) returned to treidei3
treidei3 collected $5.22 from pot
treidei3: doesn't show hand 
*** SUMMARY ***
Total pot $5.50 | Rake $0.28 
Board [Kh 9c 7d 9s]
Seat 1: AIien Hand
Seat 2: NISIY (small blind) folded before Flop
Seat 3: treidei3 (big blind) collected ($5.22)
Seat 5: Supermegopro (button) folded on the Turn



PokerStars Hand #254706975607:  Hold'em No Limit ($0.50/$1.00 USD) - 2025/02/04 19:32:38 WET [2025/02/04 14:32:38 ET]
Table 'Ida II' 6-max Seat #2 is the button
Seat 1: AIien Hand ($150.98 in chips) is sitting out
Seat 2: NISIY ($100 in chips) 
Seat 3: treidei3 ($104.22 in chips) 
Seat 5: Supermegopro ($100 in chips) 
treidei3: posts small blind $0.50
Supermegopro: posts big blind $1
*** HOLE CARDS ***
NISIY: folds 
treidei3: raises $2 to $3
Supermegopro: folds 
Uncalled bet ($2) returned to treidei3
treidei3 collected $2 from pot
treidei3: doesn't show hand 
*** SUMMARY ***
Total pot $2 | Rake $0 
Seat 1: AIien Hand
Seat 2: NISIY (button) folded before Flop (didn't bet)
Seat 3: treidei3 (small blind) collected ($2)
Seat 5: Supermegopro (big blind) folded before Flop



PokerStars Hand #254706978320:  Hold'em No Limit ($0.50/$1.00 USD) - 2025/02/04 19:32:48 WET [2025/02/04 14:32:48 ET]
Table 'Ida II' 6-max Seat #3 is the button
Seat 1: AIien Hand ($150.98 in chips) is sitting out
Seat 2: NISIY ($100 in chips) 
Seat 3: treidei3 ($105.22 in chips) 
Seat 5: Supermegopro ($100 in chips) 
Supermegopro: posts small blind $0.50
NISIY: posts big blind $1
*** HOLE CARDS ***
treidei3: raises $1.20 to $2.20
Supermegopro: folds 
sesiomp12 joins the table at seat #4 
peter76255 joins the table at seat #6 
peter76255 is disconnected 
NISIY: folds 
Uncalled bet ($1.20) returned to treidei3
treidei3 collected $2.50 from pot
treidei3: doesn't show hand 
*** SUMMARY ***
Total pot $2.50 | Rake $0 
Seat 1: AIien Hand
Seat 2: NISIY (big blind) folded before Flop
Seat 3: treidei3 (button) collected ($2.50)
Seat 5: Supermegopro (small blind) folded before Flop



PokerStars Hand #254706981823:  Hold'em No Limit ($0.50/$1.00 USD) - 2025/02/04 19:32:59 WET [2025/02/04 14:32:59 ET]
Table 'Ida II' 6-max Seat #5 is the button
Seat 1: AIien Hand ($150.98 in chips) is sitting out
Seat 6: peter76255 ($60.93 in chips) is sitting out
Seat 2: NISIY ($100 in chips) 
Seat 3: treidei3 ($106.72 in chips) 
Seat 4: sesiomp12 ($40 in chips) 
Seat 5: Supermegopro ($100 in chips) 
NISIY: posts small blind $0.50
treidei3: posts big blind $1
sesiomp12: posts big blind $1
*** HOLE CARDS ***
sesiomp12: checks 
Supermegopro: folds 
NISIY: raises $3 to $4
treidei3: calls $3
sesiomp12: folds 
*** FLOP *** [6d 5d 3h]
NISIY: checks 
treidei3: bets $2.82
NISIY: calls $2.82
*** TURN *** [6d 5d 3h] [Qs]
NISIY: checks 
treidei3: bets $10.43
NISIY: calls $10.43
*** RIVER *** [6d 5d 3h Qs] [5s]
NISIY: checks 
treidei3: bets $32.88
NISIY: calls $32.88
*** SHOW DOWN ***
treidei3: shows [5c 6c] (a full house, Fives full of Sixes)
NISIY: mucks hand 
treidei3 collected $100.26 from pot
*** SUMMARY ***
Total pot $101.26 | Rake $1 
Board [6d 5d 3h Qs 5s]
Seat 1: AIien Hand
Seat 6: peter76255
Seat 2: NISIY (small blind) mucked
Seat 3: treidei3 (big blind) showed [5c 6c] and won ($100.26) with a full house, Fives full of Sixes
Seat 4: sesiomp12 folded before Flop (didn't bet)
Seat 5: Supermegopro (button) folded before Flop (didn't bet)



PokerStars Hand #254707004566:  Hold'em No Limit ($0.50/$1.00 USD) - 2025/02/04 19:34:14 WET [2025/02/04 14:34:14 ET]
Table 'Ida II' 6-max Seat #2 is the button
Seat 1: AIien Hand ($150.98 in chips) is sitting out
Seat 2: NISIY ($100 in chips) 
Seat 3: treidei3 ($156.85 in chips) 
Seat 4: sesiomp12 ($39 in chips) 
Seat 5: Supermegopro ($100 in chips) 
Seat 6: peter76255 ($60.93 in chips) 
treidei3: posts small blind $0.50
sesiomp12: posts big blind $1
peter76255: posts big blind $1
*** HOLE CARDS ***
Supermegopro: raises $4 to $5
peter76255: folds 
NISIY: raises $10 to $15
treidei3: folds 
sesiomp12: folds 
Supermegopro: folds 
Uncalled bet ($10) returned to NISIY
NISIY collected $12.50 from pot
NISIY: doesn't show hand 
*** SUMMARY ***
Total pot $12.50 | Rake $0 
Seat 1: AIien Hand
Seat 2: NISIY (button) collected ($12.50)
Seat 3: treidei3 (small blind) folded before Flop
Seat 4: sesiomp12 (big blind) folded before Flop
Seat 5: Supermegopro folded before Flop
Seat 6: peter76255 folded before Flop (didn't bet)



PokerStars Hand #254707011363:  Hold'em No Limit ($0.50/$1.00 USD) - 2025/02/04 19:34:37 WET [2025/02/04 14:34:37 ET]
Table 'Ida II' 6-max Seat #3 is the button
Seat 1: AIien Hand ($150.98 in chips) is sitting out
Seat 2: NISIY ($107.50 in chips) 
Seat 3: treidei3 ($156.35 in chips) 
Seat 4: sesiomp12 ($38 in chips) 
Seat 5: Supermegopro ($100 in chips) 
Seat 6: peter76255 ($59.93 in chips) 
sesiomp12: posts small blind $0.50
Supermegopro: posts big blind $1
*** HOLE CARDS ***
peter76255: calls $1
NISIY: raises $3 to $4
treidei3: folds 
sesiomp12: calls $3.50
Supermegopro: folds 
peter76255: calls $3
*** FLOP *** [As 4d 2s]
sesiomp12: bets $3
peter76255: calls $3
NISIY: folds 
*** TURN *** [As 4d 2s] [6d]
sesiomp12: bets $18.05
peter76255: calls $18.05
*** RIVER *** [As 4d 2s 6d] [2c]
sesiomp12: bets $12.95 and is all-in
peter76255: folds 
Uncalled bet ($12.95) returned to sesiomp12
sesiomp12 collected $52.60 from pot
sesiomp12: doesn't show hand 
*** SUMMARY ***
Total pot $55.10 | Rake $2.50 
Board [As 4d 2s 6d 2c]
Seat 1: AIien Hand
Seat 2: NISIY folded on the Flop
Seat 3: treidei3 (button) folded before Flop (didn't bet)
Seat 4: sesiomp12 (small blind) collected ($52.60)
Seat 5: Supermegopro (big blind) folded before Flop
Seat 6: peter76255 folded on the River



PokerStars Hand #254707026739:  Hold'em No Limit ($0.50/$1.00 USD) - 2025/02/04 19:35:27 WET [2025/02/04 14:35:27 ET]
Table 'Ida II' 6-max Seat #4 is the button
Seat 1: AIien Hand ($150.98 in chips) is sitting out
Seat 2: NISIY ($103.50 in chips) 
Seat 3: treidei3 ($156.35 in chips) 
Seat 4: sesiomp12 ($65.55 in chips) 
Seat 5: Supermegopro ($100 in chips) 
Seat 6: peter76255 ($34.88 in chips) 
Supermegopro: posts small blind $0.50
peter76255: posts big blind $1
AIien Hand: sits out 
*** HOLE CARDS ***
NISIY: raises $1.50 to $2.50
treidei3: folds 
sesiomp12: calls $2.50
Supermegopro: folds 
peter76255: folds 
*** FLOP *** [Kc 4h 2c]
NISIY: bets $2.04
sesiomp12: calls $2.04
*** TURN *** [Kc 4h 2c] [5s]
NISIY: bets $7.54
sesiomp12: calls $7.54
*** RIVER *** [Kc 4h 2c 5s] [8c]
NISIY: checks 
sesiomp12: checks 
*** SHOW DOWN ***
NISIY: shows [5h 5d] (three of a kind, Fives)
sesiomp12: mucks hand 
NISIY collected $24.38 from pot
*** SUMMARY ***
Total pot $25.66 | Rake $1.28 
Board [Kc 4h 2c 5s 8c]
Seat 1: AIien Hand
Seat 2: NISIY showed [5h 5d] and won ($24.38) with three of a kind, Fives
Seat 3: treidei3 folded before Flop (didn't bet)
Seat 4: sesiomp12 (button) mucked
Seat 5: Supermegopro (small blind) folded before Flop
Seat 6: peter76255 (big blind) folded before Flop



PokerStars Hand #254707042488:  Hold'em No Limit ($0.50/$1.00 USD) - 2025/02/04 19:36:19 WET [2025/02/04 14:36:19 ET]
Table 'Ida II' 6-max Seat #5 is the button
Seat 1: AIien Hand ($150.98 in chips) 
Seat 2: NISIY ($115.80 in chips) 
Seat 3: treidei3 ($156.35 in chips) 
Seat 4: sesiomp12 ($53.47 in chips) 
Seat 5: Supermegopro ($100 in chips) 
Seat 6: peter76255 ($33.88 in chips) 
peter76255: posts small blind $0.50
AIien Hand: posts big blind $1
*** HOLE CARDS ***
NISIY: folds 
treidei3: folds 
sesiomp12: folds 
Supermegopro: folds 
peter76255: calls $0.50
AIien Hand: raises $2.50 to $3.50
peter76255: calls $2.50
*** FLOP *** [Ah 6s 4d]
peter76255: checks 
AIien Hand: checks 
*** TURN *** [Ah 6s 4d] [Jd]
peter76255: bets $6.65
AIien Hand: calls $6.65
*** RIVER *** [Ah 6s 4d Jd] [Kh]
peter76255: bets $9.64
AIien Hand: folds 
Uncalled bet ($9.64) returned to peter76255
peter76255 collected $19.28 from pot
*** SUMMARY ***
Total pot $20.30 | Rake $1.02 
Board [Ah 6s 4d Jd Kh]
Seat 1: AIien Hand (big blind) folded on the River
Seat 2: NISIY folded before Flop (didn't bet)
Seat 3: treidei3 folded before Flop (didn't bet)
Seat 4: sesiomp12 folded before Flop (didn't bet)
Seat 5: Supermegopro (button) folded before Flop (didn't bet)
Seat 6: peter76255 (small blind) collected ($19.28)



PokerStars Hand #254707065518:  Hold'em No Limit ($0.50/$1.00 USD) - 2025/02/04 19:37:35 WET [2025/02/04 14:37:35 ET]
Table 'Ida II' 6-max Seat #6 is the button
Seat 1: AIien Hand ($140.83 in chips) 
Seat 2: NISIY ($115.80 in chips) 
Seat 3: treidei3 ($156.35 in chips) 
Seat 4: sesiomp12 ($53.47 in chips) 
Seat 5: Supermegopro ($100 in chips) 
Seat 6: peter76255 ($43.01 in chips) 
AIien Hand: posts small blind $0.50
NISIY: posts big blind $1
*** HOLE CARDS ***
treidei3: folds 
sesiomp12: raises $2 to $3
Supermegopro: folds 
peter76255: folds 
AIien Hand: raises $9 to $12
NISIY: folds 
sesiomp12: raises $13 to $25
AIien Hand: raises $34.50 to $59.50
sesiomp12: calls $28.47 and is all-in
Uncalled bet ($6.03) returned to AIien Hand
*** FLOP *** [3d 4c 4h]
*** TURN *** [3d 4c 4h] [2s]
*** RIVER *** [3d 4c 4h 2s] [Ah]
*** SHOW DOWN ***
AIien Hand: shows [Kc Ks] (two pair, Kings and Fours)
sesiomp12: shows [Jd Jh] (two pair, Jacks and Fours)
AIien Hand collected $105.44 from pot
*** SUMMARY ***
Total pot $107.94 | Rake $2.50 
Board [3d 4c 4h 2s Ah]
Seat 1: AIien Hand (small blind) showed [Kc Ks] and won ($105.44) with two pair, Kings and Fours
Seat 2: NISIY (big blind) folded before Flop
Seat 3: treidei3 folded before Flop (didn't bet)
Seat 4: sesiomp12 showed [Jd Jh] and lost with two pair, Jacks and Fours
Seat 5: Supermegopro folded before Flop (didn't bet)
Seat 6: peter76255 (button) folded before Flop (didn't bet)



PokerStars Hand #254707080964:  Hold'em No Limit ($0.50/$1.00 USD) - 2025/02/04 19:38:26 WET [2025/02/04 14:38:26 ET]
Table 'Ida II' 6-max Seat #1 is the button
Seat 4: sesiomp12 ($0 in chips) is sitting out
Seat 1: AIien Hand ($192.80 in chips) 
Seat 2: NISIY ($114.80 in chips) 
Seat 3: treidei3 ($156.35 in chips) 
Seat 5: Supermegopro ($100 in chips) 
Seat 6: peter76255 ($43.01 in chips) 
NISIY: posts small blind $0.50
treidei3: posts big blind $1
*** HOLE CARDS ***
Supermegopro: folds 
sesiomp12 leaves the table
peter76255: folds 
AIien Hand: raises $1.50 to $2.50
NISIY: folds 
treidei3: folds 
Uncalled bet ($1.50) returned to AIien Hand
AIien Hand collected $2.50 from pot
AIien Hand: doesn't show hand 
sskripka joins the table at seat #4 
*** SUMMARY ***
Total pot $2.50 | Rake $0 
Seat 4: sesiomp12
Seat 1: AIien Hand (button) collected ($2.50)
Seat 2: NISIY (small blind) folded before Flop
Seat 3: treidei3 (big blind) folded before Flop
Seat 5: Supermegopro folded before Flop (didn't bet)
Seat 6: peter76255 folded before Flop (didn't bet)



PokerStars Hand #254707086984:  Hold'em No Limit ($0.50/$1.00 USD) - 2025/02/04 19:38:46 WET [2025/02/04 14:38:46 ET]
Table 'Ida II' 6-max Seat #2 is the button
Seat 1: AIien Hand ($194.30 in chips) 
Seat 2: NISIY ($114.30 in chips) 
Seat 3: treidei3 ($155.35 in chips) 
Seat 4: sskripka ($100 in chips) 
Seat 5: Supermegopro ($100 in chips) 
Seat 6: peter76255 ($43.01 in chips) 
treidei3: posts small blind $0.50
sskripka: posts big blind $1
*** HOLE CARDS ***
Supermegopro: folds 
peter76255: calls $1
AIien Hand: raises $2.50 to $3.50
NISIY: raises $7 to $10.50
treidei3: folds 
sskripka: folds 
peter76255: folds 
AIien Hand: raises $183.80 to $194.30 and is all-in
NISIY: folds 
Uncalled bet ($183.80) returned to AIien Hand
AIien Hand collected $23.50 from pot
AIien Hand: doesn't show hand 
*** SUMMARY ***
Total pot $23.50 | Rake $0 
Seat 1: AIien Hand collected ($23.50)
Seat 2: NISIY (button) folded before Flop
Seat 3: treidei3 (small blind) folded before Flop
Seat 4: sskripka (big blind) folded before Flop
Seat 5: Supermegopro folded before Flop (didn't bet)
Seat 6: peter76255 folded before Flop



PokerStars Hand #254707103185:  Hold'em No Limit ($0.50/$1.00 USD) - 2025/02/04 19:39:39 WET [2025/02/04 14:39:39 ET]
Table 'Ida II' 6-max Seat #3 is the button
Seat 1: AIien Hand ($207.30 in chips) 
Seat 2: NISIY ($103.80 in chips) 
Seat 3: treidei3 ($154.85 in chips) 
Seat 4: sskripka ($100 in chips) 
Seat 5: Supermegopro ($100 in chips) 
Seat 6: peter76255 ($42.01 in chips) 
sskripka: posts small blind $0.50
Supermegopro: posts big blind $1
*** HOLE CARDS ***
peter76255: calls $1
AIien Hand: folds 
NISIY: folds 
treidei3: raises $3 to $4
sskripka: folds 
Supermegopro: folds 
peter76255: calls $3
*** FLOP *** [8h 2c 9d]
peter76255: checks 
treidei3: checks 
*** TURN *** [8h 2c 9d] [Td]
peter76255: bets $4.51
treidei3: folds 
Uncalled bet ($4.51) returned to peter76255
peter76255 collected $9.02 from pot
*** SUMMARY ***
Total pot $9.50 | Rake $0.48 
Board [8h 2c 9d Td]
Seat 1: AIien Hand folded before Flop (didn't bet)
Seat 2: NISIY folded before Flop (didn't bet)
Seat 3: treidei3 (button) folded on the Turn
Seat 4: sskripka (small blind) folded before Flop
Seat 5: Supermegopro (big blind) folded before Flop
Seat 6: peter76255 collected ($9.02)



PokerStars Hand #254707116810:  Hold'em No Limit ($0.50/$1.00 USD) - 2025/02/04 19:40:24 WET [2025/02/04 14:40:24 ET]
Table 'Ida II' 6-max Seat #4 is the button
Seat 1: AIien Hand ($207.30 in chips) 
Seat 2: NISIY ($103.80 in chips) 
Seat 3: treidei3 ($150.85 in chips) 
Seat 4: sskripka ($100 in chips) 
Seat 5: Supermegopro ($100 in chips) 
Seat 6: peter76255 ($47.03 in chips) 
Supermegopro: posts small blind $0.50
peter76255: posts big blind $1
*** HOLE CARDS ***
AIien Hand: folds 
NISIY: folds 
treidei3: folds 
sskripka: raises $1.50 to $2.50
Supermegopro: calls $2
peter76255: folds 
*** FLOP *** [4s Tc 7s]
Supermegopro: checks 
sskripka: checks 
*** TURN *** [4s Tc 7s] [8h]
Supermegopro: bets $3.80
sskripka: calls $3.80
*** RIVER *** [4s Tc 7s 8h] [2s]
Supermegopro: checks 
sskripka: checks 
*** SHOW DOWN ***
Supermegopro: shows [5h 5s] (a pair of Fives)
sskripka: shows [Th As] (a pair of Tens)
sskripka collected $12.92 from pot
*** SUMMARY ***
Total pot $13.60 | Rake $0.68 
Board [4s Tc 7s 8h 2s]
Seat 1: AIien Hand folded before Flop (didn't bet)
Seat 2: NISIY folded before Flop (didn't bet)
Seat 3: treidei3 folded before Flop (didn't bet)
Seat 4: sskripka (button) showed [Th As] and won ($12.92) with a pair of Tens
Seat 5: Supermegopro (small blind) showed [5h 5s] and lost with a pair of Fives
Seat 6: peter76255 (big blind) folded before Flop



PokerStars Hand #254707128593:  Hold'em No Limit ($0.50/$1.00 USD) - 2025/02/04 19:41:02 WET [2025/02/04 14:41:02 ET]
Table 'Ida II' 6-max Seat #5 is the button
Seat 1: AIien Hand ($207.30 in chips) 
Seat 2: NISIY ($103.80 in chips) 
Seat 3: treidei3 ($150.85 in chips) 
Seat 4: sskripka ($106.62 in chips) 
Seat 5: Supermegopro ($100 in chips) 
Seat 6: peter76255 ($46.03 in chips) 
peter76255: posts small blind $0.50
AIien Hand: posts big blind $1
*** HOLE CARDS ***
NISIY: folds 
treidei3: folds 
sskripka: folds 
Supermegopro: folds 
peter76255: folds 
Uncalled bet ($0.50) returned to AIien Hand
AIien Hand collected $1 from pot
AIien Hand: doesn't show hand 
*** SUMMARY ***
Total pot $1 | Rake $0 
Seat 1: AIien Hand (big blind) collected ($1)
Seat 2: NISIY folded before Flop (didn't bet)
Seat 3: treidei3 folded before Flop (didn't bet)
Seat 4: sskripka folded before Flop (didn't bet)
Seat 5: Supermegopro (button) folded before Flop (didn't bet)
Seat 6: peter76255 (small blind) folded before Flop



PokerStars Hand #254707132084:  Hold'em No Limit ($0.50/$1.00 USD) - 2025/02/04 19:41:14 WET [2025/02/04 14:41:14 ET]
Table 'Ida II' 6-max Seat #6 is the button
Seat 1: AIien Hand ($207.80 in chips) 
Seat 2: NISIY ($103.80 in chips) 
Seat 3: treidei3 ($150.85 in chips) 
Seat 4: sskripka ($106.62 in chips) 
Seat 5: Supermegopro ($100 in chips) 
Seat 6: peter76255 ($45.53 in chips) 
AIien Hand: posts small blind $0.50
NISIY: posts big blind $1
*** HOLE CARDS ***
treidei3: folds 
sskripka: folds 
Supermegopro: folds 
peter76255: folds 
AIien Hand: raises $2 to $3
NISIY: calls $2
*** FLOP *** [Qc 4d Ad]
AIien Hand: checks 
NISIY: bets $1.88
AIien Hand: raises $6.81 to $8.69
NISIY: calls $6.81
*** TURN *** [Qc 4d Ad] [3c]
Supermegopro leaves the table
AIien Hand: checks 
sta$igk joins the table at seat #5 
NISIY: bets $16.66
AIien Hand: folds 
Uncalled bet ($16.66) returned to NISIY
NISIY collected $22.21 from pot
NISIY: doesn't show hand 
*** SUMMARY ***
Total pot $23.38 | Rake $1.17 
Board [Qc 4d Ad 3c]
Seat 1: AIien Hand (small blind) folded on the Turn
Seat 2: NISIY (big blind) collected ($22.21)
Seat 3: treidei3 folded before Flop (didn't bet)
Seat 4: sskripka folded before Flop (didn't bet)
Seat 5: Supermegopro folded before Flop (didn't bet)
Seat 6: peter76255 (button) folded before Flop (didn't bet)



PokerStars Hand #254707155885:  Hold'em No Limit ($0.50/$1.00 USD) - 2025/02/04 19:42:32 WET [2025/02/04 14:42:32 ET]
Table 'Ida II' 6-max Seat #1 is the button
Seat 5: sta$igk ($100 in chips) is sitting out
Seat 1: AIien Hand ($196.11 in chips) 
Seat 2: NISIY ($114.32 in chips) 
Seat 3: treidei3 ($150.85 in chips) 
Seat 4: sskripka ($106.62 in chips) 
Seat 6: peter76255 ($45.53 in chips) 
NISIY: posts small blind $0.50
treidei3: posts big blind $1
sta$igk: sits out 
*** HOLE CARDS ***
sskripka: raises $1 to $2
peter76255: folds 
AIien Hand: folds 
NISIY: folds 
treidei3: folds 
Uncalled bet ($1) returned to sskripka
sskripka collected $2.50 from pot
sskripka: doesn't show hand 
*** SUMMARY ***
Total pot $2.50 | Rake $0 
Seat 5: sta$igk
Seat 1: AIien Hand (button) folded before Flop (didn't bet)
Seat 2: NISIY (small blind) folded before Flop
Seat 3: treidei3 (big blind) folded before Flop
Seat 4: sskripka collected ($2.50)
Seat 6: peter76255 folded before Flop (didn't bet)



PokerStars Hand #254707160900:  Hold'em No Limit ($0.50/$1.00 USD) - 2025/02/04 19:42:49 WET [2025/02/04 14:42:49 ET]
Table 'Ida II' 6-max Seat #2 is the button
Seat 5: sta$igk ($100 in chips) is sitting out
Seat 1: AIien Hand ($196.11 in chips) 
Seat 2: NISIY ($113.82 in chips) 
Seat 3: treidei3 ($149.85 in chips) 
Seat 4: sskripka ($108.12 in chips) 
Seat 6: peter76255 ($45.53 in chips) 
treidei3: posts small blind $0.50
sskripka: posts big blind $1
sta$igk: sits out 
*** HOLE CARDS ***
peter76255: calls $1
AIien Hand: folds 
NISIY: raises $3 to $4
treidei3: raises $9.50 to $13.50
sskripka: folds 
peter76255: calls $12.50
NISIY: folds 
*** FLOP *** [Td Qd As]
treidei3: bets $10.03
peter76255: raises $22 to $32.03 and is all-in
treidei3: calls $22
*** TURN *** [Td Qd As] [2d]
*** RIVER *** [Td Qd As 2d] [2h]
*** SHOW DOWN ***
treidei3: shows [Qc Qh] (a full house, Queens full of Deuces)
peter76255: shows [4c Ac] (two pair, Aces and Deuces)
treidei3 collected $93.56 from pot
*** SUMMARY ***
Total pot $96.06 | Rake $2.50 
Board [Td Qd As 2d 2h]
Seat 5: sta$igk
Seat 1: AIien Hand folded before Flop (didn't bet)
Seat 2: NISIY (button) folded before Flop
Seat 3: treidei3 (small blind) showed [Qc Qh] and won ($93.56) with a full house, Queens full of Deuces
Seat 4: sskripka (big blind) folded before Flop
Seat 6: peter76255 showed [4c Ac] and lost with two pair, Aces and Deuces



PokerStars Hand #254707173416:  Hold'em No Limit ($0.50/$1.00 USD) - 2025/02/04 19:43:30 WET [2025/02/04 14:43:30 ET]
Table 'Ida II' 6-max Seat #3 is the button
Seat 6: peter76255 ($0 in chips) is sitting out
Seat 1: AIien Hand ($196.11 in chips) 
Seat 2: NISIY ($109.82 in chips) 
Seat 3: treidei3 ($197.88 in chips) 
Seat 4: sskripka ($107.12 in chips) 
Seat 5: sta$igk ($100 in chips) 
sskripka: posts small blind $0.50
sta$igk: posts big blind $1
*** HOLE CARDS ***
AIien Hand: raises $1.20 to $2.20
NISIY: folds 
peter76255 leaves the table
treidei3: raises $5.55 to $7.75
sskripka: folds 
sta$igk: folds 
laloo246 joins the table at seat #6 
laloo246 leaves the table
AIien Hand: folds 
Uncalled bet ($5.55) returned to treidei3
treidei3 collected $5.90 from pot
treidei3: doesn't show hand 
*** SUMMARY ***
Total pot $5.90 | Rake $0 
Seat 6: peter76255
Seat 1: AIien Hand folded before Flop
Seat 2: NISIY folded before Flop (didn't bet)
Seat 3: treidei3 (button) collected ($5.90)
Seat 4: sskripka (small blind) folded before Flop
Seat 5: sta$igk (big blind) folded before Flop



PokerStars Hand #254707180901:  Hold'em No Limit ($0.50/$1.00 USD) - 2025/02/04 19:43:55 WET [2025/02/04 14:43:55 ET]
Table 'Ida II' 6-max Seat #4 is the button
Seat 1: AIien Hand ($193.91 in chips) 
Seat 2: NISIY ($109.82 in chips) 
Seat 3: treidei3 ($201.58 in chips) 
Seat 4: sskripka ($106.62 in chips) 
Seat 5: sta$igk ($100 in chips) 
sta$igk: posts small blind $0.50
AIien Hand: posts big blind $1
*** HOLE CARDS ***
kel3vr4_23 joins the table at seat #6 
NISIY: folds 
treidei3: folds 
sskripka: folds 
sta$igk: folds 
Uncalled bet ($0.50) returned to AIien Hand
AIien Hand collected $1 from pot
AIien Hand: doesn't show hand 
*** SUMMARY ***
Total pot $1 | Rake $0 
Seat 1: AIien Hand (big blind) collected ($1)
Seat 2: NISIY folded before Flop (didn't bet)
Seat 3: treidei3 folded before Flop (didn't bet)
Seat 4: sskripka (button) folded before Flop (didn't bet)
Seat 5: sta$igk (small blind) folded before Flop



PokerStars Hand #254707183918:  Hold'em No Limit ($0.50/$1.00 USD) - 2025/02/04 19:44:05 WET [2025/02/04 14:44:05 ET]
Table 'Ida II' 6-max Seat #5 is the button
Seat 2: NISIY ($109.82 in chips) is sitting out
Seat 6: kel3vr4_23 ($40 in chips) is sitting out
Seat 1: AIien Hand ($194.41 in chips) 
Seat 3: treidei3 ($201.58 in chips) 
Seat 4: sskripka ($106.62 in chips) 
Seat 5: sta$igk ($100 in chips) 
AIien Hand: posts small blind $0.50
NISIY: is sitting out 
treidei3: posts big blind $1
*** HOLE CARDS ***
sskripka: folds 
sta$igk: raises $1.50 to $2.50
AIien Hand: folds 
NISIY leaves the table
sskripka leaves the table
treidei3: folds 
Uncalled bet ($1.50) returned to sta$igk
sta$igk collected $2.50 from pot
Iseedora joins the table at seat #2 
sta$igk: doesn't show hand 
*** SUMMARY ***
Total pot $2.50 | Rake $0 
Seat 2: NISIY
Seat 6: kel3vr4_23
Seat 1: AIien Hand (small blind) folded before Flop
Seat 3: treidei3 (big blind) folded before Flop
Seat 4: sskripka folded before Flop (didn't bet)
Seat 5: sta$igk (button) collected ($2.50)



PokerStars Hand #254707187488:  Hold'em No Limit ($0.50/$1.00 USD) - 2025/02/04 19:44:17 WET [2025/02/04 14:44:17 ET]
Table 'Ida II' 6-max Seat #1 is the button
Seat 2: Iseedora ($100 in chips) is sitting out
Seat 5: sta$igk ($101.50 in chips) is sitting out
Seat 1: AIien Hand ($193.91 in chips) 
Seat 3: treidei3 ($200.58 in chips) 
Seat 6: kel3vr4_23 ($40 in chips) 
treidei3: posts small blind $0.50
sta$igk: is sitting out 
kel3vr4_23: posts big blind $1
*** HOLE CARDS ***
AIien Hand: folds 
sta$igk leaves the table
treidei3: raises $2 to $3
kel3vr4_23: folds 
Uncalled bet ($2) returned to treidei3
treidei3 collected $2 from pot
treidei3: doesn't show hand 
*** SUMMARY ***
Total pot $2 | Rake $0 
Seat 2: Iseedora
Seat 5: sta$igk
Seat 1: AIien Hand (button) folded before Flop (didn't bet)
Seat 3: treidei3 (small blind) collected ($2)
Seat 6: kel3vr4_23 (big blind) folded before Flop



PokerStars Hand #254707191915:  Hold'em No Limit ($0.50/$1.00 USD) - 2025/02/04 19:44:32 WET [2025/02/04 14:44:32 ET]
Table 'Ida II' 6-max Seat #3 is the button
Seat 2: Iseedora ($100 in chips) is sitting out
Seat 1: AIien Hand ($193.91 in chips) 
Seat 3: treidei3 ($201.58 in chips) 
Seat 6: kel3vr4_23 ($39 in chips) 
kel3vr4_23: posts small blind $0.50
AIien Hand: posts big blind $1
Iseedora: sits out 
*** HOLE CARDS ***
treidei3: folds 
kel3vr4_23: raises $2 to $3
AIien Hand: folds 
Uncalled bet ($2) returned to kel3vr4_23
kel3vr4_23 collected $2 from pot
kel3vr4_23: doesn't show hand 
*** SUMMARY ***
Total pot $2 | Rake $0 
Seat 2: Iseedora
Seat 1: AIien Hand (big blind) folded before Flop
Seat 3: treidei3 (button) folded before Flop (didn't bet)
Seat 6: kel3vr4_23 (small blind) collected ($2)



PokerStars Hand #254707195396:  Hold'em No Limit ($0.50/$1.00 USD) - 2025/02/04 19:44:43 WET [2025/02/04 14:44:43 ET]
Table 'Ida II' 6-max Seat #6 is the button
Seat 1: AIien Hand ($192.91 in chips) 
Seat 2: Iseedora ($100 in chips) 
Seat 3: treidei3 ($201.58 in chips) 
Seat 6: kel3vr4_23 ($40 in chips) 
AIien Hand: posts small blind $0.50
Iseedora: posts big blind $1
*** HOLE CARDS ***
treidei3: folds 
kel3vr4_23: raises $1.50 to $2.50
AIien Hand: raises $8.50 to $11
Iseedora: folds 
kel3vr4_23: folds 
Uncalled bet ($8.50) returned to AIien Hand
AIien Hand collected $6 from pot
AIien Hand: doesn't show hand 
*** SUMMARY ***
Total pot $6 | Rake $0 
Seat 1: AIien Hand (small blind) collected ($6)
Seat 2: Iseedora (big blind) folded before Flop
Seat 3: treidei3 folded before Flop (didn't bet)
Seat 6: kel3vr4_23 (button) folded before Flop



PokerStars Hand #254707201310:  Hold'em No Limit ($0.50/$1.00 USD) - 2025/02/04 19:45:03 WET [2025/02/04 14:45:03 ET]
Table 'Ida II' 6-max Seat #1 is the button
Seat 1: AIien Hand ($196.41 in chips) 
Seat 2: Iseedora ($100 in chips) 
Seat 3: treidei3 ($201.58 in chips) 
Seat 6: kel3vr4_23 ($37.50 in chips) 
Iseedora: posts small blind $0.50
treidei3: posts big blind $1
*** HOLE CARDS ***
kel3vr4_23: folds 
AIien Hand: folds 
Iseedora: folds 
Uncalled bet ($0.50) returned to treidei3
treidei3 collected $1 from pot
treidei3: doesn't show hand 
*** SUMMARY ***
Total pot $1 | Rake $0 
Seat 1: AIien Hand (button) folded before Flop (didn't bet)
Seat 2: Iseedora (small blind) folded before Flop
Seat 3: treidei3 (big blind) collected ($1)
Seat 6: kel3vr4_23 folded before Flop (didn't bet)



PokerStars Hand #254707205352:  Hold'em No Limit ($0.50/$1.00 USD) - 2025/02/04 19:45:16 WET [2025/02/04 14:45:16 ET]
Table 'Ida II' 6-max Seat #2 is the button
Seat 1: AIien Hand ($196.41 in chips) 
Seat 2: Iseedora ($100 in chips) 
Seat 3: treidei3 ($202.08 in chips) 
Seat 6: kel3vr4_23 ($37.50 in chips) 
treidei3: posts small blind $0.50
kel3vr4_23: posts big blind $1
*** HOLE CARDS ***
AIien Hand: folds 
Iseedora: raises $1.50 to $2.50
treidei3: folds 
kel3vr4_23: folds 
Uncalled bet ($1.50) returned to Iseedora
Iseedora collected $2.50 from pot
Iseedora: doesn't show hand 
*** SUMMARY ***
Total pot $2.50 | Rake $0 
Seat 1: AIien Hand folded before Flop (didn't bet)
Seat 2: Iseedora (button) collected ($2.50)
Seat 3: treidei3 (small blind) folded before Flop
Seat 6: kel3vr4_23 (big blind) folded before Flop



PokerStars Hand #254707209465:  Hold'em No Limit ($0.50/$1.00 USD) - 2025/02/04 19:45:30 WET [2025/02/04 14:45:30 ET]
Table 'Ida II' 6-max Seat #3 is the button
Seat 1: AIien Hand ($196.41 in chips) 
Seat 2: Iseedora ($101.50 in chips) 
Seat 3: treidei3 ($201.58 in chips) 
Seat 6: kel3vr4_23 ($36.50 in chips) 
kel3vr4_23: posts small blind $0.50
AIien Hand: posts big blind $1
*** HOLE CARDS ***
Iseedora: raises $1.20 to $2.20
treidei3: folds 
kel3vr4_23: folds 
AIien Hand: folds 
Uncalled bet ($1.20) returned to Iseedora
Iseedora collected $2.50 from pot
Iseedora: doesn't show hand 
*** SUMMARY ***
Total pot $2.50 | Rake $0 
Seat 1: AIien Hand (big blind) folded before Flop
Seat 2: Iseedora collected ($2.50)
Seat 3: treidei3 (button) folded before Flop (didn't bet)
Seat 6: kel3vr4_23 (small blind) folded before Flop



PokerStars Hand #254707214690:  Hold'em No Limit ($0.50/$1.00 USD) - 2025/02/04 19:45:47 WET [2025/02/04 14:45:47 ET]
Table 'Ida II' 6-max Seat #6 is the button
Seat 2: Iseedora ($103 in chips) is sitting out
Seat 1: AIien Hand ($195.41 in chips) 
Seat 3: treidei3 ($201.58 in chips) 
Seat 6: kel3vr4_23 ($36 in chips) 
AIien Hand: posts small blind $0.50
Iseedora: is sitting out 
treidei3: posts big blind $1
*** HOLE CARDS ***
kel3vr4_23: folds 
AIien Hand: raises $2 to $3
treidei3: folds 
Uncalled bet ($2) returned to AIien Hand
AIien Hand collected $2 from pot
AIien Hand: doesn't show hand 
*** SUMMARY ***
Total pot $2 | Rake $0 
Seat 2: Iseedora
Seat 1: AIien Hand (small blind) collected ($2)
Seat 3: treidei3 (big blind) folded before Flop
Seat 6: kel3vr4_23 (button) folded before Flop (didn't bet)



PokerStars Hand #254707217694:  Hold'em No Limit ($0.50/$1.00 USD) - 2025/02/04 19:45:57 WET [2025/02/04 14:45:57 ET]
Table 'Ida II' 6-max Seat #1 is the button
Seat 2: Iseedora ($103 in chips) is sitting out
Seat 1: AIien Hand ($196.41 in chips) 
Seat 3: treidei3 ($200.58 in chips) 
Seat 6: kel3vr4_23 ($36 in chips) 
treidei3: posts small blind $0.50
kel3vr4_23: posts big blind $1
*** HOLE CARDS ***
AIien Hand: raises $1.50 to $2.50
treidei3: folds 
kel3vr4_23: calls $1.50
*** FLOP *** [5s Qc 7h]
kel3vr4_23: checks 
AIien Hand: bets $3.76
kel3vr4_23: calls $3.76
*** TURN *** [5s Qc 7h] [8s]
kel3vr4_23: checks 
AIien Hand: bets $8.93
kel3vr4_23: folds 
Uncalled bet ($8.93) returned to AIien Hand
AIien Hand collected $12.37 from pot
AIien Hand: doesn't show hand 
*** SUMMARY ***
Total pot $13.02 | Rake $0.65 
Board [5s Qc 7h 8s]
Seat 2: Iseedora
Seat 1: AIien Hand (button) collected ($12.37)
Seat 3: treidei3 (small blind) folded before Flop
Seat 6: kel3vr4_23 (big blind) folded on the Turn



PokerStars Hand #254707231944:  Hold'em No Limit ($0.50/$1.00 USD) - 2025/02/04 19:46:44 WET [2025/02/04 14:46:44 ET]
Table 'Ida II' 6-max Seat #3 is the button
Seat 2: Iseedora ($103 in chips) is sitting out
Seat 1: AIien Hand ($202.52 in chips) 
Seat 3: treidei3 ($200.08 in chips) 
Seat 6: kel3vr4_23 ($29.74 in chips) 
kel3vr4_23: posts small blind $0.50
AIien Hand: posts big blind $1
*** HOLE CARDS ***
treidei3: folds 
kel3vr4_23: raises $2 to $3
AIien Hand: folds 
Uncalled bet ($2) returned to kel3vr4_23
kel3vr4_23 collected $2 from pot
kel3vr4_23: doesn't show hand 
*** SUMMARY ***
Total pot $2 | Rake $0 
Seat 2: Iseedora
Seat 1: AIien Hand (big blind) folded before Flop
Seat 3: treidei3 (button) folded before Flop (didn't bet)
Seat 6: kel3vr4_23 (small blind) collected ($2)



PokerStars Hand #254707235916:  Hold'em No Limit ($0.50/$1.00 USD) - 2025/02/04 19:46:57 WET [2025/02/04 14:46:57 ET]
Table 'Ida II' 6-max Seat #6 is the button
Seat 2: Iseedora ($103 in chips) is sitting out
Seat 1: AIien Hand ($201.52 in chips) 
Seat 3: treidei3 ($200.08 in chips) 
Seat 6: kel3vr4_23 ($30.74 in chips) 
AIien Hand: posts small blind $0.50
treidei3: posts big blind $1
*** HOLE CARDS ***
kel3vr4_23: folds 
AIien Hand: folds 
Uncalled bet ($0.50) returned to treidei3
treidei3 collected $1 from pot
treidei3: doesn't show hand 
*** SUMMARY ***
Total pot $1 | Rake $0 
Seat 2: Iseedora
Seat 1: AIien Hand (small blind) folded before Flop
Seat 3: treidei3 (big blind) collected ($1)
Seat 6: kel3vr4_23 (button) folded before Flop (didn't bet)



PokerStars Hand #254707238394:  Hold'em No Limit ($0.50/$1.00 USD) - 2025/02/04 19:47:05 WET [2025/02/04 14:47:05 ET]
Table 'Ida II' 6-max Seat #1 is the button
Seat 2: Iseedora ($103 in chips) is sitting out
Seat 1: AIien Hand ($201.02 in chips) 
Seat 3: treidei3 ($200.58 in chips) 
Seat 6: kel3vr4_23 ($30.74 in chips) 
treidei3: posts small blind $0.50
kel3vr4_23: posts big blind $1
*** HOLE CARDS ***
AIien Hand: raises $1.50 to $2.50
treidei3: folds 
kel3vr4_23: folds 
Uncalled bet ($1.50) returned to AIien Hand
AIien Hand collected $2.50 from pot
AIien Hand: doesn't show hand 
*** SUMMARY ***
Total pot $2.50 | Rake $0 
Seat 2: Iseedora
Seat 1: AIien Hand (button) collected ($2.50)
Seat 3: treidei3 (small blind) folded before Flop
Seat 6: kel3vr4_23 (big blind) folded before Flop



PokerStars Hand #254707241263:  Hold'em No Limit ($0.50/$1.00 USD) - 2025/02/04 19:47:15 WET [2025/02/04 14:47:15 ET]
Table 'Ida II' 6-max Seat #3 is the button
Seat 2: Iseedora ($103 in chips) is sitting out
Seat 1: AIien Hand ($202.52 in chips) 
Seat 3: treidei3 ($200.08 in chips) 
Seat 6: kel3vr4_23 ($29.74 in chips) 
kel3vr4_23: posts small blind $0.50
AIien Hand: posts big blind $1
*** HOLE CARDS ***
treidei3: raises $1.20 to $2.20
kel3vr4_23: folds 
AIien Hand: calls $1.20
*** FLOP *** [Ks Th 2c]
AIien Hand: checks 
treidei3: bets $1.54
AIien Hand: raises $5.93 to $7.47
treidei3: calls $5.93
*** TURN *** [Ks Th 2c] [Qh]
AIien Hand: bets $13.61
treidei3: folds 
Uncalled bet ($13.61) returned to AIien Hand
AIien Hand collected $18.85 from pot
AIien Hand: doesn't show hand 
*** SUMMARY ***
Total pot $19.84 | Rake $0.99 
Board [Ks Th 2c Qh]
Seat 2: Iseedora
Seat 1: AIien Hand (big blind) collected ($18.85)
Seat 3: treidei3 (button) folded on the Turn
Seat 6: kel3vr4_23 (small blind) folded before Flop



PokerStars Hand #254707257464:  Hold'em No Limit ($0.50/$1.00 USD) - 2025/02/04 19:48:08 WET [2025/02/04 14:48:08 ET]
Table 'Ida II' 6-max Seat #6 is the button
Seat 2: Iseedora ($103 in chips) is sitting out
Seat 1: AIien Hand ($211.70 in chips) 
Seat 3: treidei3 ($190.41 in chips) 
Seat 6: kel3vr4_23 ($29.24 in chips) 
AIien Hand: posts small blind $0.50
treidei3: posts big blind $1
*** HOLE CARDS ***
kel3vr4_23: folds 
AIien Hand: folds 
Uncalled bet ($0.50) returned to treidei3
treidei3 collected $1 from pot
treidei3: doesn't show hand 
*** SUMMARY ***
Total pot $1 | Rake $0 
Seat 2: Iseedora
Seat 1: AIien Hand (small blind) folded before Flop
Seat 3: treidei3 (big blind) collected ($1)
Seat 6: kel3vr4_23 (button) folded before Flop (didn't bet)



PokerStars Hand #254707259337:  Hold'em No Limit ($0.50/$1.00 USD) - 2025/02/04 19:48:15 WET [2025/02/04 14:48:15 ET]
Table 'Ida II' 6-max Seat #1 is the button
Seat 2: Iseedora ($103 in chips) is sitting out
Seat 1: AIien Hand ($211.20 in chips) 
Seat 3: treidei3 ($190.91 in chips) 
Seat 6: kel3vr4_23 ($29.24 in chips) 
treidei3: posts small blind $0.50
kel3vr4_23: posts big blind $1
*** HOLE CARDS ***
AIien Hand: folds 
treidei3: raises $2 to $3
kel3vr4_23: calls $2
*** FLOP *** [Ah 8c Jc]
treidei3: bets $1.88
kel3vr4_23: calls $1.88
*** TURN *** [Ah 8c Jc] [6c]
treidei3: bets $3.06
kel3vr4_23: calls $3.06
*** RIVER *** [Ah 8c Jc 6c] [5d]
treidei3: bets $11.32
kel3vr4_23: folds 
Uncalled bet ($11.32) returned to treidei3
treidei3 collected $15.09 from pot
treidei3: doesn't show hand 
*** SUMMARY ***
Total pot $15.88 | Rake $0.79 
Board [Ah 8c Jc 6c 5d]
Seat 2: Iseedora
Seat 1: AIien Hand (button) folded before Flop (didn't bet)
Seat 3: treidei3 (small blind) collected ($15.09)
Seat 6: kel3vr4_23 (big blind) folded on the River



PokerStars Hand #254707272828:  Hold'em No Limit ($0.50/$1.00 USD) - 2025/02/04 19:49:00 WET [2025/02/04 14:49:00 ET]
Table 'Ida II' 6-max Seat #3 is the button
Seat 2: Iseedora ($103 in chips) is sitting out
Seat 1: AIien Hand ($211.20 in chips) 
Seat 3: treidei3 ($198.06 in chips) 
Seat 6: kel3vr4_23 ($21.30 in chips) 
kel3vr4_23: posts small blind $0.50
AIien Hand: posts big blind $1
*** HOLE CARDS ***
treidei3: folds 
kel3vr4_23: folds 
Uncalled bet ($0.50) returned to AIien Hand
AIien Hand collected $1 from pot
AIien Hand: doesn't show hand 
*** SUMMARY ***
Total pot $1 | Rake $0 
Seat 2: Iseedora
Seat 1: AIien Hand (big blind) collected ($1)
Seat 3: treidei3 (button) folded before Flop (didn't bet)
Seat 6: kel3vr4_23 (small blind) folded before Flop



PokerStars Hand #254707274773:  Hold'em No Limit ($0.50/$1.00 USD) - 2025/02/04 19:49:06 WET [2025/02/04 14:49:06 ET]
Table 'Ida II' 6-max Seat #6 is the button
Seat 2: Iseedora ($103 in chips) is sitting out
Seat 1: AIien Hand ($211.70 in chips) 
Seat 3: treidei3 ($198.06 in chips) 
Seat 6: kel3vr4_23 ($20.80 in chips) 
AIien Hand: posts small blind $0.50
treidei3: posts big blind $1
*** HOLE CARDS ***
kel3vr4_23: folds 
AIien Hand: folds 
Uncalled bet ($0.50) returned to treidei3
treidei3 collected $1 from pot
treidei3: doesn't show hand 
*** SUMMARY ***
Total pot $1 | Rake $0 
Seat 2: Iseedora
Seat 1: AIien Hand (small blind) folded before Flop
Seat 3: treidei3 (big blind) collected ($1)
Seat 6: kel3vr4_23 (button) folded before Flop (didn't bet)



PokerStars Hand #254707277769:  Hold'em No Limit ($0.50/$1.00 USD) - 2025/02/04 19:49:16 WET [2025/02/04 14:49:16 ET]
Table 'Ida II' 6-max Seat #1 is the button
Seat 2: Iseedora ($103 in chips) is sitting out
Seat 1: AIien Hand ($211.20 in chips) 
Seat 3: treidei3 ($198.56 in chips) 
Seat 6: kel3vr4_23 ($20.80 in chips) 
treidei3: posts small blind $0.50
kel3vr4_23: posts big blind $1
*** HOLE CARDS ***
AIien Hand: folds 
treidei3: raises $2 to $3
kel3vr4_23: folds 
Uncalled bet ($2) returned to treidei3
treidei3 collected $2 from pot
treidei3: doesn't show hand 
*** SUMMARY ***
Total pot $2 | Rake $0 
Seat 2: Iseedora
Seat 1: AIien Hand (button) folded before Flop (didn't bet)
Seat 3: treidei3 (small blind) collected ($2)
Seat 6: kel3vr4_23 (big blind) folded before Flop



PokerStars Hand #254707281619:  Hold'em No Limit ($0.50/$1.00 USD) - 2025/02/04 19:49:29 WET [2025/02/04 14:49:29 ET]
Table 'Ida II' 6-max Seat #3 is the button
Seat 2: Iseedora ($103 in chips) is sitting out
Seat 1: AIien Hand ($211.20 in chips) 
Seat 3: treidei3 ($199.56 in chips) 
Seat 6: kel3vr4_23 ($19.80 in chips) 
kel3vr4_23: posts small blind $0.50
AIien Hand: posts big blind $1
*** HOLE CARDS ***
treidei3: folds 
kel3vr4_23: folds 
Uncalled bet ($0.50) returned to AIien Hand
AIien Hand collected $1 from pot
AIien Hand: doesn't show hand 
*** SUMMARY ***
Total pot $1 | Rake $0 
Seat 2: Iseedora
Seat 1: AIien Hand (big blind) collected ($1)
Seat 3: treidei3 (button) folded before Flop (didn't bet)
Seat 6: kel3vr4_23 (small blind) folded before Flop



PokerStars Hand #254707285431:  Hold'em No Limit ($0.50/$1.00 USD) - 2025/02/04 19:49:41 WET [2025/02/04 14:49:41 ET]
Table 'Ida II' 6-max Seat #6 is the button
Seat 2: Iseedora ($103 in chips) is sitting out
Seat 1: AIien Hand ($211.70 in chips) 
Seat 3: treidei3 ($199.56 in chips) 
Seat 6: kel3vr4_23 ($19.30 in chips) 
AIien Hand: posts small blind $0.50
treidei3: posts big blind $1
*** HOLE CARDS ***
kel3vr4_23: raises $1.50 to $2.50
AIien Hand: folds 
treidei3: folds 
Uncalled bet ($1.50) returned to kel3vr4_23
kel3vr4_23 collected $2.50 from pot
kel3vr4_23: doesn't show hand 
*** SUMMARY ***
Total pot $2.50 | Rake $0 
Seat 2: Iseedora
Seat 1: AIien Hand (small blind) folded before Flop
Seat 3: treidei3 (big blind) folded before Flop
Seat 6: kel3vr4_23 (button) collected ($2.50)



PokerStars Hand #254707288856:  Hold'em No Limit ($0.50/$1.00 USD) - 2025/02/04 19:49:53 WET [2025/02/04 14:49:53 ET]
Table 'Ida II' 6-max Seat #1 is the button
Seat 2: Iseedora ($103 in chips) is sitting out
Seat 1: AIien Hand ($211.20 in chips) 
Seat 3: treidei3 ($198.56 in chips) 
Seat 6: kel3vr4_23 ($20.80 in chips) 
treidei3: posts small blind $0.50
kel3vr4_23: posts big blind $1
*** HOLE CARDS ***
AIien Hand: folds 
treidei3: folds 
Uncalled bet ($0.50) returned to kel3vr4_23
kel3vr4_23 collected $1 from pot
kel3vr4_23: doesn't show hand 
*** SUMMARY ***
Total pot $1 | Rake $0 
Seat 2: Iseedora
Seat 1: AIien Hand (button) folded before Flop (didn't bet)
Seat 3: treidei3 (small blind) folded before Flop
Seat 6: kel3vr4_23 (big blind) collected ($1)



PokerStars Hand #254707291015:  Hold'em No Limit ($0.50/$1.00 USD) - 2025/02/04 19:50:00 WET [2025/02/04 14:50:00 ET]
Table 'Ida II' 6-max Seat #3 is the button
Seat 2: Iseedora ($103 in chips) is sitting out
Seat 1: AIien Hand ($211.20 in chips) 
Seat 3: treidei3 ($198.06 in chips) 
Seat 6: kel3vr4_23 ($21.30 in chips) 
kel3vr4_23: posts small blind $0.50
AIien Hand: posts big blind $1
*** HOLE CARDS ***
treidei3: raises $1.20 to $2.20
kel3vr4_23: raises $19.10 to $21.30 and is all-in
AIien Hand: folds 
treidei3: folds 
Uncalled bet ($19.10) returned to kel3vr4_23
kel3vr4_23 collected $5.40 from pot
kel3vr4_23: doesn't show hand 
*** SUMMARY ***
Total pot $5.40 | Rake $0 
Seat 2: Iseedora
Seat 1: AIien Hand (big blind) folded before Flop
Seat 3: treidei3 (button) folded before Flop
Seat 6: kel3vr4_23 (small blind) collected ($5.40)



PokerStars Hand #254707293739:  Hold'em No Limit ($0.50/$1.00 USD) - 2025/02/04 19:50:09 WET [2025/02/04 14:50:09 ET]
Table 'Ida II' 6-max Seat #6 is the button
Seat 2: Iseedora ($103 in chips) is sitting out
Seat 1: AIien Hand ($210.20 in chips) 
Seat 3: treidei3 ($195.86 in chips) 
Seat 6: kel3vr4_23 ($24.50 in chips) 
AIien Hand: posts small blind $0.50
treidei3: posts big blind $1
*** HOLE CARDS ***
kel3vr4_23: folds 
AIien Hand: folds 
Uncalled bet ($0.50) returned to treidei3
treidei3 collected $1 from pot
treidei3: doesn't show hand 
*** SUMMARY ***
Total pot $1 | Rake $0 
Seat 2: Iseedora
Seat 1: AIien Hand (small blind) folded before Flop
Seat 3: treidei3 (big blind) collected ($1)
Seat 6: kel3vr4_23 (button) folded before Flop (didn't bet)



PokerStars Hand #254707296188:  Hold'em No Limit ($0.50/$1.00 USD) - 2025/02/04 19:50:18 WET [2025/02/04 14:50:18 ET]
Table 'Ida II' 6-max Seat #1 is the button
Seat 2: Iseedora ($103 in chips) is sitting out
Seat 1: AIien Hand ($209.70 in chips) 
Seat 3: treidei3 ($196.36 in chips) 
Seat 6: kel3vr4_23 ($24.50 in chips) 
treidei3: posts small blind $0.50
kel3vr4_23: posts big blind $1
*** HOLE CARDS ***
AIien Hand: raises $1.50 to $2.50
treidei3: folds 
kel3vr4_23: calls $1.50
*** FLOP *** [Th 7s Qc]
kel3vr4_23: checks 
AIien Hand: bets $1.20
kel3vr4_23: calls $1.20
*** TURN *** [Th 7s Qc] [9d]
kel3vr4_23: checks 
AIien Hand: bets $4.13
kel3vr4_23: calls $4.13
*** RIVER *** [Th 7s Qc 9d] [Qs]
kel3vr4_23: checks 
AIien Hand: checks 
*** SHOW DOWN ***
kel3vr4_23: shows [Ah Td] (two pair, Queens and Tens)
AIien Hand: mucks hand 
kel3vr4_23 collected $15.35 from pot
*** SUMMARY ***
Total pot $16.16 | Rake $0.81 
Board [Th 7s Qc 9d Qs]
Seat 2: Iseedora
Seat 1: AIien Hand (button) mucked
Seat 3: treidei3 (small blind) folded before Flop
Seat 6: kel3vr4_23 (big blind) showed [Ah Td] and won ($15.35) with two pair, Queens and Tens



PokerStars Hand #254707310141:  Hold'em No Limit ($0.50/$1.00 USD) - 2025/02/04 19:51:04 WET [2025/02/04 14:51:04 ET]
Table 'Ida II' 6-max Seat #3 is the button
Seat 2: Iseedora ($103 in chips) is sitting out
Seat 1: AIien Hand ($201.87 in chips) 
Seat 3: treidei3 ($195.86 in chips) 
Seat 6: kel3vr4_23 ($32.02 in chips) 
kel3vr4_23: posts small blind $0.50
AIien Hand: posts big blind $1
*** HOLE CARDS ***
treidei3: folds 
kel3vr4_23: raises $1.50 to $2.50
AIien Hand: folds 
Uncalled bet ($1.50) returned to kel3vr4_23
kel3vr4_23 collected $2 from pot
kel3vr4_23: doesn't show hand 
*** SUMMARY ***
Total pot $2 | Rake $0 
Seat 2: Iseedora
Seat 1: AIien Hand (big blind) folded before Flop
Seat 3: treidei3 (button) folded before Flop (didn't bet)
Seat 6: kel3vr4_23 (small blind) collected ($2)



PokerStars Hand #254707313097:  Hold'em No Limit ($0.50/$1.00 USD) - 2025/02/04 19:51:14 WET [2025/02/04 14:51:14 ET]
Table 'Ida II' 6-max Seat #6 is the button
Seat 2: Iseedora ($103 in chips) is sitting out
Seat 1: AIien Hand ($200.87 in chips) 
Seat 3: treidei3 ($195.86 in chips) 
Seat 6: kel3vr4_23 ($33.02 in chips) 
AIien Hand: posts small blind $0.50
treidei3: posts big blind $1
*** HOLE CARDS ***
XneferX joins the table at seat #5 
kel3vr4_23: raises $1.50 to $2.50
AIien Hand: folds 
treidei3: calls $1.50
*** FLOP *** [Js 2s As]
treidei3: checks 
kel3vr4_23: checks 
*** TURN *** [Js 2s As] [Td]
treidei3: checks 
kel3vr4_23: bets $3
treidei3: folds 
Uncalled bet ($3) returned to kel3vr4_23
kel3vr4_23 collected $5.22 from pot
kel3vr4_23: doesn't show hand 
*** SUMMARY ***
Total pot $5.50 | Rake $0.28 
Board [Js 2s As Td]
Seat 2: Iseedora
Seat 1: AIien Hand (small blind) folded before Flop
Seat 3: treidei3 (big blind) folded on the Turn
Seat 6: kel3vr4_23 (button) collected ($5.22)



PokerStars Hand #254707320057:  Hold'em No Limit ($0.50/$1.00 USD) - 2025/02/04 19:51:37 WET [2025/02/04 14:51:37 ET]
Table 'Ida II' 6-max Seat #1 is the button
Seat 2: Iseedora ($103 in chips) is sitting out
Seat 1: AIien Hand ($200.37 in chips) 
Seat 3: treidei3 ($193.36 in chips) 
Seat 5: XneferX ($100 in chips) 
Seat 6: kel3vr4_23 ($35.74 in chips) 
treidei3: posts small blind $0.50
XneferX: posts big blind $1
*** HOLE CARDS ***
kel3vr4_23: folds 
AIien Hand: raises $1.50 to $2.50
treidei3: folds 
XneferX: calls $1.50
*** FLOP *** [5c 8d Td]
XneferX: checks 
AIien Hand: checks 
*** TURN *** [5c 8d Td] [Kc]
XneferX: bets $6.11
AIien Hand: calls $6.11
*** RIVER *** [5c 8d Td Kc] [6c]
XneferX: bets $19.69
Iseedora leaves the table
AIien Hand: folds 
Uncalled bet ($19.69) returned to XneferX
XneferX collected $16.83 from pot
xv61e1l joins the table at seat #4 
XneferX: doesn't show hand 
Pippa83 joins the table at seat #2 
*** SUMMARY ***
Total pot $17.72 | Rake $0.89 
Board [5c 8d Td Kc 6c]
Seat 2: Iseedora
Seat 1: AIien Hand (button) folded on the River
Seat 3: treidei3 (small blind) folded before Flop
Seat 5: XneferX (big blind) collected ($16.83)
Seat 6: kel3vr4_23 folded before Flop (didn't bet)



PokerStars Hand #254707344764:  Hold'em No Limit ($0.50/$1.00 USD) - 2025/02/04 19:53:01 WET [2025/02/04 14:53:01 ET]
Table 'Ida II' 6-max Seat #3 is the button
Seat 2: Pippa83 ($100 in chips) is sitting out
Seat 4: xv61e1l ($55.69 in chips) is sitting out
Seat 1: AIien Hand ($191.76 in chips) 
Seat 3: treidei3 ($192.86 in chips) 
Seat 5: XneferX ($108.22 in chips) 
Seat 6: kel3vr4_23 ($35.74 in chips) 
XneferX: posts small blind $0.50
kel3vr4_23: posts big blind $1
Pippa83: sits out 
*** HOLE CARDS ***
AIien Hand: folds 
treidei3: raises $1.20 to $2.20
XneferX: folds 
kel3vr4_23: calls $1.20
*** FLOP *** [7c 8d 6d]
xv61e1l leaves the table
kel3vr4_23: checks 
treidei3: bets $3.50
kel3vr4_23: raises $5.50 to $9
treidei3: raises $28.33 to $37.33
GmeApe joins the table at seat #4 
kel3vr4_23: folds 
Uncalled bet ($28.33) returned to treidei3
treidei3 collected $21.90 from pot
treidei3: doesn't show hand 
*** SUMMARY ***
Total pot $22.90 | Rake $1 
Board [7c 8d 6d]
Seat 2: Pippa83
Seat 4: xv61e1l
Seat 1: AIien Hand folded before Flop (didn't bet)
Seat 3: treidei3 (button) collected ($21.90)
Seat 5: XneferX (small blind) folded before Flop
Seat 6: kel3vr4_23 (big blind) folded on the Flop



PokerStars Hand #254707359975:  Hold'em No Limit ($0.50/$1.00 USD) - 2025/02/04 19:53:53 WET [2025/02/04 14:53:53 ET]
Table 'Ida II' 6-max Seat #5 is the button
Seat 2: Pippa83 ($100 in chips) is sitting out
Seat 1: AIien Hand ($191.76 in chips) 
Seat 3: treidei3 ($203.56 in chips) 
Seat 4: GmeApe ($100 in chips) 
Seat 5: XneferX ($107.72 in chips) 
Seat 6: kel3vr4_23 ($24.54 in chips) 
kel3vr4_23: posts small blind $0.50
AIien Hand: posts big blind $1
Pippa83: sits out 
GmeApe: posts big blind $1
*** HOLE CARDS ***
treidei3: folds 
GmeApe: checks 
XneferX: folds 
kel3vr4_23: folds 
AIien Hand: raises $2 to $3
GmeApe: folds 
Uncalled bet ($2) returned to AIien Hand
AIien Hand collected $2.50 from pot
AIien Hand: doesn't show hand 
*** SUMMARY ***
Total pot $2.50 | Rake $0 
Seat 2: Pippa83
Seat 1: AIien Hand (big blind) collected ($2.50)
Seat 3: treidei3 folded before Flop (didn't bet)
Seat 4: GmeApe folded before Flop (didn't bet)
Seat 5: XneferX (button) folded before Flop (didn't bet)
Seat 6: kel3vr4_23 (small blind) folded before Flop



PokerStars Hand #254707368304:  Hold'em No Limit ($0.50/$1.00 USD) - 2025/02/04 19:54:21 WET [2025/02/04 14:54:21 ET]
Table 'Ida II' 6-max Seat #6 is the button
Seat 1: AIien Hand ($193.26 in chips) 
Seat 2: Pippa83 ($100 in chips) 
Seat 3: treidei3 ($203.56 in chips) 
Seat 4: GmeApe ($99 in chips) 
Seat 5: XneferX ($107.72 in chips) 
Seat 6: kel3vr4_23 ($24.04 in chips) 
AIien Hand: posts small blind $0.50
Pippa83: posts big blind $1
*** HOLE CARDS ***
treidei3: folds 
GmeApe: folds 
XneferX: folds 
kel3vr4_23: folds 
AIien Hand: raises $2 to $3
Pippa83: folds 
Uncalled bet ($2) returned to AIien Hand
AIien Hand collected $2 from pot
AIien Hand: doesn't show hand 
*** SUMMARY ***
Total pot $2 | Rake $0 
Seat 1: AIien Hand (small blind) collected ($2)
Seat 2: Pippa83 (big blind) folded before Flop
Seat 3: treidei3 folded before Flop (didn't bet)
Seat 4: GmeApe folded before Flop (didn't bet)
Seat 5: XneferX folded before Flop (didn't bet)
Seat 6: kel3vr4_23 (button) folded before Flop (didn't bet)



PokerStars Hand #254707372582:  Hold'em No Limit ($0.50/$1.00 USD) - 2025/02/04 19:54:36 WET [2025/02/04 14:54:36 ET]
Table 'Ida II' 6-max Seat #1 is the button
Seat 1: AIien Hand ($194.26 in chips) 
Seat 2: Pippa83 ($100 in chips) 
Seat 3: treidei3 ($203.56 in chips) 
Seat 4: GmeApe ($99 in chips) 
Seat 5: XneferX ($107.72 in chips) 
Seat 6: kel3vr4_23 ($24.04 in chips) 
Pippa83: posts small blind $0.50
treidei3: posts big blind $1
*** HOLE CARDS ***
GmeApe: raises $2 to $3
XneferX: folds 
kel3vr4_23: calls $3
AIien Hand: folds 
Pippa83: raises $13 to $16
treidei3: folds 
GmeApe: folds 
kel3vr4_23: folds 
Uncalled bet ($13) returned to Pippa83
Pippa83 collected $10 from pot
Pippa83: doesn't show hand 
*** SUMMARY ***
Total pot $10 | Rake $0 
Seat 1: AIien Hand (button) folded before Flop (didn't bet)
Seat 2: Pippa83 (small blind) collected ($10)
Seat 3: treidei3 (big blind) folded before Flop
Seat 4: GmeApe folded before Flop
Seat 5: XneferX folded before Flop (didn't bet)
Seat 6: kel3vr4_23 folded before Flop



PokerStars Hand #254707383798:  Hold'em No Limit ($0.50/$1.00 USD) - 2025/02/04 19:55:16 WET [2025/02/04 14:55:16 ET]
Table 'Ida II' 6-max Seat #2 is the button
Seat 1: AIien Hand ($194.26 in chips) 
Seat 2: Pippa83 ($107 in chips) 
Seat 3: treidei3 ($202.56 in chips) 
Seat 4: GmeApe ($96 in chips) 
Seat 5: XneferX ($107.72 in chips) 
Seat 6: kel3vr4_23 ($21.04 in chips) 
treidei3: posts small blind $0.50
GmeApe: posts big blind $1
*** HOLE CARDS ***
XneferX: folds 
kel3vr4_23: folds 
AIien Hand: raises $1.20 to $2.20
Pippa83: folds 
treidei3: folds 
GmeApe: calls $1.20
*** FLOP *** [Jc Th 8c]
GmeApe: checks 
XneferX leaves the table
AIien Hand: bets $3.36
GmeApe: calls $3.36
*** TURN *** [Jc Th 8c] [6s]
GmeApe: checks 
henri789 joins the table at seat #5 
AIien Hand: checks 
*** RIVER *** [Jc Th 8c 6s] [7s]
GmeApe: bets $7
AIien Hand: raises $7 to $14
GmeApe: calls $7
*** SHOW DOWN ***
AIien Hand: shows [Kh 9h] (a straight, Seven to Jack)
GmeApe: shows [Ac 9s] (a straight, Seven to Jack)
GmeApe collected $18.82 from pot
AIien Hand collected $18.82 from pot
*** SUMMARY ***
Total pot $39.62 | Rake $1.98 
Board [Jc Th 8c 6s 7s]
Seat 1: AIien Hand showed [Kh 9h] and won ($18.82) with a straight, Seven to Jack
Seat 2: Pippa83 (button) folded before Flop (didn't bet)
Seat 3: treidei3 (small blind) folded before Flop
Seat 4: GmeApe (big blind) showed [Ac 9s] and won ($18.82) with a straight, Seven to Jack
Seat 5: XneferX folded before Flop (didn't bet)
Seat 6: kel3vr4_23 folded before Flop (didn't bet)



PokerStars Hand #254707401077:  Hold'em No Limit ($0.50/$1.00 USD) - 2025/02/04 19:56:39 WET [2025/02/04 14:56:39 ET]
Table 'Ida II' 6-max Seat #3 is the button
Seat 1: AIien Hand ($193.52 in chips) 
Seat 2: Pippa83 ($107 in chips) 
Seat 3: treidei3 ($202.06 in chips) 
Seat 4: GmeApe ($95.26 in chips) 
Seat 5: henri789 ($100 in chips) 
Seat 6: kel3vr4_23 ($21.04 in chips) 
GmeApe: posts small blind $0.50
henri789: posts big blind $1
*** HOLE CARDS ***
kel3vr4_23: folds 
AIien Hand: folds 
Pippa83: raises $1.50 to $2.50
treidei3: folds 
GmeApe: calls $2
henri789: raises $11.50 to $14
Pippa83: folds 
GmeApe: folds 
Uncalled bet ($11.50) returned to henri789
henri789 collected $7.50 from pot
henri789: doesn't show hand 
*** SUMMARY ***
Total pot $7.50 | Rake $0 
Seat 1: AIien Hand folded before Flop (didn't bet)
Seat 2: Pippa83 folded before Flop
Seat 3: treidei3 (button) folded before Flop (didn't bet)
Seat 4: GmeApe (small blind) folded before Flop
Seat 5: henri789 (big blind) collected ($7.50)
Seat 6: kel3vr4_23 folded before Flop (didn't bet)



PokerStars Hand #254707408539:  Hold'em No Limit ($0.50/$1.00 USD) - 2025/02/04 19:57:14 WET [2025/02/04 14:57:14 ET]
Table 'Ida II' 6-max Seat #4 is the button
Seat 1: AIien Hand ($193.52 in chips) 
Seat 2: Pippa83 ($104.50 in chips) 
Seat 3: treidei3 ($202.06 in chips) 
Seat 4: GmeApe ($92.76 in chips) 
Seat 5: henri789 ($105 in chips) 
Seat 6: kel3vr4_23 ($21.04 in chips) 
henri789: posts small blind $0.50
kel3vr4_23: posts big blind $1
*** HOLE CARDS ***
AIien Hand: folds 
Pippa83: folds 
treidei3: folds 
GmeApe: folds 
henri789: raises $2 to $3
kel3vr4_23: folds 
Uncalled bet ($2) returned to henri789
henri789 collected $2 from pot
henri789: doesn't show hand 
*** SUMMARY ***
Total pot $2 | Rake $0 
Seat 1: AIien Hand folded before Flop (didn't bet)
Seat 2: Pippa83 folded before Flop (didn't bet)
Seat 3: treidei3 folded before Flop (didn't bet)
Seat 4: GmeApe (button) folded before Flop (didn't bet)
Seat 5: henri789 (small blind) collected ($2)
Seat 6: kel3vr4_23 (big blind) folded before Flop



PokerStars Hand #254707410979:  Hold'em No Limit ($0.50/$1.00 USD) - 2025/02/04 19:57:26 WET [2025/02/04 14:57:26 ET]
Table 'Ida II' 6-max Seat #5 is the button
Seat 1: AIien Hand ($193.52 in chips) 
Seat 2: Pippa83 ($104.50 in chips) 
Seat 3: treidei3 ($202.06 in chips) 
Seat 4: GmeApe ($92.76 in chips) 
Seat 5: henri789 ($106 in chips) 
Seat 6: kel3vr4_23 ($20.04 in chips) 
kel3vr4_23: posts small blind $0.50
AIien Hand: posts big blind $1
*** HOLE CARDS ***
Pippa83: folds 
treidei3: folds 
GmeApe: folds 
henri789: raises $1.25 to $2.25
kel3vr4_23: folds 
AIien Hand: folds 
Uncalled bet ($1.25) returned to henri789
henri789 collected $2.50 from pot
henri789: doesn't show hand 
*** SUMMARY ***
Total pot $2.50 | Rake $0 
Seat 1: AIien Hand (big blind) folded before Flop
Seat 2: Pippa83 folded before Flop (didn't bet)
Seat 3: treidei3 folded before Flop (didn't bet)
Seat 4: GmeApe folded before Flop (didn't bet)
Seat 5: henri789 (button) collected ($2.50)
Seat 6: kel3vr4_23 (small blind) folded before Flop



PokerStars Hand #254707413697:  Hold'em No Limit ($0.50/$1.00 USD) - 2025/02/04 19:57:39 WET [2025/02/04 14:57:39 ET]
Table 'Ida II' 6-max Seat #6 is the button
Seat 1: AIien Hand ($192.52 in chips) 
Seat 2: Pippa83 ($104.50 in chips) 
Seat 3: treidei3 ($202.06 in chips) 
Seat 4: GmeApe ($92.76 in chips) 
Seat 5: henri789 ($107.50 in chips) 
Seat 6: kel3vr4_23 ($19.54 in chips) 
AIien Hand: posts small blind $0.50
Pippa83: posts big blind $1
*** HOLE CARDS ***
treidei3: raises $1.20 to $2.20
GmeApe: folds 
henri789: folds 
kel3vr4_23: folds 
AIien Hand: folds 
Pippa83: folds 
Uncalled bet ($1.20) returned to treidei3
treidei3 collected $2.50 from pot
treidei3: doesn't show hand 
*** SUMMARY ***
Total pot $2.50 | Rake $0 
Seat 1: AIien Hand (small blind) folded before Flop
Seat 2: Pippa83 (big blind) folded before Flop
Seat 3: treidei3 collected ($2.50)
Seat 4: GmeApe folded before Flop (didn't bet)
Seat 5: henri789 folded before Flop (didn't bet)
Seat 6: kel3vr4_23 (button) folded before Flop (didn't bet)



PokerStars Hand #254707417462:  Hold'em No Limit ($0.50/$1.00 USD) - 2025/02/04 19:57:56 WET [2025/02/04 14:57:56 ET]
Table 'Ida II' 6-max Seat #1 is the button
Seat 1: AIien Hand ($192.02 in chips) 
Seat 2: Pippa83 ($103.50 in chips) 
Seat 3: treidei3 ($203.56 in chips) 
Seat 4: GmeApe ($92.76 in chips) 
Seat 5: henri789 ($107.50 in chips) 
Seat 6: kel3vr4_23 ($19.54 in chips) 
Pippa83: posts small blind $0.50
treidei3: posts big blind $1
*** HOLE CARDS ***
GmeApe: folds 
henri789: raises $1.25 to $2.25
kel3vr4_23: calls $2.25
AIien Hand: folds 
Pippa83: folds 
treidei3: calls $1.25
*** FLOP *** [9h 8d 7h]
treidei3: checks 
henri789: checks 
kel3vr4_23: checks 
*** TURN *** [9h 8d 7h] [9s]
treidei3: bets $2.27
henri789: folds 
kel3vr4_23: folds 
Uncalled bet ($2.27) returned to treidei3
treidei3 collected $6.89 from pot
treidei3: doesn't show hand 
*** SUMMARY ***
Total pot $7.25 | Rake $0.36 
Board [9h 8d 7h 9s]
Seat 1: AIien Hand (button) folded before Flop (didn't bet)
Seat 2: Pippa83 (small blind) folded before Flop
Seat 3: treidei3 (big blind) collected ($6.89)
Seat 4: GmeApe folded before Flop (didn't bet)
Seat 5: henri789 folded on the Turn
Seat 6: kel3vr4_23 folded on the Turn



PokerStars Hand #254707427932:  Hold'em No Limit ($0.50/$1.00 USD) - 2025/02/04 19:58:46 WET [2025/02/04 14:58:46 ET]
Table 'Ida II' 6-max Seat #2 is the button
Seat 1: AIien Hand ($192.02 in chips) 
Seat 2: Pippa83 ($103 in chips) 
Seat 3: treidei3 ($208.20 in chips) 
Seat 4: GmeApe ($92.76 in chips) 
Seat 5: henri789 ($105.25 in chips) 
Seat 6: kel3vr4_23 ($17.29 in chips) 
treidei3: posts small blind $0.50
GmeApe: posts big blind $1
*** HOLE CARDS ***
henri789: folds 
kel3vr4_23: raises $1.50 to $2.50
AIien Hand: folds 
Pippa83: folds 
treidei3: folds 
GmeApe has timed out
GmeApe: folds 
Uncalled bet ($1.50) returned to kel3vr4_23
kel3vr4_23 collected $2.50 from pot
kel3vr4_23: doesn't show hand 
*** SUMMARY ***
Total pot $2.50 | Rake $0 
Seat 1: AIien Hand folded before Flop (didn't bet)
Seat 2: Pippa83 (button) folded before Flop (didn't bet)
Seat 3: treidei3 (small blind) folded before Flop
Seat 4: GmeApe (big blind) folded before Flop
Seat 5: henri789 folded before Flop (didn't bet)
Seat 6: kel3vr4_23 collected ($2.50)



PokerStars Hand #254707436036:  Hold'em No Limit ($0.50/$1.00 USD) - 2025/02/04 19:59:30 WET [2025/02/04 14:59:30 ET]
Table 'Ida II' 6-max Seat #3 is the button
Seat 4: GmeApe ($91.76 in chips) is sitting out
Seat 1: AIien Hand ($192.02 in chips) 
Seat 2: Pippa83 ($103 in chips) 
Seat 3: treidei3 ($207.70 in chips) 
Seat 5: henri789 ($105.25 in chips) 
Seat 6: kel3vr4_23 ($18.79 in chips) 
henri789: posts small blind $0.50
kel3vr4_23: posts big blind $1
*** HOLE CARDS ***
AIien Hand: folds 
Pippa83: folds 
treidei3: raises $1.20 to $2.20
henri789: folds 
kel3vr4_23: calls $1.20
*** FLOP *** [6d 3d Td]
kel3vr4_23: checks 
treidei3: bets $1.54
kel3vr4_23: calls $1.54
*** TURN *** [6d 3d Td] [Ah]
GmeApe leaves the table
kel3vr4_23: checks 
treidei3: bets $2.50
kel3vr4_23: calls $2.50
*** RIVER *** [6d 3d Td Ah] [Ts]
ruSSotron joins the table at seat #4 
kel3vr4_23: checks 
treidei3: bets $4.07
kel3vr4_23: calls $4.07
*** SHOW DOWN ***
treidei3: shows [8h 9h] (a pair of Tens)
kel3vr4_23: shows [7h 7c] (two pair, Tens and Sevens)
kel3vr4_23 collected $20.06 from pot
*** SUMMARY ***
Total pot $21.12 | Rake $1.06 
Board [6d 3d Td Ah Ts]
Seat 4: GmeApe
Seat 1: AIien Hand folded before Flop (didn't bet)
Seat 2: Pippa83 folded before Flop (didn't bet)
Seat 3: treidei3 (button) showed [8h 9h] and lost with a pair of Tens
Seat 5: henri789 (small blind) folded before Flop
Seat 6: kel3vr4_23 (big blind) showed [7h 7c] and won ($20.06) with two pair, Tens and Sevens



PokerStars Hand #254707445831:  Hold'em No Limit ($0.50/$1.00 USD) - 2025/02/04 20:00:11 WET [2025/02/04 15:00:11 ET]
Table 'Ida II' 6-max Seat #5 is the button
Seat 4: ruSSotron ($100 in chips) is sitting out
Seat 1: AIien Hand ($192.02 in chips) 
Seat 2: Pippa83 ($103 in chips) 
Seat 3: treidei3 ($197.39 in chips) 
Seat 5: henri789 ($104.75 in chips) 
Seat 6: kel3vr4_23 ($28.54 in chips) 
kel3vr4_23: posts small blind $0.50
AIien Hand: posts big blind $1
ruSSotron: sits out 
*** HOLE CARDS ***
Pippa83: folds 
treidei3: folds 
henri789: folds 
kel3vr4_23: raises $2 to $3
AIien Hand: folds 
Uncalled bet ($2) returned to kel3vr4_23
kel3vr4_23 collected $2 from pot
kel3vr4_23: doesn't show hand 
*** SUMMARY ***
Total pot $2 | Rake $0 
Seat 4: ruSSotron
Seat 1: AIien Hand (big blind) folded before Flop
Seat 2: Pippa83 folded before Flop (didn't bet)
Seat 3: treidei3 folded before Flop (didn't bet)
Seat 5: henri789 (button) folded before Flop (didn't bet)
Seat 6: kel3vr4_23 (small blind) collected ($2)



PokerStars Hand #254707448510:  Hold'em No Limit ($0.50/$1.00 USD) - 2025/02/04 20:00:22 WET [2025/02/04 15:00:22 ET]
Table 'Ida II' 6-max Seat #6 is the button
Seat 4: ruSSotron ($100 in chips) is sitting out
Seat 1: AIien Hand ($191.02 in chips) 
Seat 2: Pippa83 ($103 in chips) 
Seat 3: treidei3 ($197.39 in chips) 
Seat 5: henri789 ($104.75 in chips) 
Seat 6: kel3vr4_23 ($29.54 in chips) 
AIien Hand: posts small blind $0.50
Pippa83: posts big blind $1
ruSSotron: sits out 
*** HOLE CARDS ***
treidei3: folds 
henri789: folds 
kel3vr4_23: raises $1.50 to $2.50
AIien Hand: folds 
Pippa83: folds 
Uncalled bet ($1.50) returned to kel3vr4_23
kel3vr4_23 collected $2.50 from pot
kel3vr4_23: doesn't show hand 
*** SUMMARY ***
Total pot $2.50 | Rake $0 
Seat 4: ruSSotron
Seat 1: AIien Hand (small blind) folded before Flop
Seat 2: Pippa83 (big blind) folded before Flop
Seat 3: treidei3 folded before Flop (didn't bet)
Seat 5: henri789 folded before Flop (didn't bet)
Seat 6: kel3vr4_23 (button) collected ($2.50)



PokerStars Hand #254707452023:  Hold'em No Limit ($0.50/$1.00 USD) - 2025/02/04 20:00:38 WET [2025/02/04 15:00:38 ET]
Table 'Ida II' 6-max Seat #1 is the button
Seat 4: ruSSotron ($100 in chips) is sitting out
Seat 1: AIien Hand ($190.52 in chips) 
Seat 2: Pippa83 ($102 in chips) 
Seat 3: treidei3 ($197.39 in chips) 
Seat 5: henri789 ($104.75 in chips) 
Seat 6: kel3vr4_23 ($31.04 in chips) 
Pippa83: posts small blind $0.50
treidei3: posts big blind $1
ruSSotron: sits out 
*** HOLE CARDS ***
henri789: raises $1.25 to $2.25
kel3vr4_23: folds 
AIien Hand: raises $5.25 to $7.50
Pippa83: folds 
treidei3: folds 
henri789: calls $5.25
*** FLOP *** [Ks 4h 6h]
henri789: checks 
AIien Hand: bets $4.71
henri789: calls $4.71
*** TURN *** [Ks 4h 6h] [Ac]
henri789: checks 
AIien Hand: bets $13.53
henri789: folds 
Uncalled bet ($13.53) returned to AIien Hand
AIien Hand collected $24.62 from pot
AIien Hand: doesn't show hand 
*** SUMMARY ***
Total pot $25.92 | Rake $1.30 
Board [Ks 4h 6h Ac]
Seat 4: ruSSotron
Seat 1: AIien Hand (button) collected ($24.62)
Seat 2: Pippa83 (small blind) folded before Flop
Seat 3: treidei3 (big blind) folded before Flop
Seat 5: henri789 folded on the Turn
Seat 6: kel3vr4_23 folded before Flop (didn't bet)



PokerStars Hand #254707477840:  Hold'em No Limit ($0.50/$1.00 USD) - 2025/02/04 20:02:15 WET [2025/02/04 15:02:15 ET]
Table 'Ida II' 6-max Seat #2 is the button
Seat 1: AIien Hand ($202.93 in chips) 
Seat 2: Pippa83 ($101.50 in chips) 
Seat 3: treidei3 ($196.39 in chips) 
Seat 4: ruSSotron ($100 in chips) 
Seat 5: henri789 ($100 in chips) 
Seat 6: kel3vr4_23 ($31.04 in chips) 
treidei3: posts small blind $0.50
ruSSotron: posts big blind $1
*** HOLE CARDS ***
henri789: raises $1.25 to $2.25
kel3vr4_23: calls $2.25
AIien Hand: folds 
Pippa83: folds 
treidei3: folds 
ruSSotron: calls $1.25
*** FLOP *** [8c 7h 6h]
ruSSotron: checks 
henri789: checks 
kel3vr4_23: checks 
*** TURN *** [8c 7h 6h] [9d]
ruSSotron: bets $2.27
henri789: calls $2.27
kel3vr4_23: folds 
*** RIVER *** [8c 7h 6h 9d] [7c]
ruSSotron: bets $4
henri789: folds 
Uncalled bet ($4) returned to ruSSotron
ruSSotron collected $11.20 from pot
*** SUMMARY ***
Total pot $11.79 | Rake $0.59 
Board [8c 7h 6h 9d 7c]
Seat 1: AIien Hand folded before Flop (didn't bet)
Seat 2: Pippa83 (button) folded before Flop (didn't bet)
Seat 3: treidei3 (small blind) folded before Flop
Seat 4: ruSSotron (big blind) collected ($11.20)
Seat 5: henri789 folded on the River
Seat 6: kel3vr4_23 folded on the Turn



PokerStars Hand #254707500096:  Hold'em No Limit ($0.50/$1.00 USD) - 2025/02/04 20:03:32 WET [2025/02/04 15:03:32 ET]
Table 'Ida II' 6-max Seat #3 is the button
Seat 1: AIien Hand ($202.93 in chips) 
Seat 2: Pippa83 ($101.50 in chips) 
Seat 3: treidei3 ($195.89 in chips) 
Seat 4: ruSSotron ($106.68 in chips) 
Seat 5: henri789 ($100 in chips) 
Seat 6: kel3vr4_23 ($28.79 in chips) 
ruSSotron: posts small blind $0.50
henri789: posts big blind $1
*** HOLE CARDS ***
kel3vr4_23: folds 
AIien Hand: raises $1.20 to $2.20
Pippa83: folds 
treidei3: folds 
ruSSotron: folds 
henri789: calls $1.20
*** FLOP *** [2d 4s 7c]
henri789: checks 
AIien Hand: bets $3.36
henri789: calls $3.36
*** TURN *** [2d 4s 7c] [Jd]
henri789: checks 
AIien Hand: bets $7.92
henri789: folds 
Uncalled bet ($7.92) returned to AIien Hand
henri789 leaves the table
AIien Hand collected $11.04 from pot
AIien Hand: doesn't show hand 
*** SUMMARY ***
Total pot $11.62 | Rake $0.58 
Board [2d 4s 7c Jd]
Seat 1: AIien Hand collected ($11.04)
Seat 2: Pippa83 folded before Flop (didn't bet)
Seat 3: treidei3 (button) folded before Flop (didn't bet)
Seat 4: ruSSotron (small blind) folded before Flop
Seat 5: henri789 (big blind) folded on the Turn
Seat 6: kel3vr4_23 folded before Flop (didn't bet)



PokerStars Hand #254707526426:  Hold'em No Limit ($0.50/$1.00 USD) - 2025/02/04 20:04:59 WET [2025/02/04 15:04:59 ET]
Table 'Ida II' 6-max Seat #4 is the button
Seat 1: AIien Hand ($208.41 in chips) 
Seat 2: Pippa83 ($101.50 in chips) 
Seat 3: treidei3 ($195.89 in chips) 
Seat 4: ruSSotron ($106.18 in chips) 
Seat 6: kel3vr4_23 ($28.79 in chips) 
kel3vr4_23: posts small blind $0.50
AIien Hand: posts big blind $1
*** HOLE CARDS ***
Pippa83: folds 
treidei3: folds 
ruSSotron: folds 
kel3vr4_23: folds 
Uncalled bet ($0.50) returned to AIien Hand
AIien Hand collected $1 from pot
AIien Hand: doesn't show hand 
*** SUMMARY ***
Total pot $1 | Rake $0 
Seat 1: AIien Hand (big blind) collected ($1)
Seat 2: Pippa83 folded before Flop (didn't bet)
Seat 3: treidei3 folded before Flop (didn't bet)
Seat 4: ruSSotron (button) folded before Flop (didn't bet)
Seat 6: kel3vr4_23 (small blind) folded before Flop



PokerStars Hand #254707529401:  Hold'em No Limit ($0.50/$1.00 USD) - 2025/02/04 20:05:09 WET [2025/02/04 15:05:09 ET]
Table 'Ida II' 6-max Seat #6 is the button
Seat 1: AIien Hand ($208.91 in chips) 
Seat 2: Pippa83 ($101.50 in chips) 
Seat 3: treidei3 ($195.89 in chips) 
Seat 4: ruSSotron ($106.18 in chips) 
Seat 6: kel3vr4_23 ($28.29 in chips) 
AIien Hand: posts small blind $0.50
Pippa83: posts big blind $1
*** HOLE CARDS ***
treidei3: folds 
ruSSotron: folds 
kel3vr4_23: folds 
AIien Hand: raises $2 to $3
Pippa83: folds 
Uncalled bet ($2) returned to AIien Hand
AIien Hand collected $2 from pot
AIien Hand: doesn't show hand 
*** SUMMARY ***
Total pot $2 | Rake $0 
Seat 1: AIien Hand (small blind) collected ($2)
Seat 2: Pippa83 (big blind) folded before Flop
Seat 3: treidei3 folded before Flop (didn't bet)
Seat 4: ruSSotron folded before Flop (didn't bet)
Seat 6: kel3vr4_23 (button) folded before Flop (didn't bet)



PokerStars Hand #254707534613:  Hold'em No Limit ($0.50/$1.00 USD) - 2025/02/04 20:05:26 WET [2025/02/04 15:05:26 ET]
Table 'Ida II' 6-max Seat #1 is the button
Seat 3: treidei3 ($195.89 in chips) is sitting out
Seat 1: AIien Hand ($209.91 in chips) 
Seat 2: Pippa83 ($100.50 in chips) 
Seat 4: ruSSotron ($106.18 in chips) 
Seat 6: kel3vr4_23 ($28.29 in chips) 
Pippa83: posts small blind $0.50
treidei3: is sitting out 
ruSSotron: posts big blind $1
*** HOLE CARDS ***
kel3vr4_23: folds 
AIien Hand: folds 
Pippa83: folds 
Uncalled bet ($0.50) returned to ruSSotron
ruSSotron collected $1 from pot
treidei3 leaves the table
*** SUMMARY ***
Total pot $1 | Rake $0 
Seat 3: treidei3
Seat 1: AIien Hand (button) folded before Flop (didn't bet)
Seat 2: Pippa83 (small blind) folded before Flop
Seat 4: ruSSotron (big blind) collected ($1)
Seat 6: kel3vr4_23 folded before Flop (didn't bet)



PokerStars Hand #254707537281:  Hold'em No Limit ($0.50/$1.00 USD) - 2025/02/04 20:05:35 WET [2025/02/04 15:05:35 ET]
Table 'Ida II' 6-max Seat #2 is the button
Seat 1: AIien Hand ($209.91 in chips) 
Seat 2: Pippa83 ($100 in chips) 
Seat 4: ruSSotron ($106.68 in chips) 
Seat 6: kel3vr4_23 ($28.29 in chips) 
ruSSotron: posts small blind $0.50
kel3vr4_23: posts big blind $1
*** HOLE CARDS ***
AIien Hand: raises $1.20 to $2.20
Pippa83: folds 
ruSSotron: folds 
kel3vr4_23: folds 
Uncalled bet ($1.20) returned to AIien Hand
AIien Hand collected $2.50 from pot
AIien Hand: doesn't show hand 
*** SUMMARY ***
Total pot $2.50 | Rake $0 
Seat 1: AIien Hand collected ($2.50)
Seat 2: Pippa83 (button) folded before Flop (didn't bet)
Seat 4: ruSSotron (small blind) folded before Flop
Seat 6: kel3vr4_23 (big blind) folded before Flop



PokerStars Hand #254707541054:  Hold'em No Limit ($0.50/$1.00 USD) - 2025/02/04 20:05:47 WET [2025/02/04 15:05:47 ET]
Table 'Ida II' 6-max Seat #4 is the button
Seat 1: AIien Hand ($211.41 in chips) 
Seat 2: Pippa83 ($100 in chips) 
Seat 4: ruSSotron ($106.18 in chips) 
Seat 6: kel3vr4_23 ($27.29 in chips) 
kel3vr4_23: posts small blind $0.50
AIien Hand: posts big blind $1
*** HOLE CARDS ***
Pippa83: folds 
ruSSotron: raises $1.50 to $2.50
Pippa83 leaves the table
kel3vr4_23: folds 
AIien Hand: calls $1.50
*** FLOP *** [Jd 6d 5d]
AIien Hand: checks 
ruSSotron: checks 
*** TURN *** [Jd 6d 5d] [8d]
AIien Hand: checks 
ruSSotron: bets $1.72
AIien Hand: calls $1.72
*** RIVER *** [Jd 6d 5d 8d] [Js]
AIien Hand: checks 
ruSSotron: checks 
*** SHOW DOWN ***
AIien Hand: shows [Td 9c] (a flush, Jack high)
ruSSotron: mucks hand 
AIien Hand collected $8.49 from pot
*** SUMMARY ***
Total pot $8.94 | Rake $0.45 
Board [Jd 6d 5d 8d Js]
Seat 1: AIien Hand (big blind) showed [Td 9c] and won ($8.49) with a flush, Jack high
Seat 2: Pippa83 folded before Flop (didn't bet)
Seat 4: ruSSotron (button) mucked
Seat 6: kel3vr4_23 (small blind) folded before Flop



PokerStars Hand #254707557463:  Hold'em No Limit ($0.50/$1.00 USD) - 2025/02/04 20:06:40 WET [2025/02/04 15:06:40 ET]
Table 'Ida II' 6-max Seat #6 is the button
Seat 1: AIien Hand ($215.68 in chips) 
Seat 4: ruSSotron ($101.96 in chips) 
Seat 6: kel3vr4_23 ($26.79 in chips) 
AIien Hand: posts small blind $0.50
ruSSotron: posts big blind $1
*** HOLE CARDS ***
kel3vr4_23: raises $1.50 to $2.50
AIien Hand: folds 
ruSSotron: folds 
Uncalled bet ($1.50) returned to kel3vr4_23
kel3vr4_23 collected $2.50 from pot
kel3vr4_23: doesn't show hand 
*** SUMMARY ***
Total pot $2.50 | Rake $0 
Seat 1: AIien Hand (small blind) folded before Flop
Seat 4: ruSSotron (big blind) folded before Flop
Seat 6: kel3vr4_23 (button) collected ($2.50)



PokerStars Hand #254707561657:  Hold'em No Limit ($0.50/$1.00 USD) - 2025/02/04 20:06:54 WET [2025/02/04 15:06:54 ET]
Table 'Ida II' 6-max Seat #1 is the button
Seat 1: AIien Hand ($215.18 in chips) 
Seat 4: ruSSotron ($100.96 in chips) 
Seat 6: kel3vr4_23 ($28.29 in chips) 
ruSSotron: posts small blind $0.50
kel3vr4_23: posts big blind $1
*** HOLE CARDS ***
AIien Hand: folds 
michasia joins the table at seat #3 
ruSSotron: folds 
Uncalled bet ($0.50) returned to kel3vr4_23
kel3vr4_23 collected $1 from pot
kel3vr4_23: doesn't show hand 
*** SUMMARY ***
Total pot $1 | Rake $0 
Seat 1: AIien Hand (button) folded before Flop (didn't bet)
Seat 4: ruSSotron (small blind) folded before Flop
Seat 6: kel3vr4_23 (big blind) collected ($1)



PokerStars Hand #254707564703:  Hold'em No Limit ($0.50/$1.00 USD) - 2025/02/04 20:07:03 WET [2025/02/04 15:07:03 ET]
Table 'Ida II' 6-max Seat #4 is the button
Seat 3: michasia ($108.15 in chips) is sitting out
Seat 1: AIien Hand ($215.18 in chips) 
Seat 4: ruSSotron ($100.46 in chips) 
Seat 6: kel3vr4_23 ($28.79 in chips) 
kel3vr4_23: posts small blind $0.50
AIien Hand: posts big blind $1
michasia: sits out 
*** HOLE CARDS ***
ruSSotron: raises $1.50 to $2.50
kel3vr4_23: calls $2
AIien Hand: folds 
*** FLOP *** [Jh 9s 6d]
kel3vr4_23: checks 
ruSSotron: bets $1.88
kel3vr4_23: calls $1.88
*** TURN *** [Jh 9s 6d] [2s]
kel3vr4_23: checks 
ruSSotron: checks 
*** RIVER *** [Jh 9s 6d 2s] [2h]
kel3vr4_23: bets $4.64
ruSSotron: calls $4.64
*** SHOW DOWN ***
kel3vr4_23: shows [Td Kd] (a pair of Deuces)
ruSSotron: shows [Kh 9c] (two pair, Nines and Deuces)
ruSSotron collected $18.09 from pot
*** SUMMARY ***
Total pot $19.04 | Rake $0.95 
Board [Jh 9s 6d 2s 2h]
Seat 3: michasia
Seat 1: AIien Hand (big blind) folded before Flop
Seat 4: ruSSotron (button) showed [Kh 9c] and won ($18.09) with two pair, Nines and Deuces
Seat 6: kel3vr4_23 (small blind) showed [Td Kd] and lost with a pair of Deuces



PokerStars Hand #254707575473:  Hold'em No Limit ($0.50/$1.00 USD) - 2025/02/04 20:07:38 WET [2025/02/04 15:07:38 ET]
Table 'Ida II' 6-max Seat #6 is the button
Seat 1: AIien Hand ($214.18 in chips) 
Seat 3: michasia ($108.15 in chips) 
Seat 4: ruSSotron ($109.53 in chips) 
Seat 6: kel3vr4_23 ($19.77 in chips) 
AIien Hand: posts small blind $0.50
michasia: posts big blind $1
*** HOLE CARDS ***
ruSSotron: folds 
kel3vr4_23: folds 
AIien Hand: folds 
Uncalled bet ($0.50) returned to michasia
michasia collected $1 from pot
michasia: doesn't show hand 
Unipoker11 joins the table at seat #2 
*** SUMMARY ***
Total pot $1 | Rake $0 
Seat 1: AIien Hand (small blind) folded before Flop
Seat 3: michasia (big blind) collected ($1)
Seat 4: ruSSotron folded before Flop (didn't bet)
Seat 6: kel3vr4_23 (button) folded before Flop (didn't bet)



PokerStars Hand #254707577829:  Hold'em No Limit ($0.50/$1.00 USD) - 2025/02/04 20:07:45 WET [2025/02/04 15:07:45 ET]
Table 'Ida II' 6-max Seat #1 is the button
Seat 2: Unipoker11 ($100 in chips) is sitting out
Seat 1: AIien Hand ($213.68 in chips) 
Seat 3: michasia ($108.65 in chips) 
Seat 4: ruSSotron ($109.53 in chips) 
Seat 6: kel3vr4_23 ($19.77 in chips) 
michasia: posts small blind $0.50
ruSSotron: posts big blind $1
*** HOLE CARDS ***
kel3vr4_23: raises $1.50 to $2.50
AIien Hand: folds 
michasia: folds 
ruSSotron: folds 
Uncalled bet ($1.50) returned to kel3vr4_23
kel3vr4_23 collected $2.50 from pot
kel3vr4_23: doesn't show hand 
*** SUMMARY ***
Total pot $2.50 | Rake $0 
Seat 2: Unipoker11
Seat 1: AIien Hand (button) folded before Flop (didn't bet)
Seat 3: michasia (small blind) folded before Flop
Seat 4: ruSSotron (big blind) folded before Flop
Seat 6: kel3vr4_23 collected ($2.50)



PokerStars Hand #254707580623:  Hold'em No Limit ($0.50/$1.00 USD) - 2025/02/04 20:07:54 WET [2025/02/04 15:07:54 ET]
Table 'Ida II' 6-max Seat #3 is the button
Seat 2: Unipoker11 ($100 in chips) is sitting out
Seat 1: AIien Hand ($213.68 in chips) 
Seat 3: michasia ($108.15 in chips) 
Seat 4: ruSSotron ($108.53 in chips) 
Seat 6: kel3vr4_23 ($21.27 in chips) 
ruSSotron: posts small blind $0.50
kel3vr4_23: posts big blind $1
Unipoker11: sits out 
*** HOLE CARDS ***
AIien Hand: raises $1.20 to $2.20
michasia: folds 
ruSSotron: folds 
kel3vr4_23: folds 
Uncalled bet ($1.20) returned to AIien Hand
AIien Hand collected $2.50 from pot
AIien Hand: doesn't show hand 
*** SUMMARY ***
Total pot $2.50 | Rake $0 
Seat 2: Unipoker11
Seat 1: AIien Hand collected ($2.50)
Seat 3: michasia (button) folded before Flop (didn't bet)
Seat 4: ruSSotron (small blind) folded before Flop
Seat 6: kel3vr4_23 (big blind) folded before Flop



PokerStars Hand #254707584358:  Hold'em No Limit ($0.50/$1.00 USD) - 2025/02/04 20:08:06 WET [2025/02/04 15:08:06 ET]
Table 'Ida II' 6-max Seat #4 is the button
Seat 2: Unipoker11 ($100 in chips) is sitting out
Seat 1: AIien Hand ($215.18 in chips) 
Seat 3: michasia ($108.15 in chips) 
Seat 4: ruSSotron ($108.03 in chips) 
Seat 6: kel3vr4_23 ($20.27 in chips) 
kel3vr4_23: posts small blind $0.50
AIien Hand: posts big blind $1
habib beye joins the table at seat #5 
Unipoker11: sits out 
*** HOLE CARDS ***
michasia: folds 
ruSSotron: raises $1.50 to $2.50
kel3vr4_23: folds 
AIien Hand: raises $10 to $12.50
ruSSotron: folds 
Uncalled bet ($10) returned to AIien Hand
AIien Hand collected $5.50 from pot
AIien Hand: doesn't show hand 
*** SUMMARY ***
Total pot $5.50 | Rake $0 
Seat 2: Unipoker11
Seat 1: AIien Hand (big blind) collected ($5.50)
Seat 3: michasia folded before Flop (didn't bet)
Seat 4: ruSSotron (button) folded before Flop
Seat 6: kel3vr4_23 (small blind) folded before Flop



PokerStars Hand #254707629706:  Hold'em No Limit ($0.50/$1.00 USD) - 2025/02/04 20:10:35 WET [2025/02/04 15:10:35 ET]
Table 'Ida II' 6-max Seat #6 is the button
Seat 1: AIien Hand ($217.68 in chips) is sitting out
Seat 2: Unipoker11 ($107.40 in chips) 
Seat 4: ruSSotron ($102.33 in chips) 
Seat 5: habib beye ($101 in chips) 
Seat 6: kel3vr4_23 ($16.07 in chips) 
Unipoker11: posts small blind $0.50
ruSSotron: posts big blind $1
*** HOLE CARDS ***
habib beye: folds 
kel3vr4_23: folds 
Unipoker11: folds 
Uncalled bet ($0.50) returned to ruSSotron
ruSSotron collected $1 from pot
*** SUMMARY ***
Total pot $1 | Rake $0 
Seat 1: AIien Hand
Seat 2: Unipoker11 (small blind) folded before Flop
Seat 4: ruSSotron (big blind) collected ($1)
Seat 5: habib beye folded before Flop (didn't bet)
Seat 6: kel3vr4_23 (button) folded before Flop (didn't bet)



PokerStars Hand #254707634387:  Hold'em No Limit ($0.50/$1.00 USD) - 2025/02/04 20:10:49 WET [2025/02/04 15:10:49 ET]
Table 'Ida II' 6-max Seat #2 is the button
Seat 1: AIien Hand ($217.68 in chips) is sitting out
Seat 2: Unipoker11 ($106.90 in chips) 
Seat 5: habib beye ($101 in chips) 
Seat 6: kel3vr4_23 ($16.07 in chips) 
habib beye: posts small blind $0.50
kel3vr4_23: posts big blind $1
AIien Hand: sits out 
*** HOLE CARDS ***
Unipoker11: raises $1.50 to $2.50
habib beye: folds 
kel3vr4_23: calls $1.50
*** FLOP *** [2s 3c 3h]
kel3vr4_23: checks 
Unipoker11: bets $1.30
kel3vr4_23: raises $3.91 to $5.21
blistein joins the table at seat #4 
Unipoker11: folds 
Uncalled bet ($3.91) returned to kel3vr4_23
kel3vr4_23 collected $7.70 from pot
kel3vr4_23: doesn't show hand 
*** SUMMARY ***
Total pot $8.10 | Rake $0.40 
Board [2s 3c 3h]
Seat 1: AIien Hand
Seat 2: Unipoker11 (button) folded on the Flop
Seat 5: habib beye (small blind) folded before Flop
Seat 6: kel3vr4_23 (big blind) collected ($7.70)



PokerStars Hand #254707648387:  Hold'em No Limit ($0.50/$1.00 USD) - 2025/02/04 20:11:33 WET [2025/02/04 15:11:33 ET]
Table 'Ida II' 6-max Seat #5 is the button
Seat 4: blistein ($100 in chips) is sitting out
Seat 1: AIien Hand ($217.68 in chips) 
Seat 2: Unipoker11 ($103.10 in chips) 
Seat 5: habib beye ($100.50 in chips) 
Seat 6: kel3vr4_23 ($19.97 in chips) 
kel3vr4_23: posts small blind $0.50
AIien Hand: posts big blind $1
blistein: sits out 
*** HOLE CARDS ***
Unipoker11: folds 
habib beye: raises $1.50 to $2.50
kel3vr4_23: raises $5.50 to $8
AIien Hand: folds 
habib beye: folds 
Uncalled bet ($5.50) returned to kel3vr4_23
kel3vr4_23 collected $6 from pot
kel3vr4_23: doesn't show hand 
*** SUMMARY ***
Total pot $6 | Rake $0 
Seat 4: blistein
Seat 1: AIien Hand (big blind) folded before Flop
Seat 2: Unipoker11 folded before Flop (didn't bet)
Seat 5: habib beye (button) folded before Flop
Seat 6: kel3vr4_23 (small blind) collected ($6)



PokerStars Hand #254707653754:  Hold'em No Limit ($0.50/$1.00 USD) - 2025/02/04 20:11:50 WET [2025/02/04 15:11:50 ET]
Table 'Ida II' 6-max Seat #6 is the button
Seat 4: blistein ($100 in chips) is sitting out
Seat 1: AIien Hand ($216.68 in chips) 
Seat 2: Unipoker11 ($103.10 in chips) 
Seat 5: habib beye ($100 in chips) 
Seat 6: kel3vr4_23 ($23.47 in chips) 
AIien Hand: posts small blind $0.50
Unipoker11: posts big blind $1
blistein: sits out 
*** HOLE CARDS ***
habib beye: raises $1.30 to $2.30
kel3vr4_23: folds 
AIien Hand: folds 
Unipoker11: raises $10.20 to $12.50
habib beye: calls $10.20
*** FLOP *** [9c Ad Ks]
Unipoker11: bets $6.12
habib beye: calls $6.12
*** TURN *** [9c Ad Ks] [Qd]
snok12323 joins the table at seat #3 
snok12323 is disconnected 
Unipoker11: checks 
habib beye: checks 
*** RIVER *** [9c Ad Ks Qd] [Ah]
Unipoker11: checks 
habib beye: checks 
*** SHOW DOWN ***
Unipoker11: shows [2c Qc] (two pair, Aces and Queens)
habib beye: shows [Kh Jh] (two pair, Aces and Kings)
habib beye collected $36.74 from pot
*** SUMMARY ***
Total pot $37.74 | Rake $1 
Board [9c Ad Ks Qd Ah]
Seat 4: blistein
Seat 1: AIien Hand (small blind) folded before Flop
Seat 2: Unipoker11 (big blind) showed [2c Qc] and lost with two pair, Aces and Queens
Seat 5: habib beye showed [Kh Jh] and won ($36.74) with two pair, Aces and Kings
Seat 6: kel3vr4_23 (button) folded before Flop (didn't bet)



PokerStars Hand #254707681726:  Hold'em No Limit ($0.50/$1.00 USD) - 2025/02/04 20:13:18 WET [2025/02/04 15:13:18 ET]
Table 'Ida II' 6-max Seat #1 is the button
Seat 4: blistein ($100 in chips) is sitting out
Seat 1: AIien Hand ($216.18 in chips) 
Seat 2: Unipoker11 ($100 in chips) 
Seat 3: snok12323 ($40.05 in chips) 
Seat 5: habib beye ($118.12 in chips) 
Seat 6: kel3vr4_23 ($23.47 in chips) 
Unipoker11: posts small blind $0.50
snok12323: posts big blind $1
blistein: sits out 
*** HOLE CARDS ***
habib beye: raises $1.25 to $2.25
kel3vr4_23: raises $21.22 to $23.47 and is all-in
AIien Hand: folds 
Unipoker11: folds 
snok12323: folds 
habib beye: calls $21.22
*** FLOP *** [Jc 2s 7s]
*** TURN *** [Jc 2s 7s] [Tc]
*** RIVER *** [Jc 2s 7s Tc] [Qs]
*** SHOW DOWN ***
habib beye: shows [Qc Qd] (three of a kind, Queens)
kel3vr4_23: shows [As Ad] (a pair of Aces)
habib beye collected $46.02 from pot
*** SUMMARY ***
Total pot $48.44 | Rake $2.42 
Board [Jc 2s 7s Tc Qs]
Seat 4: blistein
Seat 1: AIien Hand (button) folded before Flop (didn't bet)
Seat 2: Unipoker11 (small blind) folded before Flop
Seat 3: snok12323 (big blind) folded before Flop
Seat 5: habib beye showed [Qc Qd] and won ($46.02) with three of a kind, Queens
Seat 6: kel3vr4_23 showed [As Ad] and lost with a pair of Aces



PokerStars Hand #254707693877:  Hold'em No Limit ($0.50/$1.00 USD) - 2025/02/04 20:13:56 WET [2025/02/04 15:13:56 ET]
Table 'Ida II' 6-max Seat #2 is the button
Seat 6: kel3vr4_23 ($0 in chips) is sitting out
Seat 1: AIien Hand ($216.18 in chips) 
Seat 2: Unipoker11 ($100 in chips) 
Seat 3: snok12323 ($39.05 in chips) 
Seat 4: blistein ($100 in chips) 
Seat 5: habib beye ($140.67 in chips) 
snok12323: posts small blind $0.50
blistein: posts big blind $1
*** HOLE CARDS ***
habib beye: folds 
AIien Hand: raises $1.20 to $2.20
Unipoker11: folds 
snok12323: calls $1.70
blistein: calls $1.20
*** FLOP *** [Td Qc As]
snok12323: checks 
blistein: checks 
AIien Hand: bets $1.88
snok12323: folds 
blistein: calls $1.88
*** TURN *** [Td Qc As] [2s]
blistein: checks 
AIien Hand: bets $15.65
kel3vr4_23 leaves the table
blistein: calls $15.65
*** RIVER *** [Td Qc As 2s] [4c]
sta$igk joins the table at seat #6 
blistein: checks 
AIien Hand: bets $196.45 and is all-in
blistein: folds 
Uncalled bet ($196.45) returned to AIien Hand
AIien Hand collected $39.58 from pot
AIien Hand: doesn't show hand 
*** SUMMARY ***
Total pot $41.66 | Rake $2.08 
Board [Td Qc As 2s 4c]
Seat 6: kel3vr4_23
Seat 1: AIien Hand collected ($39.58)
Seat 2: Unipoker11 (button) folded before Flop (didn't bet)
Seat 3: snok12323 (small blind) folded on the Flop
Seat 4: blistein (big blind) folded on the River
Seat 5: habib beye folded before Flop (didn't bet)



PokerStars Hand #254707732844:  Hold'em No Limit ($0.50/$1.00 USD) - 2025/02/04 20:15:56 WET [2025/02/04 15:15:56 ET]
Table 'Ida II' 6-max Seat #3 is the button
Seat 6: sta$igk ($101.50 in chips) is sitting out
Seat 1: AIien Hand ($236.03 in chips) 
Seat 2: Unipoker11 ($100 in chips) 
Seat 3: snok12323 ($36.85 in chips) 
Seat 4: blistein ($100 in chips) 
Seat 5: habib beye ($140.67 in chips) 
blistein: posts small blind $0.50
habib beye: posts big blind $1
sta$igk: sits out 
*** HOLE CARDS ***
AIien Hand: folds 
Unipoker11: folds 
snok12323: calls $1
blistein: folds 
habib beye: checks 
*** FLOP *** [7s 8c Kd]
habib beye: checks 
snok12323: checks 
*** TURN *** [7s 8c Kd] [5s]
habib beye: checks 
snok12323: bets $2.38
habib beye: folds 
Uncalled bet ($2.38) returned to snok12323
snok12323 collected $2.38 from pot
*** SUMMARY ***
Total pot $2.50 | Rake $0.12 
Board [7s 8c Kd 5s]
Seat 6: sta$igk
Seat 1: AIien Hand folded before Flop (didn't bet)
Seat 2: Unipoker11 folded before Flop (didn't bet)
Seat 3: snok12323 (button) collected ($2.38)
Seat 4: blistein (small blind) folded before Flop
Seat 5: habib beye (big blind) folded on the Turn



PokerStars Hand #254707744821:  Hold'em No Limit ($0.50/$1.00 USD) - 2025/02/04 20:16:33 WET [2025/02/04 15:16:33 ET]
Table 'Ida II' 6-max Seat #4 is the button
Seat 1: AIien Hand ($236.03 in chips) 
Seat 2: Unipoker11 ($100 in chips) 
Seat 3: snok12323 ($38.23 in chips) 
Seat 4: blistein ($100 in chips) 
Seat 5: habib beye ($139.67 in chips) 
Seat 6: sta$igk ($101.50 in chips) 
habib beye: posts small blind $0.50
sta$igk: posts big blind $1
*** HOLE CARDS ***
AIien Hand: raises $1.20 to $2.20
Unipoker11: folds 
snok12323: folds 
blistein: folds 
habib beye: folds 
sta$igk: folds 
Uncalled bet ($1.20) returned to AIien Hand
AIien Hand collected $2.50 from pot
AIien Hand: doesn't show hand 
*** SUMMARY ***
Total pot $2.50 | Rake $0 
Seat 1: AIien Hand collected ($2.50)
Seat 2: Unipoker11 folded before Flop (didn't bet)
Seat 3: snok12323 folded before Flop (didn't bet)
Seat 4: blistein (button) folded before Flop (didn't bet)
Seat 5: habib beye (small blind) folded before Flop
Seat 6: sta$igk (big blind) folded before Flop



PokerStars Hand #254707749804:  Hold'em No Limit ($0.50/$1.00 USD) - 2025/02/04 20:16:49 WET [2025/02/04 15:16:49 ET]
Table 'Ida II' 6-max Seat #5 is the button
Seat 1: AIien Hand ($237.53 in chips) 
Seat 2: Unipoker11 ($100 in chips) 
Seat 3: snok12323 ($38.23 in chips) 
Seat 4: blistein ($100 in chips) 
Seat 5: habib beye ($139.17 in chips) 
Seat 6: sta$igk ($100.50 in chips) 
sta$igk: posts small blind $0.50
AIien Hand: posts big blind $1
*** HOLE CARDS ***
Unipoker11: folds 
snok12323: folds 
blistein: raises $1.30 to $2.30
habib beye: folds 
sta$igk: folds 
AIien Hand: folds 
Uncalled bet ($1.30) returned to blistein
blistein collected $2.50 from pot
blistein: doesn't show hand 
*** SUMMARY ***
Total pot $2.50 | Rake $0 
Seat 1: AIien Hand (big blind) folded before Flop
Seat 2: Unipoker11 folded before Flop (didn't bet)
Seat 3: snok12323 folded before Flop (didn't bet)
Seat 4: blistein collected ($2.50)
Seat 5: habib beye (button) folded before Flop (didn't bet)
Seat 6: sta$igk (small blind) folded before Flop



PokerStars Hand #254707753750:  Hold'em No Limit ($0.50/$1.00 USD) - 2025/02/04 20:17:01 WET [2025/02/04 15:17:01 ET]
Table 'Ida II' 6-max Seat #6 is the button
Seat 1: AIien Hand ($236.53 in chips) 
Seat 2: Unipoker11 ($100 in chips) 
Seat 3: snok12323 ($38.23 in chips) 
Seat 4: blistein ($101.50 in chips) 
Seat 5: habib beye ($139.17 in chips) 
Seat 6: sta$igk ($100 in chips) 
AIien Hand: posts small blind $0.50
Unipoker11: posts big blind $1
*** HOLE CARDS ***
snok12323: folds 
blistein: folds 
habib beye: folds 
sta$igk: folds 
AIien Hand: folds 
Uncalled bet ($0.50) returned to Unipoker11
Unipoker11 collected $1 from pot
Unipoker11: doesn't show hand 
*** SUMMARY ***
Total pot $1 | Rake $0 
Seat 1: AIien Hand (small blind) folded before Flop
Seat 2: Unipoker11 (big blind) collected ($1)
Seat 3: snok12323 folded before Flop (didn't bet)
Seat 4: blistein folded before Flop (didn't bet)
Seat 5: habib beye folded before Flop (didn't bet)
Seat 6: sta$igk (button) folded before Flop (didn't bet)



PokerStars Hand #254707757026:  Hold'em No Limit ($0.50/$1.00 USD) - 2025/02/04 20:17:11 WET [2025/02/04 15:17:11 ET]
Table 'Ida II' 6-max Seat #1 is the button
Seat 1: AIien Hand ($236.03 in chips) 
Seat 2: Unipoker11 ($100.50 in chips) 
Seat 3: snok12323 ($38.23 in chips) 
Seat 4: blistein ($101.50 in chips) 
Seat 5: habib beye ($139.17 in chips) 
Seat 6: sta$igk ($100 in chips) 
Unipoker11: posts small blind $0.50
snok12323: posts big blind $1
*** HOLE CARDS ***
blistein: folds 
habib beye: folds 
sta$igk: raises $1.50 to $2.50
AIien Hand: calls $2.50
Unipoker11: folds 
snok12323: folds 
*** FLOP *** [5d 5c 3h]
sta$igk: checks 
AIien Hand: checks 
*** TURN *** [5d 5c 3h] [Ac]
sta$igk: bets $4.14
AIien Hand: calls $4.14
*** RIVER *** [5d 5c 3h Ac] [2c]
sta$igk: checks 
AIien Hand: checks 
*** SHOW DOWN ***
sta$igk: shows [Ks Jh] (a pair of Fives)
AIien Hand: shows [Tc Ad] (two pair, Aces and Fives)
AIien Hand collected $14.04 from pot
*** SUMMARY ***
Total pot $14.78 | Rake $0.74 
Board [5d 5c 3h Ac 2c]
Seat 1: AIien Hand (button) showed [Tc Ad] and won ($14.04) with two pair, Aces and Fives
Seat 2: Unipoker11 (small blind) folded before Flop
Seat 3: snok12323 (big blind) folded before Flop
Seat 4: blistein folded before Flop (didn't bet)
Seat 5: habib beye folded before Flop (didn't bet)
Seat 6: sta$igk showed [Ks Jh] and lost with a pair of Fives



PokerStars Hand #254707780032:  Hold'em No Limit ($0.50/$1.00 USD) - 2025/02/04 20:18:22 WET [2025/02/04 15:18:22 ET]
Table 'Ida II' 6-max Seat #2 is the button
Seat 1: AIien Hand ($243.43 in chips) 
Seat 2: Unipoker11 ($100 in chips) 
Seat 3: snok12323 ($37.23 in chips) 
Seat 4: blistein ($101.50 in chips) 
Seat 5: habib beye ($139.17 in chips) 
Seat 6: sta$igk ($100 in chips) 
snok12323: posts small blind $0.50
blistein: posts big blind $1
*** HOLE CARDS ***
habib beye: folds 
sta$igk: folds 
AIien Hand: folds 
Unipoker11: raises $1.50 to $2.50
snok12323: calls $2
blistein: folds 
*** FLOP *** [Qd 8d 4h]
snok12323: checks 
Unipoker11: bets $1.43
snok12323: calls $1.43
*** TURN *** [Qd 8d 4h] [Qh]
snok12323: checks 
Unipoker11: checks 
*** RIVER *** [Qd 8d 4h Qh] [Qc]
snok12323: bets $8.42
Unipoker11 has timed out
Unipoker11: folds 
Uncalled bet ($8.42) returned to snok12323
snok12323 collected $8.42 from pot
*** SUMMARY ***
Total pot $8.86 | Rake $0.44 
Board [Qd 8d 4h Qh Qc]
Seat 1: AIien Hand folded before Flop (didn't bet)
Seat 2: Unipoker11 (button) folded on the River
Seat 3: snok12323 (small blind) collected ($8.42)
Seat 4: blistein (big blind) folded before Flop
Seat 5: habib beye folded before Flop (didn't bet)
Seat 6: sta$igk folded before Flop (didn't bet)



PokerStars Hand #254707805246:  Hold'em No Limit ($0.50/$1.00 USD) - 2025/02/04 20:19:40 WET [2025/02/04 15:19:40 ET]
Table 'Ida II' 6-max Seat #3 is the button
Seat 1: AIien Hand ($243.43 in chips) 
Seat 2: Unipoker11 ($100 in chips) 
Seat 3: snok12323 ($41.72 in chips) 
Seat 4: blistein ($100.50 in chips) 
Seat 5: habib beye ($139.17 in chips) 
Seat 6: sta$igk ($100 in chips) 
blistein: posts small blind $0.50
habib beye: posts big blind $1
*** HOLE CARDS ***
sta$igk: folds 
AIien Hand: folds 
Unipoker11: folds 
snok12323: calls $1
blistein: calls $0.50
habib beye: raises $4 to $5
snok12323: calls $4
blistein: folds 
*** FLOP *** [Kc 5d As]
habib beye: bets $3.45
snok12323: calls $3.45
*** TURN *** [Kc 5d As] [8d]
habib beye: bets $7.48
snok12323: calls $7.48
*** RIVER *** [Kc 5d As 8d] [Jh]
habib beye: bets $26.73
snok12323: calls $25.79 and is all-in
Uncalled bet ($0.94) returned to habib beye
*** SHOW DOWN ***
habib beye: shows [Ad Js] (two pair, Aces and Jacks)
snok12323: shows [Jc Ks] (two pair, Kings and Jacks)
habib beye collected $81.94 from pot
*** SUMMARY ***
Total pot $84.44 | Rake $2.50 
Board [Kc 5d As 8d Jh]
Seat 1: AIien Hand folded before Flop (didn't bet)
Seat 2: Unipoker11 folded before Flop (didn't bet)
Seat 3: snok12323 (button) showed [Jc Ks] and lost with two pair, Kings and Jacks
Seat 4: blistein (small blind) folded before Flop
Seat 5: habib beye (big blind) showed [Ad Js] and won ($81.94) with two pair, Aces and Jacks
Seat 6: sta$igk folded before Flop (didn't bet)



PokerStars Hand #254707823415:  Hold'em No Limit ($0.50/$1.00 USD) - 2025/02/04 20:20:36 WET [2025/02/04 15:20:36 ET]
Table 'Ida II' 6-max Seat #4 is the button
Seat 3: snok12323 ($0 in chips) is sitting out
Seat 1: AIien Hand ($243.43 in chips) 
Seat 2: Unipoker11 ($100 in chips) 
Seat 4: blistein ($100 in chips) 
Seat 5: habib beye ($179.39 in chips) 
Seat 6: sta$igk ($100 in chips) 
habib beye: posts small blind $0.50
sta$igk: posts big blind $1
*** HOLE CARDS ***
AIien Hand: folds 
Unipoker11: folds 
blistein: folds 
habib beye: folds 
Uncalled bet ($0.50) returned to sta$igk
sta$igk collected $1 from pot
sta$igk: doesn't show hand 
*** SUMMARY ***
Total pot $1 | Rake $0 
Seat 3: snok12323
Seat 1: AIien Hand folded before Flop (didn't bet)
Seat 2: Unipoker11 folded before Flop (didn't bet)
Seat 4: blistein (button) folded before Flop (didn't bet)
Seat 5: habib beye (small blind) folded before Flop
Seat 6: sta$igk (big blind) collected ($1)



PokerStars Hand #254707827475:  Hold'em No Limit ($0.50/$1.00 USD) - 2025/02/04 20:20:49 WET [2025/02/04 15:20:49 ET]
Table 'Ida II' 6-max Seat #5 is the button
Seat 3: snok12323 ($0 in chips) is sitting out
Seat 1: AIien Hand ($243.43 in chips) 
Seat 2: Unipoker11 ($100 in chips) 
Seat 4: blistein ($100 in chips) 
Seat 5: habib beye ($178.89 in chips) 
Seat 6: sta$igk ($100.50 in chips) 
sta$igk: posts small blind $0.50
AIien Hand: posts big blind $1
*** HOLE CARDS ***
Unipoker11: folds 
blistein: folds 
habib beye: folds 
sta$igk: folds 
Uncalled bet ($0.50) returned to AIien Hand
AIien Hand collected $1 from pot
AIien Hand: doesn't show hand 
*** SUMMARY ***
Total pot $1 | Rake $0 
Seat 3: snok12323
Seat 1: AIien Hand (big blind) collected ($1)
Seat 2: Unipoker11 folded before Flop (didn't bet)
Seat 4: blistein folded before Flop (didn't bet)
Seat 5: habib beye (button) folded before Flop (didn't bet)
Seat 6: sta$igk (small blind) folded before Flop



PokerStars Hand #254707832862:  Hold'em No Limit ($0.50/$1.00 USD) - 2025/02/04 20:21:06 WET [2025/02/04 15:21:06 ET]
Table 'Ida II' 6-max Seat #6 is the button
Seat 3: snok12323 ($0 in chips) is sitting out
Seat 1: AIien Hand ($243.93 in chips) 
Seat 2: Unipoker11 ($100 in chips) 
Seat 4: blistein ($100 in chips) 
Seat 5: habib beye ($178.89 in chips) 
Seat 6: sta$igk ($100 in chips) 
AIien Hand: posts small blind $0.50
Unipoker11: posts big blind $1
*** HOLE CARDS ***
blistein: folds 
habib beye: folds 
sta$igk: folds 
AIien Hand: folds 
Uncalled bet ($0.50) returned to Unipoker11
Unipoker11 collected $1 from pot
Unipoker11: doesn't show hand 
*** SUMMARY ***
Total pot $1 | Rake $0 
Seat 3: snok12323
Seat 1: AIien Hand (small blind) folded before Flop
Seat 2: Unipoker11 (big blind) collected ($1)
Seat 4: blistein folded before Flop (didn't bet)
Seat 5: habib beye folded before Flop (didn't bet)
Seat 6: sta$igk (button) folded before Flop (didn't bet)



PokerStars Hand #254707835626:  Hold'em No Limit ($0.50/$1.00 USD) - 2025/02/04 20:21:14 WET [2025/02/04 15:21:14 ET]
Table 'Ida II' 6-max Seat #1 is the button
Seat 3: snok12323 ($0 in chips) is sitting out
Seat 1: AIien Hand ($243.43 in chips) 
Seat 2: Unipoker11 ($100.50 in chips) 
Seat 4: blistein ($100 in chips) 
Seat 5: habib beye ($178.89 in chips) 
Seat 6: sta$igk ($100 in chips) 
Unipoker11: posts small blind $0.50
blistein: posts big blind $1
*** HOLE CARDS ***
habib beye: folds 
sta$igk: raises $1.50 to $2.50
snok12323 is disconnected 
AIien Hand: folds 
Unipoker11: folds 
blistein: folds 
Uncalled bet ($1.50) returned to sta$igk
sta$igk collected $2.50 from pot
sta$igk: doesn't show hand 
*** SUMMARY ***
Total pot $2.50 | Rake $0 
Seat 3: snok12323
Seat 1: AIien Hand (button) folded before Flop (didn't bet)
Seat 2: Unipoker11 (small blind) folded before Flop
Seat 4: blistein (big blind) folded before Flop
Seat 5: habib beye folded before Flop (didn't bet)
Seat 6: sta$igk collected ($2.50)



PokerStars Hand #254707839671:  Hold'em No Limit ($0.50/$1.00 USD) - 2025/02/04 20:21:27 WET [2025/02/04 15:21:27 ET]
Table 'Ida II' 6-max Seat #2 is the button
Seat 3: snok12323 ($0 in chips) is sitting out
Seat 1: AIien Hand ($243.43 in chips) 
Seat 2: Unipoker11 ($100 in chips) 
Seat 4: blistein ($100 in chips) 
Seat 5: habib beye ($178.89 in chips) 
Seat 6: sta$igk ($101.50 in chips) 
blistein: posts small blind $0.50
habib beye: posts big blind $1
*** HOLE CARDS ***
sta$igk: folds 
AIien Hand: folds 
Unipoker11: folds 
blistein: raises $2 to $3
habib beye: calls $2
*** FLOP *** [Tc 5d Jc]
blistein: checks 
habib beye: checks 
*** TURN *** [Tc 5d Jc] [4s]
blistein: checks 
habib beye: checks 
*** RIVER *** [Tc 5d Jc 4s] [8h]
blistein: checks 
habib beye: bets $4.33
blistein: folds 
Uncalled bet ($4.33) returned to habib beye
habib beye collected $5.70 from pot
*** SUMMARY ***
Total pot $6 | Rake $0.30 
Board [Tc 5d Jc 4s 8h]
Seat 3: snok12323
Seat 1: AIien Hand folded before Flop (didn't bet)
Seat 2: Unipoker11 (button) folded before Flop (didn't bet)
Seat 4: blistein (small blind) folded on the River
Seat 5: habib beye (big blind) collected ($5.70)
Seat 6: sta$igk folded before Flop (didn't bet)



PokerStars Hand #254707862039:  Hold'em No Limit ($0.50/$1.00 USD) - 2025/02/04 20:22:35 WET [2025/02/04 15:22:35 ET]
Table 'Ida II' 6-max Seat #4 is the button
Seat 2: Unipoker11 ($100 in chips) is sitting out
Seat 3: snok12323 ($0 in chips) is sitting out
Seat 1: AIien Hand ($243.43 in chips) 
Seat 4: blistein ($100 in chips) 
Seat 5: habib beye ($181.59 in chips) 
Seat 6: sta$igk ($101.50 in chips) 
habib beye: posts small blind $0.50
sta$igk: posts big blind $1
*** HOLE CARDS ***
AIien Hand: folds 
blistein: folds 
habib beye: raises $2 to $3
Unipoker11 leaves the table
sta$igk: calls $2
*** FLOP *** [Qs Ah Ks]
Unipoker11 joins the table at seat #2 
habib beye: bets $4.33
sta$igk: calls $4.33
*** TURN *** [Qs Ah Ks] [Jh]
habib beye: checks 
sta$igk: checks 
*** RIVER *** [Qs Ah Ks Jh] [6s]
habib beye: bets $4.60
sta$igk: calls $4.60
*** SHOW DOWN ***
habib beye: shows [Qh Kc] (two pair, Kings and Queens)
sta$igk: mucks hand 
habib beye collected $22.86 from pot
*** SUMMARY ***
Total pot $23.86 | Rake $1 
Board [Qs Ah Ks Jh 6s]
Seat 2: Unipoker11
Seat 3: snok12323
Seat 1: AIien Hand folded before Flop (didn't bet)
Seat 4: blistein (button) folded before Flop (didn't bet)
Seat 5: habib beye (small blind) showed [Qh Kc] and won ($22.86) with two pair, Kings and Queens
Seat 6: sta$igk (big blind) mucked



PokerStars Hand #254707881093:  Hold'em No Limit ($0.50/$1.00 USD) - 2025/02/04 20:23:35 WET [2025/02/04 15:23:35 ET]
Table 'Ida II' 6-max Seat #5 is the button
Seat 1: AIien Hand ($243.43 in chips) is sitting out
Seat 3: snok12323 ($0 in chips) is sitting out
Seat 2: Unipoker11 ($100 in chips) 
Seat 4: blistein ($100 in chips) 
Seat 5: habib beye ($192.52 in chips) 
Seat 6: sta$igk ($100 in chips) 
sta$igk: posts small blind $0.50
AIien Hand: is sitting out 
Unipoker11: posts big blind $1
*** HOLE CARDS ***
blistein: folds 
habib beye: raises $1.50 to $2.50
sta$igk: folds 
AIien Hand leaves the table
Unipoker11: folds 
Uncalled bet ($1.50) returned to habib beye
habib beye collected $2.50 from pot
*** SUMMARY ***
Total pot $2.50 | Rake $0 
Seat 1: AIien Hand
Seat 3: snok12323
Seat 2: Unipoker11 (big blind) folded before Flop
Seat 4: blistein folded before Flop (didn't bet)
Seat 5: habib beye (button) collected ($2.50)
Seat 6: sta$igk (small blind) folded before Flop



PokerStars Hand #254707887261:  Hold'em No Limit ($0.50/$1.00 USD) - 2025/02/04 20:23:53 WET [2025/02/04 15:23:53 ET]
Table 'Ida II' 6-max Seat #6 is the button
Seat 3: snok12323 ($0 in chips) is sitting out
Seat 4: blistein ($100 in chips) is sitting out
Seat 2: Unipoker11 ($100 in chips) 
Seat 5: habib beye ($194.02 in chips) 
Seat 6: sta$igk ($100 in chips) 
Unipoker11: posts small blind $0.50
blistein: is sitting out 
blistein leaves the table
habib beye: posts big blind $1
*** HOLE CARDS ***
sta$igk: folds 
Unipoker11: raises $2 to $3
habib beye: calls $2
*** FLOP *** [8c 7c Qc]
Unipoker11: checks 
habib beye: checks 
*** TURN *** [8c 7c Qc] [9d]
Unipoker11: checks 
habib beye: checks 
*** RIVER *** [8c 7c Qc 9d] [4s]
Unipoker11: checks 
habib beye: checks 
*** SHOW DOWN ***
Unipoker11: shows [Ad Jc] (high card Ace)
habib beye: shows [6d 7s] (a pair of Sevens)
habib beye collected $5.70 from pot
*** SUMMARY ***
Total pot $6 | Rake $0.30 
Board [8c 7c Qc 9d 4s]
Seat 3: snok12323
Seat 4: blistein
Seat 2: Unipoker11 (small blind) showed [Ad Jc] and lost with high card Ace
Seat 5: habib beye (big blind) showed [6d 7s] and won ($5.70) with a pair of Sevens
Seat 6: sta$igk (button) folded before Flop (didn't bet)



PokerStars Hand #254707900167:  Hold'em No Limit ($0.50/$1.00 USD) - 2025/02/04 20:24:34 WET [2025/02/04 15:24:34 ET]
Table 'Ida II' 6-max Seat #5 is the button
Seat 3: snok12323 ($0 in chips) is sitting out
Seat 6: sta$igk ($100 in chips) is sitting out
Seat 2: Unipoker11 ($100 in chips) 
Seat 5: habib beye ($196.72 in chips) 
habib beye: posts small blind $0.50
sta$igk: is sitting out 
Unipoker11: posts big blind $1
*** HOLE CARDS ***
habib beye: folds 
Uncalled bet ($0.50) returned to Unipoker11
sta$igk leaves the table
Unipoker11 collected $1 from pot
Unipoker11: doesn't show hand 
*** SUMMARY ***
Total pot $1 | Rake $0 
Seat 3: snok12323
Seat 6: sta$igk
Seat 2: Unipoker11 (big blind) collected ($1)
Seat 5: habib beye (button) (small blind) folded before Flop



PokerStars Hand #254707902121:  Hold'em No Limit ($0.50/$1.00 USD) - 2025/02/04 20:24:40 WET [2025/02/04 15:24:40 ET]
Table 'Ida II' 6-max Seat #2 is the button
Seat 3: snok12323 ($0 in chips) is sitting out
Seat 2: Unipoker11 ($100.50 in chips) 
Seat 5: habib beye ($196.22 in chips) 
Unipoker11: posts small blind $0.50
habib beye: posts big blind $1
*** HOLE CARDS ***
Unipoker11: raises $1.50 to $2.50
habib beye: folds 
Uncalled bet ($1.50) returned to Unipoker11
Unipoker11 collected $2 from pot
Unipoker11: doesn't show hand 
*** SUMMARY ***
Total pot $2 | Rake $0 
Seat 3: snok12323
Seat 2: Unipoker11 (button) (small blind) collected ($2)
Seat 5: habib beye (big blind) folded before Flop



PokerStars Hand #254707906321:  Hold'em No Limit ($0.50/$1.00 USD) - 2025/02/04 20:24:53 WET [2025/02/04 15:24:53 ET]
Table 'Ida II' 6-max Seat #5 is the button
Seat 3: snok12323 ($0 in chips) is sitting out
Seat 2: Unipoker11 ($101.50 in chips) 
Seat 5: habib beye ($195.22 in chips) 
habib beye: posts small blind $0.50
Unipoker11: posts big blind $1
*** HOLE CARDS ***
habib beye: raises $1.50 to $2.50
Unipoker11: calls $1.50
*** FLOP *** [Jc 7c 6s]
Unipoker11: checks 
habib beye: checks 
*** TURN *** [Jc 7c 6s] [3h]
Unipoker11: checks 
habib beye: checks 
*** RIVER *** [Jc 7c 6s 3h] [Js]
Unipoker11: bets $1.57
habib beye: folds 
Uncalled bet ($1.57) returned to Unipoker11
Unipoker11 collected $4.75 from pot
Unipoker11: doesn't show hand 
*** SUMMARY ***
Total pot $5 | Rake $0.25 
Board [Jc 7c 6s 3h Js]
Seat 3: snok12323
Seat 2: Unipoker11 (big blind) collected ($4.75)
Seat 5: habib beye (button) (small blind) folded on the River



