PokerStars Hand #254706675626:  Hold'em No Limit ($0.50/$1.00 USD) - 2025/02/04 19:16:53 WET [2025/02/04 14:16:53 ET]
Table 'Espinette' 6-max Seat #3 is the button
Seat 2: reiyser ($102.20 in chips) 
Seat 3: XKTTBOBV11 ($10.48 in chips) 
Seat 4: chinokevin13 ($100 in chips) 
Seat 5: LucasTo90 ($9.97 in chips) 
Seat 6: EasyGamerrr ($100 in chips) 
chinokevin13: posts small blind $0.50
LucasTo90: posts big blind $1
*** HOLE CARDS ***
EasyGamerrr: folds 
reiyser: folds 
XKTTBOBV11: folds 
chinokevin13: folds 
Uncalled bet ($0.50) returned to LucasTo90
LucasTo90 collected $1 from pot
LucasTo90: doesn't show hand 
*** SUMMARY ***
Total pot $1 | Rake $0 
Seat 2: reiyser folded before Flop (didn't bet)
Seat 3: XKTTBOBV11 (button) folded before Flop (didn't bet)
Seat 4: chinokevin13 (small blind) folded before Flop
Seat 5: LucasTo90 (big blind) collected ($1)
Seat 6: EasyGamerrr folded before Flop (didn't bet)



PokerStars Hand #254706681169:  Hold'em No Limit ($0.50/$1.00 USD) - 2025/02/04 19:17:09 WET [2025/02/04 14:17:09 ET]
Table 'Espinette' 6-max Seat #4 is the button
Seat 2: reiyser ($102.20 in chips) 
Seat 3: XKTTBOBV11 ($10.48 in chips) 
Seat 4: chinokevin13 ($100 in chips) 
Seat 5: LucasTo90 ($10.47 in chips) 
Seat 6: EasyGamerrr ($100 in chips) 
LucasTo90: posts small blind $0.50
EasyGamerrr: posts big blind $1
*** HOLE CARDS ***
reiyser: folds 
XKTTBOBV11: folds 
chinokevin13: raises $1.50 to $2.50
LucasTo90: folds 
innovator000 joins the table at seat #1 
EasyGamerrr: folds 
Uncalled bet ($1.50) returned to chinokevin13
chinokevin13 collected $2.50 from pot
chinokevin13: doesn't show hand 
*** SUMMARY ***
Total pot $2.50 | Rake $0 
Seat 2: reiyser folded before Flop (didn't bet)
Seat 3: XKTTBOBV11 folded before Flop (didn't bet)
Seat 4: chinokevin13 (button) collected ($2.50)
Seat 5: LucasTo90 (small blind) folded before Flop
Seat 6: EasyGamerrr (big blind) folded before Flop



PokerStars Hand #254706687024:  Hold'em No Limit ($0.50/$1.00 USD) - 2025/02/04 19:17:25 WET [2025/02/04 14:17:25 ET]
Table 'Espinette' 6-max Seat #5 is the button
Seat 1: innovator000 ($100 in chips) 
Seat 2: reiyser ($102.20 in chips) 
Seat 3: XKTTBOBV11 ($10.48 in chips) 
Seat 4: chinokevin13 ($101.50 in chips) 
Seat 5: LucasTo90 ($9.97 in chips) 
Seat 6: EasyGamerrr ($100 in chips) 
EasyGamerrr: posts small blind $0.50
innovator000: posts big blind $1
*** HOLE CARDS ***
reiyser: raises $1.23 to $2.23
XKTTBOBV11: raises $8.25 to $10.48 and is all-in
chinokevin13: folds 
LucasTo90: folds 
EasyGamerrr: folds 
innovator000: folds 
reiyser: calls $8.25
*** FLOP *** [3s 2s 2c]
*** TURN *** [3s 2s 2c] [3h]
*** RIVER *** [3s 2s 2c 3h] [5s]
*** SHOW DOWN ***
reiyser: shows [9h 9d] (two pair, Nines and Threes)
XKTTBOBV11: shows [Qc As] (two pair, Threes and Deuces)
reiyser collected $21.34 from pot
*** SUMMARY ***
Total pot $22.46 | Rake $1.12 
Board [3s 2s 2c 3h 5s]
Seat 1: innovator000 (big blind) folded before Flop
Seat 2: reiyser showed [9h 9d] and won ($21.34) with two pair, Nines and Threes
Seat 3: XKTTBOBV11 showed [Qc As] and lost with two pair, Threes and Deuces
Seat 4: chinokevin13 folded before Flop (didn't bet)
Seat 5: LucasTo90 (button) folded before Flop (didn't bet)
Seat 6: EasyGamerrr (small blind) folded before Flop



PokerStars Hand #254706697191:  Hold'em No Limit ($0.50/$1.00 USD) - 2025/02/04 19:17:54 WET [2025/02/04 14:17:54 ET]
Table 'Espinette' 6-max Seat #6 is the button
Seat 1: innovator000 ($99 in chips) 
Seat 2: reiyser ($113.06 in chips) 
Seat 3: XKTTBOBV11 ($10 in chips) 
Seat 4: chinokevin13 ($101.50 in chips) 
Seat 5: LucasTo90 ($9.97 in chips) 
Seat 6: EasyGamerrr ($100 in chips) 
innovator000: posts small blind $0.50
reiyser: posts big blind $1
*** HOLE CARDS ***
XKTTBOBV11: folds 
chinokevin13: raises $1.20 to $2.20
LucasTo90: raises $7.77 to $9.97 and is all-in
EasyGamerrr: folds 
innovator000: folds 
reiyser: folds 
chinokevin13: folds 
Uncalled bet ($7.77) returned to LucasTo90
LucasTo90 collected $5.90 from pot
LucasTo90: doesn't show hand 
*** SUMMARY ***
Total pot $5.90 | Rake $0 
Seat 1: innovator000 (small blind) folded before Flop
Seat 2: reiyser (big blind) folded before Flop
Seat 3: XKTTBOBV11 folded before Flop (didn't bet)
Seat 4: chinokevin13 folded before Flop
Seat 5: LucasTo90 collected ($5.90)
Seat 6: EasyGamerrr (button) folded before Flop (didn't bet)



PokerStars Hand #254706704852:  Hold'em No Limit ($0.50/$1.00 USD) - 2025/02/04 19:18:16 WET [2025/02/04 14:18:16 ET]
Table 'Espinette' 6-max Seat #1 is the button
Seat 1: innovator000 ($98.50 in chips) 
Seat 2: reiyser ($112.06 in chips) 
Seat 3: XKTTBOBV11 ($10 in chips) 
Seat 4: chinokevin13 ($100 in chips) 
Seat 5: LucasTo90 ($13.67 in chips) 
Seat 6: EasyGamerrr ($100 in chips) 
reiyser: posts small blind $0.50
XKTTBOBV11: posts big blind $1
*** HOLE CARDS ***
chinokevin13: raises $1.20 to $2.20
LucasTo90: folds 
EasyGamerrr: folds 
innovator000: raises $5.90 to $8.10
reiyser: folds 
XKTTBOBV11: folds 
chinokevin13: folds 
Uncalled bet ($5.90) returned to innovator000
innovator000 collected $5.90 from pot
innovator000: doesn't show hand 
*** SUMMARY ***
Total pot $5.90 | Rake $0 
Seat 1: innovator000 (button) collected ($5.90)
Seat 2: reiyser (small blind) folded before Flop
Seat 3: XKTTBOBV11 (big blind) folded before Flop
Seat 4: chinokevin13 folded before Flop
Seat 5: LucasTo90 folded before Flop (didn't bet)
Seat 6: EasyGamerrr folded before Flop (didn't bet)



PokerStars Hand #254706715184:  Hold'em No Limit ($0.50/$1.00 USD) - 2025/02/04 19:18:46 WET [2025/02/04 14:18:46 ET]
Table 'Espinette' 6-max Seat #2 is the button
Seat 1: innovator000 ($102.20 in chips) 
Seat 2: reiyser ($111.56 in chips) 
Seat 3: XKTTBOBV11 ($9 in chips) 
Seat 4: chinokevin13 ($100 in chips) 
Seat 5: LucasTo90 ($13.67 in chips) 
Seat 6: EasyGamerrr ($100 in chips) 
XKTTBOBV11: posts small blind $0.50
chinokevin13: posts big blind $1
*** HOLE CARDS ***
LucasTo90: folds 
EasyGamerrr: folds 
innovator000: calls $1
reiyser: folds 
XKTTBOBV11: folds 
chinokevin13: checks 
*** FLOP *** [8c Qc 9d]
chinokevin13: checks 
innovator000: checks 
*** TURN *** [8c Qc 9d] [7h]
chinokevin13: checks 
innovator000: bets $2.38
chinokevin13: folds 
Uncalled bet ($2.38) returned to innovator000
innovator000 collected $2.38 from pot
innovator000: doesn't show hand 
*** SUMMARY ***
Total pot $2.50 | Rake $0.12 
Board [8c Qc 9d 7h]
Seat 1: innovator000 collected ($2.38)
Seat 2: reiyser (button) folded before Flop (didn't bet)
Seat 3: XKTTBOBV11 (small blind) folded before Flop
Seat 4: chinokevin13 (big blind) folded on the Turn
Seat 5: LucasTo90 folded before Flop (didn't bet)
Seat 6: EasyGamerrr folded before Flop (didn't bet)



PokerStars Hand #254706735318:  Hold'em No Limit ($0.50/$1.00 USD) - 2025/02/04 19:19:45 WET [2025/02/04 14:19:45 ET]
Table 'Espinette' 6-max Seat #3 is the button
Seat 1: innovator000 ($103.58 in chips) 
Seat 2: reiyser ($111.56 in chips) 
Seat 3: XKTTBOBV11 ($10 in chips) 
Seat 4: chinokevin13 ($100 in chips) 
Seat 5: LucasTo90 ($13.67 in chips) 
Seat 6: EasyGamerrr ($100 in chips) 
chinokevin13: posts small blind $0.50
LucasTo90: posts big blind $1
*** HOLE CARDS ***
EasyGamerrr: folds 
innovator000: raises $2 to $3
reiyser: folds 
XKTTBOBV11: folds 
chinokevin13: folds 
LucasTo90: raises $10.67 to $13.67 and is all-in
innovator000: calls $10.67
*** FLOP *** [8d Qd 2d]
*** TURN *** [8d Qd 2d] [4d]
*** RIVER *** [8d Qd 2d 4d] [Ac]
*** SHOW DOWN ***
LucasTo90: shows [Kh Ad] (a flush, Ace high)
innovator000: shows [Ah Jh] (a pair of Aces)
LucasTo90 collected $26.45 from pot
*** SUMMARY ***
Total pot $27.84 | Rake $1.39 
Board [8d Qd 2d 4d Ac]
Seat 1: innovator000 showed [Ah Jh] and lost with a pair of Aces
Seat 2: reiyser folded before Flop (didn't bet)
Seat 3: XKTTBOBV11 (button) folded before Flop (didn't bet)
Seat 4: chinokevin13 (small blind) folded before Flop
Seat 5: LucasTo90 (big blind) showed [Kh Ad] and won ($26.45) with a flush, Ace high
Seat 6: EasyGamerrr folded before Flop (didn't bet)



PokerStars Hand #254706747093:  Hold'em No Limit ($0.50/$1.00 USD) - 2025/02/04 19:20:19 WET [2025/02/04 14:20:19 ET]
Table 'Espinette' 6-max Seat #4 is the button
Seat 1: innovator000 ($89.91 in chips) 
Seat 2: reiyser ($111.56 in chips) 
Seat 3: XKTTBOBV11 ($10 in chips) 
Seat 4: chinokevin13 ($100 in chips) 
Seat 5: LucasTo90 ($26.45 in chips) 
Seat 6: EasyGamerrr ($100 in chips) 
LucasTo90: posts small blind $0.50
EasyGamerrr: posts big blind $1
*** HOLE CARDS ***
innovator000: folds 
reiyser: raises $1.23 to $2.23
XKTTBOBV11: folds 
chinokevin13: raises $5.77 to $8
LucasTo90: folds 
EasyGamerrr: folds 
reiyser: folds 
Uncalled bet ($5.77) returned to chinokevin13
chinokevin13 collected $5.96 from pot
chinokevin13: doesn't show hand 
*** SUMMARY ***
Total pot $5.96 | Rake $0 
Seat 1: innovator000 folded before Flop (didn't bet)
Seat 2: reiyser folded before Flop
Seat 3: XKTTBOBV11 folded before Flop (didn't bet)
Seat 4: chinokevin13 (button) collected ($5.96)
Seat 5: LucasTo90 (small blind) folded before Flop
Seat 6: EasyGamerrr (big blind) folded before Flop



PokerStars Hand #254706756186:  Hold'em No Limit ($0.50/$1.00 USD) - 2025/02/04 19:20:47 WET [2025/02/04 14:20:47 ET]
Table 'Espinette' 6-max Seat #5 is the button
Seat 1: innovator000 ($89.91 in chips) 
Seat 2: reiyser ($109.33 in chips) 
Seat 3: XKTTBOBV11 ($20 in chips) 
Seat 4: chinokevin13 ($103.73 in chips) 
Seat 5: LucasTo90 ($25.95 in chips) 
Seat 6: EasyGamerrr ($100 in chips) 
EasyGamerrr: posts small blind $0.50
innovator000: posts big blind $1
*** HOLE CARDS ***
reiyser: raises $1.23 to $2.23
XKTTBOBV11: folds 
chinokevin13: folds 
LucasTo90: folds 
EasyGamerrr: raises $8.77 to $11
innovator000: folds 
reiyser: folds 
Uncalled bet ($8.77) returned to EasyGamerrr
EasyGamerrr collected $5.46 from pot
EasyGamerrr: doesn't show hand 
*** SUMMARY ***
Total pot $5.46 | Rake $0 
Seat 1: innovator000 (big blind) folded before Flop
Seat 2: reiyser folded before Flop
Seat 3: XKTTBOBV11 folded before Flop (didn't bet)
Seat 4: chinokevin13 folded before Flop (didn't bet)
Seat 5: LucasTo90 (button) folded before Flop (didn't bet)
Seat 6: EasyGamerrr (small blind) collected ($5.46)



PokerStars Hand #254706763496:  Hold'em No Limit ($0.50/$1.00 USD) - 2025/02/04 19:21:09 WET [2025/02/04 14:21:09 ET]
Table 'Espinette' 6-max Seat #6 is the button
Seat 1: innovator000 ($88.91 in chips) 
Seat 2: reiyser ($107.10 in chips) 
Seat 3: XKTTBOBV11 ($20 in chips) 
Seat 4: chinokevin13 ($103.73 in chips) 
Seat 5: LucasTo90 ($25.95 in chips) 
Seat 6: EasyGamerrr ($103.23 in chips) 
innovator000: posts small blind $0.50
reiyser: posts big blind $1
*** HOLE CARDS ***
XKTTBOBV11: folds 
chinokevin13: folds 
LucasTo90: folds 
EasyGamerrr: raises $1.50 to $2.50
innovator000: raises $6 to $8.50
reiyser: raises $11.50 to $20
EasyGamerrr: folds 
innovator000: calls $11.50
*** FLOP *** [3s Ah 5h]
innovator000: checks 
reiyser: bets $11.71
innovator000: calls $11.71
*** TURN *** [3s Ah 5h] [8s]
innovator000: checks 
reiyser: checks 
*** RIVER *** [3s Ah 5h 8s] [Qs]
innovator000: bets $31.71
reiyser: folds 
Uncalled bet ($31.71) returned to innovator000
innovator000 collected $63.42 from pot
innovator000: doesn't show hand 
*** SUMMARY ***
Total pot $65.92 | Rake $2.50 
Board [3s Ah 5h 8s Qs]
Seat 1: innovator000 (small blind) collected ($63.42)
Seat 2: reiyser (big blind) folded on the River
Seat 3: XKTTBOBV11 folded before Flop (didn't bet)
Seat 4: chinokevin13 folded before Flop (didn't bet)
Seat 5: LucasTo90 folded before Flop (didn't bet)
Seat 6: EasyGamerrr (button) folded before Flop



PokerStars Hand #254706794929:  Hold'em No Limit ($0.50/$1.00 USD) - 2025/02/04 19:22:47 WET [2025/02/04 14:22:47 ET]
Table 'Espinette' 6-max Seat #1 is the button
Seat 1: innovator000 ($120.62 in chips) 
Seat 2: reiyser ($100 in chips) 
Seat 3: XKTTBOBV11 ($20 in chips) 
Seat 4: chinokevin13 ($103.73 in chips) 
Seat 5: LucasTo90 ($25.95 in chips) 
Seat 6: EasyGamerrr ($100.73 in chips) 
reiyser: posts small blind $0.50
XKTTBOBV11: posts big blind $1
*** HOLE CARDS ***
chinokevin13: folds 
LucasTo90: raises $3 to $4
EasyGamerrr: folds 
innovator000 has timed out
innovator000: folds 
reiyser: folds 
XKTTBOBV11: folds 
Uncalled bet ($3) returned to LucasTo90
LucasTo90 collected $2.50 from pot
LucasTo90: doesn't show hand 
*** SUMMARY ***
Total pot $2.50 | Rake $0 
Seat 1: innovator000 (button) folded before Flop (didn't bet)
Seat 2: reiyser (small blind) folded before Flop
Seat 3: XKTTBOBV11 (big blind) folded before Flop
Seat 4: chinokevin13 folded before Flop (didn't bet)
Seat 5: LucasTo90 collected ($2.50)
Seat 6: EasyGamerrr folded before Flop (didn't bet)



PokerStars Hand #254706804928:  Hold'em No Limit ($0.50/$1.00 USD) - 2025/02/04 19:23:19 WET [2025/02/04 14:23:19 ET]
Table 'Espinette' 6-max Seat #2 is the button
Seat 1: innovator000 ($120.62 in chips) is sitting out
Seat 2: reiyser ($100 in chips) 
Seat 3: XKTTBOBV11 ($19 in chips) 
Seat 4: chinokevin13 ($103.73 in chips) 
Seat 5: LucasTo90 ($27.45 in chips) 
Seat 6: EasyGamerrr ($100.73 in chips) 
XKTTBOBV11: posts small blind $0.50
chinokevin13: posts big blind $1
*** HOLE CARDS ***
LucasTo90: raises $1 to $2
EasyGamerrr: folds 
reiyser: folds 
XKTTBOBV11: folds 
chinokevin13: folds 
Uncalled bet ($1) returned to LucasTo90
LucasTo90 collected $2.50 from pot
*** SUMMARY ***
Total pot $2.50 | Rake $0 
Seat 1: innovator000
Seat 2: reiyser (button) folded before Flop (didn't bet)
Seat 3: XKTTBOBV11 (small blind) folded before Flop
Seat 4: chinokevin13 (big blind) folded before Flop
Seat 5: LucasTo90 collected ($2.50)
Seat 6: EasyGamerrr folded before Flop (didn't bet)



PokerStars Hand #254706812636:  Hold'em No Limit ($0.50/$1.00 USD) - 2025/02/04 19:23:44 WET [2025/02/04 14:23:44 ET]
Table 'Espinette' 6-max Seat #3 is the button
Seat 1: innovator000 ($120.62 in chips) 
Seat 2: reiyser ($100 in chips) 
Seat 3: XKTTBOBV11 ($18.50 in chips) 
Seat 4: chinokevin13 ($102.73 in chips) 
Seat 5: LucasTo90 ($28.95 in chips) 
Seat 6: EasyGamerrr ($100.73 in chips) 
chinokevin13: posts small blind $0.50
LucasTo90: posts big blind $1
*** HOLE CARDS ***
EasyGamerrr: folds 
innovator000: raises $1 to $2
reiyser: folds 
XKTTBOBV11: folds 
chinokevin13: folds 
LucasTo90: folds 
Uncalled bet ($1) returned to innovator000
innovator000 collected $2.50 from pot
innovator000: doesn't show hand 
*** SUMMARY ***
Total pot $2.50 | Rake $0 
Seat 1: innovator000 collected ($2.50)
Seat 2: reiyser folded before Flop (didn't bet)
Seat 3: XKTTBOBV11 (button) folded before Flop (didn't bet)
Seat 4: chinokevin13 (small blind) folded before Flop
Seat 5: LucasTo90 (big blind) folded before Flop
Seat 6: EasyGamerrr folded before Flop (didn't bet)



PokerStars Hand #254706816959:  Hold'em No Limit ($0.50/$1.00 USD) - 2025/02/04 19:23:58 WET [2025/02/04 14:23:58 ET]
Table 'Espinette' 6-max Seat #4 is the button
Seat 1: innovator000 ($122.12 in chips) 
Seat 2: reiyser ($100 in chips) 
Seat 3: XKTTBOBV11 ($18.50 in chips) 
Seat 4: chinokevin13 ($102.23 in chips) 
Seat 5: LucasTo90 ($27.95 in chips) 
Seat 6: EasyGamerrr ($100.73 in chips) 
LucasTo90: posts small blind $0.50
EasyGamerrr: posts big blind $1
*** HOLE CARDS ***
innovator000: raises $1 to $2
reiyser: folds 
XKTTBOBV11: folds 
chinokevin13: folds 
LucasTo90: folds 
EasyGamerrr: folds 
Uncalled bet ($1) returned to innovator000
innovator000 collected $2.50 from pot
innovator000: doesn't show hand 
*** SUMMARY ***
Total pot $2.50 | Rake $0 
Seat 1: innovator000 collected ($2.50)
Seat 2: reiyser folded before Flop (didn't bet)
Seat 3: XKTTBOBV11 folded before Flop (didn't bet)
Seat 4: chinokevin13 (button) folded before Flop (didn't bet)
Seat 5: LucasTo90 (small blind) folded before Flop
Seat 6: EasyGamerrr (big blind) folded before Flop



PokerStars Hand #254706822917:  Hold'em No Limit ($0.50/$1.00 USD) - 2025/02/04 19:24:17 WET [2025/02/04 14:24:17 ET]
Table 'Espinette' 6-max Seat #5 is the button
Seat 1: innovator000 ($123.62 in chips) 
Seat 2: reiyser ($100 in chips) 
Seat 3: XKTTBOBV11 ($18.50 in chips) 
Seat 4: chinokevin13 ($102.23 in chips) 
Seat 5: LucasTo90 ($27.45 in chips) 
Seat 6: EasyGamerrr ($100 in chips) 
EasyGamerrr: posts small blind $0.50
innovator000: posts big blind $1
*** HOLE CARDS ***
reiyser: folds 
XKTTBOBV11: folds 
chinokevin13: folds 
LucasTo90: raises $2 to $3
EasyGamerrr: folds 
innovator000: folds 
Uncalled bet ($2) returned to LucasTo90
LucasTo90 collected $2.50 from pot
LucasTo90: doesn't show hand 
*** SUMMARY ***
Total pot $2.50 | Rake $0 
Seat 1: innovator000 (big blind) folded before Flop
Seat 2: reiyser folded before Flop (didn't bet)
Seat 3: XKTTBOBV11 folded before Flop (didn't bet)
Seat 4: chinokevin13 folded before Flop (didn't bet)
Seat 5: LucasTo90 (button) collected ($2.50)
Seat 6: EasyGamerrr (small blind) folded before Flop



PokerStars Hand #254706827492:  Hold'em No Limit ($0.50/$1.00 USD) - 2025/02/04 19:24:32 WET [2025/02/04 14:24:32 ET]
Table 'Espinette' 6-max Seat #6 is the button
Seat 1: innovator000 ($122.62 in chips) 
Seat 2: reiyser ($100 in chips) 
Seat 3: XKTTBOBV11 ($18.50 in chips) 
Seat 4: chinokevin13 ($102.23 in chips) 
Seat 5: LucasTo90 ($28.95 in chips) 
Seat 6: EasyGamerrr ($100 in chips) 
innovator000: posts small blind $0.50
reiyser: posts big blind $1
*** HOLE CARDS ***
XKTTBOBV11: folds 
chinokevin13: folds 
LucasTo90: raises $2 to $3
EasyGamerrr: folds 
innovator000: folds 
reiyser: calls $2
*** FLOP *** [6s As Kh]
reiyser: checks 
LucasTo90: checks 
*** TURN *** [6s As Kh] [Th]
reiyser: checks 
LucasTo90: bets $3.09
reiyser: folds 
Uncalled bet ($3.09) returned to LucasTo90
LucasTo90 collected $6.18 from pot
LucasTo90: doesn't show hand 
*** SUMMARY ***
Total pot $6.50 | Rake $0.32 
Board [6s As Kh Th]
Seat 1: innovator000 (small blind) folded before Flop
Seat 2: reiyser (big blind) folded on the Turn
Seat 3: XKTTBOBV11 folded before Flop (didn't bet)
Seat 4: chinokevin13 folded before Flop (didn't bet)
Seat 5: LucasTo90 collected ($6.18)
Seat 6: EasyGamerrr (button) folded before Flop (didn't bet)



PokerStars Hand #254706836969:  Hold'em No Limit ($0.50/$1.00 USD) - 2025/02/04 19:25:04 WET [2025/02/04 14:25:04 ET]
Table 'Espinette' 6-max Seat #1 is the button
Seat 1: innovator000 ($122.12 in chips) 
Seat 2: reiyser ($100 in chips) 
Seat 3: XKTTBOBV11 ($18.50 in chips) 
Seat 4: chinokevin13 ($102.23 in chips) 
Seat 5: LucasTo90 ($32.13 in chips) 
Seat 6: EasyGamerrr ($100 in chips) 
reiyser: posts small blind $0.50
XKTTBOBV11: posts big blind $1
*** HOLE CARDS ***
chinokevin13: folds 
LucasTo90: folds 
EasyGamerrr: raises $1.50 to $2.50
innovator000: folds 
reiyser: folds 
XKTTBOBV11: folds 
Uncalled bet ($1.50) returned to EasyGamerrr
EasyGamerrr collected $2.50 from pot
EasyGamerrr: doesn't show hand 
*** SUMMARY ***
Total pot $2.50 | Rake $0 
Seat 1: innovator000 (button) folded before Flop (didn't bet)
Seat 2: reiyser (small blind) folded before Flop
Seat 3: XKTTBOBV11 (big blind) folded before Flop
Seat 4: chinokevin13 folded before Flop (didn't bet)
Seat 5: LucasTo90 folded before Flop (didn't bet)
Seat 6: EasyGamerrr collected ($2.50)



PokerStars Hand #254706841830:  Hold'em No Limit ($0.50/$1.00 USD) - 2025/02/04 19:25:20 WET [2025/02/04 14:25:20 ET]
Table 'Espinette' 6-max Seat #2 is the button
Seat 1: innovator000 ($122.12 in chips) 
Seat 2: reiyser ($100 in chips) 
Seat 3: XKTTBOBV11 ($17.50 in chips) 
Seat 4: chinokevin13 ($102.23 in chips) 
Seat 5: LucasTo90 ($32.13 in chips) 
Seat 6: EasyGamerrr ($101.50 in chips) 
XKTTBOBV11: posts small blind $0.50
chinokevin13: posts big blind $1
*** HOLE CARDS ***
LucasTo90: folds 
EasyGamerrr: folds 
innovator000 has timed out
innovator000: folds 
reiyser: raises $1.23 to $2.23
XKTTBOBV11: folds 
chinokevin13: raises $9.77 to $12
reiyser: folds 
Uncalled bet ($9.77) returned to chinokevin13
chinokevin13 collected $4.96 from pot
chinokevin13: doesn't show hand 
*** SUMMARY ***
Total pot $4.96 | Rake $0 
Seat 1: innovator000 folded before Flop (didn't bet)
Seat 2: reiyser (button) folded before Flop
Seat 3: XKTTBOBV11 (small blind) folded before Flop
Seat 4: chinokevin13 (big blind) collected ($4.96)
Seat 5: LucasTo90 folded before Flop (didn't bet)
Seat 6: EasyGamerrr folded before Flop (didn't bet)



PokerStars Hand #254706853083:  Hold'em No Limit ($0.50/$1.00 USD) - 2025/02/04 19:25:57 WET [2025/02/04 14:25:57 ET]
Table 'Espinette' 6-max Seat #3 is the button
Seat 1: innovator000 ($122.12 in chips) is sitting out
Seat 2: reiyser ($100 in chips) 
Seat 3: XKTTBOBV11 ($17 in chips) 
Seat 4: chinokevin13 ($104.96 in chips) 
Seat 5: LucasTo90 ($32.13 in chips) 
Seat 6: EasyGamerrr ($101.50 in chips) 
chinokevin13: posts small blind $0.50
LucasTo90: posts big blind $1
*** HOLE CARDS ***
EasyGamerrr: folds 
reiyser: folds 
XKTTBOBV11: folds 
chinokevin13: raises $2 to $3
LucasTo90: calls $2
*** FLOP *** [2h Td 6d]
chinokevin13: bets $5.70
LucasTo90: calls $5.70
*** TURN *** [2h Td 6d] [Qs]
chinokevin13: bets $3
LucasTo90: calls $3
*** RIVER *** [2h Td 6d Qs] [9c]
chinokevin13: bets $22.23
LucasTo90: folds 
Uncalled bet ($22.23) returned to chinokevin13
chinokevin13 collected $22.23 from pot
chinokevin13: doesn't show hand 
*** SUMMARY ***
Total pot $23.40 | Rake $1.17 
Board [2h Td 6d Qs 9c]
Seat 1: innovator000
Seat 2: reiyser folded before Flop (didn't bet)
Seat 3: XKTTBOBV11 (button) folded before Flop (didn't bet)
Seat 4: chinokevin13 (small blind) collected ($22.23)
Seat 5: LucasTo90 (big blind) folded on the River
Seat 6: EasyGamerrr folded before Flop (didn't bet)



PokerStars Hand #254706874568:  Hold'em No Limit ($0.50/$1.00 USD) - 2025/02/04 19:27:08 WET [2025/02/04 14:27:08 ET]
Table 'Espinette' 6-max Seat #4 is the button
Seat 1: innovator000 ($122.12 in chips) is sitting out
Seat 2: reiyser ($100 in chips) 
Seat 3: XKTTBOBV11 ($17 in chips) 
Seat 4: chinokevin13 ($115.49 in chips) 
Seat 5: LucasTo90 ($20.43 in chips) 
Seat 6: EasyGamerrr ($101.50 in chips) 
LucasTo90: posts small blind $0.50
EasyGamerrr: posts big blind $1
*** HOLE CARDS ***
reiyser: folds 
XKTTBOBV11: folds 
chinokevin13: folds 
LucasTo90: folds 
Uncalled bet ($0.50) returned to EasyGamerrr
LucasTo90 leaves the table
EasyGamerrr collected $1 from pot
EasyGamerrr: doesn't show hand 
*** SUMMARY ***
Total pot $1 | Rake $0 
Seat 1: innovator000
Seat 2: reiyser folded before Flop (didn't bet)
Seat 3: XKTTBOBV11 folded before Flop (didn't bet)
Seat 4: chinokevin13 (button) folded before Flop (didn't bet)
Seat 5: LucasTo90 (small blind) folded before Flop
Seat 6: EasyGamerrr (big blind) collected ($1)



PokerStars Hand #254706877377:  Hold'em No Limit ($0.50/$1.00 USD) - 2025/02/04 19:27:17 WET [2025/02/04 14:27:17 ET]
Table 'Espinette' 6-max Seat #6 is the button
Seat 1: innovator000 ($122.12 in chips) is sitting out
Seat 3: XKTTBOBV11 ($17 in chips) is sitting out
Seat 2: reiyser ($100 in chips) 
Seat 4: chinokevin13 ($115.49 in chips) 
Seat 6: EasyGamerrr ($102 in chips) 
reiyser: posts small blind $0.50
XKTTBOBV11: is sitting out 
chinokevin13: posts big blind $1
*** HOLE CARDS ***
EasyGamerrr: folds 
XKTTBOBV11 leaves the table
reiyser: folds 
Uncalled bet ($0.50) returned to chinokevin13
chinokevin13 collected $1 from pot
chinokevin13: doesn't show hand 
*** SUMMARY ***
Total pot $1 | Rake $0 
Seat 1: innovator000
Seat 3: XKTTBOBV11
Seat 2: reiyser (small blind) folded before Flop
Seat 4: chinokevin13 (big blind) collected ($1)
Seat 6: EasyGamerrr (button) folded before Flop (didn't bet)



PokerStars Hand #254706881511:  Hold'em No Limit ($0.50/$1.00 USD) - 2025/02/04 19:27:31 WET [2025/02/04 14:27:31 ET]
Table 'Espinette' 6-max Seat #2 is the button
Seat 6: EasyGamerrr ($102 in chips) is sitting out
Seat 1: innovator000 ($122.12 in chips) 
Seat 2: reiyser ($100 in chips) 
Seat 4: chinokevin13 ($115.99 in chips) 
chinokevin13: posts small blind $0.50
EasyGamerrr: is sitting out 
innovator000: posts big blind $1
*** HOLE CARDS ***
reiyser: raises $1.23 to $2.23
EasyGamerrr leaves the table
chinokevin13: folds 
innovator000: calls $1.23
*** FLOP *** [8c 8h 8d]
innovator000: checks 
ISHAAN8438 joins the table at seat #5 
ISHAAN8438 is disconnected 
blistein joins the table at seat #6 
reiyser: bets $2.45
innovator000: calls $2.45
*** TURN *** [8c 8h 8d] [4d]
innovator000: checks 
BoyLoc0 joins the table at seat #3 
reiyser: bets $12.37
innovator000: folds 
Uncalled bet ($12.37) returned to reiyser
reiyser collected $9.37 from pot
reiyser: doesn't show hand 
*** SUMMARY ***
Total pot $9.86 | Rake $0.49 
Board [8c 8h 8d 4d]
Seat 6: EasyGamerrr
Seat 1: innovator000 (big blind) folded on the Turn
Seat 2: reiyser (button) collected ($9.37)
Seat 4: chinokevin13 (small blind) folded before Flop



PokerStars Hand #254706895818:  Hold'em No Limit ($0.50/$1.00 USD) - 2025/02/04 19:28:18 WET [2025/02/04 14:28:18 ET]
Table 'Espinette' 6-max Seat #4 is the button
Seat 3: BoyLoc0 ($100 in chips) is sitting out
Seat 5: ISHAAN8438 ($37.42 in chips) is sitting out
Seat 6: blistein ($100 in chips) is sitting out
Seat 1: innovator000 ($117.44 in chips) 
Seat 2: reiyser ($104.69 in chips) 
Seat 4: chinokevin13 ($115.49 in chips) 
innovator000: posts small blind $0.50
reiyser: posts big blind $1
BoyLoc0: sits out 
*** HOLE CARDS ***
chinokevin13: folds 
innovator000: raises $2 to $3
reiyser: folds 
Uncalled bet ($2) returned to innovator000
innovator000 collected $2 from pot
innovator000: doesn't show hand 
*** SUMMARY ***
Total pot $2 | Rake $0 
Seat 3: BoyLoc0
Seat 5: ISHAAN8438
Seat 6: blistein
Seat 1: innovator000 (small blind) collected ($2)
Seat 2: reiyser (big blind) folded before Flop
Seat 4: chinokevin13 (button) folded before Flop (didn't bet)



PokerStars Hand #254706900783:  Hold'em No Limit ($0.50/$1.00 USD) - 2025/02/04 19:28:35 WET [2025/02/04 14:28:35 ET]
Table 'Espinette' 6-max Seat #1 is the button
Seat 6: blistein ($100 in chips) is sitting out
Seat 1: innovator000 ($118.44 in chips) 
Seat 2: reiyser ($103.69 in chips) 
Seat 3: BoyLoc0 ($100 in chips) 
Seat 4: chinokevin13 ($115.49 in chips) 
Seat 5: ISHAAN8438 ($37.42 in chips) 
reiyser: posts small blind $0.50
BoyLoc0: posts big blind $1
ISHAAN8438: posts big blind $1
blistein: sits out 
*** HOLE CARDS ***
chinokevin13: folds 
ISHAAN8438: checks 
innovator000: folds 
reiyser: folds 
BoyLoc0: checks 
*** FLOP *** [4h Ks Qs]
BoyLoc0: checks 
ISHAAN8438: checks 
*** TURN *** [4h Ks Qs] [3h]
BoyLoc0: checks 
ISHAAN8438: checks 
*** RIVER *** [4h Ks Qs 3h] [As]
BoyLoc0: bets $2
ISHAAN8438: folds 
Uncalled bet ($2) returned to BoyLoc0
BoyLoc0 collected $2.38 from pot
BoyLoc0: doesn't show hand 
*** SUMMARY ***
Total pot $2.50 | Rake $0.12 
Board [4h Ks Qs 3h As]
Seat 6: blistein
Seat 1: innovator000 (button) folded before Flop (didn't bet)
Seat 2: reiyser (small blind) folded before Flop
Seat 3: BoyLoc0 (big blind) collected ($2.38)
Seat 4: chinokevin13 folded before Flop (didn't bet)
Seat 5: ISHAAN8438 folded on the River (didn't bet)



PokerStars Hand #254706914966:  Hold'em No Limit ($0.50/$1.00 USD) - 2025/02/04 19:29:21 WET [2025/02/04 14:29:21 ET]
Table 'Espinette' 6-max Seat #2 is the button
Seat 6: blistein ($100 in chips) is sitting out
Seat 1: innovator000 ($118.44 in chips) 
Seat 2: reiyser ($103.19 in chips) 
Seat 3: BoyLoc0 ($101.38 in chips) 
Seat 4: chinokevin13 ($115.49 in chips) 
Seat 5: ISHAAN8438 ($36.42 in chips) 
BoyLoc0: posts small blind $0.50
chinokevin13: posts big blind $1
blistein: sits out 
*** HOLE CARDS ***
ISHAAN8438: raises $2.50 to $3.50
innovator000: folds 
reiyser: folds 
BoyLoc0: folds 
chinokevin13: folds 
Uncalled bet ($2.50) returned to ISHAAN8438
ISHAAN8438 collected $2.50 from pot
*** SUMMARY ***
Total pot $2.50 | Rake $0 
Seat 6: blistein
Seat 1: innovator000 folded before Flop (didn't bet)
Seat 2: reiyser (button) folded before Flop (didn't bet)
Seat 3: BoyLoc0 (small blind) folded before Flop
Seat 4: chinokevin13 (big blind) folded before Flop
Seat 5: ISHAAN8438 collected ($2.50)



PokerStars Hand #254706920343:  Hold'em No Limit ($0.50/$1.00 USD) - 2025/02/04 19:29:39 WET [2025/02/04 14:29:39 ET]
Table 'Espinette' 6-max Seat #3 is the button
Seat 6: blistein ($100 in chips) is sitting out
Seat 1: innovator000 ($118.44 in chips) 
Seat 2: reiyser ($103.19 in chips) 
Seat 3: BoyLoc0 ($100.88 in chips) 
Seat 4: chinokevin13 ($114.49 in chips) 
Seat 5: ISHAAN8438 ($37.92 in chips) 
chinokevin13: posts small blind $0.50
ISHAAN8438: posts big blind $1
blistein: sits out 
*** HOLE CARDS ***
innovator000: raises $1 to $2
reiyser: raises $5 to $7
BoyLoc0: folds 
chinokevin13: folds 
ISHAAN8438: folds 
innovator000: calls $5
*** FLOP *** [Kh Qs 2c]
innovator000: checks 
reiyser: bets $4.27
innovator000: folds 
Uncalled bet ($4.27) returned to reiyser
reiyser collected $14.72 from pot
reiyser: doesn't show hand 
*** SUMMARY ***
Total pot $15.50 | Rake $0.78 
Board [Kh Qs 2c]
Seat 6: blistein
Seat 1: innovator000 folded on the Flop
Seat 2: reiyser collected ($14.72)
Seat 3: BoyLoc0 (button) folded before Flop (didn't bet)
Seat 4: chinokevin13 (small blind) folded before Flop
Seat 5: ISHAAN8438 (big blind) folded before Flop



PokerStars Hand #254706932293:  Hold'em No Limit ($0.50/$1.00 USD) - 2025/02/04 19:30:17 WET [2025/02/04 14:30:17 ET]
Table 'Espinette' 6-max Seat #4 is the button
Seat 1: innovator000 ($111.44 in chips) 
Seat 2: reiyser ($110.91 in chips) 
Seat 3: BoyLoc0 ($100.88 in chips) 
Seat 4: chinokevin13 ($113.99 in chips) 
Seat 5: ISHAAN8438 ($36.92 in chips) 
Seat 6: blistein ($100 in chips) 
ISHAAN8438: posts small blind $0.50
blistein: posts big blind $1
*** HOLE CARDS ***
innovator000: folds 
reiyser: folds 
BoyLoc0: folds 
chinokevin13: raises $1.50 to $2.50
ISHAAN8438: calls $2
blistein: calls $1.50
*** FLOP *** [3c 6c Qs]
ISHAAN8438: checks 
blistein: checks 
chinokevin13: checks 
*** TURN *** [3c 6c Qs] [Js]
ISHAAN8438: bets $7.12
blistein: folds 
chinokevin13: folds 
Uncalled bet ($7.12) returned to ISHAAN8438
ISHAAN8438 collected $7.12 from pot
*** SUMMARY ***
Total pot $7.50 | Rake $0.38 
Board [3c 6c Qs Js]
Seat 1: innovator000 folded before Flop (didn't bet)
Seat 2: reiyser folded before Flop (didn't bet)
Seat 3: BoyLoc0 folded before Flop (didn't bet)
Seat 4: chinokevin13 (button) folded on the Turn
Seat 5: ISHAAN8438 (small blind) collected ($7.12)
Seat 6: blistein (big blind) folded on the Turn



PokerStars Hand #254706946201:  Hold'em No Limit ($0.50/$1.00 USD) - 2025/02/04 19:31:03 WET [2025/02/04 14:31:03 ET]
Table 'Espinette' 6-max Seat #5 is the button
Seat 1: innovator000 ($111.44 in chips) 
Seat 2: reiyser ($110.91 in chips) 
Seat 3: BoyLoc0 ($100.88 in chips) 
Seat 4: chinokevin13 ($111.49 in chips) 
Seat 5: ISHAAN8438 ($41.54 in chips) 
Seat 6: blistein ($100 in chips) 
blistein: posts small blind $0.50
innovator000: posts big blind $1
*** HOLE CARDS ***
reiyser: raises $1.23 to $2.23
BoyLoc0: folds 
chinokevin13: folds 
ISHAAN8438: calls $2.23
blistein: folds 
innovator000: calls $1.23
*** FLOP *** [6d Js Jc]
innovator000: checks 
reiyser: checks 
ISHAAN8438: checks 
*** TURN *** [6d Js Jc] [7s]
innovator000: checks 
reiyser: bets $5.19
ISHAAN8438: folds 
innovator000: folds 
Uncalled bet ($5.19) returned to reiyser
reiyser collected $6.83 from pot
reiyser: doesn't show hand 
*** SUMMARY ***
Total pot $7.19 | Rake $0.36 
Board [6d Js Jc 7s]
Seat 1: innovator000 (big blind) folded on the Turn
Seat 2: reiyser collected ($6.83)
Seat 3: BoyLoc0 folded before Flop (didn't bet)
Seat 4: chinokevin13 folded before Flop (didn't bet)
Seat 5: ISHAAN8438 (button) folded on the Turn
Seat 6: blistein (small blind) folded before Flop



PokerStars Hand #254706963059:  Hold'em No Limit ($0.50/$1.00 USD) - 2025/02/04 19:31:58 WET [2025/02/04 14:31:58 ET]
Table 'Espinette' 6-max Seat #6 is the button
Seat 1: innovator000 ($109.21 in chips) 
Seat 2: reiyser ($115.51 in chips) 
Seat 3: BoyLoc0 ($100.88 in chips) 
Seat 4: chinokevin13 ($111.49 in chips) 
Seat 5: ISHAAN8438 ($39.31 in chips) 
Seat 6: blistein ($100 in chips) 
innovator000: posts small blind $0.50
reiyser: posts big blind $1
*** HOLE CARDS ***
BoyLoc0: raises $1.50 to $2.50
chinokevin13: folds 
ISHAAN8438: folds 
blistein: folds 
innovator000: folds 
reiyser: folds 
Uncalled bet ($1.50) returned to BoyLoc0
BoyLoc0 collected $2.50 from pot
BoyLoc0: doesn't show hand 
*** SUMMARY ***
Total pot $2.50 | Rake $0 
Seat 1: innovator000 (small blind) folded before Flop
Seat 2: reiyser (big blind) folded before Flop
Seat 3: BoyLoc0 collected ($2.50)
Seat 4: chinokevin13 folded before Flop (didn't bet)
Seat 5: ISHAAN8438 folded before Flop (didn't bet)
Seat 6: blistein (button) folded before Flop (didn't bet)



PokerStars Hand #254706970456:  Hold'em No Limit ($0.50/$1.00 USD) - 2025/02/04 19:32:22 WET [2025/02/04 14:32:22 ET]
Table 'Espinette' 6-max Seat #1 is the button
Seat 1: innovator000 ($108.71 in chips) 
Seat 2: reiyser ($114.51 in chips) 
Seat 3: BoyLoc0 ($102.38 in chips) 
Seat 4: chinokevin13 ($111.49 in chips) 
Seat 5: ISHAAN8438 ($39.31 in chips) 
Seat 6: blistein ($100 in chips) 
reiyser: posts small blind $0.50
BoyLoc0: posts big blind $1
*** HOLE CARDS ***
chinokevin13: raises $1.20 to $2.20
ISHAAN8438: folds 
blistein: folds 
innovator000: raises $5.90 to $8.10
reiyser: folds 
BoyLoc0: folds 
chinokevin13: raises $13.90 to $22
innovator000: raises $86.71 to $108.71 and is all-in
chinokevin13: calls $86.71
*** FLOP *** [Ts 2d 9d]
*** TURN *** [Ts 2d 9d] [4c]
*** RIVER *** [Ts 2d 9d 4c] [2c]
*** SHOW DOWN ***
chinokevin13: shows [Ah Ad] (two pair, Aces and Deuces)
innovator000: shows [Ac Kd] (a pair of Deuces)
chinokevin13 collected $216.42 from pot
*** SUMMARY ***
Total pot $218.92 | Rake $2.50 
Board [Ts 2d 9d 4c 2c]
Seat 1: innovator000 (button) showed [Ac Kd] and lost with a pair of Deuces
Seat 2: reiyser (small blind) folded before Flop
Seat 3: BoyLoc0 (big blind) folded before Flop
Seat 4: chinokevin13 showed [Ah Ad] and won ($216.42) with two pair, Aces and Deuces
Seat 5: ISHAAN8438 folded before Flop (didn't bet)
Seat 6: blistein folded before Flop (didn't bet)



PokerStars Hand #254706986419:  Hold'em No Limit ($0.50/$1.00 USD) - 2025/02/04 19:33:14 WET [2025/02/04 14:33:14 ET]
Table 'Espinette' 6-max Seat #2 is the button
Seat 1: innovator000 ($0 in chips) is sitting out
Seat 2: reiyser ($114.01 in chips) 
Seat 3: BoyLoc0 ($101.38 in chips) 
Seat 4: chinokevin13 ($219.20 in chips) 
Seat 5: ISHAAN8438 ($39.31 in chips) 
Seat 6: blistein ($100 in chips) 
BoyLoc0: posts small blind $0.50
chinokevin13: posts big blind $1
*** HOLE CARDS ***
ISHAAN8438: calls $1
blistein: folds 
reiyser: raises $3 to $4
innovator000 leaves the table
BoyLoc0: folds 
chinokevin13: folds 
ISHAAN8438: calls $3
*** FLOP *** [2s 6d Ts]
LucasTo90 joins the table at seat #1 
LucasTo90 is disconnected 
ISHAAN8438: checks 
reiyser: checks 
*** TURN *** [2s 6d Ts] [9h]
LucasTo90 leaves the table
ISHAAN8438: bets $5.51
paramourx joins the table at seat #1 
reiyser: calls $5.51
*** RIVER *** [2s 6d Ts 9h] [8d]
ISHAAN8438: bets $9.75
reiyser: folds 
Uncalled bet ($9.75) returned to ISHAAN8438
ISHAAN8438 collected $19.49 from pot
*** SUMMARY ***
Total pot $20.52 | Rake $1.03 
Board [2s 6d Ts 9h 8d]
Seat 1: innovator000
Seat 2: reiyser (button) folded on the River
Seat 3: BoyLoc0 (small blind) folded before Flop
Seat 4: chinokevin13 (big blind) folded before Flop
Seat 5: ISHAAN8438 collected ($19.49)
Seat 6: blistein folded before Flop (didn't bet)



PokerStars Hand #254707009540:  Hold'em No Limit ($0.50/$1.00 USD) - 2025/02/04 19:34:31 WET [2025/02/04 14:34:31 ET]
Table 'Espinette' 6-max Seat #3 is the button
Seat 1: paramourx ($100 in chips) is sitting out
Seat 2: reiyser ($104.50 in chips) 
Seat 3: BoyLoc0 ($100.88 in chips) 
Seat 4: chinokevin13 ($218.20 in chips) 
Seat 5: ISHAAN8438 ($49.29 in chips) 
Seat 6: blistein ($100 in chips) 
chinokevin13: posts small blind $0.50
ISHAAN8438: posts big blind $1
paramourx: sits out 
*** HOLE CARDS ***
blistein: folds 
reiyser: folds 
BoyLoc0: raises $1.50 to $2.50
chinokevin13: folds 
ISHAAN8438: folds 
Uncalled bet ($1.50) returned to BoyLoc0
BoyLoc0 collected $2.50 from pot
BoyLoc0: doesn't show hand 
*** SUMMARY ***
Total pot $2.50 | Rake $0 
Seat 1: paramourx
Seat 2: reiyser folded before Flop (didn't bet)
Seat 3: BoyLoc0 (button) collected ($2.50)
Seat 4: chinokevin13 (small blind) folded before Flop
Seat 5: ISHAAN8438 (big blind) folded before Flop
Seat 6: blistein folded before Flop (didn't bet)



PokerStars Hand #254707016126:  Hold'em No Limit ($0.50/$1.00 USD) - 2025/02/04 19:34:52 WET [2025/02/04 14:34:52 ET]
Table 'Espinette' 6-max Seat #4 is the button
Seat 1: paramourx ($100 in chips) is sitting out
Seat 2: reiyser ($104.50 in chips) 
Seat 3: BoyLoc0 ($102.38 in chips) 
Seat 4: chinokevin13 ($217.70 in chips) 
Seat 5: ISHAAN8438 ($48.29 in chips) 
Seat 6: blistein ($100 in chips) 
ISHAAN8438: posts small blind $0.50
blistein: posts big blind $1
paramourx: sits out 
*** HOLE CARDS ***
reiyser: raises $1.23 to $2.23
BoyLoc0: folds 
chinokevin13: folds 
ISHAAN8438: calls $1.73
blistein: folds 
*** FLOP *** [Ts Kc Qs]
ISHAAN8438: bets $2.60
reiyser: folds 
Uncalled bet ($2.60) returned to ISHAAN8438
ISHAAN8438 collected $5.19 from pot
*** SUMMARY ***
Total pot $5.46 | Rake $0.27 
Board [Ts Kc Qs]
Seat 1: paramourx
Seat 2: reiyser folded on the Flop
Seat 3: BoyLoc0 folded before Flop (didn't bet)
Seat 4: chinokevin13 (button) folded before Flop (didn't bet)
Seat 5: ISHAAN8438 (small blind) collected ($5.19)
Seat 6: blistein (big blind) folded before Flop



PokerStars Hand #254707024019:  Hold'em No Limit ($0.50/$1.00 USD) - 2025/02/04 19:35:18 WET [2025/02/04 14:35:18 ET]
Table 'Espinette' 6-max Seat #5 is the button
Seat 1: paramourx ($100 in chips) 
Seat 2: reiyser ($102.27 in chips) 
Seat 3: BoyLoc0 ($102.38 in chips) 
Seat 4: chinokevin13 ($217.70 in chips) 
Seat 5: ISHAAN8438 ($51.25 in chips) 
Seat 6: blistein ($100 in chips) 
blistein: posts small blind $0.50
paramourx: posts big blind $1
*** HOLE CARDS ***
reiyser: folds 
BoyLoc0: folds 
chinokevin13: raises $1.50 to $2.50
ISHAAN8438: folds 
blistein: folds 
paramourx: folds 
Uncalled bet ($1.50) returned to chinokevin13
chinokevin13 collected $2.50 from pot
chinokevin13: doesn't show hand 
*** SUMMARY ***
Total pot $2.50 | Rake $0 
Seat 1: paramourx (big blind) folded before Flop
Seat 2: reiyser folded before Flop (didn't bet)
Seat 3: BoyLoc0 folded before Flop (didn't bet)
Seat 4: chinokevin13 collected ($2.50)
Seat 5: ISHAAN8438 (button) folded before Flop (didn't bet)
Seat 6: blistein (small blind) folded before Flop



PokerStars Hand #254707035553:  Hold'em No Limit ($0.50/$1.00 USD) - 2025/02/04 19:35:56 WET [2025/02/04 14:35:56 ET]
Table 'Espinette' 6-max Seat #6 is the button
Seat 1: paramourx ($100 in chips) 
Seat 2: reiyser ($102.27 in chips) 
Seat 3: BoyLoc0 ($102.38 in chips) 
Seat 4: chinokevin13 ($219.20 in chips) 
Seat 5: ISHAAN8438 ($51.25 in chips) 
Seat 6: blistein ($100 in chips) 
paramourx: posts small blind $0.50
reiyser: posts big blind $1
*** HOLE CARDS ***
BoyLoc0: folds 
chinokevin13: folds 
ISHAAN8438: folds 
blistein: folds 
paramourx: raises $2 to $3
reiyser: calls $2
*** FLOP *** [2d Th 6d]
paramourx: checks 
reiyser: bets $2.96
paramourx: folds 
Uncalled bet ($2.96) returned to reiyser
reiyser collected $5.70 from pot
reiyser: doesn't show hand 
*** SUMMARY ***
Total pot $6 | Rake $0.30 
Board [2d Th 6d]
Seat 1: paramourx (small blind) folded on the Flop
Seat 2: reiyser (big blind) collected ($5.70)
Seat 3: BoyLoc0 folded before Flop (didn't bet)
Seat 4: chinokevin13 folded before Flop (didn't bet)
Seat 5: ISHAAN8438 folded before Flop (didn't bet)
Seat 6: blistein (button) folded before Flop (didn't bet)



PokerStars Hand #254707047979:  Hold'em No Limit ($0.50/$1.00 USD) - 2025/02/04 19:36:37 WET [2025/02/04 14:36:37 ET]
Table 'Espinette' 6-max Seat #1 is the button
Seat 1: paramourx ($100 in chips) 
Seat 2: reiyser ($104.97 in chips) 
Seat 3: BoyLoc0 ($102.38 in chips) 
Seat 4: chinokevin13 ($219.20 in chips) 
Seat 5: ISHAAN8438 ($51.25 in chips) 
Seat 6: blistein ($100 in chips) 
reiyser: posts small blind $0.50
BoyLoc0: posts big blind $1
*** HOLE CARDS ***
chinokevin13: folds 
ISHAAN8438: folds 
blistein: folds 
paramourx: raises $2 to $3
reiyser: folds 
BoyLoc0: raises $10 to $13
paramourx: calls $10
*** FLOP *** [3h Jh Kh]
BoyLoc0: bets $5
paramourx: calls $5
*** TURN *** [3h Jh Kh] [4h]
BoyLoc0: checks 
paramourx: checks 
*** RIVER *** [3h Jh Kh 4h] [2c]
BoyLoc0: checks 
paramourx: bets $17.34
BoyLoc0: calls $17.34
*** SHOW DOWN ***
paramourx: shows [Jd Ah] (a flush, Ace high)
BoyLoc0: mucks hand 
paramourx collected $68.68 from pot
*** SUMMARY ***
Total pot $71.18 | Rake $2.50 
Board [3h Jh Kh 4h 2c]
Seat 1: paramourx (button) showed [Jd Ah] and won ($68.68) with a flush, Ace high
Seat 2: reiyser (small blind) folded before Flop
Seat 3: BoyLoc0 (big blind) mucked
Seat 4: chinokevin13 folded before Flop (didn't bet)
Seat 5: ISHAAN8438 folded before Flop (didn't bet)
Seat 6: blistein folded before Flop (didn't bet)



PokerStars Hand #254707083647:  Hold'em No Limit ($0.50/$1.00 USD) - 2025/02/04 19:38:35 WET [2025/02/04 14:38:35 ET]
Table 'Espinette' 6-max Seat #2 is the button
Seat 1: paramourx ($133.34 in chips) 
Seat 2: reiyser ($104.47 in chips) 
Seat 3: BoyLoc0 ($100 in chips) 
Seat 4: chinokevin13 ($219.20 in chips) 
Seat 5: ISHAAN8438 ($51.25 in chips) 
Seat 6: blistein ($100 in chips) 
BoyLoc0: posts small blind $0.50
chinokevin13: posts big blind $1
*** HOLE CARDS ***
ISHAAN8438: folds 
blistein: folds 
paramourx: folds 
reiyser: folds 
BoyLoc0: folds 
Uncalled bet ($0.50) returned to chinokevin13
chinokevin13 collected $1 from pot
chinokevin13: doesn't show hand 
*** SUMMARY ***
Total pot $1 | Rake $0 
Seat 1: paramourx folded before Flop (didn't bet)
Seat 2: reiyser (button) folded before Flop (didn't bet)
Seat 3: BoyLoc0 (small blind) folded before Flop
Seat 4: chinokevin13 (big blind) collected ($1)
Seat 5: ISHAAN8438 folded before Flop (didn't bet)
Seat 6: blistein folded before Flop (didn't bet)



PokerStars Hand #254707088118:  Hold'em No Limit ($0.50/$1.00 USD) - 2025/02/04 19:38:50 WET [2025/02/04 14:38:50 ET]
Table 'Espinette' 6-max Seat #3 is the button
Seat 1: paramourx ($133.34 in chips) 
Seat 2: reiyser ($104.47 in chips) 
Seat 3: BoyLoc0 ($100 in chips) 
Seat 4: chinokevin13 ($219.70 in chips) 
Seat 5: ISHAAN8438 ($51.25 in chips) 
Seat 6: blistein ($100 in chips) 
chinokevin13: posts small blind $0.50
ISHAAN8438: posts big blind $1
*** HOLE CARDS ***
blistein: folds 
paramourx: folds 
reiyser: folds 
BoyLoc0: raises $1.50 to $2.50
chinokevin13: folds 
ISHAAN8438: folds 
Uncalled bet ($1.50) returned to BoyLoc0
BoyLoc0 collected $2.50 from pot
BoyLoc0: doesn't show hand 
*** SUMMARY ***
Total pot $2.50 | Rake $0 
Seat 1: paramourx folded before Flop (didn't bet)
Seat 2: reiyser folded before Flop (didn't bet)
Seat 3: BoyLoc0 (button) collected ($2.50)
Seat 4: chinokevin13 (small blind) folded before Flop
Seat 5: ISHAAN8438 (big blind) folded before Flop
Seat 6: blistein folded before Flop (didn't bet)



PokerStars Hand #254707094493:  Hold'em No Limit ($0.50/$1.00 USD) - 2025/02/04 19:39:11 WET [2025/02/04 14:39:11 ET]
Table 'Espinette' 6-max Seat #4 is the button
Seat 1: paramourx ($133.34 in chips) 
Seat 2: reiyser ($104.47 in chips) 
Seat 3: BoyLoc0 ($101.50 in chips) 
Seat 4: chinokevin13 ($219.20 in chips) 
Seat 5: ISHAAN8438 ($50.25 in chips) 
Seat 6: blistein ($100 in chips) 
ISHAAN8438: posts small blind $0.50
blistein: posts big blind $1
*** HOLE CARDS ***
paramourx: folds 
reiyser: folds 
BoyLoc0: folds 
chinokevin13: raises $1.50 to $2.50
ISHAAN8438: calls $2
blistein: folds 
*** FLOP *** [9c Kc Js]
ISHAAN8438: bets $2.85
chinokevin13: raises $5.70 to $8.55
ISHAAN8438: folds 
Uncalled bet ($5.70) returned to chinokevin13
chinokevin13 collected $11.12 from pot
chinokevin13: doesn't show hand 
*** SUMMARY ***
Total pot $11.70 | Rake $0.58 
Board [9c Kc Js]
Seat 1: paramourx folded before Flop (didn't bet)
Seat 2: reiyser folded before Flop (didn't bet)
Seat 3: BoyLoc0 folded before Flop (didn't bet)
Seat 4: chinokevin13 (button) collected ($11.12)
Seat 5: ISHAAN8438 (small blind) folded on the Flop
Seat 6: blistein (big blind) folded before Flop



PokerStars Hand #254707107475:  Hold'em No Limit ($0.50/$1.00 USD) - 2025/02/04 19:39:53 WET [2025/02/04 14:39:53 ET]
Table 'Espinette' 6-max Seat #5 is the button
Seat 1: paramourx ($133.34 in chips) 
Seat 2: reiyser ($104.47 in chips) 
Seat 3: BoyLoc0 ($101.50 in chips) 
Seat 4: chinokevin13 ($224.97 in chips) 
Seat 5: ISHAAN8438 ($44.90 in chips) 
Seat 6: blistein ($100 in chips) 
blistein: posts small blind $0.50
paramourx: posts big blind $1
*** HOLE CARDS ***
reiyser: folds 
BoyLoc0: folds 
chinokevin13: raises $1.50 to $2.50
ISHAAN8438: raises $5.50 to $8
blistein: folds 
paramourx: folds 
chinokevin13: raises $6.50 to $14.50
ISHAAN8438: calls $6.50
*** FLOP *** [Kh 5c 4h]
chinokevin13: checks 
ISHAAN8438: checks 
*** TURN *** [Kh 5c 4h] [8c]
chinokevin13: bets $3
ISHAAN8438: calls $3
*** RIVER *** [Kh 5c 4h 8c] [5s]
chinokevin13: bets $27
blistein is disconnected 
ISHAAN8438: folds 
Uncalled bet ($27) returned to chinokevin13
chinokevin13 collected $34.68 from pot
chinokevin13: doesn't show hand 
*** SUMMARY ***
Total pot $36.50 | Rake $1.82 
Board [Kh 5c 4h 8c 5s]
Seat 1: paramourx (big blind) folded before Flop
Seat 2: reiyser folded before Flop (didn't bet)
Seat 3: BoyLoc0 folded before Flop (didn't bet)
Seat 4: chinokevin13 collected ($34.68)
Seat 5: ISHAAN8438 (button) folded on the River
Seat 6: blistein (small blind) folded before Flop



PokerStars Hand #254707138982:  Hold'em No Limit ($0.50/$1.00 USD) - 2025/02/04 19:41:36 WET [2025/02/04 14:41:36 ET]
Table 'Espinette' 6-max Seat #6 is the button
Seat 1: paramourx ($132.34 in chips) 
Seat 2: reiyser ($104.47 in chips) 
Seat 3: BoyLoc0 ($101.50 in chips) 
Seat 4: chinokevin13 ($242.15 in chips) 
Seat 5: ISHAAN8438 ($27.40 in chips) 
Seat 6: blistein ($100 in chips) 
paramourx: posts small blind $0.50
reiyser: posts big blind $1
*** HOLE CARDS ***
BoyLoc0: raises $1.50 to $2.50
chinokevin13: folds 
ISHAAN8438: folds 
blistein: folds 
paramourx: folds 
reiyser: calls $1.50
*** FLOP *** [3d Td Ac]
reiyser: checks 
BoyLoc0: bets $1.72
reiyser: folds 
Uncalled bet ($1.72) returned to BoyLoc0
BoyLoc0 collected $5.22 from pot
BoyLoc0: doesn't show hand 
*** SUMMARY ***
Total pot $5.50 | Rake $0.28 
Board [3d Td Ac]
Seat 1: paramourx (small blind) folded before Flop
Seat 2: reiyser (big blind) folded on the Flop
Seat 3: BoyLoc0 collected ($5.22)
Seat 4: chinokevin13 folded before Flop (didn't bet)
Seat 5: ISHAAN8438 folded before Flop (didn't bet)
Seat 6: blistein (button) folded before Flop (didn't bet)



PokerStars Hand #254707147733:  Hold'em No Limit ($0.50/$1.00 USD) - 2025/02/04 19:42:05 WET [2025/02/04 14:42:05 ET]
Table 'Espinette' 6-max Seat #1 is the button
Seat 1: paramourx ($131.84 in chips) 
Seat 2: reiyser ($101.97 in chips) 
Seat 3: BoyLoc0 ($104.22 in chips) 
Seat 4: chinokevin13 ($242.15 in chips) 
Seat 5: ISHAAN8438 ($27.40 in chips) 
Seat 6: blistein ($100 in chips) 
reiyser: posts small blind $0.50
BoyLoc0: posts big blind $1
*** HOLE CARDS ***
chinokevin13: folds 
ISHAAN8438: calls $1
blistein: folds 
paramourx: folds 
reiyser: calls $0.50
BoyLoc0: raises $4 to $5
ISHAAN8438: calls $4
reiyser: folds 
*** FLOP *** [4h Tc Kd]
BoyLoc0: bets $5.23
ISHAAN8438: calls $5.23
*** TURN *** [4h Tc Kd] [9c]
BoyLoc0: bets $18
ISHAAN8438: folds 
Uncalled bet ($18) returned to BoyLoc0
BoyLoc0 collected $20.39 from pot
BoyLoc0: doesn't show hand 
*** SUMMARY ***
Total pot $21.46 | Rake $1.07 
Board [4h Tc Kd 9c]
Seat 1: paramourx (button) folded before Flop (didn't bet)
Seat 2: reiyser (small blind) folded before Flop
Seat 3: BoyLoc0 (big blind) collected ($20.39)
Seat 4: chinokevin13 folded before Flop (didn't bet)
Seat 5: ISHAAN8438 folded on the Turn
Seat 6: blistein folded before Flop (didn't bet)



PokerStars Hand #254707158661:  Hold'em No Limit ($0.50/$1.00 USD) - 2025/02/04 19:42:42 WET [2025/02/04 14:42:42 ET]
Table 'Espinette' 6-max Seat #2 is the button
Seat 1: paramourx ($131.84 in chips) 
Seat 2: reiyser ($100.97 in chips) 
Seat 3: BoyLoc0 ($114.38 in chips) 
Seat 4: chinokevin13 ($242.15 in chips) 
Seat 5: ISHAAN8438 ($17.17 in chips) 
Seat 6: blistein ($100 in chips) 
BoyLoc0: posts small blind $0.50
chinokevin13: posts big blind $1
*** HOLE CARDS ***
ISHAAN8438: folds 
blistein: folds 
paramourx: folds 
reiyser: folds 
BoyLoc0: raises $2 to $3
chinokevin13: folds 
Uncalled bet ($2) returned to BoyLoc0
BoyLoc0 collected $2 from pot
BoyLoc0: doesn't show hand 
*** SUMMARY ***
Total pot $2 | Rake $0 
Seat 1: paramourx folded before Flop (didn't bet)
Seat 2: reiyser (button) folded before Flop (didn't bet)
Seat 3: BoyLoc0 (small blind) collected ($2)
Seat 4: chinokevin13 (big blind) folded before Flop
Seat 5: ISHAAN8438 folded before Flop (didn't bet)
Seat 6: blistein folded before Flop (didn't bet)



PokerStars Hand #254707164647:  Hold'em No Limit ($0.50/$1.00 USD) - 2025/02/04 19:43:01 WET [2025/02/04 14:43:01 ET]
Table 'Espinette' 6-max Seat #3 is the button
Seat 5: ISHAAN8438 ($17.17 in chips) is sitting out
Seat 1: paramourx ($131.84 in chips) 
Seat 2: reiyser ($100.97 in chips) 
Seat 3: BoyLoc0 ($115.38 in chips) 
Seat 4: chinokevin13 ($241.15 in chips) 
Seat 6: blistein ($100 in chips) 
chinokevin13: posts small blind $0.50
ISHAAN8438 has timed out
ISHAAN8438: is sitting out 
blistein: posts big blind $1
*** HOLE CARDS ***
paramourx: folds 
reiyser: raises $1.23 to $2.23
BoyLoc0: folds 
chinokevin13: folds 
blistein: folds 
Uncalled bet ($1.23) returned to reiyser
reiyser collected $2.50 from pot
reiyser: doesn't show hand 
*** SUMMARY ***
Total pot $2.50 | Rake $0 
Seat 5: ISHAAN8438
Seat 1: paramourx folded before Flop (didn't bet)
Seat 2: reiyser collected ($2.50)
Seat 3: BoyLoc0 (button) folded before Flop (didn't bet)
Seat 4: chinokevin13 (small blind) folded before Flop
Seat 6: blistein (big blind) folded before Flop



PokerStars Hand #254707174840:  Hold'em No Limit ($0.50/$1.00 USD) - 2025/02/04 19:43:35 WET [2025/02/04 14:43:35 ET]
Table 'Espinette' 6-max Seat #4 is the button
Seat 5: ISHAAN8438 ($17.17 in chips) is sitting out
Seat 1: paramourx ($131.84 in chips) 
Seat 2: reiyser ($102.47 in chips) 
Seat 3: BoyLoc0 ($115.38 in chips) 
Seat 4: chinokevin13 ($240.65 in chips) 
Seat 6: blistein ($100 in chips) 
blistein: posts small blind $0.50
paramourx: posts big blind $1
*** HOLE CARDS ***
reiyser: raises $1.23 to $2.23
BoyLoc0: folds 
chinokevin13: folds 
blistein: folds 
paramourx: calls $1.23
*** FLOP *** [9c Ad Qd]
paramourx: checks 
reiyser: bets $2.45
paramourx: calls $2.45
*** TURN *** [9c Ad Qd] [3h]
paramourx: checks 
reiyser: bets $12.37
paramourx: folds 
Uncalled bet ($12.37) returned to reiyser
reiyser collected $9.37 from pot
reiyser: doesn't show hand 
*** SUMMARY ***
Total pot $9.86 | Rake $0.49 
Board [9c Ad Qd 3h]
Seat 5: ISHAAN8438
Seat 1: paramourx (big blind) folded on the Turn
Seat 2: reiyser collected ($9.37)
Seat 3: BoyLoc0 folded before Flop (didn't bet)
Seat 4: chinokevin13 (button) folded before Flop (didn't bet)
Seat 6: blistein (small blind) folded before Flop



PokerStars Hand #254707195842:  Hold'em No Limit ($0.50/$1.00 USD) - 2025/02/04 19:44:45 WET [2025/02/04 14:44:45 ET]
Table 'Espinette' 6-max Seat #6 is the button
Seat 1: paramourx ($127.16 in chips) 
Seat 2: reiyser ($107.16 in chips) 
Seat 3: BoyLoc0 ($115.38 in chips) 
Seat 4: chinokevin13 ($240.65 in chips) 
Seat 5: ISHAAN8438 ($17.17 in chips) 
Seat 6: blistein ($100 in chips) 
paramourx: posts small blind $0.50
reiyser: posts big blind $1
ISHAAN8438: posts small & big blinds $1.50
*** HOLE CARDS ***
BoyLoc0: folds 
chinokevin13: raises $4 to $5
ISHAAN8438: raises $11.67 to $16.67 and is all-in
blistein: folds 
paramourx: folds 
reiyser: folds 
chinokevin13: calls $11.67
*** FLOP *** [As 7d 9h]
*** TURN *** [As 7d 9h] [Td]
*** RIVER *** [As 7d 9h Td] [Kh]
*** SHOW DOWN ***
chinokevin13: shows [Ad 9c] (two pair, Aces and Nines)
ISHAAN8438: shows [Ah 2h] (a pair of Aces)
chinokevin13 collected $33.57 from pot
*** SUMMARY ***
Total pot $35.34 | Rake $1.77 
Board [As 7d 9h Td Kh]
Seat 1: paramourx (small blind) folded before Flop
Seat 2: reiyser (big blind) folded before Flop
Seat 3: BoyLoc0 folded before Flop (didn't bet)
Seat 4: chinokevin13 showed [Ad 9c] and won ($33.57) with two pair, Aces and Nines
Seat 5: ISHAAN8438 showed [Ah 2h] and lost with a pair of Aces
Seat 6: blistein (button) folded before Flop (didn't bet)



PokerStars Hand #254707205965:  Hold'em No Limit ($0.50/$1.00 USD) - 2025/02/04 19:45:18 WET [2025/02/04 14:45:18 ET]
Table 'Espinette' 6-max Seat #1 is the button
Seat 5: ISHAAN8438 ($0 in chips) is sitting out
Seat 1: paramourx ($126.66 in chips) 
Seat 2: reiyser ($106.16 in chips) 
Seat 3: BoyLoc0 ($115.38 in chips) 
Seat 4: chinokevin13 ($257.55 in chips) 
Seat 6: blistein ($100 in chips) 
reiyser: posts small blind $0.50
BoyLoc0: posts big blind $1
*** HOLE CARDS ***
chinokevin13: folds 
blistein: raises $1.30 to $2.30
paramourx: folds 
reiyser: folds 
BoyLoc0: folds 
Uncalled bet ($1.30) returned to blistein
blistein collected $2.50 from pot
blistein: doesn't show hand 
*** SUMMARY ***
Total pot $2.50 | Rake $0 
Seat 5: ISHAAN8438
Seat 1: paramourx (button) folded before Flop (didn't bet)
Seat 2: reiyser (small blind) folded before Flop
Seat 3: BoyLoc0 (big blind) folded before Flop
Seat 4: chinokevin13 folded before Flop (didn't bet)
Seat 6: blistein collected ($2.50)



PokerStars Hand #254707212690:  Hold'em No Limit ($0.50/$1.00 USD) - 2025/02/04 19:45:40 WET [2025/02/04 14:45:40 ET]
Table 'Espinette' 6-max Seat #2 is the button
Seat 5: ISHAAN8438 ($0 in chips) is sitting out
Seat 1: paramourx ($126.66 in chips) 
Seat 2: reiyser ($105.66 in chips) 
Seat 3: BoyLoc0 ($114.38 in chips) 
Seat 4: chinokevin13 ($257.55 in chips) 
Seat 6: blistein ($101.50 in chips) 
BoyLoc0: posts small blind $0.50
chinokevin13: posts big blind $1
*** HOLE CARDS ***
blistein: folds 
paramourx: folds 
reiyser: folds 
BoyLoc0: folds 
Uncalled bet ($0.50) returned to chinokevin13
chinokevin13 collected $1 from pot
chinokevin13: doesn't show hand 
*** SUMMARY ***
Total pot $1 | Rake $0 
Seat 5: ISHAAN8438
Seat 1: paramourx folded before Flop (didn't bet)
Seat 2: reiyser (button) folded before Flop (didn't bet)
Seat 3: BoyLoc0 (small blind) folded before Flop
Seat 4: chinokevin13 (big blind) collected ($1)
Seat 6: blistein folded before Flop (didn't bet)



PokerStars Hand #254707219486:  Hold'em No Limit ($0.50/$1.00 USD) - 2025/02/04 19:46:03 WET [2025/02/04 14:46:03 ET]
Table 'Espinette' 6-max Seat #3 is the button
Seat 5: ISHAAN8438 ($0 in chips) is sitting out
Seat 1: paramourx ($126.66 in chips) 
Seat 2: reiyser ($105.66 in chips) 
Seat 3: BoyLoc0 ($113.88 in chips) 
Seat 4: chinokevin13 ($258.05 in chips) 
Seat 6: blistein ($101.50 in chips) 
chinokevin13: posts small blind $0.50
blistein: posts big blind $1
*** HOLE CARDS ***
paramourx: folds 
reiyser: folds 
ISHAAN8438 leaves the table
BoyLoc0: raises $1.50 to $2.50
chinokevin13: folds 
blistein: folds 
Uncalled bet ($1.50) returned to BoyLoc0
BoyLoc0 collected $2.50 from pot
BoyLoc0: doesn't show hand 
*** SUMMARY ***
Total pot $2.50 | Rake $0 
Seat 5: ISHAAN8438
Seat 1: paramourx folded before Flop (didn't bet)
Seat 2: reiyser folded before Flop (didn't bet)
Seat 3: BoyLoc0 (button) collected ($2.50)
Seat 4: chinokevin13 (small blind) folded before Flop
Seat 6: blistein (big blind) folded before Flop



PokerStars Hand #254707226617:  Hold'em No Limit ($0.50/$1.00 USD) - 2025/02/04 19:46:26 WET [2025/02/04 14:46:26 ET]
Table 'Espinette' 6-max Seat #6 is the button
Seat 1: paramourx ($126.66 in chips) is sitting out
Seat 2: reiyser ($105.66 in chips) is sitting out
Seat 3: BoyLoc0 ($115.38 in chips) is sitting out
Seat 4: chinokevin13 ($257.55 in chips) 
Seat 6: blistein ($100.50 in chips) 
blistein: posts small blind $0.50
paramourx: is sitting out 
reiyser: is sitting out 
BoyLoc0: is sitting out 
chinokevin13: posts big blind $1
*** HOLE CARDS ***
BoyLoc0 leaves the table
reiyser leaves the table
blistein: folds 
Uncalled bet ($0.50) returned to chinokevin13
blistein leaves the table
chinokevin13 collected $1 from pot
chinokevin13: doesn't show hand 
*** SUMMARY ***
Total pot $1 | Rake $0 
Seat 1: paramourx
Seat 2: reiyser
Seat 3: BoyLoc0
Seat 4: chinokevin13 (big blind) collected ($1)
Seat 6: blistein (button) (small blind) folded before Flop



