PokerStars Hand #254704941063:  Hold'em No Limit ($0.50/$1.00 USD) - 2025/02/04 17:37:11 WET [2025/02/04 12:37:11 ET]
Table 'Patricia II' 6-max Seat #1 is the button
Seat 1: mertisor ($60.49 in chips) 
Seat 2: Supermegopro ($100 in chips) 
Seat 3: Slami4 ($100 in chips) 
Seat 4: AIien Hand ($100 in chips) 
Seat 5: worker0k ($100 in chips) 
Seat 6: CichiChanMarian ($100 in chips) 
Supermegopro: posts small blind $0.50
Slami4: posts big blind $1
*** HOLE CARDS ***
AIien Hand: folds 
worker0k: folds 
CichiChanMarian: folds 
mertisor: calls $1
Supermegopro: calls $0.50
Slami4: checks 
*** FLOP *** [Jc Qc 6d]
Supermegopro: checks 
Slami4: checks 
mertisor: bets $1
Supermegopro: folds 
Slami4: calls $1
*** TURN *** [Jc Qc 6d] [6s]
Slami4: checks 
mertisor: bets $4.75
Slami4: folds 
Uncalled bet ($4.75) returned to mertisor
mertisor collected $4.75 from pot
*** SUMMARY ***
Total pot $5 | Rake $0.25 
Board [Jc Qc 6d 6s]
Seat 1: mertisor (button) collected ($4.75)
Seat 2: Supermegopro (small blind) folded on the Flop
Seat 3: Slami4 (big blind) folded on the Turn
Seat 4: AIien Hand folded before Flop (didn't bet)
Seat 5: worker0k folded before Flop (didn't bet)
Seat 6: CichiChanMarian folded before Flop (didn't bet)



PokerStars Hand #254704954678:  Hold'em No Limit ($0.50/$1.00 USD) - 2025/02/04 17:38:03 WET [2025/02/04 12:38:03 ET]
Table 'Patricia II' 6-max Seat #2 is the button
Seat 1: mertisor ($63.24 in chips) 
Seat 2: Supermegopro ($100 in chips) 
Seat 3: Slami4 ($100 in chips) 
Seat 4: AIien Hand ($100 in chips) 
Seat 5: worker0k ($100 in chips) 
Seat 6: CichiChanMarian ($100 in chips) 
Slami4: posts small blind $0.50
AIien Hand: posts big blind $1
*** HOLE CARDS ***
worker0k: folds 
CichiChanMarian: folds 
mertisor: calls $1
Supermegopro: folds 
Slami4: folds 
AIien Hand: raises $4 to $5
mertisor: calls $4
*** FLOP *** [4d 9d 6d]
AIien Hand: bets $2.30
mertisor: calls $2.30
*** TURN *** [4d 9d 6d] [Td]
AIien Hand: bets $4.29
mertisor: calls $4.29
*** RIVER *** [4d 9d 6d Td] [Ah]
AIien Hand: checks 
mertisor: checks 
*** SHOW DOWN ***
AIien Hand: shows [Jc 8c] (high card Ace)
mertisor: shows [8h 7d] (a flush, Ten high)
mertisor collected $22.50 from pot
*** SUMMARY ***
Total pot $23.68 | Rake $1.18 
Board [4d 9d 6d Td Ah]
Seat 1: mertisor showed [8h 7d] and won ($22.50) with a flush, Ten high
Seat 2: Supermegopro (button) folded before Flop (didn't bet)
Seat 3: Slami4 (small blind) folded before Flop
Seat 4: AIien Hand (big blind) showed [Jc 8c] and lost with high card Ace
Seat 5: worker0k folded before Flop (didn't bet)
Seat 6: CichiChanMarian folded before Flop (didn't bet)



PokerStars Hand #254704968130:  Hold'em No Limit ($0.50/$1.00 USD) - 2025/02/04 17:38:54 WET [2025/02/04 12:38:54 ET]
Table 'Patricia II' 6-max Seat #3 is the button
Seat 1: mertisor ($74.15 in chips) 
Seat 2: Supermegopro ($100 in chips) 
Seat 3: Slami4 ($100 in chips) 
Seat 4: AIien Hand ($100 in chips) 
Seat 5: worker0k ($100 in chips) 
Seat 6: CichiChanMarian ($100 in chips) 
AIien Hand: posts small blind $0.50
worker0k: posts big blind $1
*** HOLE CARDS ***
CichiChanMarian: folds 
mertisor: raises $2 to $3
Supermegopro: folds 
Slami4: folds 
AIien Hand: folds 
worker0k: folds 
Uncalled bet ($2) returned to mertisor
mertisor collected $2.50 from pot
*** SUMMARY ***
Total pot $2.50 | Rake $0 
Seat 1: mertisor collected ($2.50)
Seat 2: Supermegopro folded before Flop (didn't bet)
Seat 3: Slami4 (button) folded before Flop (didn't bet)
Seat 4: AIien Hand (small blind) folded before Flop
Seat 5: worker0k (big blind) folded before Flop
Seat 6: CichiChanMarian folded before Flop (didn't bet)



PokerStars Hand #254704972664:  Hold'em No Limit ($0.50/$1.00 USD) - 2025/02/04 17:39:11 WET [2025/02/04 12:39:11 ET]
Table 'Patricia II' 6-max Seat #4 is the button
Seat 6: CichiChanMarian ($100 in chips) is sitting out
Seat 1: mertisor ($75.65 in chips) 
Seat 2: Supermegopro ($100 in chips) 
Seat 3: Slami4 ($100 in chips) 
Seat 4: AIien Hand ($100 in chips) 
Seat 5: worker0k ($100 in chips) 
worker0k: posts small blind $0.50
CichiChanMarian has timed out
CichiChanMarian: is sitting out 
mertisor: posts big blind $1
*** HOLE CARDS ***
Supermegopro: folds 
Slami4: folds 
AIien Hand: folds 
worker0k: calls $0.50
mertisor: checks 
*** FLOP *** [Qh 4c Js]
worker0k: checks 
mertisor: checks 
*** TURN *** [Qh 4c Js] [9d]
worker0k: checks 
mertisor: bets $2
worker0k: folds 
Uncalled bet ($2) returned to mertisor
mertisor collected $1.90 from pot
*** SUMMARY ***
Total pot $2 | Rake $0.10 
Board [Qh 4c Js 9d]
Seat 6: CichiChanMarian
Seat 1: mertisor (big blind) collected ($1.90)
Seat 2: Supermegopro folded before Flop (didn't bet)
Seat 3: Slami4 folded before Flop (didn't bet)
Seat 4: AIien Hand (button) folded before Flop (didn't bet)
Seat 5: worker0k (small blind) folded on the Turn



PokerStars Hand #254704987444:  Hold'em No Limit ($0.50/$1.00 USD) - 2025/02/04 17:40:06 WET [2025/02/04 12:40:06 ET]
Table 'Patricia II' 6-max Seat #5 is the button
Seat 6: CichiChanMarian ($100 in chips) is sitting out
Seat 1: mertisor ($76.55 in chips) 
Seat 2: Supermegopro ($100 in chips) 
Seat 3: Slami4 ($100 in chips) 
Seat 4: AIien Hand ($100 in chips) 
Seat 5: worker0k ($100 in chips) 
mertisor: posts small blind $0.50
Supermegopro: posts big blind $1
*** HOLE CARDS ***
Slami4: raises $1.50 to $2.50
AIien Hand: folds 
worker0k: folds 
mertisor: calls $2
Supermegopro: calls $1.50
*** FLOP *** [7h 2s 3h]
mertisor: checks 
Supermegopro: checks 
Slami4: bets $3.35
mertisor: calls $3.35
Supermegopro: folds 
*** TURN *** [7h 2s 3h] [8h]
mertisor: checks 
Slami4: checks 
*** RIVER *** [7h 2s 3h 8h] [8s]
mertisor: bets $8
Slami4: calls $8
*** SHOW DOWN ***
mertisor: shows [Kh Qd] (a pair of Eights)
Slami4: shows [6s 6h] (two pair, Eights and Sixes)
Slami4 collected $28.69 from pot
*** SUMMARY ***
Total pot $30.20 | Rake $1.51 
Board [7h 2s 3h 8h 8s]
Seat 6: CichiChanMarian
Seat 1: mertisor (small blind) showed [Kh Qd] and lost with a pair of Eights
Seat 2: Supermegopro (big blind) folded on the Flop
Seat 3: Slami4 showed [6s 6h] and won ($28.69) with two pair, Eights and Sixes
Seat 4: AIien Hand folded before Flop (didn't bet)
Seat 5: worker0k (button) folded before Flop (didn't bet)



PokerStars Hand #254705000525:  Hold'em No Limit ($0.50/$1.00 USD) - 2025/02/04 17:40:55 WET [2025/02/04 12:40:55 ET]
Table 'Patricia II' 6-max Seat #1 is the button
Seat 1: mertisor ($62.70 in chips) 
Seat 2: Supermegopro ($100 in chips) 
Seat 3: Slami4 ($114.84 in chips) 
Seat 4: AIien Hand ($100 in chips) 
Seat 5: worker0k ($100 in chips) 
Seat 6: CichiChanMarian ($100 in chips) 
Supermegopro: posts small blind $0.50
Slami4: posts big blind $1
CichiChanMarian: posts small & big blinds $1.50
*** HOLE CARDS ***
AIien Hand: folds 
worker0k: folds 
CichiChanMarian: checks 
mertisor: calls $1
Supermegopro: folds 
Slami4: checks 
*** FLOP *** [Qh 4c 7c]
Slami4: checks 
CichiChanMarian: checks 
mertisor: checks 
*** TURN *** [Qh 4c 7c] [Kh]
Slami4: checks 
CichiChanMarian: checks 
mertisor: bets $1.90
Slami4: folds 
CichiChanMarian: folds 
Uncalled bet ($1.90) returned to mertisor
mertisor collected $3.80 from pot
*** SUMMARY ***
Total pot $4 | Rake $0.20 
Board [Qh 4c 7c Kh]
Seat 1: mertisor (button) collected ($3.80)
Seat 2: Supermegopro (small blind) folded before Flop
Seat 3: Slami4 (big blind) folded on the Turn
Seat 4: AIien Hand folded before Flop (didn't bet)
Seat 5: worker0k folded before Flop (didn't bet)
Seat 6: CichiChanMarian folded on the Turn (didn't bet)



PokerStars Hand #254705012583:  Hold'em No Limit ($0.50/$1.00 USD) - 2025/02/04 17:41:40 WET [2025/02/04 12:41:40 ET]
Table 'Patricia II' 6-max Seat #2 is the button
Seat 1: mertisor ($65.50 in chips) 
Seat 2: Supermegopro ($100 in chips) 
Seat 3: Slami4 ($113.84 in chips) 
Seat 4: AIien Hand ($100 in chips) 
Seat 5: worker0k ($100 in chips) 
Seat 6: CichiChanMarian ($100 in chips) 
Slami4: posts small blind $0.50
AIien Hand: posts big blind $1
*** HOLE CARDS ***
worker0k: folds 
CichiChanMarian: folds 
mertisor: calls $1
Supermegopro: folds 
Slami4: folds 
AIien Hand: checks 
*** FLOP *** [Kh Ks 4h]
AIien Hand: checks 
mertisor: bets $2
AIien Hand: folds 
Uncalled bet ($2) returned to mertisor
mertisor collected $2.38 from pot
*** SUMMARY ***
Total pot $2.50 | Rake $0.12 
Board [Kh Ks 4h]
Seat 1: mertisor collected ($2.38)
Seat 2: Supermegopro (button) folded before Flop (didn't bet)
Seat 3: Slami4 (small blind) folded before Flop
Seat 4: AIien Hand (big blind) folded on the Flop
Seat 5: worker0k folded before Flop (didn't bet)
Seat 6: CichiChanMarian folded before Flop (didn't bet)



PokerStars Hand #254705019654:  Hold'em No Limit ($0.50/$1.00 USD) - 2025/02/04 17:42:07 WET [2025/02/04 12:42:07 ET]
Table 'Patricia II' 6-max Seat #3 is the button
Seat 1: mertisor ($66.88 in chips) 
Seat 2: Supermegopro ($100 in chips) 
Seat 3: Slami4 ($113.34 in chips) 
Seat 4: AIien Hand ($100 in chips) 
Seat 5: worker0k ($100 in chips) 
Seat 6: CichiChanMarian ($100 in chips) 
AIien Hand: posts small blind $0.50
worker0k: posts big blind $1
*** HOLE CARDS ***
CichiChanMarian: folds 
mertisor: calls $1
Supermegopro: folds 
Slami4: raises $3 to $4
AIien Hand: folds 
worker0k: calls $3
mertisor: calls $3
*** FLOP *** [4c Qd Jh]
worker0k: checks 
mertisor: checks 
Slami4: checks 
*** TURN *** [4c Qd Jh] [Td]
worker0k: checks 
mertisor: checks 
Slami4: bets $5.84
worker0k: calls $5.84
mertisor: folds 
*** RIVER *** [4c Qd Jh Td] [4s]
worker0k: checks 
Slami4: checks 
*** SHOW DOWN ***
worker0k: shows [Qc Kd] (two pair, Queens and Fours)
Slami4: mucks hand 
worker0k collected $22.97 from pot
*** SUMMARY ***
Total pot $24.18 | Rake $1.21 
Board [4c Qd Jh Td 4s]
Seat 1: mertisor folded on the Turn
Seat 2: Supermegopro folded before Flop (didn't bet)
Seat 3: Slami4 (button) mucked
Seat 4: AIien Hand (small blind) folded before Flop
Seat 5: worker0k (big blind) showed [Qc Kd] and won ($22.97) with two pair, Queens and Fours
Seat 6: CichiChanMarian folded before Flop (didn't bet)



PokerStars Hand #254705034972:  Hold'em No Limit ($0.50/$1.00 USD) - 2025/02/04 17:43:06 WET [2025/02/04 12:43:06 ET]
Table 'Patricia II' 6-max Seat #4 is the button
Seat 1: mertisor ($62.88 in chips) 
Seat 2: Supermegopro ($100 in chips) 
Seat 3: Slami4 ($103.50 in chips) 
Seat 4: AIien Hand ($100 in chips) 
Seat 5: worker0k ($113.13 in chips) 
Seat 6: CichiChanMarian ($100 in chips) 
worker0k: posts small blind $0.50
CichiChanMarian: posts big blind $1
*** HOLE CARDS ***
mertisor: raises $2 to $3
Supermegopro: folds 
Slami4: calls $3
AIien Hand: folds 
worker0k: folds 
CichiChanMarian: calls $2
*** FLOP *** [Th 2s 5s]
CichiChanMarian: checks 
mertisor: bets $2
Slami4: calls $2
CichiChanMarian: raises $9.91 to $11.91
mertisor: folds 
Slami4: folds 
Uncalled bet ($9.91) returned to CichiChanMarian
CichiChanMarian collected $14.72 from pot
CichiChanMarian: doesn't show hand 
*** SUMMARY ***
Total pot $15.50 | Rake $0.78 
Board [Th 2s 5s]
Seat 1: mertisor folded on the Flop
Seat 2: Supermegopro folded before Flop (didn't bet)
Seat 3: Slami4 folded on the Flop
Seat 4: AIien Hand (button) folded before Flop (didn't bet)
Seat 5: worker0k (small blind) folded before Flop
Seat 6: CichiChanMarian (big blind) collected ($14.72)



PokerStars Hand #254705047525:  Hold'em No Limit ($0.50/$1.00 USD) - 2025/02/04 17:43:54 WET [2025/02/04 12:43:54 ET]
Table 'Patricia II' 6-max Seat #5 is the button
Seat 1: mertisor ($57.88 in chips) 
Seat 2: Supermegopro ($100 in chips) 
Seat 3: Slami4 ($100 in chips) 
Seat 4: AIien Hand ($100 in chips) 
Seat 5: worker0k ($112.63 in chips) 
Seat 6: CichiChanMarian ($109.72 in chips) 
CichiChanMarian: posts small blind $0.50
mertisor: posts big blind $1
*** HOLE CARDS ***
Supermegopro: folds 
Slami4: folds 
AIien Hand: folds 
worker0k: raises $1.30 to $2.30
CichiChanMarian: folds 
mertisor: calls $1.30
*** FLOP *** [8h 7d Jc]
mertisor: checks 
worker0k: checks 
*** TURN *** [8h 7d Jc] [6s]
mertisor: checks 
worker0k: checks 
*** RIVER *** [8h 7d Jc 6s] [9s]
mertisor: checks 
worker0k: bets $1
mertisor: calls $1
*** SHOW DOWN ***
worker0k: shows [6h 9h] (two pair, Nines and Sixes)
mertisor: mucks hand 
worker0k collected $6.74 from pot
*** SUMMARY ***
Total pot $7.10 | Rake $0.36 
Board [8h 7d Jc 6s 9s]
Seat 1: mertisor (big blind) mucked
Seat 2: Supermegopro folded before Flop (didn't bet)
Seat 3: Slami4 folded before Flop (didn't bet)
Seat 4: AIien Hand folded before Flop (didn't bet)
Seat 5: worker0k (button) showed [6h 9h] and won ($6.74) with two pair, Nines and Sixes
Seat 6: CichiChanMarian (small blind) folded before Flop



PokerStars Hand #254705054637:  Hold'em No Limit ($0.50/$1.00 USD) - 2025/02/04 17:44:21 WET [2025/02/04 12:44:21 ET]
Table 'Patricia II' 6-max Seat #6 is the button
Seat 1: mertisor ($54.58 in chips) 
Seat 2: Supermegopro ($100 in chips) 
Seat 3: Slami4 ($100 in chips) 
Seat 4: AIien Hand ($100 in chips) 
Seat 5: worker0k ($116.07 in chips) 
Seat 6: CichiChanMarian ($109.22 in chips) 
mertisor: posts small blind $0.50
Supermegopro: posts big blind $1
*** HOLE CARDS ***
Slami4: folds 
AIien Hand: raises $1.20 to $2.20
worker0k: folds 
CichiChanMarian: folds 
mertisor: calls $1.70
Supermegopro: calls $1.20
*** FLOP *** [Jh 9h 7d]
mertisor: checks 
Supermegopro: checks 
AIien Hand: bets $1.88
mertisor: folds 
Supermegopro: calls $1.88
*** TURN *** [Jh 9h 7d] [8h]
Supermegopro: checks 
AIien Hand: checks 
*** RIVER *** [Jh 9h 7d 8h] [5s]
Supermegopro: bets $4.92
AIien Hand: folds 
Uncalled bet ($4.92) returned to Supermegopro
Supermegopro collected $9.84 from pot
Supermegopro: doesn't show hand 
*** SUMMARY ***
Total pot $10.36 | Rake $0.52 
Board [Jh 9h 7d 8h 5s]
Seat 1: mertisor (small blind) folded on the Flop
Seat 2: Supermegopro (big blind) collected ($9.84)
Seat 3: Slami4 folded before Flop (didn't bet)
Seat 4: AIien Hand folded on the River
Seat 5: worker0k folded before Flop (didn't bet)
Seat 6: CichiChanMarian (button) folded before Flop (didn't bet)



PokerStars Hand #254705072126:  Hold'em No Limit ($0.50/$1.00 USD) - 2025/02/04 17:45:28 WET [2025/02/04 12:45:28 ET]
Table 'Patricia II' 6-max Seat #1 is the button
Seat 1: mertisor ($52.38 in chips) 
Seat 2: Supermegopro ($105.76 in chips) 
Seat 3: Slami4 ($100 in chips) 
Seat 4: AIien Hand ($100 in chips) 
Seat 5: worker0k ($116.07 in chips) 
Seat 6: CichiChanMarian ($109.22 in chips) 
Supermegopro: posts small blind $0.50
Slami4: posts big blind $1
*** HOLE CARDS ***
AIien Hand: folds 
worker0k: raises $1.30 to $2.30
CichiChanMarian: folds 
mertisor: calls $2.30
Supermegopro: folds 
Slami4: folds 
*** FLOP *** [5s Kc Ts]
worker0k: checks 
mertisor: checks 
*** TURN *** [5s Kc Ts] [3c]
worker0k: bets $3.77
mertisor: calls $3.77
*** RIVER *** [5s Kc Ts 3c] [Qc]
worker0k: bets $9.72
mertisor: folds 
Uncalled bet ($9.72) returned to worker0k
worker0k collected $12.96 from pot
*** SUMMARY ***
Total pot $13.64 | Rake $0.68 
Board [5s Kc Ts 3c Qc]
Seat 1: mertisor (button) folded on the River
Seat 2: Supermegopro (small blind) folded before Flop
Seat 3: Slami4 (big blind) folded before Flop
Seat 4: AIien Hand folded before Flop (didn't bet)
Seat 5: worker0k collected ($12.96)
Seat 6: CichiChanMarian folded before Flop (didn't bet)



PokerStars Hand #254705082921:  Hold'em No Limit ($0.50/$1.00 USD) - 2025/02/04 17:46:09 WET [2025/02/04 12:46:09 ET]
Table 'Patricia II' 6-max Seat #2 is the button
Seat 1: mertisor ($46.31 in chips) 
Seat 2: Supermegopro ($105.26 in chips) 
Seat 3: Slami4 ($100 in chips) 
Seat 4: AIien Hand ($100 in chips) 
Seat 5: worker0k ($122.96 in chips) 
Seat 6: CichiChanMarian ($109.22 in chips) 
Slami4: posts small blind $0.50
AIien Hand: posts big blind $1
*** HOLE CARDS ***
worker0k: folds 
CichiChanMarian: folds 
mertisor: folds 
Supermegopro: raises $2 to $3
Slami4: folds 
AIien Hand: calls $2
*** FLOP *** [Js As 2s]
AIien Hand: checks 
Supermegopro: checks 
*** TURN *** [Js As 2s] [9s]
AIien Hand: bets $1.42
Supermegopro: folds 
Uncalled bet ($1.42) returned to AIien Hand
AIien Hand collected $6.18 from pot
AIien Hand: doesn't show hand 
*** SUMMARY ***
Total pot $6.50 | Rake $0.32 
Board [Js As 2s 9s]
Seat 1: mertisor folded before Flop (didn't bet)
Seat 2: Supermegopro (button) folded on the Turn
Seat 3: Slami4 (small blind) folded before Flop
Seat 4: AIien Hand (big blind) collected ($6.18)
Seat 5: worker0k folded before Flop (didn't bet)
Seat 6: CichiChanMarian folded before Flop (didn't bet)



PokerStars Hand #254705096020:  Hold'em No Limit ($0.50/$1.00 USD) - 2025/02/04 17:46:59 WET [2025/02/04 12:46:59 ET]
Table 'Patricia II' 6-max Seat #3 is the button
Seat 1: mertisor ($46.31 in chips) 
Seat 2: Supermegopro ($102.26 in chips) 
Seat 3: Slami4 ($100 in chips) 
Seat 4: AIien Hand ($103.18 in chips) 
Seat 5: worker0k ($122.96 in chips) 
Seat 6: CichiChanMarian ($109.22 in chips) 
AIien Hand: posts small blind $0.50
worker0k: posts big blind $1
*** HOLE CARDS ***
CichiChanMarian: folds 
mertisor: raises $2 to $3
Supermegopro: folds 
Slami4: folds 
AIien Hand: folds 
worker0k: folds 
Uncalled bet ($2) returned to mertisor
mertisor collected $2.50 from pot
*** SUMMARY ***
Total pot $2.50 | Rake $0 
Seat 1: mertisor collected ($2.50)
Seat 2: Supermegopro folded before Flop (didn't bet)
Seat 3: Slami4 (button) folded before Flop (didn't bet)
Seat 4: AIien Hand (small blind) folded before Flop
Seat 5: worker0k (big blind) folded before Flop
Seat 6: CichiChanMarian folded before Flop (didn't bet)



PokerStars Hand #254705103054:  Hold'em No Limit ($0.50/$1.00 USD) - 2025/02/04 17:47:26 WET [2025/02/04 12:47:26 ET]
Table 'Patricia II' 6-max Seat #4 is the button
Seat 1: mertisor ($47.81 in chips) 
Seat 2: Supermegopro ($102.26 in chips) 
Seat 3: Slami4 ($100 in chips) 
Seat 4: AIien Hand ($102.68 in chips) 
Seat 5: worker0k ($121.96 in chips) 
Seat 6: CichiChanMarian ($109.22 in chips) 
worker0k: posts small blind $0.50
CichiChanMarian: posts big blind $1
*** HOLE CARDS ***
mertisor: raises $1 to $2
Supermegopro: folds 
Slami4: folds 
AIien Hand: raises $4 to $6
worker0k: folds 
CichiChanMarian: folds 
mertisor: calls $4
*** FLOP *** [4d 4s 6d]
mertisor: checks 
AIien Hand: bets $1.50
mertisor: calls $1.50
*** TURN *** [4d 4s 6d] [Jh]
mertisor: checks 
AIien Hand: checks 
*** RIVER *** [4d 4s 6d Jh] [5h]
mertisor: bets $7
AIien Hand: calls $7
*** SHOW DOWN ***
mertisor: shows [Qh Kd] (a pair of Fours)
AIien Hand: shows [As Qd] (a pair of Fours - Ace kicker)
AIien Hand collected $28.98 from pot
*** SUMMARY ***
Total pot $30.50 | Rake $1.52 
Board [4d 4s 6d Jh 5h]
Seat 1: mertisor showed [Qh Kd] and lost with a pair of Fours
Seat 2: Supermegopro folded before Flop (didn't bet)
Seat 3: Slami4 folded before Flop (didn't bet)
Seat 4: AIien Hand (button) showed [As Qd] and won ($28.98) with a pair of Fours
Seat 5: worker0k (small blind) folded before Flop
Seat 6: CichiChanMarian (big blind) folded before Flop



PokerStars Hand #254705119752:  Hold'em No Limit ($0.50/$1.00 USD) - 2025/02/04 17:48:30 WET [2025/02/04 12:48:30 ET]
Table 'Patricia II' 6-max Seat #5 is the button
Seat 1: mertisor ($33.31 in chips) 
Seat 2: Supermegopro ($102.26 in chips) 
Seat 3: Slami4 ($100 in chips) 
Seat 4: AIien Hand ($117.16 in chips) 
Seat 5: worker0k ($121.46 in chips) 
Seat 6: CichiChanMarian ($108.22 in chips) 
CichiChanMarian: posts small blind $0.50
mertisor: posts big blind $1
*** HOLE CARDS ***
Supermegopro: raises $1.50 to $2.50
Slami4: folds 
AIien Hand: folds 
worker0k: calls $2.50
CichiChanMarian: folds 
mertisor: calls $1.50
*** FLOP *** [Jc Qs 3h]
mertisor: checks 
Supermegopro: checks 
worker0k: bets $2.51
mertisor: calls $2.51
Supermegopro: folds 
*** TURN *** [Jc Qs 3h] [5d]
mertisor: checks 
worker0k: checks 
*** RIVER *** [Jc Qs 3h 5d] [9d]
mertisor: checks 
worker0k: bets $12.37
mertisor: folds [Qd]
Uncalled bet ($12.37) returned to worker0k
worker0k collected $12.37 from pot
*** SUMMARY ***
Total pot $13.02 | Rake $0.65 
Board [Jc Qs 3h 5d 9d]
Seat 1: mertisor (big blind) folded on the River
Seat 2: Supermegopro folded on the Flop
Seat 3: Slami4 folded before Flop (didn't bet)
Seat 4: AIien Hand folded before Flop (didn't bet)
Seat 5: worker0k (button) collected ($12.37)
Seat 6: CichiChanMarian (small blind) folded before Flop



PokerStars Hand #254705135131:  Hold'em No Limit ($0.50/$1.00 USD) - 2025/02/04 17:49:28 WET [2025/02/04 12:49:28 ET]
Table 'Patricia II' 6-max Seat #6 is the button
Seat 1: mertisor ($28.30 in chips) 
Seat 2: Supermegopro ($100 in chips) 
Seat 3: Slami4 ($100 in chips) 
Seat 4: AIien Hand ($117.16 in chips) 
Seat 5: worker0k ($128.82 in chips) 
Seat 6: CichiChanMarian ($107.72 in chips) 
mertisor: posts small blind $0.50
Supermegopro: posts big blind $1
*** HOLE CARDS ***
Slami4: folds 
AIien Hand: folds 
worker0k: folds 
CichiChanMarian: folds 
mertisor: folds 
Uncalled bet ($0.50) returned to Supermegopro
Supermegopro collected $1 from pot
Supermegopro: doesn't show hand 
mertisor is disconnected 
*** SUMMARY ***
Total pot $1 | Rake $0 
Seat 1: mertisor (small blind) folded before Flop
Seat 2: Supermegopro (big blind) collected ($1)
Seat 3: Slami4 folded before Flop (didn't bet)
Seat 4: AIien Hand folded before Flop (didn't bet)
Seat 5: worker0k folded before Flop (didn't bet)
Seat 6: CichiChanMarian (button) folded before Flop (didn't bet)



PokerStars Hand #254705141640:  Hold'em No Limit ($0.50/$1.00 USD) - 2025/02/04 17:49:53 WET [2025/02/04 12:49:53 ET]
Table 'Patricia II' 6-max Seat #1 is the button
Seat 1: mertisor ($27.80 in chips) 
Seat 2: Supermegopro ($100.50 in chips) 
Seat 3: Slami4 ($100 in chips) 
Seat 4: AIien Hand ($117.16 in chips) 
Seat 5: worker0k ($128.82 in chips) 
Seat 6: CichiChanMarian ($107.72 in chips) 
Supermegopro: posts small blind $0.50
Slami4: posts big blind $1
*** HOLE CARDS ***
AIien Hand: folds 
worker0k: folds 
CichiChanMarian: folds 
mertisor has timed out while disconnected
mertisor: folds 
Supermegopro: raises $2 to $3
Slami4: folds 
Uncalled bet ($2) returned to Supermegopro
Supermegopro collected $2 from pot
Supermegopro: doesn't show hand 
*** SUMMARY ***
Total pot $2 | Rake $0 
Seat 1: mertisor (button) folded before Flop (didn't bet)
Seat 2: Supermegopro (small blind) collected ($2)
Seat 3: Slami4 (big blind) folded before Flop
Seat 4: AIien Hand folded before Flop (didn't bet)
Seat 5: worker0k folded before Flop (didn't bet)
Seat 6: CichiChanMarian folded before Flop (didn't bet)



PokerStars Hand #254705149207:  Hold'em No Limit ($0.50/$1.00 USD) - 2025/02/04 17:50:23 WET [2025/02/04 12:50:23 ET]
Table 'Patricia II' 6-max Seat #2 is the button
Seat 1: mertisor ($27.80 in chips) is sitting out
Seat 2: Supermegopro ($101.50 in chips) 
Seat 3: Slami4 ($100 in chips) 
Seat 4: AIien Hand ($117.16 in chips) 
Seat 5: worker0k ($128.82 in chips) 
Seat 6: CichiChanMarian ($107.72 in chips) 
Slami4: posts small blind $0.50
AIien Hand: posts big blind $1
*** HOLE CARDS ***
worker0k: folds 
CichiChanMarian: raises $1.50 to $2.50
Supermegopro: raises $5 to $7.50
Slami4: folds 
AIien Hand: folds 
CichiChanMarian: folds 
Uncalled bet ($5) returned to Supermegopro
Supermegopro collected $6.50 from pot
Supermegopro: doesn't show hand 
*** SUMMARY ***
Total pot $6.50 | Rake $0 
Seat 1: mertisor
Seat 2: Supermegopro (button) collected ($6.50)
Seat 3: Slami4 (small blind) folded before Flop
Seat 4: AIien Hand (big blind) folded before Flop
Seat 5: worker0k folded before Flop (didn't bet)
Seat 6: CichiChanMarian folded before Flop



PokerStars Hand #254705161146:  Hold'em No Limit ($0.50/$1.00 USD) - 2025/02/04 17:51:09 WET [2025/02/04 12:51:09 ET]
Table 'Patricia II' 6-max Seat #3 is the button
Seat 1: mertisor ($27.80 in chips) is sitting out
Seat 2: Supermegopro ($105.50 in chips) 
Seat 3: Slami4 ($100 in chips) 
Seat 4: AIien Hand ($116.16 in chips) 
Seat 5: worker0k ($128.82 in chips) 
Seat 6: CichiChanMarian ($105.22 in chips) 
AIien Hand: posts small blind $0.50
worker0k: posts big blind $1
*** HOLE CARDS ***
CichiChanMarian: folds 
Supermegopro: raises $1.50 to $2.50
Slami4: folds 
AIien Hand: folds 
worker0k: raises $8.50 to $11
Supermegopro: folds 
Uncalled bet ($8.50) returned to worker0k
worker0k collected $5.50 from pot
*** SUMMARY ***
Total pot $5.50 | Rake $0 
Seat 1: mertisor
Seat 2: Supermegopro folded before Flop
Seat 3: Slami4 (button) folded before Flop (didn't bet)
Seat 4: AIien Hand (small blind) folded before Flop
Seat 5: worker0k (big blind) collected ($5.50)
Seat 6: CichiChanMarian folded before Flop (didn't bet)



PokerStars Hand #254705167398:  Hold'em No Limit ($0.50/$1.00 USD) - 2025/02/04 17:51:33 WET [2025/02/04 12:51:33 ET]
Table 'Patricia II' 6-max Seat #4 is the button
Seat 1: mertisor ($27.80 in chips) is sitting out
Seat 2: Supermegopro ($103 in chips) 
Seat 3: Slami4 ($100 in chips) 
Seat 4: AIien Hand ($115.66 in chips) 
Seat 5: worker0k ($131.82 in chips) 
Seat 6: CichiChanMarian ($105.22 in chips) 
worker0k: posts small blind $0.50
CichiChanMarian: posts big blind $1
*** HOLE CARDS ***
Supermegopro: folds 
Slami4: folds 
AIien Hand: folds 
worker0k: folds 
Uncalled bet ($0.50) returned to CichiChanMarian
CichiChanMarian collected $1 from pot
CichiChanMarian: doesn't show hand 
*** SUMMARY ***
Total pot $1 | Rake $0 
Seat 1: mertisor
Seat 2: Supermegopro folded before Flop (didn't bet)
Seat 3: Slami4 folded before Flop (didn't bet)
Seat 4: AIien Hand (button) folded before Flop (didn't bet)
Seat 5: worker0k (small blind) folded before Flop
Seat 6: CichiChanMarian (big blind) collected ($1)



PokerStars Hand #254705170176:  Hold'em No Limit ($0.50/$1.00 USD) - 2025/02/04 17:51:43 WET [2025/02/04 12:51:43 ET]
Table 'Patricia II' 6-max Seat #5 is the button
Seat 1: mertisor ($27.80 in chips) is sitting out
Seat 2: Supermegopro ($103 in chips) 
Seat 3: Slami4 ($100 in chips) 
Seat 4: AIien Hand ($115.66 in chips) 
Seat 5: worker0k ($131.32 in chips) 
Seat 6: CichiChanMarian ($105.72 in chips) 
CichiChanMarian: posts small blind $0.50
Supermegopro: posts big blind $1
*** HOLE CARDS ***
Slami4: folds 
AIien Hand: folds 
worker0k: folds 
CichiChanMarian: raises $2 to $3
Supermegopro: calls $2
*** FLOP *** [Jh 3s 9s]
CichiChanMarian: checks 
Supermegopro: checks 
*** TURN *** [Jh 3s 9s] [Ac]
CichiChanMarian: bets $3.76
Supermegopro: folds 
Uncalled bet ($3.76) returned to CichiChanMarian
CichiChanMarian collected $5.70 from pot
CichiChanMarian: doesn't show hand 
*** SUMMARY ***
Total pot $6 | Rake $0.30 
Board [Jh 3s 9s Ac]
Seat 1: mertisor
Seat 2: Supermegopro (big blind) folded on the Turn
Seat 3: Slami4 folded before Flop (didn't bet)
Seat 4: AIien Hand folded before Flop (didn't bet)
Seat 5: worker0k (button) folded before Flop (didn't bet)
Seat 6: CichiChanMarian (small blind) collected ($5.70)



PokerStars Hand #254705181735:  Hold'em No Limit ($0.50/$1.00 USD) - 2025/02/04 17:52:28 WET [2025/02/04 12:52:28 ET]
Table 'Patricia II' 6-max Seat #6 is the button
Seat 1: mertisor ($27.80 in chips) is sitting out
Seat 3: Slami4 ($100 in chips) is sitting out
Seat 2: Supermegopro ($100 in chips) 
Seat 4: AIien Hand ($115.66 in chips) 
Seat 5: worker0k ($131.32 in chips) 
Seat 6: CichiChanMarian ($108.42 in chips) 
Supermegopro: posts small blind $0.50
Slami4: is sitting out 
AIien Hand: posts big blind $1
*** HOLE CARDS ***
worker0k: folds 
Slami4 leaves the table
CichiChanMarian: calls $1
Supermegopro: folds 
AIien Hand: checks 
*** FLOP *** [Th Kd 4h]
AIien Hand: checks 
CichiChanMarian: checks 
*** TURN *** [Th Kd 4h] [4s]
AIien Hand: checks 
CichiChanMarian: bets $1.78
AIien Hand: folds 
Uncalled bet ($1.78) returned to CichiChanMarian
CichiChanMarian collected $2.38 from pot
CichiChanMarian: doesn't show hand 
*** SUMMARY ***
Total pot $2.50 | Rake $0.12 
Board [Th Kd 4h 4s]
Seat 1: mertisor
Seat 3: Slami4
Seat 2: Supermegopro (small blind) folded before Flop
Seat 4: AIien Hand (big blind) folded on the Turn
Seat 5: worker0k folded before Flop (didn't bet)
Seat 6: CichiChanMarian (button) collected ($2.38)



PokerStars Hand #254705195295:  Hold'em No Limit ($0.50/$1.00 USD) - 2025/02/04 17:53:20 WET [2025/02/04 12:53:20 ET]
Table 'Patricia II' 6-max Seat #2 is the button
Seat 1: mertisor ($27.80 in chips) is sitting out
Seat 2: Supermegopro ($100 in chips) 
Seat 4: AIien Hand ($114.66 in chips) 
Seat 5: worker0k ($131.32 in chips) 
Seat 6: CichiChanMarian ($109.80 in chips) 
AIien Hand: posts small blind $0.50
worker0k: posts big blind $1
*** HOLE CARDS ***
CichiChanMarian: folds 
paramourx joins the table at seat #3 
Supermegopro: raises $1.50 to $2.50
AIien Hand: folds 
worker0k: raises $8.50 to $11
Supermegopro: folds 
Uncalled bet ($8.50) returned to worker0k
worker0k collected $5.50 from pot
worker0k: shows [Qc Ah]
*** SUMMARY ***
Total pot $5.50 | Rake $0 
Seat 1: mertisor
Seat 2: Supermegopro (button) folded before Flop
Seat 4: AIien Hand (small blind) folded before Flop
Seat 5: worker0k (big blind) collected ($5.50)
Seat 6: CichiChanMarian folded before Flop (didn't bet)



PokerStars Hand #254705198781:  Hold'em No Limit ($0.50/$1.00 USD) - 2025/02/04 17:53:34 WET [2025/02/04 12:53:34 ET]
Table 'Patricia II' 6-max Seat #4 is the button
Seat 1: mertisor ($27.80 in chips) is sitting out
Seat 3: paramourx ($100 in chips) is sitting out
Seat 6: CichiChanMarian ($109.80 in chips) is sitting out
Seat 2: Supermegopro ($100 in chips) 
Seat 4: AIien Hand ($114.16 in chips) 
Seat 5: worker0k ($134.32 in chips) 
worker0k: posts small blind $0.50
CichiChanMarian: is sitting out 
Supermegopro: posts big blind $1
paramourx: sits out 
*** HOLE CARDS ***
AIien Hand: raises $1.50 to $2.50
worker0k: folds 
Supermegopro: calls $1.50
*** FLOP *** [8c Qc 5c]
Supermegopro: checks 
AIien Hand: checks 
*** TURN *** [8c Qc 5c] [6h]
Supermegopro: bets $7.83
paramourx leaves the table
AIien Hand: calls $7.83
*** RIVER *** [8c Qc 5c 6h] [Js]
Supermegopro: checks 
AIien Hand: checks 
*** SHOW DOWN ***
Supermegopro: shows [Qd 8s] (two pair, Queens and Eights)
AIien Hand: mucks hand 
Supermegopro collected $20.16 from pot
*** SUMMARY ***
Total pot $21.16 | Rake $1 
Board [8c Qc 5c 6h Js]
Seat 1: mertisor
Seat 3: paramourx
Seat 6: CichiChanMarian
Seat 2: Supermegopro (big blind) showed [Qd 8s] and won ($20.16) with two pair, Queens and Eights
Seat 4: AIien Hand (button) mucked
Seat 5: worker0k (small blind) folded before Flop



PokerStars Hand #254705212763:  Hold'em No Limit ($0.50/$1.00 USD) - 2025/02/04 17:54:28 WET [2025/02/04 12:54:28 ET]
Table 'Patricia II' 6-max Seat #5 is the button
Seat 1: mertisor ($27.80 in chips) is sitting out
Seat 6: CichiChanMarian ($109.80 in chips) is sitting out
Seat 2: Supermegopro ($109.83 in chips) 
Seat 4: AIien Hand ($103.83 in chips) 
Seat 5: worker0k ($133.82 in chips) 
Supermegopro: posts small blind $0.50
AIien Hand: posts big blind $1
*** HOLE CARDS ***
worker0k: raises $1.30 to $2.30
Supermegopro: folds 
AIien Hand: folds 
Uncalled bet ($1.30) returned to worker0k
worker0k collected $2.50 from pot
*** SUMMARY ***
Total pot $2.50 | Rake $0 
Seat 1: mertisor
Seat 6: CichiChanMarian
Seat 2: Supermegopro (small blind) folded before Flop
Seat 4: AIien Hand (big blind) folded before Flop
Seat 5: worker0k (button) collected ($2.50)



PokerStars Hand #254705215146:  Hold'em No Limit ($0.50/$1.00 USD) - 2025/02/04 17:54:38 WET [2025/02/04 12:54:38 ET]
Table 'Patricia II' 6-max Seat #4 is the button
Seat 1: mertisor ($27.80 in chips) is sitting out
Seat 5: worker0k ($135.32 in chips) is sitting out
Seat 6: CichiChanMarian ($109.80 in chips) is sitting out
Seat 2: Supermegopro ($109.33 in chips) 
Seat 4: AIien Hand ($102.83 in chips) 
AIien Hand: posts small blind $0.50
worker0k: is sitting out 
Supermegopro: posts big blind $1
*** HOLE CARDS ***
worker0k leaves the table
CichiChanMarian leaves the table
AIien Hand: raises $1.50 to $2.50
Supermegopro: calls $1.50
*** FLOP *** [2h 2d 8d]
Supermegopro: checks 
AIien Hand: bets $1.43
Supermegopro: raises $5.57 to $7
AIien Hand: folds 
Uncalled bet ($5.57) returned to Supermegopro
Supermegopro collected $7.47 from pot
Supermegopro: doesn't show hand 
*** SUMMARY ***
Total pot $7.86 | Rake $0.39 
Board [2h 2d 8d]
Seat 1: mertisor
Seat 5: worker0k
Seat 6: CichiChanMarian
Seat 2: Supermegopro (big blind) collected ($7.47)
Seat 4: AIien Hand (button) (small blind) folded on the Flop



