PokerStars Hand #254363380898:  Hold'em No Limit ($0.50/$1.00 USD) - 2025/01/14 9:28:35 WET [2025/01/14 4:28:35 ET]
Table 'Cottrell II' 6-max Seat #5 is the button
Seat 1: AlexEliseev7 ($100 in chips) 
Seat 2: DanielZan7 ($14.34 in chips) 
Seat 3: Poker9803 ($100 in chips) 
Seat 4: Slami4 ($100 in chips) 
Seat 5: KarP93 ($100 in chips) 
AlexEliseev7: posts small blind $0.50
DanielZan7: posts big blind $1
*** HOLE CARDS ***
Poker9803: folds 
Slami4: folds 
KarP93: folds 
AlexEliseev7: folds 
Uncalled bet ($0.50) returned to DanielZan7
DanielZan7 collected $1 from pot
*** SUMMARY ***
Total pot $1 | Rake $0 
Seat 1: AlexEliseev7 (small blind) folded before Flop
Seat 2: DanielZan7 (big blind) collected ($1)
Seat 3: Poker9803 folded before Flop (didn't bet)
Seat 4: Slami4 folded before Flop (didn't bet)
Seat 5: KarP93 (button) folded before Flop (didn't bet)



PokerStars Hand #254363382462:  Hold'em No Limit ($0.50/$1.00 USD) - 2025/01/14 9:28:53 WET [2025/01/14 4:28:53 ET]
Table 'Cottrell II' 6-max Seat #1 is the button
Seat 1: AlexEliseev7 ($100 in chips) 
Seat 2: DanielZan7 ($29.43 in chips) 
Seat 3: Poker9803 ($100 in chips) 
Seat 4: Slami4 ($100 in chips) 
Seat 5: KarP93 ($100 in chips) 
DanielZan7: posts small blind $0.50
Poker9803: posts big blind $1
*** HOLE CARDS ***
Slami4: folds 
KarP93: folds 
chirva007 joins the table at seat #6 
AlexEliseev7: raises $1.50 to $2.50
DanielZan7: folds 
Poker9803: raises $10.50 to $13
AlexEliseev7: calls $10.50
*** FLOP *** [8h 3s 6h]
Poker9803: bets $8.31
AlexEliseev7: raises $13.79 to $22.10
Poker9803: raises $64.90 to $87 and is all-in
AlexEliseev7: calls $64.90 and is all-in
*** TURN *** [8h 3s 6h] [9d]
*** RIVER *** [8h 3s 6h 9d] [2d]
*** SHOW DOWN ***
Poker9803: shows [4h 5h] (a straight, Deuce to Six)
AlexEliseev7: shows [Ah Th] (high card Ace)
Poker9803 collected $198 from pot
*** SUMMARY ***
Total pot $200.50 | Rake $2.50 
Board [8h 3s 6h 9d 2d]
Seat 1: AlexEliseev7 (button) showed [Ah Th] and lost with high card Ace
Seat 2: DanielZan7 (small blind) folded before Flop
Seat 3: Poker9803 (big blind) showed [4h 5h] and won ($198) with a straight, Deuce to Six
Seat 4: Slami4 folded before Flop (didn't bet)
Seat 5: KarP93 folded before Flop (didn't bet)



PokerStars Hand #254363388480:  Hold'em No Limit ($0.50/$1.00 USD) - 2025/01/14 9:29:57 WET [2025/01/14 4:29:57 ET]
Table 'Cottrell II' 6-max Seat #2 is the button
Seat 6: chirva007 ($100 in chips) is sitting out
Seat 1: AlexEliseev7 ($100 in chips) 
Seat 2: DanielZan7 ($28.93 in chips) 
Seat 3: Poker9803 ($198 in chips) 
Seat 4: Slami4 ($100 in chips) 
Seat 5: KarP93 ($100 in chips) 
Poker9803: posts small blind $0.50
Slami4: posts big blind $1
chirva007: sits out 
*** HOLE CARDS ***
KarP93: folds 
AlexEliseev7: folds 
DanielZan7: folds 
Poker9803: folds 
Uncalled bet ($0.50) returned to Slami4
Slami4 collected $1 from pot
Slami4: doesn't show hand 
*** SUMMARY ***
Total pot $1 | Rake $0 
Seat 6: chirva007
Seat 1: AlexEliseev7 folded before Flop (didn't bet)
Seat 2: DanielZan7 (button) folded before Flop (didn't bet)
Seat 3: Poker9803 (small blind) folded before Flop
Seat 4: Slami4 (big blind) collected ($1)
Seat 5: KarP93 folded before Flop (didn't bet)



PokerStars Hand #254363389549:  Hold'em No Limit ($0.50/$1.00 USD) - 2025/01/14 9:30:08 WET [2025/01/14 4:30:08 ET]
Table 'Cottrell II' 6-max Seat #3 is the button
Seat 6: chirva007 ($100 in chips) is sitting out
Seat 1: AlexEliseev7 ($100 in chips) 
Seat 2: DanielZan7 ($28.93 in chips) 
Seat 3: Poker9803 ($197.50 in chips) 
Seat 4: Slami4 ($100.50 in chips) 
Seat 5: KarP93 ($100 in chips) 
Slami4: posts small blind $0.50
KarP93: posts big blind $1
chirva007: sits out 
*** HOLE CARDS ***
AlexEliseev7: raises $1.50 to $2.50
DanielZan7: folds 
Poker9803: raises $6 to $8.50
Slami4: folds 
KarP93: raises $12 to $20.50
AlexEliseev7: folds 
Poker9803: calls $12
*** FLOP *** [7d 2h Ac]
KarP93: bets $13.79
Poker9803: calls $13.79
*** TURN *** [7d 2h Ac] [6s]
KarP93: checks 
Poker9803: bets $22.80
KarP93: folds 
Uncalled bet ($22.80) returned to Poker9803
Poker9803 collected $69.08 from pot
Poker9803: doesn't show hand 
*** SUMMARY ***
Total pot $71.58 | Rake $2.50 
Board [7d 2h Ac 6s]
Seat 6: chirva007
Seat 1: AlexEliseev7 folded before Flop
Seat 2: DanielZan7 folded before Flop (didn't bet)
Seat 3: Poker9803 (button) collected ($69.08)
Seat 4: Slami4 (small blind) folded before Flop
Seat 5: KarP93 (big blind) folded on the Turn



PokerStars Hand #254363397623:  Hold'em No Limit ($0.50/$1.00 USD) - 2025/01/14 9:31:34 WET [2025/01/14 4:31:34 ET]
Table 'Cottrell II' 6-max Seat #4 is the button
Seat 1: AlexEliseev7 ($100 in chips) 
Seat 2: DanielZan7 ($28.93 in chips) 
Seat 3: Poker9803 ($232.29 in chips) 
Seat 4: Slami4 ($100 in chips) 
Seat 5: KarP93 ($100 in chips) 
Seat 6: chirva007 ($100 in chips) 
KarP93: posts small blind $0.50
chirva007: posts big blind $1
*** HOLE CARDS ***
AlexEliseev7: folds 
DanielZan7: folds 
Poker9803: folds 
Slami4: raises $1.50 to $2.50
KarP93: folds 
chirva007: calls $1.50
*** FLOP *** [Ah 9s 7h]
chirva007: checks 
Slami4: bets $1.72
chirva007: folds 
Uncalled bet ($1.72) returned to Slami4
Slami4 collected $5.22 from pot
Slami4: doesn't show hand 
*** SUMMARY ***
Total pot $5.50 | Rake $0.28 
Board [Ah 9s 7h]
Seat 1: AlexEliseev7 folded before Flop (didn't bet)
Seat 2: DanielZan7 folded before Flop (didn't bet)
Seat 3: Poker9803 folded before Flop (didn't bet)
Seat 4: Slami4 (button) collected ($5.22)
Seat 5: KarP93 (small blind) folded before Flop
Seat 6: chirva007 (big blind) folded on the Flop



PokerStars Hand #254363399461:  Hold'em No Limit ($0.50/$1.00 USD) - 2025/01/14 9:31:53 WET [2025/01/14 4:31:53 ET]
Table 'Cottrell II' 6-max Seat #5 is the button
Seat 1: AlexEliseev7 ($100 in chips) 
Seat 2: DanielZan7 ($28.93 in chips) 
Seat 3: Poker9803 ($232.29 in chips) 
Seat 4: Slami4 ($102.72 in chips) 
Seat 5: KarP93 ($100 in chips) 
Seat 6: chirva007 ($100 in chips) 
chirva007: posts small blind $0.50
AlexEliseev7: posts big blind $1
*** HOLE CARDS ***
DanielZan7: raises $1.50 to $2.50
Poker9803: raises $3.50 to $6
Slami4: folds 
KarP93: folds 
chirva007: folds 
AlexEliseev7: folds 
DanielZan7: raises $8.65 to $14.65
Poker9803: folds 
Uncalled bet ($8.65) returned to DanielZan7
DanielZan7 collected $13.50 from pot
*** SUMMARY ***
Total pot $13.50 | Rake $0 
Seat 1: AlexEliseev7 (big blind) folded before Flop
Seat 2: DanielZan7 collected ($13.50)
Seat 3: Poker9803 folded before Flop
Seat 4: Slami4 folded before Flop (didn't bet)
Seat 5: KarP93 (button) folded before Flop (didn't bet)
Seat 6: chirva007 (small blind) folded before Flop



PokerStars Hand #254363405010:  Hold'em No Limit ($0.50/$1.00 USD) - 2025/01/14 9:32:49 WET [2025/01/14 4:32:49 ET]
Table 'Cottrell II' 6-max Seat #6 is the button
Seat 1: AlexEliseev7 ($100 in chips) 
Seat 2: DanielZan7 ($36.43 in chips) 
Seat 3: Poker9803 ($226.29 in chips) 
Seat 4: Slami4 ($102.72 in chips) 
Seat 5: KarP93 ($100 in chips) 
Seat 6: chirva007 ($100 in chips) 
AlexEliseev7: posts small blind $0.50
DanielZan7: posts big blind $1
*** HOLE CARDS ***
Poker9803: folds 
Slami4: folds 
KarP93: folds 
chirva007: folds 
AlexEliseev7: folds 
Uncalled bet ($0.50) returned to DanielZan7
DanielZan7 collected $1 from pot
*** SUMMARY ***
Total pot $1 | Rake $0 
Seat 1: AlexEliseev7 (small blind) folded before Flop
Seat 2: DanielZan7 (big blind) collected ($1)
Seat 3: Poker9803 folded before Flop (didn't bet)
Seat 4: Slami4 folded before Flop (didn't bet)
Seat 5: KarP93 folded before Flop (didn't bet)
Seat 6: chirva007 (button) folded before Flop (didn't bet)



PokerStars Hand #254363406279:  Hold'em No Limit ($0.50/$1.00 USD) - 2025/01/14 9:33:03 WET [2025/01/14 4:33:03 ET]
Table 'Cottrell II' 6-max Seat #1 is the button
Seat 1: AlexEliseev7 ($100 in chips) 
Seat 2: DanielZan7 ($36.93 in chips) 
Seat 3: Poker9803 ($226.29 in chips) 
Seat 4: Slami4 ($102.72 in chips) 
Seat 5: KarP93 ($100 in chips) 
Seat 6: chirva007 ($100 in chips) 
DanielZan7: posts small blind $0.50
Poker9803: posts big blind $1
*** HOLE CARDS ***
Slami4: folds 
KarP93: folds 
chirva007: folds 
AlexEliseev7: folds 
DanielZan7: calls $0.50
Poker9803: raises $225.29 to $226.29 and is all-in
DanielZan7: calls $35.93 and is all-in
Uncalled bet ($189.36) returned to Poker9803
*** FLOP *** [2h Tc Ks]
*** TURN *** [2h Tc Ks] [7c]
*** RIVER *** [2h Tc Ks 7c] [9c]
*** SHOW DOWN ***
DanielZan7: shows [Th Ah] (a pair of Tens)
Poker9803: shows [Qd Ac] (high card Ace)
DanielZan7 collected $71.36 from pot
*** SUMMARY ***
Total pot $73.86 | Rake $2.50 
Board [2h Tc Ks 7c 9c]
Seat 1: AlexEliseev7 (button) folded before Flop (didn't bet)
Seat 2: DanielZan7 (small blind) showed [Th Ah] and won ($71.36) with a pair of Tens
Seat 3: Poker9803 (big blind) showed [Qd Ac] and lost with high card Ace
Seat 4: Slami4 folded before Flop (didn't bet)
Seat 5: KarP93 folded before Flop (didn't bet)
Seat 6: chirva007 folded before Flop (didn't bet)



PokerStars Hand #254363408700:  Hold'em No Limit ($0.50/$1.00 USD) - 2025/01/14 9:33:27 WET [2025/01/14 4:33:27 ET]
Table 'Cottrell II' 6-max Seat #2 is the button
Seat 1: AlexEliseev7 ($100 in chips) 
Seat 2: DanielZan7 ($71.36 in chips) 
Seat 3: Poker9803 ($189.36 in chips) 
Seat 4: Slami4 ($102.72 in chips) 
Seat 5: KarP93 ($100 in chips) 
Seat 6: chirva007 ($100 in chips) 
Poker9803: posts small blind $0.50
Slami4: posts big blind $1
*** HOLE CARDS ***
KarP93: folds 
chirva007: folds 
AlexEliseev7: folds 
DanielZan7: folds 
Poker9803: folds 
Uncalled bet ($0.50) returned to Slami4
Slami4 collected $1 from pot
Slami4: doesn't show hand 
*** SUMMARY ***
Total pot $1 | Rake $0 
Seat 1: AlexEliseev7 folded before Flop (didn't bet)
Seat 2: DanielZan7 (button) folded before Flop (didn't bet)
Seat 3: Poker9803 (small blind) folded before Flop
Seat 4: Slami4 (big blind) collected ($1)
Seat 5: KarP93 folded before Flop (didn't bet)
Seat 6: chirva007 folded before Flop (didn't bet)



PokerStars Hand #254363410862:  Hold'em No Limit ($0.50/$1.00 USD) - 2025/01/14 9:33:49 WET [2025/01/14 4:33:49 ET]
Table 'Cottrell II' 6-max Seat #3 is the button
Seat 5: KarP93 ($100 in chips) is sitting out
Seat 1: AlexEliseev7 ($100 in chips) 
Seat 2: DanielZan7 ($71.36 in chips) 
Seat 3: Poker9803 ($188.86 in chips) 
Seat 4: Slami4 ($103.22 in chips) 
Seat 6: chirva007 ($100 in chips) 
Slami4: posts small blind $0.50
KarP93: is sitting out 
chirva007: posts big blind $1
*** HOLE CARDS ***
AlexEliseev7: raises $1.50 to $2.50
DanielZan7: folds 
Poker9803: folds 
Slami4: folds 
chirva007: folds 
Uncalled bet ($1.50) returned to AlexEliseev7
AlexEliseev7 collected $2.50 from pot
AlexEliseev7: doesn't show hand 
*** SUMMARY ***
Total pot $2.50 | Rake $0 
Seat 5: KarP93
Seat 1: AlexEliseev7 collected ($2.50)
Seat 2: DanielZan7 folded before Flop (didn't bet)
Seat 3: Poker9803 (button) folded before Flop (didn't bet)
Seat 4: Slami4 (small blind) folded before Flop
Seat 6: chirva007 (big blind) folded before Flop



PokerStars Hand #254363411707:  Hold'em No Limit ($0.50/$1.00 USD) - 2025/01/14 9:33:58 WET [2025/01/14 4:33:58 ET]
Table 'Cottrell II' 6-max Seat #4 is the button
Seat 5: KarP93 ($100 in chips) is sitting out
Seat 1: AlexEliseev7 ($101.50 in chips) 
Seat 2: DanielZan7 ($71.36 in chips) 
Seat 3: Poker9803 ($188.86 in chips) 
Seat 4: Slami4 ($102.72 in chips) 
Seat 6: chirva007 ($100 in chips) 
chirva007: posts small blind $0.50
AlexEliseev7: posts big blind $1
*** HOLE CARDS ***
DanielZan7: folds 
Poker9803: folds 
Slami4: folds 
chirva007: raises $1.50 to $2.50
AlexEliseev7: folds 
Uncalled bet ($1.50) returned to chirva007
chirva007 collected $2 from pot
chirva007: doesn't show hand 
*** SUMMARY ***
Total pot $2 | Rake $0 
Seat 5: KarP93
Seat 1: AlexEliseev7 (big blind) folded before Flop
Seat 2: DanielZan7 folded before Flop (didn't bet)
Seat 3: Poker9803 folded before Flop (didn't bet)
Seat 4: Slami4 (button) folded before Flop (didn't bet)
Seat 6: chirva007 (small blind) collected ($2)



PokerStars Hand #254363413301:  Hold'em No Limit ($0.50/$1.00 USD) - 2025/01/14 9:34:15 WET [2025/01/14 4:34:15 ET]
Table 'Cottrell II' 6-max Seat #6 is the button
Seat 5: KarP93 ($100 in chips) is sitting out
Seat 1: AlexEliseev7 ($100.50 in chips) 
Seat 2: DanielZan7 ($71.36 in chips) 
Seat 3: Poker9803 ($188.86 in chips) 
Seat 4: Slami4 ($102.72 in chips) 
Seat 6: chirva007 ($101 in chips) 
AlexEliseev7: posts small blind $0.50
DanielZan7: posts big blind $1
*** HOLE CARDS ***
Poker9803: folds 
Slami4: raises $1.50 to $2.50
chirva007: folds 
AlexEliseev7: folds 
DanielZan7: calls $1.50
*** FLOP *** [3s Qc Jd]
DanielZan7: checks 
Slami4: checks 
*** TURN *** [3s Qc Jd] [6d]
DanielZan7: checks 
Slami4: checks 
*** RIVER *** [3s Qc Jd 6d] [5s]
DanielZan7: bets $2
Slami4: folds 
Uncalled bet ($2) returned to DanielZan7
DanielZan7 collected $5.22 from pot
*** SUMMARY ***
Total pot $5.50 | Rake $0.28 
Board [3s Qc Jd 6d 5s]
Seat 5: KarP93
Seat 1: AlexEliseev7 (small blind) folded before Flop
Seat 2: DanielZan7 (big blind) collected ($5.22)
Seat 3: Poker9803 folded before Flop (didn't bet)
Seat 4: Slami4 folded on the River
Seat 6: chirva007 (button) folded before Flop (didn't bet)



PokerStars Hand #254363418008:  Hold'em No Limit ($0.50/$1.00 USD) - 2025/01/14 9:35:03 WET [2025/01/14 4:35:03 ET]
Table 'Cottrell II' 6-max Seat #1 is the button
Seat 5: KarP93 ($100 in chips) is sitting out
Seat 1: AlexEliseev7 ($100 in chips) 
Seat 2: DanielZan7 ($74.08 in chips) 
Seat 3: Poker9803 ($188.86 in chips) 
Seat 4: Slami4 ($100.22 in chips) 
Seat 6: chirva007 ($101 in chips) 
DanielZan7: posts small blind $0.50
Poker9803: posts big blind $1
*** HOLE CARDS ***
Slami4: folds 
chirva007: folds 
AlexEliseev7: folds 
DanielZan7: calls $0.50
Poker9803: checks 
*** FLOP *** [4d 7c 2h]
DanielZan7: bets $1
Poker9803: calls $1
*** TURN *** [4d 7c 2h] [Jh]
DanielZan7: checks 
Poker9803: checks 
*** RIVER *** [4d 7c 2h Jh] [5c]
DanielZan7: bets $1
Poker9803: folds 
Uncalled bet ($1) returned to DanielZan7
DanielZan7 collected $3.80 from pot
*** SUMMARY ***
Total pot $4 | Rake $0.20 
Board [4d 7c 2h Jh 5c]
Seat 5: KarP93
Seat 1: AlexEliseev7 (button) folded before Flop (didn't bet)
Seat 2: DanielZan7 (small blind) collected ($3.80)
Seat 3: Poker9803 (big blind) folded on the River
Seat 4: Slami4 folded before Flop (didn't bet)
Seat 6: chirva007 folded before Flop (didn't bet)



PokerStars Hand #254363422734:  Hold'em No Limit ($0.50/$1.00 USD) - 2025/01/14 9:35:52 WET [2025/01/14 4:35:52 ET]
Table 'Cottrell II' 6-max Seat #2 is the button
Seat 5: KarP93 ($100 in chips) is sitting out
Seat 1: AlexEliseev7 ($100 in chips) 
Seat 2: DanielZan7 ($75.88 in chips) 
Seat 3: Poker9803 ($186.86 in chips) 
Seat 4: Slami4 ($100.22 in chips) 
Seat 6: chirva007 ($101 in chips) 
Poker9803: posts small blind $0.50
Slami4: posts big blind $1
*** HOLE CARDS ***
chirva007: folds 
AlexEliseev7: folds 
DanielZan7: folds 
Poker9803: folds 
Uncalled bet ($0.50) returned to Slami4
Slami4 collected $1 from pot
Slami4: doesn't show hand 
*** SUMMARY ***
Total pot $1 | Rake $0 
Seat 5: KarP93
Seat 1: AlexEliseev7 folded before Flop (didn't bet)
Seat 2: DanielZan7 (button) folded before Flop (didn't bet)
Seat 3: Poker9803 (small blind) folded before Flop
Seat 4: Slami4 (big blind) collected ($1)
Seat 6: chirva007 folded before Flop (didn't bet)



PokerStars Hand #254363423524:  Hold'em No Limit ($0.50/$1.00 USD) - 2025/01/14 9:36:00 WET [2025/01/14 4:36:00 ET]
Table 'Cottrell II' 6-max Seat #3 is the button
Seat 5: KarP93 ($100 in chips) is sitting out
Seat 1: AlexEliseev7 ($100 in chips) 
Seat 2: DanielZan7 ($75.88 in chips) 
Seat 3: Poker9803 ($186.36 in chips) 
Seat 4: Slami4 ($100.72 in chips) 
Seat 6: chirva007 ($101 in chips) 
Slami4: posts small blind $0.50
chirva007: posts big blind $1
*** HOLE CARDS ***
AlexEliseev7: folds 
DanielZan7: calls $1
Poker9803: raises $2.50 to $3.50
Slami4: folds 
chirva007: folds 
DanielZan7: folds 
Uncalled bet ($2.50) returned to Poker9803
Poker9803 collected $3.50 from pot
Poker9803: doesn't show hand 
*** SUMMARY ***
Total pot $3.50 | Rake $0 
Seat 5: KarP93
Seat 1: AlexEliseev7 folded before Flop (didn't bet)
Seat 2: DanielZan7 folded before Flop
Seat 3: Poker9803 (button) collected ($3.50)
Seat 4: Slami4 (small blind) folded before Flop
Seat 6: chirva007 (big blind) folded before Flop



PokerStars Hand #254363425870:  Hold'em No Limit ($0.50/$1.00 USD) - 2025/01/14 9:36:24 WET [2025/01/14 4:36:24 ET]
Table 'Cottrell II' 6-max Seat #4 is the button
Seat 5: KarP93 ($100 in chips) is sitting out
Seat 1: AlexEliseev7 ($100 in chips) 
Seat 2: DanielZan7 ($74.88 in chips) 
Seat 3: Poker9803 ($188.86 in chips) 
Seat 4: Slami4 ($100.22 in chips) 
Seat 6: chirva007 ($100 in chips) 
chirva007: posts small blind $0.50
AlexEliseev7: posts big blind $1
*** HOLE CARDS ***
DanielZan7: folds 
Poker9803: folds 
Slami4: folds 
chirva007: folds 
Uncalled bet ($0.50) returned to AlexEliseev7
AlexEliseev7 collected $1 from pot
AlexEliseev7: doesn't show hand 
*** SUMMARY ***
Total pot $1 | Rake $0 
Seat 5: KarP93
Seat 1: AlexEliseev7 (big blind) collected ($1)
Seat 2: DanielZan7 folded before Flop (didn't bet)
Seat 3: Poker9803 folded before Flop (didn't bet)
Seat 4: Slami4 (button) folded before Flop (didn't bet)
Seat 6: chirva007 (small blind) folded before Flop



PokerStars Hand #254363426510:  Hold'em No Limit ($0.50/$1.00 USD) - 2025/01/14 9:36:30 WET [2025/01/14 4:36:30 ET]
Table 'Cottrell II' 6-max Seat #6 is the button
Seat 5: KarP93 ($100 in chips) is sitting out
Seat 1: AlexEliseev7 ($100.50 in chips) 
Seat 2: DanielZan7 ($74.88 in chips) 
Seat 3: Poker9803 ($188.86 in chips) 
Seat 4: Slami4 ($100.22 in chips) 
Seat 6: chirva007 ($100 in chips) 
AlexEliseev7: posts small blind $0.50
DanielZan7: posts big blind $1
*** HOLE CARDS ***
Poker9803: folds 
Slami4: folds 
chirva007: raises $1.50 to $2.50
AlexEliseev7: folds 
DanielZan7: folds 
Uncalled bet ($1.50) returned to chirva007
chirva007 collected $2.50 from pot
chirva007: doesn't show hand 
*** SUMMARY ***
Total pot $2.50 | Rake $0 
Seat 5: KarP93
Seat 1: AlexEliseev7 (small blind) folded before Flop
Seat 2: DanielZan7 (big blind) folded before Flop
Seat 3: Poker9803 folded before Flop (didn't bet)
Seat 4: Slami4 folded before Flop (didn't bet)
Seat 6: chirva007 (button) collected ($2.50)



PokerStars Hand #254363428639:  Hold'em No Limit ($0.50/$1.00 USD) - 2025/01/14 9:36:52 WET [2025/01/14 4:36:52 ET]
Table 'Cottrell II' 6-max Seat #1 is the button
Seat 5: KarP93 ($100 in chips) is sitting out
Seat 1: AlexEliseev7 ($100 in chips) 
Seat 2: DanielZan7 ($73.88 in chips) 
Seat 3: Poker9803 ($188.86 in chips) 
Seat 4: Slami4 ($100.22 in chips) 
Seat 6: chirva007 ($101.50 in chips) 
DanielZan7: posts small blind $0.50
Poker9803: posts big blind $1
*** HOLE CARDS ***
Slami4: raises $1.50 to $2.50
chirva007: folds 
AlexEliseev7: folds 
DanielZan7: folds 
Poker9803: calls $1.50
*** FLOP *** [Kd Kc Js]
Poker9803: checks 
Slami4: bets $1.72
Poker9803: folds 
Uncalled bet ($1.72) returned to Slami4
KarP93 leaves the table
Slami4 collected $5.22 from pot
Slami4: doesn't show hand 
*** SUMMARY ***
Total pot $5.50 | Rake $0.28 
Board [Kd Kc Js]
Seat 5: KarP93
Seat 1: AlexEliseev7 (button) folded before Flop (didn't bet)
Seat 2: DanielZan7 (small blind) folded before Flop
Seat 3: Poker9803 (big blind) folded on the Flop
Seat 4: Slami4 collected ($5.22)
Seat 6: chirva007 folded before Flop (didn't bet)



PokerStars Hand #254363431115:  Hold'em No Limit ($0.50/$1.00 USD) - 2025/01/14 9:37:17 WET [2025/01/14 4:37:17 ET]
Table 'Cottrell II' 6-max Seat #2 is the button
Seat 1: AlexEliseev7 ($100 in chips) 
Seat 2: DanielZan7 ($73.38 in chips) 
Seat 3: Poker9803 ($186.36 in chips) 
Seat 4: Slami4 ($102.94 in chips) 
Seat 6: chirva007 ($101.50 in chips) 
Poker9803: posts small blind $0.50
Slami4: posts big blind $1
*** HOLE CARDS ***
nickreason17 joins the table at seat #5 
chirva007: folds 
AlexEliseev7: raises $1.50 to $2.50
DanielZan7: folds 
Poker9803: folds 
Slami4: folds 
Uncalled bet ($1.50) returned to AlexEliseev7
AlexEliseev7 collected $2.50 from pot
AlexEliseev7: doesn't show hand 
*** SUMMARY ***
Total pot $2.50 | Rake $0 
Seat 1: AlexEliseev7 collected ($2.50)
Seat 2: DanielZan7 (button) folded before Flop (didn't bet)
Seat 3: Poker9803 (small blind) folded before Flop
Seat 4: Slami4 (big blind) folded before Flop
Seat 6: chirva007 folded before Flop (didn't bet)



PokerStars Hand #254363432281:  Hold'em No Limit ($0.50/$1.00 USD) - 2025/01/14 9:37:29 WET [2025/01/14 4:37:29 ET]
Table 'Cottrell II' 6-max Seat #3 is the button
Seat 1: AlexEliseev7 ($101.50 in chips) 
Seat 2: DanielZan7 ($73.38 in chips) 
Seat 3: Poker9803 ($185.86 in chips) 
Seat 4: Slami4 ($101.94 in chips) 
Seat 5: nickreason17 ($100 in chips) 
Seat 6: chirva007 ($101.50 in chips) 
Slami4: posts small blind $0.50
nickreason17: posts big blind $1
*** HOLE CARDS ***
chirva007: folds 
AlexEliseev7: folds 
DanielZan7: folds 
Poker9803: raises $1.50 to $2.50
Slami4: folds 
nickreason17: calls $1.50
*** FLOP *** [4s 9h Kh]
nickreason17: checks 
Poker9803: bets $1.72
nickreason17: calls $1.72
*** TURN *** [4s 9h Kh] [Qd]
nickreason17: checks 
Poker9803: checks 
*** RIVER *** [4s 9h Kh Qd] [7d]
nickreason17: checks 
Poker9803: checks 
*** SHOW DOWN ***
nickreason17: shows [9d As] (a pair of Nines)
Poker9803: mucks hand 
nickreason17 collected $8.49 from pot
*** SUMMARY ***
Total pot $8.94 | Rake $0.45 
Board [4s 9h Kh Qd 7d]
Seat 1: AlexEliseev7 folded before Flop (didn't bet)
Seat 2: DanielZan7 folded before Flop (didn't bet)
Seat 3: Poker9803 (button) mucked
Seat 4: Slami4 (small blind) folded before Flop
Seat 5: nickreason17 (big blind) showed [9d As] and won ($8.49) with a pair of Nines
Seat 6: chirva007 folded before Flop (didn't bet)



PokerStars Hand #254363435979:  Hold'em No Limit ($0.50/$1.00 USD) - 2025/01/14 9:38:07 WET [2025/01/14 4:38:07 ET]
Table 'Cottrell II' 6-max Seat #4 is the button
Seat 1: AlexEliseev7 ($101.50 in chips) 
Seat 2: DanielZan7 ($73.38 in chips) 
Seat 3: Poker9803 ($181.64 in chips) 
Seat 4: Slami4 ($101.44 in chips) 
Seat 5: nickreason17 ($104.27 in chips) 
Seat 6: chirva007 ($101.50 in chips) 
nickreason17: posts small blind $0.50
chirva007: posts big blind $1
*** HOLE CARDS ***
AlexEliseev7: raises $1.50 to $2.50
DanielZan7: calls $2.50
Poker9803: folds 
Slami4: folds 
nickreason17: folds 
chirva007: folds 
*** FLOP *** [Ad 4c Jd]
AlexEliseev7: bets $2.04
DanielZan7: calls $2.04
*** TURN *** [Ad 4c Jd] [Ah]
AlexEliseev7: checks 
DanielZan7: checks 
*** RIVER *** [Ad 4c Jd Ah] [Kd]
AlexEliseev7: checks 
DanielZan7: checks 
*** SHOW DOWN ***
AlexEliseev7: shows [7h 7s] (two pair, Aces and Sevens)
DanielZan7: shows [Js Qs] (two pair, Aces and Jacks)
DanielZan7 collected $10.05 from pot
*** SUMMARY ***
Total pot $10.58 | Rake $0.53 
Board [Ad 4c Jd Ah Kd]
Seat 1: AlexEliseev7 showed [7h 7s] and lost with two pair, Aces and Sevens
Seat 2: DanielZan7 showed [Js Qs] and won ($10.05) with two pair, Aces and Jacks
Seat 3: Poker9803 folded before Flop (didn't bet)
Seat 4: Slami4 (button) folded before Flop (didn't bet)
Seat 5: nickreason17 (small blind) folded before Flop
Seat 6: chirva007 (big blind) folded before Flop



PokerStars Hand #254363439726:  Hold'em No Limit ($0.50/$1.00 USD) - 2025/01/14 9:38:45 WET [2025/01/14 4:38:45 ET]
Table 'Cottrell II' 6-max Seat #5 is the button
Seat 1: AlexEliseev7 ($100 in chips) 
Seat 2: DanielZan7 ($78.89 in chips) 
Seat 3: Poker9803 ($181.64 in chips) 
Seat 4: Slami4 ($101.44 in chips) 
Seat 5: nickreason17 ($103.77 in chips) 
Seat 6: chirva007 ($100.50 in chips) 
chirva007: posts small blind $0.50
AlexEliseev7: posts big blind $1
*** HOLE CARDS ***
DanielZan7: folds 
Poker9803: folds 
Slami4: folds 
nickreason17: folds 
chirva007: folds 
Uncalled bet ($0.50) returned to AlexEliseev7
AlexEliseev7 collected $1 from pot
AlexEliseev7: doesn't show hand 
*** SUMMARY ***
Total pot $1 | Rake $0 
Seat 1: AlexEliseev7 (big blind) collected ($1)
Seat 2: DanielZan7 folded before Flop (didn't bet)
Seat 3: Poker9803 folded before Flop (didn't bet)
Seat 4: Slami4 folded before Flop (didn't bet)
Seat 5: nickreason17 (button) folded before Flop (didn't bet)
Seat 6: chirva007 (small blind) folded before Flop



PokerStars Hand #254363440791:  Hold'em No Limit ($0.50/$1.00 USD) - 2025/01/14 9:38:55 WET [2025/01/14 4:38:55 ET]
Table 'Cottrell II' 6-max Seat #6 is the button
Seat 1: AlexEliseev7 ($100.50 in chips) 
Seat 2: DanielZan7 ($78.89 in chips) 
Seat 3: Poker9803 ($181.64 in chips) 
Seat 4: Slami4 ($101.44 in chips) 
Seat 5: nickreason17 ($103.77 in chips) 
Seat 6: chirva007 ($100 in chips) 
AlexEliseev7: posts small blind $0.50
DanielZan7: posts big blind $1
*** HOLE CARDS ***
Poker9803: folds 
Slami4: folds 
nickreason17: folds 
chirva007: raises $1.50 to $2.50
AlexEliseev7: raises $9.50 to $12
DanielZan7: folds 
chirva007: folds 
Uncalled bet ($9.50) returned to AlexEliseev7
AlexEliseev7 collected $6 from pot
AlexEliseev7: doesn't show hand 
*** SUMMARY ***
Total pot $6 | Rake $0 
Seat 1: AlexEliseev7 (small blind) collected ($6)
Seat 2: DanielZan7 (big blind) folded before Flop
Seat 3: Poker9803 folded before Flop (didn't bet)
Seat 4: Slami4 folded before Flop (didn't bet)
Seat 5: nickreason17 folded before Flop (didn't bet)
Seat 6: chirva007 (button) folded before Flop



PokerStars Hand #254363443074:  Hold'em No Limit ($0.50/$1.00 USD) - 2025/01/14 9:39:19 WET [2025/01/14 4:39:19 ET]
Table 'Cottrell II' 6-max Seat #1 is the button
Seat 1: AlexEliseev7 ($104 in chips) 
Seat 2: DanielZan7 ($77.89 in chips) 
Seat 3: Poker9803 ($181.64 in chips) 
Seat 4: Slami4 ($101.44 in chips) 
Seat 5: nickreason17 ($103.77 in chips) 
Seat 6: chirva007 ($100 in chips) 
DanielZan7: posts small blind $0.50
Poker9803: posts big blind $1
*** HOLE CARDS ***
Slami4: folds 
nickreason17: folds 
chirva007: raises $1.50 to $2.50
AlexEliseev7: folds 
DanielZan7: calls $2
Poker9803: folds 
*** FLOP *** [2d 5h 3d]
DanielZan7: checks 
chirva007: checks 
*** TURN *** [2d 5h 3d] [3h]
DanielZan7: bets $2.85
chirva007: calls $2.85
*** RIVER *** [2d 5h 3d 3h] [4h]
DanielZan7: bets $5.56
chirva007: calls $5.56
*** SHOW DOWN ***
DanielZan7: shows [Qh 9h] (a flush, Queen high)
chirva007: mucks hand 
DanielZan7 collected $21.68 from pot
*** SUMMARY ***
Total pot $22.82 | Rake $1.14 
Board [2d 5h 3d 3h 4h]
Seat 1: AlexEliseev7 (button) folded before Flop (didn't bet)
Seat 2: DanielZan7 (small blind) showed [Qh 9h] and won ($21.68) with a flush, Queen high
Seat 3: Poker9803 (big blind) folded before Flop
Seat 4: Slami4 folded before Flop (didn't bet)
Seat 5: nickreason17 folded before Flop (didn't bet)
Seat 6: chirva007 mucked



PokerStars Hand #254363446902:  Hold'em No Limit ($0.50/$1.00 USD) - 2025/01/14 9:39:57 WET [2025/01/14 4:39:57 ET]
Table 'Cottrell II' 6-max Seat #2 is the button
Seat 1: AlexEliseev7 ($104 in chips) 
Seat 2: DanielZan7 ($88.66 in chips) 
Seat 3: Poker9803 ($180.64 in chips) 
Seat 4: Slami4 ($101.44 in chips) 
Seat 5: nickreason17 ($103.77 in chips) 
Seat 6: chirva007 ($100 in chips) 
Poker9803: posts small blind $0.50
Slami4: posts big blind $1
*** HOLE CARDS ***
nickreason17: folds 
chirva007: folds 
AlexEliseev7: raises $1.50 to $2.50
DanielZan7: folds 
Poker9803: folds 
Slami4: folds 
Uncalled bet ($1.50) returned to AlexEliseev7
AlexEliseev7 collected $2.50 from pot
AlexEliseev7: doesn't show hand 
*** SUMMARY ***
Total pot $2.50 | Rake $0 
Seat 1: AlexEliseev7 collected ($2.50)
Seat 2: DanielZan7 (button) folded before Flop (didn't bet)
Seat 3: Poker9803 (small blind) folded before Flop
Seat 4: Slami4 (big blind) folded before Flop
Seat 5: nickreason17 folded before Flop (didn't bet)
Seat 6: chirva007 folded before Flop (didn't bet)



PokerStars Hand #254363448483:  Hold'em No Limit ($0.50/$1.00 USD) - 2025/01/14 9:40:14 WET [2025/01/14 4:40:14 ET]
Table 'Cottrell II' 6-max Seat #3 is the button
Seat 1: AlexEliseev7 ($105.50 in chips) 
Seat 2: DanielZan7 ($88.66 in chips) 
Seat 3: Poker9803 ($180.14 in chips) 
Seat 4: Slami4 ($100.44 in chips) 
Seat 5: nickreason17 ($103.77 in chips) 
Seat 6: chirva007 ($100 in chips) 
Slami4: posts small blind $0.50
nickreason17: posts big blind $1
*** HOLE CARDS ***
chirva007: folds 
AlexEliseev7: folds 
DanielZan7: folds 
Poker9803: folds 
Slami4: raises $2 to $3
nickreason17: calls $2
*** FLOP *** [8d 6h 4c]
Slami4: checks 
nickreason17: bets $1.71
Slami4: calls $1.71
*** TURN *** [8d 6h 4c] [7s]
Slami4: checks 
nickreason17: bets $6.71
Slami4: folds 
Uncalled bet ($6.71) returned to nickreason17
nickreason17 collected $8.95 from pot
nickreason17: doesn't show hand 
*** SUMMARY ***
Total pot $9.42 | Rake $0.47 
Board [8d 6h 4c 7s]
Seat 1: AlexEliseev7 folded before Flop (didn't bet)
Seat 2: DanielZan7 folded before Flop (didn't bet)
Seat 3: Poker9803 (button) folded before Flop (didn't bet)
Seat 4: Slami4 (small blind) folded on the Turn
Seat 5: nickreason17 (big blind) collected ($8.95)
Seat 6: chirva007 folded before Flop (didn't bet)



PokerStars Hand #254363454139:  Hold'em No Limit ($0.50/$1.00 USD) - 2025/01/14 9:41:11 WET [2025/01/14 4:41:11 ET]
Table 'Cottrell II' 6-max Seat #4 is the button
Seat 1: AlexEliseev7 ($105.50 in chips) 
Seat 2: DanielZan7 ($88.66 in chips) 
Seat 3: Poker9803 ($180.14 in chips) 
Seat 4: Slami4 ($100 in chips) 
Seat 5: nickreason17 ($108.01 in chips) 
Seat 6: chirva007 ($100 in chips) 
nickreason17: posts small blind $0.50
chirva007: posts big blind $1
*** HOLE CARDS ***
AlexEliseev7: folds 
DanielZan7: folds 
Poker9803: raises $1.50 to $2.50
Slami4: folds 
nickreason17: folds 
chirva007: folds 
Uncalled bet ($1.50) returned to Poker9803
Poker9803 collected $2.50 from pot
Poker9803: doesn't show hand 
*** SUMMARY ***
Total pot $2.50 | Rake $0 
Seat 1: AlexEliseev7 folded before Flop (didn't bet)
Seat 2: DanielZan7 folded before Flop (didn't bet)
Seat 3: Poker9803 collected ($2.50)
Seat 4: Slami4 (button) folded before Flop (didn't bet)
Seat 5: nickreason17 (small blind) folded before Flop
Seat 6: chirva007 (big blind) folded before Flop



PokerStars Hand #254363457518:  Hold'em No Limit ($0.50/$1.00 USD) - 2025/01/14 9:41:45 WET [2025/01/14 4:41:45 ET]
Table 'Cottrell II' 6-max Seat #5 is the button
Seat 1: AlexEliseev7 ($105.50 in chips) 
Seat 2: DanielZan7 ($88.66 in chips) 
Seat 3: Poker9803 ($181.64 in chips) 
Seat 4: Slami4 ($100 in chips) 
Seat 5: nickreason17 ($107.51 in chips) 
Seat 6: chirva007 ($100 in chips) 
chirva007: posts small blind $0.50
AlexEliseev7: posts big blind $1
*** HOLE CARDS ***
DanielZan7: raises $1 to $2
Poker9803: folds 
Slami4: folds 
nickreason17: folds 
chirva007: folds 
AlexEliseev7: calls $1
*** FLOP *** [Ac 3c Qc]
AlexEliseev7: checks 
DanielZan7: checks 
*** TURN *** [Ac 3c Qc] [As]
AlexEliseev7: bets $3.34
DanielZan7: folds 
Uncalled bet ($3.34) returned to AlexEliseev7
AlexEliseev7 collected $4.28 from pot
AlexEliseev7: doesn't show hand 
*** SUMMARY ***
Total pot $4.50 | Rake $0.22 
Board [Ac 3c Qc As]
Seat 1: AlexEliseev7 (big blind) collected ($4.28)
Seat 2: DanielZan7 folded on the Turn
Seat 3: Poker9803 folded before Flop (didn't bet)
Seat 4: Slami4 folded before Flop (didn't bet)
Seat 5: nickreason17 (button) folded before Flop (didn't bet)
Seat 6: chirva007 (small blind) folded before Flop



PokerStars Hand #254363460346:  Hold'em No Limit ($0.50/$1.00 USD) - 2025/01/14 9:42:12 WET [2025/01/14 4:42:12 ET]
Table 'Cottrell II' 6-max Seat #6 is the button
Seat 1: AlexEliseev7 ($107.78 in chips) 
Seat 2: DanielZan7 ($86.66 in chips) 
Seat 3: Poker9803 ($181.64 in chips) 
Seat 4: Slami4 ($100 in chips) 
Seat 5: nickreason17 ($107.51 in chips) 
Seat 6: chirva007 ($100 in chips) 
AlexEliseev7: posts small blind $0.50
DanielZan7: posts big blind $1
*** HOLE CARDS ***
Poker9803: folds 
Slami4: raises $1.50 to $2.50
nickreason17: folds 
chirva007: folds 
AlexEliseev7: folds 
DanielZan7: folds 
Uncalled bet ($1.50) returned to Slami4
Slami4 collected $2.50 from pot
Slami4: doesn't show hand 
*** SUMMARY ***
Total pot $2.50 | Rake $0 
Seat 1: AlexEliseev7 (small blind) folded before Flop
Seat 2: DanielZan7 (big blind) folded before Flop
Seat 3: Poker9803 folded before Flop (didn't bet)
Seat 4: Slami4 collected ($2.50)
Seat 5: nickreason17 folded before Flop (didn't bet)
Seat 6: chirva007 (button) folded before Flop (didn't bet)



PokerStars Hand #254363461882:  Hold'em No Limit ($0.50/$1.00 USD) - 2025/01/14 9:42:27 WET [2025/01/14 4:42:27 ET]
Table 'Cottrell II' 6-max Seat #1 is the button
Seat 1: AlexEliseev7 ($107.28 in chips) 
Seat 2: DanielZan7 ($85.66 in chips) 
Seat 3: Poker9803 ($181.64 in chips) 
Seat 4: Slami4 ($101.50 in chips) 
Seat 5: nickreason17 ($107.51 in chips) 
Seat 6: chirva007 ($100 in chips) 
DanielZan7: posts small blind $0.50
Poker9803: posts big blind $1
*** HOLE CARDS ***
Slami4: folds 
nickreason17: folds 
chirva007: folds 
AlexEliseev7: folds 
DanielZan7: raises $1.25 to $2.25
Poker9803: calls $1.25
*** FLOP *** [Qc Kc Ts]
DanielZan7: bets $2.14
Poker9803: calls $2.14
*** TURN *** [Qc Kc Ts] [Jh]
DanielZan7: checks 
Poker9803: checks 
*** RIVER *** [Qc Kc Ts Jh] [3s]
DanielZan7: bets $4.17
Poker9803: raises $15.83 to $20
DanielZan7: folds [9d]
Uncalled bet ($15.83) returned to Poker9803
Poker9803 collected $16.26 from pot
Poker9803: doesn't show hand 
*** SUMMARY ***
Total pot $17.12 | Rake $0.86 
Board [Qc Kc Ts Jh 3s]
Seat 1: AlexEliseev7 (button) folded before Flop (didn't bet)
Seat 2: DanielZan7 (small blind) folded on the River
Seat 3: Poker9803 (big blind) collected ($16.26)
Seat 4: Slami4 folded before Flop (didn't bet)
Seat 5: nickreason17 folded before Flop (didn't bet)
Seat 6: chirva007 folded before Flop (didn't bet)



PokerStars Hand #254363469705:  Hold'em No Limit ($0.50/$1.00 USD) - 2025/01/14 9:43:43 WET [2025/01/14 4:43:43 ET]
Table 'Cottrell II' 6-max Seat #2 is the button
Seat 1: AlexEliseev7 ($107.28 in chips) 
Seat 2: DanielZan7 ($77.10 in chips) 
Seat 3: Poker9803 ($189.34 in chips) 
Seat 4: Slami4 ($101.50 in chips) 
Seat 5: nickreason17 ($107.51 in chips) 
Seat 6: chirva007 ($100 in chips) 
Poker9803: posts small blind $0.50
Slami4: posts big blind $1
*** HOLE CARDS ***
nickreason17: raises $1.25 to $2.25
chirva007: folds 
AlexEliseev7: folds 
DanielZan7: calls $2.25
Poker9803: folds 
Slami4: calls $1.25
*** FLOP *** [6s Jd 9h]
Slami4: checks 
nickreason17: checks 
DanielZan7: checks 
*** TURN *** [6s Jd 9h] [Ts]
Slami4: checks 
nickreason17: checks 
DanielZan7: checks 
*** RIVER *** [6s Jd 9h Ts] [2s]
Slami4: checks 
nickreason17: checks 
DanielZan7: checks 
*** SHOW DOWN ***
Slami4: shows [8s Ks] (a flush, King high)
nickreason17: mucks hand 
DanielZan7: mucks hand 
Slami4 collected $6.89 from pot
*** SUMMARY ***
Total pot $7.25 | Rake $0.36 
Board [6s Jd 9h Ts 2s]
Seat 1: AlexEliseev7 folded before Flop (didn't bet)
Seat 2: DanielZan7 (button) mucked
Seat 3: Poker9803 (small blind) folded before Flop
Seat 4: Slami4 (big blind) showed [8s Ks] and won ($6.89) with a flush, King high
Seat 5: nickreason17 mucked
Seat 6: chirva007 folded before Flop (didn't bet)



PokerStars Hand #254363475291:  Hold'em No Limit ($0.50/$1.00 USD) - 2025/01/14 9:44:38 WET [2025/01/14 4:44:38 ET]
Table 'Cottrell II' 6-max Seat #3 is the button
Seat 1: AlexEliseev7 ($107.28 in chips) 
Seat 2: DanielZan7 ($74.85 in chips) 
Seat 3: Poker9803 ($188.84 in chips) 
Seat 4: Slami4 ($106.14 in chips) 
Seat 5: nickreason17 ($105.26 in chips) 
Seat 6: chirva007 ($100 in chips) 
Slami4: posts small blind $0.50
nickreason17: posts big blind $1
*** HOLE CARDS ***
chirva007: folds 
AlexEliseev7: folds 
DanielZan7: folds 
Poker9803: raises $1.50 to $2.50
Slami4: raises $8.50 to $11
nickreason17: folds 
Poker9803: folds 
Uncalled bet ($8.50) returned to Slami4
Slami4 collected $6 from pot
Slami4: doesn't show hand 
*** SUMMARY ***
Total pot $6 | Rake $0 
Seat 1: AlexEliseev7 folded before Flop (didn't bet)
Seat 2: DanielZan7 folded before Flop (didn't bet)
Seat 3: Poker9803 (button) folded before Flop
Seat 4: Slami4 (small blind) collected ($6)
Seat 5: nickreason17 (big blind) folded before Flop
Seat 6: chirva007 folded before Flop (didn't bet)



PokerStars Hand #254363478543:  Hold'em No Limit ($0.50/$1.00 USD) - 2025/01/14 9:45:09 WET [2025/01/14 4:45:09 ET]
Table 'Cottrell II' 6-max Seat #4 is the button
Seat 1: AlexEliseev7 ($107.28 in chips) 
Seat 2: DanielZan7 ($74.85 in chips) 
Seat 3: Poker9803 ($186.34 in chips) 
Seat 4: Slami4 ($109.64 in chips) 
Seat 5: nickreason17 ($104.26 in chips) 
Seat 6: chirva007 ($100 in chips) 
nickreason17: posts small blind $0.50
chirva007: posts big blind $1
*** HOLE CARDS ***
AlexEliseev7: folds 
DanielZan7: folds 
Poker9803: folds 
Slami4: raises $1.50 to $2.50
nickreason17: folds 
chirva007: folds 
Uncalled bet ($1.50) returned to Slami4
Slami4 collected $2.50 from pot
Slami4: doesn't show hand 
*** SUMMARY ***
Total pot $2.50 | Rake $0 
Seat 1: AlexEliseev7 folded before Flop (didn't bet)
Seat 2: DanielZan7 folded before Flop (didn't bet)
Seat 3: Poker9803 folded before Flop (didn't bet)
Seat 4: Slami4 (button) collected ($2.50)
Seat 5: nickreason17 (small blind) folded before Flop
Seat 6: chirva007 (big blind) folded before Flop



PokerStars Hand #254363479635:  Hold'em No Limit ($0.50/$1.00 USD) - 2025/01/14 9:45:20 WET [2025/01/14 4:45:20 ET]
Table 'Cottrell II' 6-max Seat #5 is the button
Seat 1: AlexEliseev7 ($107.28 in chips) 
Seat 2: DanielZan7 ($74.85 in chips) 
Seat 3: Poker9803 ($186.34 in chips) 
Seat 4: Slami4 ($111.14 in chips) 
Seat 5: nickreason17 ($103.76 in chips) 
Seat 6: chirva007 ($100 in chips) 
chirva007: posts small blind $0.50
AlexEliseev7: posts big blind $1
*** HOLE CARDS ***
DanielZan7: folds 
Poker9803: folds 
Slami4: folds 
nickreason17: folds 
chirva007: folds 
Uncalled bet ($0.50) returned to AlexEliseev7
AlexEliseev7 collected $1 from pot
AlexEliseev7: doesn't show hand 
DanielZan7 leaves the table
*** SUMMARY ***
Total pot $1 | Rake $0 
Seat 1: AlexEliseev7 (big blind) collected ($1)
Seat 2: DanielZan7 folded before Flop (didn't bet)
Seat 3: Poker9803 folded before Flop (didn't bet)
Seat 4: Slami4 folded before Flop (didn't bet)
Seat 5: nickreason17 (button) folded before Flop (didn't bet)
Seat 6: chirva007 (small blind) folded before Flop



PokerStars Hand #254363480475:  Hold'em No Limit ($0.50/$1.00 USD) - 2025/01/14 9:45:28 WET [2025/01/14 4:45:28 ET]
Table 'Cottrell II' 6-max Seat #6 is the button
Seat 1: AlexEliseev7 ($107.78 in chips) 
Seat 3: Poker9803 ($186.34 in chips) 
Seat 4: Slami4 ($111.14 in chips) 
Seat 5: nickreason17 ($103.76 in chips) 
Seat 6: chirva007 ($100 in chips) 
AlexEliseev7: posts small blind $0.50
Poker9803: posts big blind $1
*** HOLE CARDS ***
Juniorasmus joins the table at seat #2 
Slami4: raises $1.50 to $2.50
nickreason17: folds 
chirva007: raises $5.50 to $8
AlexEliseev7: folds 
Poker9803: folds 
Slami4: folds 
Uncalled bet ($5.50) returned to chirva007
chirva007 collected $6.50 from pot
chirva007: doesn't show hand 
*** SUMMARY ***
Total pot $6.50 | Rake $0 
Seat 1: AlexEliseev7 (small blind) folded before Flop
Seat 3: Poker9803 (big blind) folded before Flop
Seat 4: Slami4 folded before Flop
Seat 5: nickreason17 folded before Flop (didn't bet)
Seat 6: chirva007 (button) collected ($6.50)



PokerStars Hand #254363482920:  Hold'em No Limit ($0.50/$1.00 USD) - 2025/01/14 9:45:52 WET [2025/01/14 4:45:52 ET]
Table 'Cottrell II' 6-max Seat #1 is the button
Seat 2: Juniorasmus ($100 in chips) is sitting out
Seat 4: Slami4 ($108.64 in chips) is sitting out
Seat 1: AlexEliseev7 ($107.28 in chips) 
Seat 3: Poker9803 ($185.34 in chips) 
Seat 5: nickreason17 ($103.76 in chips) 
Seat 6: chirva007 ($104 in chips) 
Poker9803: posts small blind $0.50
Slami4: is sitting out 
nickreason17: posts big blind $1
*** HOLE CARDS ***
chirva007: raises $1.50 to $2.50
AlexEliseev7: folds 
Slami4 leaves the table
Poker9803: folds 
nickreason17: folds 
Uncalled bet ($1.50) returned to chirva007
chirva007 collected $2.50 from pot
chirva007: doesn't show hand 
*** SUMMARY ***
Total pot $2.50 | Rake $0 
Seat 2: Juniorasmus
Seat 4: Slami4
Seat 1: AlexEliseev7 (button) folded before Flop (didn't bet)
Seat 3: Poker9803 (small blind) folded before Flop
Seat 5: nickreason17 (big blind) folded before Flop
Seat 6: chirva007 collected ($2.50)



PokerStars Hand #254363484669:  Hold'em No Limit ($0.50/$1.00 USD) - 2025/01/14 9:46:08 WET [2025/01/14 4:46:08 ET]
Table 'Cottrell II' 6-max Seat #3 is the button
Seat 2: Juniorasmus ($100 in chips) is sitting out
Seat 1: AlexEliseev7 ($107.28 in chips) 
Seat 3: Poker9803 ($184.84 in chips) 
Seat 5: nickreason17 ($102.76 in chips) 
Seat 6: chirva007 ($105.50 in chips) 
nickreason17: posts small blind $0.50
chirva007: posts big blind $1
Juniorasmus: sits out 
*** HOLE CARDS ***
AlexEliseev7: folds 
Poker9803: raises $1.50 to $2.50
nickreason17: folds 
chirva007: folds 
Uncalled bet ($1.50) returned to Poker9803
Poker9803 collected $2.50 from pot
Poker9803: doesn't show hand 
*** SUMMARY ***
Total pot $2.50 | Rake $0 
Seat 2: Juniorasmus
Seat 1: AlexEliseev7 folded before Flop (didn't bet)
Seat 3: Poker9803 (button) collected ($2.50)
Seat 5: nickreason17 (small blind) folded before Flop
Seat 6: chirva007 (big blind) folded before Flop



PokerStars Hand #254363485736:  Hold'em No Limit ($0.50/$1.00 USD) - 2025/01/14 9:46:19 WET [2025/01/14 4:46:19 ET]
Table 'Cottrell II' 6-max Seat #5 is the button
Seat 2: Juniorasmus ($100 in chips) is sitting out
Seat 1: AlexEliseev7 ($107.28 in chips) 
Seat 3: Poker9803 ($186.34 in chips) 
Seat 5: nickreason17 ($102.26 in chips) 
Seat 6: chirva007 ($104.50 in chips) 
chirva007: posts small blind $0.50
AlexEliseev7: posts big blind $1
Juniorasmus: sits out 
*** HOLE CARDS ***
Poker9803: raises $1.50 to $2.50
nickreason17: folds 
chirva007: raises $7.50 to $10
AlexEliseev7: folds 
Poker9803: calls $7.50
*** FLOP *** [2d Ks Qh]
chirva007: bets $6.60
Poker9803: calls $6.60
*** TURN *** [2d Ks Qh] [5s]
chirva007: bets $16.60
Poker9803: calls $16.60
*** RIVER *** [2d Ks Qh 5s] [4c]
chirva007: checks 
Poker9803: bets $153.14 and is all-in
chirva007: folds 
Uncalled bet ($153.14) returned to Poker9803
Poker9803 collected $66.40 from pot
Poker9803: doesn't show hand 
*** SUMMARY ***
Total pot $67.40 | Rake $1 
Board [2d Ks Qh 5s 4c]
Seat 2: Juniorasmus
Seat 1: AlexEliseev7 (big blind) folded before Flop
Seat 3: Poker9803 collected ($66.40)
Seat 5: nickreason17 (button) folded before Flop (didn't bet)
Seat 6: chirva007 (small blind) folded on the River



PokerStars Hand #254363490738:  Hold'em No Limit ($0.50/$1.00 USD) - 2025/01/14 9:47:06 WET [2025/01/14 4:47:06 ET]
Table 'Cottrell II' 6-max Seat #3 is the button
Seat 1: AlexEliseev7 ($106.28 in chips) is sitting out
Seat 2: Juniorasmus ($100 in chips) is sitting out
Seat 5: nickreason17 ($102.26 in chips) is sitting out
Seat 3: Poker9803 ($219.54 in chips) 
Seat 6: chirva007 ($100 in chips) 
Poker9803: posts small blind $0.50
nickreason17: is sitting out 
chirva007: posts big blind $1
*** HOLE CARDS ***
AlexEliseev7 leaves the table
Poker9803: raises $2.50 to $3.50
chirva007: calls $2.50
*** FLOP *** [Ac 9d 4h]
nickreason17 leaves the table
chirva007: checks 
Poker9803: checks 
*** TURN *** [Ac 9d 4h] [Jh]
chirva007: checks 
Poker9803: bets $4.99
chirva007: folds 
Uncalled bet ($4.99) returned to Poker9803
Poker9803 collected $6.65 from pot
Poker9803: doesn't show hand 
*** SUMMARY ***
Total pot $7 | Rake $0.35 
Board [Ac 9d 4h Jh]
Seat 1: AlexEliseev7
Seat 2: Juniorasmus
Seat 5: nickreason17
Seat 3: Poker9803 (button) (small blind) collected ($6.65)
Seat 6: chirva007 (big blind) folded on the Turn



PokerStars Hand #254363493054:  Hold'em No Limit ($0.50/$1.00 USD) - 2025/01/14 9:47:28 WET [2025/01/14 4:47:28 ET]
Table 'Cottrell II' 6-max Seat #3 is the button
Seat 2: Juniorasmus ($100 in chips) 
Seat 3: Poker9803 ($222.69 in chips) 
Seat 6: chirva007 ($100 in chips) 
chirva007: posts small blind $0.50
Juniorasmus: posts big blind $1
*** HOLE CARDS ***
Poker9803: raises $1.50 to $2.50
chirva007: folds 
Juniorasmus: raises $8.50 to $11
Poker9803: calls $8.50
*** FLOP *** [Ac 4h 3d]
Juniorasmus: bets $6.88
Poker9803: calls $6.88
*** TURN *** [Ac 4h 3d] [9c]
Juniorasmus: bets $17.63
Poker9803: calls $17.63
*** RIVER *** [Ac 4h 3d 9c] [Tc]
Juniorasmus: bets $64.49 and is all-in
Poker9803: folds 
Uncalled bet ($64.49) returned to Juniorasmus
Juniorasmus collected $70.52 from pot
Juniorasmus: doesn't show hand 
*** SUMMARY ***
Total pot $71.52 | Rake $1 
Board [Ac 4h 3d 9c Tc]
Seat 2: Juniorasmus (big blind) collected ($70.52)
Seat 3: Poker9803 (button) folded on the River
Seat 6: chirva007 (small blind) folded before Flop



PokerStars Hand #254363500052:  Hold'em No Limit ($0.50/$1.00 USD) - 2025/01/14 9:48:37 WET [2025/01/14 4:48:37 ET]
Table 'Cottrell II' 6-max Seat #2 is the button
Seat 3: Poker9803 ($187.18 in chips) is sitting out
Seat 2: Juniorasmus ($135.01 in chips) 
Seat 6: chirva007 ($100 in chips) 
Juniorasmus: posts small blind $0.50
Poker9803: is sitting out 
chirva007: posts big blind $1
*** HOLE CARDS ***
Poker9803 leaves the table
Juniorasmus: raises $1.45 to $2.45
chirva007: calls $1.45
*** FLOP *** [3c 8h 7d]
chirva007: checks 
Juniorasmus: checks 
*** TURN *** [3c 8h 7d] [Qs]
chirva007: checks 
Juniorasmus: checks 
*** RIVER *** [3c 8h 7d Qs] [2s]
chirva007: checks 
Juniorasmus: bets $4.66
chirva007: folds 
Uncalled bet ($4.66) returned to Juniorasmus
Juniorasmus collected $4.66 from pot
Juniorasmus: doesn't show hand 
*** SUMMARY ***
Total pot $4.90 | Rake $0.24 
Board [3c 8h 7d Qs 2s]
Seat 3: Poker9803
Seat 2: Juniorasmus (button) (small blind) collected ($4.66)
Seat 6: chirva007 (big blind) folded on the River



PokerStars Hand #254363503064:  Hold'em No Limit ($0.50/$1.00 USD) - 2025/01/14 9:49:07 WET [2025/01/14 4:49:07 ET]
Table 'Cottrell II' 6-max Seat #6 is the button
Seat 2: Juniorasmus ($137.22 in chips) 
Seat 6: chirva007 ($100 in chips) 
chirva007: posts small blind $0.50
Juniorasmus: posts big blind $1
*** HOLE CARDS ***
chirva007: folds 
Uncalled bet ($0.50) returned to Juniorasmus
Juniorasmus collected $1 from pot
Juniorasmus: doesn't show hand 
*** SUMMARY ***
Total pot $1 | Rake $0 
Seat 2: Juniorasmus (big blind) collected ($1)
Seat 6: chirva007 (button) (small blind) folded before Flop



PokerStars Hand #254363503716:  Hold'em No Limit ($0.50/$1.00 USD) - 2025/01/14 9:49:13 WET [2025/01/14 4:49:13 ET]
Table 'Cottrell II' 6-max Seat #2 is the button
Seat 2: Juniorasmus ($137.72 in chips) 
Seat 6: chirva007 ($100 in chips) 
Juniorasmus: posts small blind $0.50
chirva007: posts big blind $1
*** HOLE CARDS ***
Juniorasmus: raises $1.45 to $2.45
chirva007: folds 
Uncalled bet ($1.45) returned to Juniorasmus
Juniorasmus collected $2 from pot
Juniorasmus: doesn't show hand 
*** SUMMARY ***
Total pot $2 | Rake $0 
Seat 2: Juniorasmus (button) (small blind) collected ($2)
Seat 6: chirva007 (big blind) folded before Flop



PokerStars Hand #254363505101:  Hold'em No Limit ($0.50/$1.00 USD) - 2025/01/14 9:49:26 WET [2025/01/14 4:49:26 ET]
Table 'Cottrell II' 6-max Seat #6 is the button
Seat 2: Juniorasmus ($138.72 in chips) 
Seat 6: chirva007 ($100 in chips) 
chirva007: posts small blind $0.50
Juniorasmus: posts big blind $1
*** HOLE CARDS ***
chirva007: folds 
Uncalled bet ($0.50) returned to Juniorasmus
Juniorasmus collected $1 from pot
Juniorasmus: doesn't show hand 
chirva007 leaves the table
*** SUMMARY ***
Total pot $1 | Rake $0 
Seat 2: Juniorasmus (big blind) collected ($1)
Seat 6: chirva007 (button) (small blind) folded before Flop



PokerStars Hand #254363540724:  Hold'em No Limit ($0.50/$1.00 USD) - 2025/01/14 9:55:13 WET [2025/01/14 4:55:13 ET]
Table 'Cottrell II' 6-max Seat #1 is the button
Seat 1: Edi131313 ($100 in chips) 
Seat 2: Juniorasmus ($139.22 in chips) 
Seat 3: SeEevg ($100 in chips) 
Seat 5: AlexEliseev7 ($106.28 in chips) 
Juniorasmus: posts small blind $0.50
SeEevg: posts big blind $1
*** HOLE CARDS ***
AlexEliseev7: folds 
Edi131313: folds 
Juniorasmus: raises $2 to $3
blistein joins the table at seat #6 
SeEevg: folds 
Uncalled bet ($2) returned to Juniorasmus
Juniorasmus collected $2 from pot
Juniorasmus: doesn't show hand 
*** SUMMARY ***
Total pot $2 | Rake $0 
Seat 1: Edi131313 (button) folded before Flop (didn't bet)
Seat 2: Juniorasmus (small blind) collected ($2)
Seat 3: SeEevg (big blind) folded before Flop
Seat 5: AlexEliseev7 folded before Flop (didn't bet)



PokerStars Hand #254363542051:  Hold'em No Limit ($0.50/$1.00 USD) - 2025/01/14 9:55:29 WET [2025/01/14 4:55:29 ET]
Table 'Cottrell II' 6-max Seat #2 is the button
Seat 6: blistein ($100 in chips) is sitting out
Seat 1: Edi131313 ($100 in chips) 
Seat 2: Juniorasmus ($140.22 in chips) 
Seat 3: SeEevg ($100 in chips) 
Seat 5: AlexEliseev7 ($106.28 in chips) 
SeEevg: posts small blind $0.50
AlexEliseev7: posts big blind $1
blistein: sits out 
*** HOLE CARDS ***
Edi131313: raises $1 to $2
Juniorasmus: folds 
SeEevg: folds 
AlexEliseev7: calls $1
*** FLOP *** [Ad Jh Kh]
AlexEliseev7: checks 
Edi131313: checks 
*** TURN *** [Ad Jh Kh] [3d]
AlexEliseev7: checks 
Edi131313: bets $2.14
AlexEliseev7: folds 
Uncalled bet ($2.14) returned to Edi131313
Fold Your Cats joins the table at seat #4 
Edi131313 collected $4.28 from pot
Edi131313: doesn't show hand 
*** SUMMARY ***
Total pot $4.50 | Rake $0.22 
Board [Ad Jh Kh 3d]
Seat 6: blistein
Seat 1: Edi131313 collected ($4.28)
Seat 2: Juniorasmus (button) folded before Flop (didn't bet)
Seat 3: SeEevg (small blind) folded before Flop
Seat 5: AlexEliseev7 (big blind) folded on the Turn



PokerStars Hand #254363544836:  Hold'em No Limit ($0.50/$1.00 USD) - 2025/01/14 9:56:01 WET [2025/01/14 4:56:01 ET]
Table 'Cottrell II' 6-max Seat #3 is the button
Seat 4: Fold Your Cats ($100 in chips) is sitting out
Seat 1: Edi131313 ($102.28 in chips) 
Seat 2: Juniorasmus ($140.22 in chips) 
Seat 3: SeEevg ($100 in chips) 
Seat 5: AlexEliseev7 ($104.28 in chips) 
Seat 6: blistein ($100 in chips) 
AlexEliseev7: posts small blind $0.50
blistein: posts big blind $1
*** HOLE CARDS ***
Edi131313: folds 
Juniorasmus: raises $1.35 to $2.35
SeEevg: folds 
AlexEliseev7: folds 
blistein: folds 
Uncalled bet ($1.35) returned to Juniorasmus
Juniorasmus collected $2.50 from pot
Juniorasmus: doesn't show hand 
*** SUMMARY ***
Total pot $2.50 | Rake $0 
Seat 4: Fold Your Cats
Seat 1: Edi131313 folded before Flop (didn't bet)
Seat 2: Juniorasmus collected ($2.50)
Seat 3: SeEevg (button) folded before Flop (didn't bet)
Seat 5: AlexEliseev7 (small blind) folded before Flop
Seat 6: blistein (big blind) folded before Flop



PokerStars Hand #254363546516:  Hold'em No Limit ($0.50/$1.00 USD) - 2025/01/14 9:56:20 WET [2025/01/14 4:56:20 ET]
Table 'Cottrell II' 6-max Seat #5 is the button
Seat 4: Fold Your Cats ($100 in chips) is sitting out
Seat 1: Edi131313 ($102.28 in chips) 
Seat 2: Juniorasmus ($141.72 in chips) 
Seat 3: SeEevg ($100 in chips) 
Seat 5: AlexEliseev7 ($103.78 in chips) 
Seat 6: blistein ($100 in chips) 
blistein: posts small blind $0.50
Edi131313: posts big blind $1
Fold Your Cats: sits out 
*** HOLE CARDS ***
Juniorasmus: folds 
SeEevg: folds 
AlexEliseev7: raises $1.50 to $2.50
blistein: raises $9.50 to $12
Edi131313: folds 
AlexEliseev7: calls $9.50
*** FLOP *** [Kh 3d 9s]
blistein: bets $8.08
AlexEliseev7: folds 
Uncalled bet ($8.08) returned to blistein
blistein collected $23.75 from pot
blistein: doesn't show hand 
*** SUMMARY ***
Total pot $25 | Rake $1.25 
Board [Kh 3d 9s]
Seat 4: Fold Your Cats
Seat 1: Edi131313 (big blind) folded before Flop
Seat 2: Juniorasmus folded before Flop (didn't bet)
Seat 3: SeEevg folded before Flop (didn't bet)
Seat 5: AlexEliseev7 (button) folded on the Flop
Seat 6: blistein (small blind) collected ($23.75)



PokerStars Hand #254363551374:  Hold'em No Limit ($0.50/$1.00 USD) - 2025/01/14 9:57:15 WET [2025/01/14 4:57:15 ET]
Table 'Cottrell II' 6-max Seat #6 is the button
Seat 4: Fold Your Cats ($100 in chips) is sitting out
Seat 1: Edi131313 ($101.28 in chips) 
Seat 2: Juniorasmus ($141.72 in chips) 
Seat 3: SeEevg ($100 in chips) 
Seat 5: AlexEliseev7 ($100 in chips) 
Seat 6: blistein ($111.75 in chips) 
Edi131313: posts small blind $0.50
Juniorasmus: posts big blind $1
Fold Your Cats: sits out 
*** HOLE CARDS ***
SeEevg: folds 
AlexEliseev7: folds 
blistein: raises $1.50 to $2.50
Edi131313: folds 
Juniorasmus: folds 
Uncalled bet ($1.50) returned to blistein
blistein collected $2.50 from pot
blistein: doesn't show hand 
*** SUMMARY ***
Total pot $2.50 | Rake $0 
Seat 4: Fold Your Cats
Seat 1: Edi131313 (small blind) folded before Flop
Seat 2: Juniorasmus (big blind) folded before Flop
Seat 3: SeEevg folded before Flop (didn't bet)
Seat 5: AlexEliseev7 folded before Flop (didn't bet)
Seat 6: blistein (button) collected ($2.50)



PokerStars Hand #254363554431:  Hold'em No Limit ($0.50/$1.00 USD) - 2025/01/14 9:57:51 WET [2025/01/14 4:57:51 ET]
Table 'Cottrell II' 6-max Seat #1 is the button
Seat 4: Fold Your Cats ($100 in chips) is sitting out
Seat 1: Edi131313 ($100.78 in chips) 
Seat 2: Juniorasmus ($140.72 in chips) 
Seat 3: SeEevg ($100 in chips) 
Seat 5: AlexEliseev7 ($100 in chips) 
Seat 6: blistein ($113.25 in chips) 
Juniorasmus: posts small blind $0.50
SeEevg: posts big blind $1
Fold Your Cats: sits out 
*** HOLE CARDS ***
AlexEliseev7: folds 
blistein: folds 
Edi131313: folds 
Juniorasmus: folds 
Uncalled bet ($0.50) returned to SeEevg
SeEevg collected $1 from pot
SeEevg: doesn't show hand 
*** SUMMARY ***
Total pot $1 | Rake $0 
Seat 4: Fold Your Cats
Seat 1: Edi131313 (button) folded before Flop (didn't bet)
Seat 2: Juniorasmus (small blind) folded before Flop
Seat 3: SeEevg (big blind) collected ($1)
Seat 5: AlexEliseev7 folded before Flop (didn't bet)
Seat 6: blistein folded before Flop (didn't bet)



PokerStars Hand #254363556014:  Hold'em No Limit ($0.50/$1.00 USD) - 2025/01/14 9:58:09 WET [2025/01/14 4:58:09 ET]
Table 'Cottrell II' 6-max Seat #2 is the button
Seat 1: Edi131313 ($100.78 in chips) 
Seat 2: Juniorasmus ($140.22 in chips) 
Seat 3: SeEevg ($100.50 in chips) 
Seat 4: Fold Your Cats ($100 in chips) 
Seat 5: AlexEliseev7 ($100 in chips) 
Seat 6: blistein ($113.25 in chips) 
SeEevg: posts small blind $0.50
Fold Your Cats: posts big blind $1
*** HOLE CARDS ***
AlexEliseev7: folds 
blistein: folds 
Edi131313: raises $1 to $2
Juniorasmus: folds 
SeEevg: folds 
Fold Your Cats: folds 
Uncalled bet ($1) returned to Edi131313
Edi131313 collected $2.50 from pot
Edi131313: doesn't show hand 
*** SUMMARY ***
Total pot $2.50 | Rake $0 
Seat 1: Edi131313 collected ($2.50)
Seat 2: Juniorasmus (button) folded before Flop (didn't bet)
Seat 3: SeEevg (small blind) folded before Flop
Seat 4: Fold Your Cats (big blind) folded before Flop
Seat 5: AlexEliseev7 folded before Flop (didn't bet)
Seat 6: blistein folded before Flop (didn't bet)



PokerStars Hand #254363557585:  Hold'em No Limit ($0.50/$1.00 USD) - 2025/01/14 9:58:27 WET [2025/01/14 4:58:27 ET]
Table 'Cottrell II' 6-max Seat #3 is the button
Seat 1: Edi131313 ($102.28 in chips) 
Seat 2: Juniorasmus ($140.22 in chips) 
Seat 3: SeEevg ($100 in chips) 
Seat 4: Fold Your Cats ($100 in chips) 
Seat 5: AlexEliseev7 ($100 in chips) 
Seat 6: blistein ($113.25 in chips) 
Fold Your Cats: posts small blind $0.50
AlexEliseev7: posts big blind $1
*** HOLE CARDS ***
blistein: folds 
Edi131313: raises $1 to $2
Juniorasmus: folds 
SeEevg: raises $5 to $7
Fold Your Cats: raises $14 to $21
AlexEliseev7: folds 
Edi131313: folds 
SeEevg: folds 
Uncalled bet ($14) returned to Fold Your Cats
Fold Your Cats collected $17 from pot
*** SUMMARY ***
Total pot $17 | Rake $0 
Seat 1: Edi131313 folded before Flop
Seat 2: Juniorasmus folded before Flop (didn't bet)
Seat 3: SeEevg (button) folded before Flop
Seat 4: Fold Your Cats (small blind) collected ($17)
Seat 5: AlexEliseev7 (big blind) folded before Flop
Seat 6: blistein folded before Flop (didn't bet)



PokerStars Hand #254363561965:  Hold'em No Limit ($0.50/$1.00 USD) - 2025/01/14 9:59:17 WET [2025/01/14 4:59:17 ET]
Table 'Cottrell II' 6-max Seat #4 is the button
Seat 1: Edi131313 ($100.28 in chips) 
Seat 2: Juniorasmus ($140.22 in chips) 
Seat 3: SeEevg ($100 in chips) 
Seat 4: Fold Your Cats ($110 in chips) 
Seat 5: AlexEliseev7 ($100 in chips) 
Seat 6: blistein ($113.25 in chips) 
AlexEliseev7: posts small blind $0.50
blistein: posts big blind $1
*** HOLE CARDS ***
Edi131313: folds 
Juniorasmus: folds 
SeEevg: folds 
Fold Your Cats: folds 
AlexEliseev7: raises $2 to $3
blistein: folds 
Uncalled bet ($2) returned to AlexEliseev7
AlexEliseev7 collected $2 from pot
AlexEliseev7: doesn't show hand 
*** SUMMARY ***
Total pot $2 | Rake $0 
Seat 1: Edi131313 folded before Flop (didn't bet)
Seat 2: Juniorasmus folded before Flop (didn't bet)
Seat 3: SeEevg folded before Flop (didn't bet)
Seat 4: Fold Your Cats (button) folded before Flop (didn't bet)
Seat 5: AlexEliseev7 (small blind) collected ($2)
Seat 6: blistein (big blind) folded before Flop



PokerStars Hand #254363563975:  Hold'em No Limit ($0.50/$1.00 USD) - 2025/01/14 9:59:39 WET [2025/01/14 4:59:39 ET]
Table 'Cottrell II' 6-max Seat #5 is the button
Seat 1: Edi131313 ($100.28 in chips) 
Seat 2: Juniorasmus ($140.22 in chips) 
Seat 3: SeEevg ($100 in chips) 
Seat 4: Fold Your Cats ($110 in chips) 
Seat 5: AlexEliseev7 ($101 in chips) 
Seat 6: blistein ($112.25 in chips) 
blistein: posts small blind $0.50
Edi131313: posts big blind $1
*** HOLE CARDS ***
Juniorasmus: folds 
SeEevg: raises $1.50 to $2.50
Fold Your Cats: folds 
AlexEliseev7: folds 
blistein: folds 
Edi131313: folds 
Uncalled bet ($1.50) returned to SeEevg
SeEevg collected $2.50 from pot
SeEevg: doesn't show hand 
*** SUMMARY ***
Total pot $2.50 | Rake $0 
Seat 1: Edi131313 (big blind) folded before Flop
Seat 2: Juniorasmus folded before Flop (didn't bet)
Seat 3: SeEevg collected ($2.50)
Seat 4: Fold Your Cats folded before Flop (didn't bet)
Seat 5: AlexEliseev7 (button) folded before Flop (didn't bet)
Seat 6: blistein (small blind) folded before Flop



PokerStars Hand #254363565807:  Hold'em No Limit ($0.50/$1.00 USD) - 2025/01/14 10:00:00 WET [2025/01/14 5:00:00 ET]
Table 'Cottrell II' 6-max Seat #6 is the button
Seat 1: Edi131313 ($99.28 in chips) 
Seat 2: Juniorasmus ($140.22 in chips) 
Seat 3: SeEevg ($101.50 in chips) 
Seat 4: Fold Your Cats ($110 in chips) 
Seat 5: AlexEliseev7 ($101 in chips) 
Seat 6: blistein ($111.75 in chips) 
Edi131313: posts small blind $0.50
Juniorasmus: posts big blind $1
*** HOLE CARDS ***
SeEevg: folds 
Fold Your Cats: raises $1.50 to $2.50
AlexEliseev7: raises $5 to $7.50
blistein: folds 
Edi131313: folds 
Juniorasmus: folds 
Fold Your Cats: folds 
Uncalled bet ($5) returned to AlexEliseev7
AlexEliseev7 collected $6.50 from pot
AlexEliseev7: doesn't show hand 
*** SUMMARY ***
Total pot $6.50 | Rake $0 
Seat 1: Edi131313 (small blind) folded before Flop
Seat 2: Juniorasmus (big blind) folded before Flop
Seat 3: SeEevg folded before Flop (didn't bet)
Seat 4: Fold Your Cats folded before Flop
Seat 5: AlexEliseev7 collected ($6.50)
Seat 6: blistein (button) folded before Flop (didn't bet)



PokerStars Hand #254363568745:  Hold'em No Limit ($0.50/$1.00 USD) - 2025/01/14 10:00:32 WET [2025/01/14 5:00:32 ET]
Table 'Cottrell II' 6-max Seat #1 is the button
Seat 1: Edi131313 ($98.78 in chips) 
Seat 2: Juniorasmus ($139.22 in chips) 
Seat 3: SeEevg ($101.50 in chips) 
Seat 4: Fold Your Cats ($107.50 in chips) 
Seat 5: AlexEliseev7 ($105 in chips) 
Seat 6: blistein ($111.75 in chips) 
Juniorasmus: posts small blind $0.50
SeEevg: posts big blind $1
*** HOLE CARDS ***
Fold Your Cats: folds 
AlexEliseev7: raises $1.50 to $2.50
blistein: folds 
Edi131313: folds 
Juniorasmus: folds 
SeEevg: folds 
Uncalled bet ($1.50) returned to AlexEliseev7
AlexEliseev7 collected $2.50 from pot
AlexEliseev7: doesn't show hand 
*** SUMMARY ***
Total pot $2.50 | Rake $0 
Seat 1: Edi131313 (button) folded before Flop (didn't bet)
Seat 2: Juniorasmus (small blind) folded before Flop
Seat 3: SeEevg (big blind) folded before Flop
Seat 4: Fold Your Cats folded before Flop (didn't bet)
Seat 5: AlexEliseev7 collected ($2.50)
Seat 6: blistein folded before Flop (didn't bet)



PokerStars Hand #254363571520:  Hold'em No Limit ($0.50/$1.00 USD) - 2025/01/14 10:01:00 WET [2025/01/14 5:01:00 ET]
Table 'Cottrell II' 6-max Seat #2 is the button
Seat 1: Edi131313 ($98.78 in chips) 
Seat 2: Juniorasmus ($138.72 in chips) 
Seat 3: SeEevg ($100.50 in chips) 
Seat 4: Fold Your Cats ($107.50 in chips) 
Seat 5: AlexEliseev7 ($106.50 in chips) 
Seat 6: blistein ($111.75 in chips) 
SeEevg: posts small blind $0.50
Fold Your Cats: posts big blind $1
*** HOLE CARDS ***
AlexEliseev7: folds 
blistein: raises $1.20 to $2.20
Edi131313: folds 
Juniorasmus: folds 
SeEevg: folds 
Fold Your Cats: calls $1.20
*** FLOP *** [2d Jc Js]
Fold Your Cats: checks 
blistein: bets $1.58
Fold Your Cats: raises $4.92 to $6.50
blistein: folds 
Uncalled bet ($4.92) returned to Fold Your Cats
Fold Your Cats collected $7.66 from pot
Fold Your Cats: doesn't show hand 
*** SUMMARY ***
Total pot $8.06 | Rake $0.40 
Board [2d Jc Js]
Seat 1: Edi131313 folded before Flop (didn't bet)
Seat 2: Juniorasmus (button) folded before Flop (didn't bet)
Seat 3: SeEevg (small blind) folded before Flop
Seat 4: Fold Your Cats (big blind) collected ($7.66)
Seat 5: AlexEliseev7 folded before Flop (didn't bet)
Seat 6: blistein folded on the Flop



PokerStars Hand #254363579590:  Hold'em No Limit ($0.50/$1.00 USD) - 2025/01/14 10:02:18 WET [2025/01/14 5:02:18 ET]
Table 'Cottrell II' 6-max Seat #3 is the button
Seat 1: Edi131313 ($98.78 in chips) 
Seat 2: Juniorasmus ($138.72 in chips) 
Seat 3: SeEevg ($100 in chips) 
Seat 4: Fold Your Cats ($111.38 in chips) 
Seat 5: AlexEliseev7 ($106.50 in chips) 
Seat 6: blistein ($107.97 in chips) 
Fold Your Cats: posts small blind $0.50
AlexEliseev7: posts big blind $1
*** HOLE CARDS ***
blistein: folds 
Edi131313: raises $1 to $2
Juniorasmus: folds 
SeEevg: folds 
Fold Your Cats: folds 
AlexEliseev7: folds 
Uncalled bet ($1) returned to Edi131313
Edi131313 collected $2.50 from pot
Edi131313: doesn't show hand 
*** SUMMARY ***
Total pot $2.50 | Rake $0 
Seat 1: Edi131313 collected ($2.50)
Seat 2: Juniorasmus folded before Flop (didn't bet)
Seat 3: SeEevg (button) folded before Flop (didn't bet)
Seat 4: Fold Your Cats (small blind) folded before Flop
Seat 5: AlexEliseev7 (big blind) folded before Flop
Seat 6: blistein folded before Flop (didn't bet)



PokerStars Hand #254363581918:  Hold'em No Limit ($0.50/$1.00 USD) - 2025/01/14 10:02:40 WET [2025/01/14 5:02:40 ET]
Table 'Cottrell II' 6-max Seat #4 is the button
Seat 1: Edi131313 ($100.28 in chips) 
Seat 2: Juniorasmus ($138.72 in chips) 
Seat 3: SeEevg ($100 in chips) 
Seat 4: Fold Your Cats ($110.88 in chips) 
Seat 5: AlexEliseev7 ($105.50 in chips) 
Seat 6: blistein ($107.97 in chips) 
AlexEliseev7: posts small blind $0.50
blistein: posts big blind $1
*** HOLE CARDS ***
Edi131313: folds 
Juniorasmus: folds 
SeEevg: folds 
Fold Your Cats: raises $1.50 to $2.50
AlexEliseev7: folds 
blistein: folds 
Uncalled bet ($1.50) returned to Fold Your Cats
Fold Your Cats collected $2.50 from pot
Fold Your Cats: doesn't show hand 
*** SUMMARY ***
Total pot $2.50 | Rake $0 
Seat 1: Edi131313 folded before Flop (didn't bet)
Seat 2: Juniorasmus folded before Flop (didn't bet)
Seat 3: SeEevg folded before Flop (didn't bet)
Seat 4: Fold Your Cats (button) collected ($2.50)
Seat 5: AlexEliseev7 (small blind) folded before Flop
Seat 6: blistein (big blind) folded before Flop



PokerStars Hand #254363584629:  Hold'em No Limit ($0.50/$1.00 USD) - 2025/01/14 10:03:06 WET [2025/01/14 5:03:06 ET]
Table 'Cottrell II' 6-max Seat #5 is the button
Seat 1: Edi131313 ($100.28 in chips) 
Seat 2: Juniorasmus ($138.72 in chips) 
Seat 3: SeEevg ($100 in chips) 
Seat 4: Fold Your Cats ($112.38 in chips) 
Seat 5: AlexEliseev7 ($105 in chips) 
Seat 6: blistein ($106.97 in chips) 
blistein: posts small blind $0.50
Edi131313: posts big blind $1
*** HOLE CARDS ***
Juniorasmus: folds 
SeEevg: folds 
Fold Your Cats: raises $1.50 to $2.50
AlexEliseev7: folds 
blistein: raises $9.50 to $12
Edi131313: calls $11
Fold Your Cats: folds 
*** FLOP *** [Ks 2s As]
blistein: bets $12.59
Edi131313: calls $12.59
*** TURN *** [Ks 2s As] [7s]
blistein: checks 
Edi131313: bets $15
blistein: calls $15
*** RIVER *** [Ks 2s As 7s] [3d]
blistein: checks 
Edi131313: bets $22
blistein: folds 
Uncalled bet ($22) returned to Edi131313
Edi131313 collected $79.18 from pot
Edi131313: doesn't show hand 
*** SUMMARY ***
Total pot $81.68 | Rake $2.50 
Board [Ks 2s As 7s 3d]
Seat 1: Edi131313 (big blind) collected ($79.18)
Seat 2: Juniorasmus folded before Flop (didn't bet)
Seat 3: SeEevg folded before Flop (didn't bet)
Seat 4: Fold Your Cats folded before Flop
Seat 5: AlexEliseev7 (button) folded before Flop (didn't bet)
Seat 6: blistein (small blind) folded on the River



PokerStars Hand #254363593498:  Hold'em No Limit ($0.50/$1.00 USD) - 2025/01/14 10:04:31 WET [2025/01/14 5:04:31 ET]
Table 'Cottrell II' 6-max Seat #6 is the button
Seat 1: Edi131313 ($139.87 in chips) 
Seat 2: Juniorasmus ($138.72 in chips) 
Seat 3: SeEevg ($100 in chips) 
Seat 4: Fold Your Cats ($109.88 in chips) 
Seat 5: AlexEliseev7 ($105 in chips) 
Seat 6: blistein ($100 in chips) 
Edi131313: posts small blind $0.50
Juniorasmus: posts big blind $1
*** HOLE CARDS ***
SeEevg: folds 
Fold Your Cats: folds 
AlexEliseev7: folds 
blistein: folds 
Edi131313: folds 
Uncalled bet ($0.50) returned to Juniorasmus
Juniorasmus collected $1 from pot
Juniorasmus: doesn't show hand 
*** SUMMARY ***
Total pot $1 | Rake $0 
Seat 1: Edi131313 (small blind) folded before Flop
Seat 2: Juniorasmus (big blind) collected ($1)
Seat 3: SeEevg folded before Flop (didn't bet)
Seat 4: Fold Your Cats folded before Flop (didn't bet)
Seat 5: AlexEliseev7 folded before Flop (didn't bet)
Seat 6: blistein (button) folded before Flop (didn't bet)



PokerStars Hand #254363595098:  Hold'em No Limit ($0.50/$1.00 USD) - 2025/01/14 10:04:46 WET [2025/01/14 5:04:46 ET]
Table 'Cottrell II' 6-max Seat #1 is the button
Seat 3: SeEevg ($100 in chips) is sitting out
Seat 1: Edi131313 ($139.37 in chips) 
Seat 2: Juniorasmus ($139.22 in chips) 
Seat 4: Fold Your Cats ($109.88 in chips) 
Seat 5: AlexEliseev7 ($105 in chips) 
Seat 6: blistein ($100 in chips) 
Juniorasmus: posts small blind $0.50
SeEevg: is sitting out 
Fold Your Cats: posts big blind $1
*** HOLE CARDS ***
AlexEliseev7: raises $1.50 to $2.50
blistein: folds 
Edi131313: folds 
Juniorasmus: folds 
Fold Your Cats: calls $1.50
*** FLOP *** [Qs Kc 6c]
Fold Your Cats: checks 
AlexEliseev7: checks 
*** TURN *** [Qs Kc 6c] [Td]
Fold Your Cats: checks 
AlexEliseev7: checks 
*** RIVER *** [Qs Kc 6c Td] [6d]
Fold Your Cats: checks 
AlexEliseev7: checks 
*** SHOW DOWN ***
Fold Your Cats: shows [5c 5s] (two pair, Sixes and Fives)
AlexEliseev7: mucks hand 
Fold Your Cats collected $5.22 from pot
*** SUMMARY ***
Total pot $5.50 | Rake $0.28 
Board [Qs Kc 6c Td 6d]
Seat 3: SeEevg
Seat 1: Edi131313 (button) folded before Flop (didn't bet)
Seat 2: Juniorasmus (small blind) folded before Flop
Seat 4: Fold Your Cats (big blind) showed [5c 5s] and won ($5.22) with two pair, Sixes and Fives
Seat 5: AlexEliseev7 mucked
Seat 6: blistein folded before Flop (didn't bet)



PokerStars Hand #254363599789:  Hold'em No Limit ($0.50/$1.00 USD) - 2025/01/14 10:05:31 WET [2025/01/14 5:05:31 ET]
Table 'Cottrell II' 6-max Seat #2 is the button
Seat 3: SeEevg ($100 in chips) is sitting out
Seat 1: Edi131313 ($139.37 in chips) 
Seat 2: Juniorasmus ($138.72 in chips) 
Seat 4: Fold Your Cats ($112.60 in chips) 
Seat 5: AlexEliseev7 ($102.50 in chips) 
Seat 6: blistein ($100 in chips) 
Fold Your Cats: posts small blind $0.50
AlexEliseev7: posts big blind $1
*** HOLE CARDS ***
blistein: folds 
Edi131313: folds 
Juniorasmus: folds 
Fold Your Cats: raises $2 to $3
SeEevg leaves the table
AlexEliseev7: folds 
Uncalled bet ($2) returned to Fold Your Cats
Fold Your Cats collected $2 from pot
Fold Your Cats: doesn't show hand 
*** SUMMARY ***
Total pot $2 | Rake $0 
Seat 3: SeEevg
Seat 1: Edi131313 folded before Flop (didn't bet)
Seat 2: Juniorasmus (button) folded before Flop (didn't bet)
Seat 4: Fold Your Cats (small blind) collected ($2)
Seat 5: AlexEliseev7 (big blind) folded before Flop
Seat 6: blistein folded before Flop (didn't bet)



PokerStars Hand #254363601411:  Hold'em No Limit ($0.50/$1.00 USD) - 2025/01/14 10:05:47 WET [2025/01/14 5:05:47 ET]
Table 'Cottrell II' 6-max Seat #4 is the button
Seat 1: Edi131313 ($139.37 in chips) 
Seat 2: Juniorasmus ($138.72 in chips) 
Seat 4: Fold Your Cats ($113.60 in chips) 
Seat 5: AlexEliseev7 ($101.50 in chips) 
Seat 6: blistein ($100 in chips) 
ponchua joins the table at seat #3 
AlexEliseev7: posts small blind $0.50
blistein: posts big blind $1
*** HOLE CARDS ***
Edi131313: folds 
Juniorasmus: folds 
Fold Your Cats: folds 
Edi131313 leaves the table
AlexEliseev7: raises $2 to $3
blistein: folds 
Uncalled bet ($2) returned to AlexEliseev7
AlexEliseev7 collected $2 from pot
AlexEliseev7: doesn't show hand 
*** SUMMARY ***
Total pot $2 | Rake $0 
Seat 1: Edi131313 folded before Flop (didn't bet)
Seat 2: Juniorasmus folded before Flop (didn't bet)
Seat 4: Fold Your Cats (button) folded before Flop (didn't bet)
Seat 5: AlexEliseev7 (small blind) collected ($2)
Seat 6: blistein (big blind) folded before Flop



PokerStars Hand #254363603496:  Hold'em No Limit ($0.50/$1.00 USD) - 2025/01/14 10:06:07 WET [2025/01/14 5:06:07 ET]
Table 'Cottrell II' 6-max Seat #5 is the button
Seat 3: ponchua ($100 in chips) is sitting out
Seat 2: Juniorasmus ($138.72 in chips) 
Seat 4: Fold Your Cats ($113.60 in chips) 
Seat 5: AlexEliseev7 ($102.50 in chips) 
Seat 6: blistein ($100 in chips) 
blistein: posts small blind $0.50
Juniorasmus: posts big blind $1
ponchua: sits out 
*** HOLE CARDS ***
Fold Your Cats: folds 
AlexEliseev7: folds 
blistein: folds 
Uncalled bet ($0.50) returned to Juniorasmus
ponchua leaves the table
Juniorasmus collected $1 from pot
Juniorasmus: doesn't show hand 
*** SUMMARY ***
Total pot $1 | Rake $0 
Seat 3: ponchua
Seat 2: Juniorasmus (big blind) collected ($1)
Seat 4: Fold Your Cats folded before Flop (didn't bet)
Seat 5: AlexEliseev7 (button) folded before Flop (didn't bet)
Seat 6: blistein (small blind) folded before Flop



PokerStars Hand #254363642847:  Hold'em No Limit ($0.50/$1.00 USD) - 2025/01/14 10:12:13 WET [2025/01/14 5:12:13 ET]
Table 'Cottrell II' 6-max Seat #6 is the button
Seat 2: Juniorasmus ($139.22 in chips) 
Seat 6: Pon4uk.ua ($100 in chips) 
Pon4uk.ua: posts small blind $0.50
Juniorasmus: posts big blind $1
*** HOLE CARDS ***
Pon4uk.ua: folds 
Uncalled bet ($0.50) returned to Juniorasmus
Juniorasmus collected $1 from pot
Juniorasmus: doesn't show hand 
*** SUMMARY ***
Total pot $1 | Rake $0 
Seat 2: Juniorasmus (big blind) collected ($1)
Seat 6: Pon4uk.ua (button) (small blind) folded before Flop



PokerStars Hand #254363644242:  Hold'em No Limit ($0.50/$1.00 USD) - 2025/01/14 10:12:26 WET [2025/01/14 5:12:26 ET]
Table 'Cottrell II' 6-max Seat #2 is the button
Seat 2: Juniorasmus ($139.72 in chips) 
Seat 6: Pon4uk.ua ($100 in chips) 
Juniorasmus: posts small blind $0.50
Pon4uk.ua: posts big blind $1
*** HOLE CARDS ***
Juniorasmus: raises $1.45 to $2.45
Pon4uk.ua: folds 
Uncalled bet ($1.45) returned to Juniorasmus
Juniorasmus collected $2 from pot
Juniorasmus: doesn't show hand 
*** SUMMARY ***
Total pot $2 | Rake $0 
Seat 2: Juniorasmus (button) (small blind) collected ($2)
Seat 6: Pon4uk.ua (big blind) folded before Flop



PokerStars Hand #254363645293:  Hold'em No Limit ($0.50/$1.00 USD) - 2025/01/14 10:12:36 WET [2025/01/14 5:12:36 ET]
Table 'Cottrell II' 6-max Seat #6 is the button
Seat 2: Juniorasmus ($140.72 in chips) 
Seat 6: Pon4uk.ua ($100 in chips) 
Pon4uk.ua: posts small blind $0.50
Juniorasmus: posts big blind $1
*** HOLE CARDS ***
Pon4uk.ua: raises $1.50 to $2.50
Juniorasmus: folds 
Uncalled bet ($1.50) returned to Pon4uk.ua
Pon4uk.ua collected $2 from pot
Pon4uk.ua: doesn't show hand 
*** SUMMARY ***
Total pot $2 | Rake $0 
Seat 2: Juniorasmus (big blind) folded before Flop
Seat 6: Pon4uk.ua (button) (small blind) collected ($2)



PokerStars Hand #254363646960:  Hold'em No Limit ($0.50/$1.00 USD) - 2025/01/14 10:12:50 WET [2025/01/14 5:12:50 ET]
Table 'Cottrell II' 6-max Seat #2 is the button
Seat 2: Juniorasmus ($139.72 in chips) 
Seat 6: Pon4uk.ua ($101 in chips) 
Juniorasmus: posts small blind $0.50
Pon4uk.ua: posts big blind $1
*** HOLE CARDS ***
Juniorasmus: raises $1.45 to $2.45
Pon4uk.ua: raises $8.55 to $11
Juniorasmus: calls $8.55
*** FLOP *** [2h 6c Qh]
Pon4uk.ua: bets $6.93
Juniorasmus: calls $6.93
*** TURN *** [2h 6c Qh] [8c]
Pon4uk.ua: checks 
Juniorasmus: checks 
*** RIVER *** [2h 6c Qh 8c] [Ah]
Pon4uk.ua: bets $11.50
Juniorasmus: raises $110.29 to $121.79 and is all-in
Pon4uk.ua: folds 
Uncalled bet ($110.29) returned to Juniorasmus
Juniorasmus collected $57.86 from pot
Juniorasmus: doesn't show hand 
*** SUMMARY ***
Total pot $58.86 | Rake $1 
Board [2h 6c Qh 8c Ah]
Seat 2: Juniorasmus (button) (small blind) collected ($57.86)
Seat 6: Pon4uk.ua (big blind) folded on the River



PokerStars Hand #254363656400:  Hold'em No Limit ($0.50/$1.00 USD) - 2025/01/14 10:14:17 WET [2025/01/14 5:14:17 ET]
Table 'Cottrell II' 6-max Seat #6 is the button
Seat 2: Juniorasmus ($168.15 in chips) 
Seat 6: Pon4uk.ua ($100 in chips) 
Pon4uk.ua: posts small blind $0.50
Juniorasmus: posts big blind $1
*** HOLE CARDS ***
Pon4uk.ua: folds 
Uncalled bet ($0.50) returned to Juniorasmus
Juniorasmus collected $1 from pot
Juniorasmus: doesn't show hand 
*** SUMMARY ***
Total pot $1 | Rake $0 
Seat 2: Juniorasmus (big blind) collected ($1)
Seat 6: Pon4uk.ua (button) (small blind) folded before Flop



PokerStars Hand #254363657443:  Hold'em No Limit ($0.50/$1.00 USD) - 2025/01/14 10:14:26 WET [2025/01/14 5:14:26 ET]
Table 'Cottrell II' 6-max Seat #2 is the button
Seat 2: Juniorasmus ($168.65 in chips) 
Seat 6: Pon4uk.ua ($100 in chips) 
Juniorasmus: posts small blind $0.50
Pon4uk.ua: posts big blind $1
*** HOLE CARDS ***
Juniorasmus: folds 
Uncalled bet ($0.50) returned to Pon4uk.ua
Pon4uk.ua collected $1 from pot
Pon4uk.ua: doesn't show hand 
*** SUMMARY ***
Total pot $1 | Rake $0 
Seat 2: Juniorasmus (button) (small blind) folded before Flop
Seat 6: Pon4uk.ua (big blind) collected ($1)



PokerStars Hand #254363658077:  Hold'em No Limit ($0.50/$1.00 USD) - 2025/01/14 10:14:32 WET [2025/01/14 5:14:32 ET]
Table 'Cottrell II' 6-max Seat #6 is the button
Seat 2: Juniorasmus ($168.15 in chips) 
Seat 6: Pon4uk.ua ($100.50 in chips) 
Pon4uk.ua: posts small blind $0.50
Juniorasmus: posts big blind $1
*** HOLE CARDS ***
Pon4uk.ua: raises $1.75 to $2.75
Juniorasmus: folds 
Uncalled bet ($1.75) returned to Pon4uk.ua
Pon4uk.ua collected $2 from pot
Pon4uk.ua: doesn't show hand 
*** SUMMARY ***
Total pot $2 | Rake $0 
Seat 2: Juniorasmus (big blind) folded before Flop
Seat 6: Pon4uk.ua (button) (small blind) collected ($2)



PokerStars Hand #254363659380:  Hold'em No Limit ($0.50/$1.00 USD) - 2025/01/14 10:14:43 WET [2025/01/14 5:14:43 ET]
Table 'Cottrell II' 6-max Seat #2 is the button
Seat 2: Juniorasmus ($167.15 in chips) 
Seat 6: Pon4uk.ua ($101.50 in chips) 
Juniorasmus: posts small blind $0.50
Pon4uk.ua: posts big blind $1
*** HOLE CARDS ***
Juniorasmus: raises $1.45 to $2.45
Pon4uk.ua: calls $1.45
*** FLOP *** [Kh 9d 2c]
Pon4uk.ua: checks 
Juniorasmus: checks 
*** TURN *** [Kh 9d 2c] [3h]
Pon4uk.ua: bets $3.50
Juniorasmus: calls $3.50
*** RIVER *** [Kh 9d 2c 3h] [5d]
Pon4uk.ua: bets $17.52
Juniorasmus: folds 
Uncalled bet ($17.52) returned to Pon4uk.ua
Pon4uk.ua collected $11.30 from pot
Pon4uk.ua: doesn't show hand 
*** SUMMARY ***
Total pot $11.90 | Rake $0.60 
Board [Kh 9d 2c 3h 5d]
Seat 2: Juniorasmus (button) (small blind) folded on the River
Seat 6: Pon4uk.ua (big blind) collected ($11.30)



PokerStars Hand #254363663156:  Hold'em No Limit ($0.50/$1.00 USD) - 2025/01/14 10:15:17 WET [2025/01/14 5:15:17 ET]
Table 'Cottrell II' 6-max Seat #6 is the button
Seat 2: Juniorasmus ($161.20 in chips) 
Seat 6: Pon4uk.ua ($106.85 in chips) 
Pon4uk.ua: posts small blind $0.50
Juniorasmus: posts big blind $1
*** HOLE CARDS ***
Pon4uk.ua: raises $1.50 to $2.50
Juniorasmus: folds 
Uncalled bet ($1.50) returned to Pon4uk.ua
Pon4uk.ua collected $2 from pot
Pon4uk.ua: doesn't show hand 
*** SUMMARY ***
Total pot $2 | Rake $0 
Seat 2: Juniorasmus (big blind) folded before Flop
Seat 6: Pon4uk.ua (button) (small blind) collected ($2)



PokerStars Hand #254363664171:  Hold'em No Limit ($0.50/$1.00 USD) - 2025/01/14 10:15:26 WET [2025/01/14 5:15:26 ET]
Table 'Cottrell II' 6-max Seat #2 is the button
Seat 2: Juniorasmus ($160.20 in chips) 
Seat 6: Pon4uk.ua ($107.85 in chips) 
Juniorasmus: posts small blind $0.50
Pon4uk.ua: posts big blind $1
*** HOLE CARDS ***
Juniorasmus: folds 
Uncalled bet ($0.50) returned to Pon4uk.ua
Pon4uk.ua collected $1 from pot
Pon4uk.ua: doesn't show hand 
*** SUMMARY ***
Total pot $1 | Rake $0 
Seat 2: Juniorasmus (button) (small blind) folded before Flop
Seat 6: Pon4uk.ua (big blind) collected ($1)



PokerStars Hand #254363664845:  Hold'em No Limit ($0.50/$1.00 USD) - 2025/01/14 10:15:32 WET [2025/01/14 5:15:32 ET]
Table 'Cottrell II' 6-max Seat #6 is the button
Seat 2: Juniorasmus ($159.70 in chips) 
Seat 6: Pon4uk.ua ($108.35 in chips) 
Pon4uk.ua: posts small blind $0.50
Juniorasmus: posts big blind $1
*** HOLE CARDS ***
Pon4uk.ua: raises $1.75 to $2.75
Juniorasmus: calls $1.75
*** FLOP *** [Js 4d Td]
Juniorasmus: checks 
Pon4uk.ua: bets $2.61
Juniorasmus: folds 
Uncalled bet ($2.61) returned to Pon4uk.ua
Pon4uk.ua collected $5.22 from pot
Pon4uk.ua: doesn't show hand 
*** SUMMARY ***
Total pot $5.50 | Rake $0.28 
Board [Js 4d Td]
Seat 2: Juniorasmus (big blind) folded on the Flop
Seat 6: Pon4uk.ua (button) (small blind) collected ($5.22)



PokerStars Hand #254363667452:  Hold'em No Limit ($0.50/$1.00 USD) - 2025/01/14 10:15:55 WET [2025/01/14 5:15:55 ET]
Table 'Cottrell II' 6-max Seat #2 is the button
Seat 2: Juniorasmus ($156.95 in chips) 
Seat 6: Pon4uk.ua ($110.82 in chips) 
Juniorasmus: posts small blind $0.50
Pon4uk.ua: posts big blind $1
*** HOLE CARDS ***
Juniorasmus: raises $1.45 to $2.45
Pon4uk.ua: folds 
Uncalled bet ($1.45) returned to Juniorasmus
Juniorasmus collected $2 from pot
Juniorasmus: doesn't show hand 
*** SUMMARY ***
Total pot $2 | Rake $0 
Seat 2: Juniorasmus (button) (small blind) collected ($2)
Seat 6: Pon4uk.ua (big blind) folded before Flop



PokerStars Hand #254363668628:  Hold'em No Limit ($0.50/$1.00 USD) - 2025/01/14 10:16:05 WET [2025/01/14 5:16:05 ET]
Table 'Cottrell II' 6-max Seat #6 is the button
Seat 2: Juniorasmus ($157.95 in chips) 
Seat 6: Pon4uk.ua ($109.82 in chips) 
Pon4uk.ua: posts small blind $0.50
Juniorasmus: posts big blind $1
*** HOLE CARDS ***
Pon4uk.ua: folds 
Uncalled bet ($0.50) returned to Juniorasmus
Juniorasmus collected $1 from pot
Juniorasmus: doesn't show hand 
*** SUMMARY ***
Total pot $1 | Rake $0 
Seat 2: Juniorasmus (big blind) collected ($1)
Seat 6: Pon4uk.ua (button) (small blind) folded before Flop



PokerStars Hand #254363669271:  Hold'em No Limit ($0.50/$1.00 USD) - 2025/01/14 10:16:11 WET [2025/01/14 5:16:11 ET]
Table 'Cottrell II' 6-max Seat #2 is the button
Seat 2: Juniorasmus ($158.45 in chips) 
Seat 6: Pon4uk.ua ($109.32 in chips) 
Juniorasmus: posts small blind $0.50
Pon4uk.ua: posts big blind $1
*** HOLE CARDS ***
Juniorasmus: folds 
Uncalled bet ($0.50) returned to Pon4uk.ua
Pon4uk.ua collected $1 from pot
Pon4uk.ua: doesn't show hand 
*** SUMMARY ***
Total pot $1 | Rake $0 
Seat 2: Juniorasmus (button) (small blind) folded before Flop
Seat 6: Pon4uk.ua (big blind) collected ($1)



PokerStars Hand #254363670244:  Hold'em No Limit ($0.50/$1.00 USD) - 2025/01/14 10:16:20 WET [2025/01/14 5:16:20 ET]
Table 'Cottrell II' 6-max Seat #6 is the button
Seat 2: Juniorasmus ($157.95 in chips) 
Seat 6: Pon4uk.ua ($109.82 in chips) 
Pon4uk.ua: posts small blind $0.50
Juniorasmus: posts big blind $1
*** HOLE CARDS ***
Pon4uk.ua: raises $1.75 to $2.75
Juniorasmus: folds 
Uncalled bet ($1.75) returned to Pon4uk.ua
Pon4uk.ua collected $2 from pot
Pon4uk.ua: doesn't show hand 
*** SUMMARY ***
Total pot $2 | Rake $0 
Seat 2: Juniorasmus (big blind) folded before Flop
Seat 6: Pon4uk.ua (button) (small blind) collected ($2)



PokerStars Hand #254363671224:  Hold'em No Limit ($0.50/$1.00 USD) - 2025/01/14 10:16:29 WET [2025/01/14 5:16:29 ET]
Table 'Cottrell II' 6-max Seat #2 is the button
Seat 2: Juniorasmus ($156.95 in chips) 
Seat 6: Pon4uk.ua ($110.82 in chips) 
Juniorasmus: posts small blind $0.50
Pon4uk.ua: posts big blind $1
*** HOLE CARDS ***
Juniorasmus: raises $1.45 to $2.45
tobermory12 joins the table at seat #1 
tobermory12 is disconnected 
Pon4uk.ua: raises $8.55 to $11
Fold Your Cats joins the table at seat #4 
Juniorasmus: folds 
Uncalled bet ($8.55) returned to Pon4uk.ua
blistein joins the table at seat #3 
Pon4uk.ua collected $4.90 from pot
Pon4uk.ua: doesn't show hand 
Consig|iori joins the table at seat #5 
*** SUMMARY ***
Total pot $4.90 | Rake $0 
Seat 2: Juniorasmus (button) (small blind) folded before Flop
Seat 6: Pon4uk.ua (big blind) collected ($4.90)



PokerStars Hand #254363673709:  Hold'em No Limit ($0.50/$1.00 USD) - 2025/01/14 10:16:51 WET [2025/01/14 5:16:51 ET]
Table 'Cottrell II' 6-max Seat #6 is the button
Seat 1: tobermory12 ($30.44 in chips) is sitting out
Seat 4: Fold Your Cats ($113.60 in chips) is sitting out
Seat 5: Consig|iori ($100 in chips) is sitting out
Seat 2: Juniorasmus ($154.50 in chips) 
Seat 3: blistein ($100 in chips) 
Seat 6: Pon4uk.ua ($113.27 in chips) 
Juniorasmus: posts small blind $0.50
blistein: posts big blind $1
Fold Your Cats: sits out 
Consig|iori: sits out 
*** HOLE CARDS ***
Pon4uk.ua: folds 
Juniorasmus: folds 
Uncalled bet ($0.50) returned to blistein
blistein collected $1 from pot
blistein: doesn't show hand 
*** SUMMARY ***
Total pot $1 | Rake $0 
Seat 1: tobermory12
Seat 4: Fold Your Cats
Seat 5: Consig|iori
Seat 2: Juniorasmus (small blind) folded before Flop
Seat 3: blistein (big blind) collected ($1)
Seat 6: Pon4uk.ua (button) folded before Flop (didn't bet)



PokerStars Hand #254363674884:  Hold'em No Limit ($0.50/$1.00 USD) - 2025/01/14 10:17:01 WET [2025/01/14 5:17:01 ET]
Table 'Cottrell II' 6-max Seat #2 is the button
Seat 5: Consig|iori ($100 in chips) is sitting out
Seat 1: tobermory12 ($30.44 in chips) 
Seat 2: Juniorasmus ($154 in chips) 
Seat 3: blistein ($100.50 in chips) 
Seat 4: Fold Your Cats ($113.60 in chips) 
Seat 6: Pon4uk.ua ($113.27 in chips) 
blistein: posts small blind $0.50
Fold Your Cats: posts big blind $1
Consig|iori: sits out 
tobermory12: posts big blind $1
*** HOLE CARDS ***
Pon4uk.ua: folds 
tobermory12: checks 
Juniorasmus: raises $2.45 to $3.45
blistein: folds 
Fold Your Cats: folds 
tobermory12: folds 
Uncalled bet ($2.45) returned to Juniorasmus
Juniorasmus collected $3.50 from pot
Juniorasmus: doesn't show hand 
*** SUMMARY ***
Total pot $3.50 | Rake $0 
Seat 5: Consig|iori
Seat 1: tobermory12 folded before Flop (didn't bet)
Seat 2: Juniorasmus (button) collected ($3.50)
Seat 3: blistein (small blind) folded before Flop
Seat 4: Fold Your Cats (big blind) folded before Flop
Seat 6: Pon4uk.ua folded before Flop (didn't bet)



PokerStars Hand #254363676764:  Hold'em No Limit ($0.50/$1.00 USD) - 2025/01/14 10:17:18 WET [2025/01/14 5:17:18 ET]
Table 'Cottrell II' 6-max Seat #3 is the button
Seat 1: tobermory12 ($29.44 in chips) 
Seat 2: Juniorasmus ($156.50 in chips) 
Seat 3: blistein ($100 in chips) 
Seat 4: Fold Your Cats ($112.60 in chips) 
Seat 5: Consig|iori ($100 in chips) 
Seat 6: Pon4uk.ua ($113.27 in chips) 
Fold Your Cats: posts small blind $0.50
Consig|iori: posts big blind $1
*** HOLE CARDS ***
Pon4uk.ua: folds 
tobermory12: folds 
Juniorasmus: folds 
blistein: folds 
Fold Your Cats: folds 
Uncalled bet ($0.50) returned to Consig|iori
Consig|iori collected $1 from pot
Consig|iori: doesn't show hand 
*** SUMMARY ***
Total pot $1 | Rake $0 
Seat 1: tobermory12 folded before Flop (didn't bet)
Seat 2: Juniorasmus folded before Flop (didn't bet)
Seat 3: blistein (button) folded before Flop (didn't bet)
Seat 4: Fold Your Cats (small blind) folded before Flop
Seat 5: Consig|iori (big blind) collected ($1)
Seat 6: Pon4uk.ua folded before Flop (didn't bet)



PokerStars Hand #254363678360:  Hold'em No Limit ($0.50/$1.00 USD) - 2025/01/14 10:17:32 WET [2025/01/14 5:17:32 ET]
Table 'Cottrell II' 6-max Seat #4 is the button
Seat 1: tobermory12 ($29.44 in chips) 
Seat 2: Juniorasmus ($156.50 in chips) 
Seat 3: blistein ($100 in chips) 
Seat 4: Fold Your Cats ($112.10 in chips) 
Seat 5: Consig|iori ($100.50 in chips) 
Seat 6: Pon4uk.ua ($113.27 in chips) 
Consig|iori: posts small blind $0.50
Pon4uk.ua: posts big blind $1
*** HOLE CARDS ***
tobermory12: raises $1 to $2
Juniorasmus: folds 
blistein: folds 
Fold Your Cats: folds 
Consig|iori: folds 
Pon4uk.ua: calls $1
*** FLOP *** [Jh 5s Ad]
Pon4uk.ua: checks 
tobermory12: checks 
*** TURN *** [Jh 5s Ad] [Tc]
Pon4uk.ua: checks 
tobermory12: bets $2
Pon4uk.ua: folds 
Uncalled bet ($2) returned to tobermory12
tobermory12 collected $4.28 from pot
*** SUMMARY ***
Total pot $4.50 | Rake $0.22 
Board [Jh 5s Ad Tc]
Seat 1: tobermory12 collected ($4.28)
Seat 2: Juniorasmus folded before Flop (didn't bet)
Seat 3: blistein folded before Flop (didn't bet)
Seat 4: Fold Your Cats (button) folded before Flop (didn't bet)
Seat 5: Consig|iori (small blind) folded before Flop
Seat 6: Pon4uk.ua (big blind) folded on the Turn



PokerStars Hand #254363682221:  Hold'em No Limit ($0.50/$1.00 USD) - 2025/01/14 10:18:06 WET [2025/01/14 5:18:06 ET]
Table 'Cottrell II' 6-max Seat #5 is the button
Seat 1: tobermory12 ($31.72 in chips) 
Seat 2: Juniorasmus ($156.50 in chips) 
Seat 3: blistein ($100 in chips) 
Seat 4: Fold Your Cats ($112.10 in chips) 
Seat 5: Consig|iori ($100 in chips) 
Seat 6: Pon4uk.ua ($111.27 in chips) 
Pon4uk.ua: posts small blind $0.50
tobermory12: posts big blind $1
*** HOLE CARDS ***
Juniorasmus: folds 
blistein: raises $1.20 to $2.20
Fold Your Cats: folds 
Consig|iori: folds 
Pon4uk.ua: folds 
tobermory12: calls $1.20
*** FLOP *** [Kc 5c 7c]
tobermory12: checks 
blistein: bets $1.17
tobermory12: calls $1.17
*** TURN *** [Kc 5c 7c] [6s]
tobermory12: checks 
blistein: checks 
*** RIVER *** [Kc 5c 7c 6s] [Qh]
tobermory12: checks 
blistein: bets $5
tobermory12: folds 
Uncalled bet ($5) returned to blistein
blistein collected $6.88 from pot
blistein: doesn't show hand 
*** SUMMARY ***
Total pot $7.24 | Rake $0.36 
Board [Kc 5c 7c 6s Qh]
Seat 1: tobermory12 (big blind) folded on the River
Seat 2: Juniorasmus folded before Flop (didn't bet)
Seat 3: blistein collected ($6.88)
Seat 4: Fold Your Cats folded before Flop (didn't bet)
Seat 5: Consig|iori (button) folded before Flop (didn't bet)
Seat 6: Pon4uk.ua (small blind) folded before Flop



PokerStars Hand #254363689668:  Hold'em No Limit ($0.50/$1.00 USD) - 2025/01/14 10:19:13 WET [2025/01/14 5:19:13 ET]
Table 'Cottrell II' 6-max Seat #6 is the button
Seat 1: tobermory12 ($28.35 in chips) 
Seat 2: Juniorasmus ($156.50 in chips) 
Seat 3: blistein ($103.51 in chips) 
Seat 4: Fold Your Cats ($112.10 in chips) 
Seat 5: Consig|iori ($100 in chips) 
Seat 6: Pon4uk.ua ($110.77 in chips) 
tobermory12: posts small blind $0.50
Juniorasmus: posts big blind $1
*** HOLE CARDS ***
blistein: raises $1.20 to $2.20
Fold Your Cats: folds 
Consig|iori: folds 
Pon4uk.ua: folds 
tobermory12: folds 
Juniorasmus: folds 
Uncalled bet ($1.20) returned to blistein
blistein collected $2.50 from pot
blistein: doesn't show hand 
*** SUMMARY ***
Total pot $2.50 | Rake $0 
Seat 1: tobermory12 (small blind) folded before Flop
Seat 2: Juniorasmus (big blind) folded before Flop
Seat 3: blistein collected ($2.50)
Seat 4: Fold Your Cats folded before Flop (didn't bet)
Seat 5: Consig|iori folded before Flop (didn't bet)
Seat 6: Pon4uk.ua (button) folded before Flop (didn't bet)



PokerStars Hand #254363691104:  Hold'em No Limit ($0.50/$1.00 USD) - 2025/01/14 10:19:25 WET [2025/01/14 5:19:25 ET]
Table 'Cottrell II' 6-max Seat #1 is the button
Seat 1: tobermory12 ($27.85 in chips) 
Seat 2: Juniorasmus ($155.50 in chips) 
Seat 3: blistein ($105.01 in chips) 
Seat 4: Fold Your Cats ($112.10 in chips) 
Seat 5: Consig|iori ($100 in chips) 
Seat 6: Pon4uk.ua ($110.77 in chips) 
Juniorasmus: posts small blind $0.50
blistein: posts big blind $1
*** HOLE CARDS ***
Fold Your Cats: folds 
Consig|iori: folds 
Pon4uk.ua: folds 
tobermory12: calls $1
Juniorasmus: folds 
blistein: checks 
*** FLOP *** [Qh Qd 7d]
blistein: checks 
tobermory12: bets $3
blistein: folds 
Uncalled bet ($3) returned to tobermory12
tobermory12 collected $2.38 from pot
*** SUMMARY ***
Total pot $2.50 | Rake $0.12 
Board [Qh Qd 7d]
Seat 1: tobermory12 (button) collected ($2.38)
Seat 2: Juniorasmus (small blind) folded before Flop
Seat 3: blistein (big blind) folded on the Flop
Seat 4: Fold Your Cats folded before Flop (didn't bet)
Seat 5: Consig|iori folded before Flop (didn't bet)
Seat 6: Pon4uk.ua folded before Flop (didn't bet)



PokerStars Hand #254363695040:  Hold'em No Limit ($0.50/$1.00 USD) - 2025/01/14 10:20:01 WET [2025/01/14 5:20:01 ET]
Table 'Cottrell II' 6-max Seat #2 is the button
Seat 1: tobermory12 ($29.23 in chips) 
Seat 2: Juniorasmus ($155 in chips) 
Seat 3: blistein ($104.01 in chips) 
Seat 4: Fold Your Cats ($112.10 in chips) 
Seat 5: Consig|iori ($100 in chips) 
Seat 6: Pon4uk.ua ($110.77 in chips) 
blistein: posts small blind $0.50
Fold Your Cats: posts big blind $1
*** HOLE CARDS ***
Consig|iori: folds 
Pon4uk.ua: folds 
tobermory12: calls $1
Juniorasmus: folds 
blistein: folds 
Fold Your Cats: checks 
*** FLOP *** [7s 6h Qh]
Fold Your Cats: checks 
tobermory12: bets $2
Fold Your Cats: calls $2
*** TURN *** [7s 6h Qh] [2d]
Fold Your Cats: checks 
tobermory12: bets $2
Fold Your Cats: calls $2
*** RIVER *** [7s 6h Qh 2d] [6c]
Fold Your Cats: checks 
tobermory12: bets $3
Fold Your Cats: folds 
Uncalled bet ($3) returned to tobermory12
tobermory12 collected $9.98 from pot
*** SUMMARY ***
Total pot $10.50 | Rake $0.52 
Board [7s 6h Qh 2d 6c]
Seat 1: tobermory12 collected ($9.98)
Seat 2: Juniorasmus (button) folded before Flop (didn't bet)
Seat 3: blistein (small blind) folded before Flop
Seat 4: Fold Your Cats (big blind) folded on the River
Seat 5: Consig|iori folded before Flop (didn't bet)
Seat 6: Pon4uk.ua folded before Flop (didn't bet)



PokerStars Hand #254363699195:  Hold'em No Limit ($0.50/$1.00 USD) - 2025/01/14 10:20:38 WET [2025/01/14 5:20:38 ET]
Table 'Cottrell II' 6-max Seat #3 is the button
Seat 1: tobermory12 ($34.21 in chips) 
Seat 2: Juniorasmus ($155 in chips) 
Seat 3: blistein ($103.51 in chips) 
Seat 4: Fold Your Cats ($107.10 in chips) 
Seat 5: Consig|iori ($100 in chips) 
Seat 6: Pon4uk.ua ($110.77 in chips) 
Fold Your Cats: posts small blind $0.50
Consig|iori: posts big blind $1
*** HOLE CARDS ***
Pon4uk.ua: folds 
tobermory12: calls $1
Juniorasmus: folds 
blistein: folds 
Fold Your Cats: folds 
Consig|iori: checks 
*** FLOP *** [7c 7h 7s]
Consig|iori: checks 
tobermory12: bets $2
Consig|iori: folds 
Uncalled bet ($2) returned to tobermory12
tobermory12 collected $2.38 from pot
*** SUMMARY ***
Total pot $2.50 | Rake $0.12 
Board [7c 7h 7s]
Seat 1: tobermory12 collected ($2.38)
Seat 2: Juniorasmus folded before Flop (didn't bet)
Seat 3: blistein (button) folded before Flop (didn't bet)
Seat 4: Fold Your Cats (small blind) folded before Flop
Seat 5: Consig|iori (big blind) folded on the Flop
Seat 6: Pon4uk.ua folded before Flop (didn't bet)



PokerStars Hand #254363702165:  Hold'em No Limit ($0.50/$1.00 USD) - 2025/01/14 10:21:05 WET [2025/01/14 5:21:05 ET]
Table 'Cottrell II' 6-max Seat #4 is the button
Seat 1: tobermory12 ($35.59 in chips) 
Seat 2: Juniorasmus ($155 in chips) 
Seat 3: blistein ($103.51 in chips) 
Seat 4: Fold Your Cats ($106.60 in chips) 
Seat 5: Consig|iori ($100 in chips) 
Seat 6: Pon4uk.ua ($110.77 in chips) 
Consig|iori: posts small blind $0.50
Pon4uk.ua: posts big blind $1
*** HOLE CARDS ***
tobermory12: folds 
Juniorasmus: folds 
blistein: folds 
Fold Your Cats: raises $1.50 to $2.50
Consig|iori: folds 
Pon4uk.ua: folds 
Uncalled bet ($1.50) returned to Fold Your Cats
Fold Your Cats collected $2.50 from pot
Fold Your Cats: doesn't show hand 
*** SUMMARY ***
Total pot $2.50 | Rake $0 
Seat 1: tobermory12 folded before Flop (didn't bet)
Seat 2: Juniorasmus folded before Flop (didn't bet)
Seat 3: blistein folded before Flop (didn't bet)
Seat 4: Fold Your Cats (button) collected ($2.50)
Seat 5: Consig|iori (small blind) folded before Flop
Seat 6: Pon4uk.ua (big blind) folded before Flop



PokerStars Hand #254363705007:  Hold'em No Limit ($0.50/$1.00 USD) - 2025/01/14 10:21:31 WET [2025/01/14 5:21:31 ET]
Table 'Cottrell II' 6-max Seat #5 is the button
Seat 1: tobermory12 ($35.59 in chips) 
Seat 2: Juniorasmus ($155 in chips) 
Seat 3: blistein ($103.51 in chips) 
Seat 4: Fold Your Cats ($108.10 in chips) 
Seat 5: Consig|iori ($100 in chips) 
Seat 6: Pon4uk.ua ($109.77 in chips) 
Pon4uk.ua: posts small blind $0.50
tobermory12: posts big blind $1
*** HOLE CARDS ***
Juniorasmus: raises $1.15 to $2.15
blistein: folds 
Fold Your Cats: folds 
Consig|iori: folds 
Pon4uk.ua: folds 
tobermory12: calls $1.15
*** FLOP *** [4h Qh 8c]
tobermory12: bets $2
Juniorasmus: calls $2
*** TURN *** [4h Qh 8c] [3c]
tobermory12: bets $5
Juniorasmus: folds 
Uncalled bet ($5) returned to tobermory12
tobermory12 collected $8.36 from pot
*** SUMMARY ***
Total pot $8.80 | Rake $0.44 
Board [4h Qh 8c 3c]
Seat 1: tobermory12 (big blind) collected ($8.36)
Seat 2: Juniorasmus folded on the Turn
Seat 3: blistein folded before Flop (didn't bet)
Seat 4: Fold Your Cats folded before Flop (didn't bet)
Seat 5: Consig|iori (button) folded before Flop (didn't bet)
Seat 6: Pon4uk.ua (small blind) folded before Flop



PokerStars Hand #254363710042:  Hold'em No Limit ($0.50/$1.00 USD) - 2025/01/14 10:22:16 WET [2025/01/14 5:22:16 ET]
Table 'Cottrell II' 6-max Seat #6 is the button
Seat 1: tobermory12 ($39.80 in chips) 
Seat 2: Juniorasmus ($150.85 in chips) 
Seat 3: blistein ($103.51 in chips) 
Seat 4: Fold Your Cats ($108.10 in chips) 
Seat 5: Consig|iori ($100 in chips) 
Seat 6: Pon4uk.ua ($109.27 in chips) 
tobermory12: posts small blind $0.50
Juniorasmus: posts big blind $1
*** HOLE CARDS ***
blistein: raises $1.20 to $2.20
Fold Your Cats: folds 
Consig|iori: folds 
Pon4uk.ua: folds 
tobermory12: calls $1.70
Juniorasmus: raises $9.80 to $12
blistein: folds 
tobermory12: calls $9.80
*** FLOP *** [4s 7d 8d]
tobermory12: bets $27.80 and is all-in
Juniorasmus: calls $27.80
*** TURN *** [4s 7d 8d] [9c]
*** RIVER *** [4s 7d 8d 9c] [7c]
*** SHOW DOWN ***
tobermory12: shows [9h 8c] (two pair, Nines and Eights)
Juniorasmus: shows [Ah Qd] (a pair of Sevens)
tobermory12 collected $79.30 from pot
*** SUMMARY ***
Total pot $81.80 | Rake $2.50 
Board [4s 7d 8d 9c 7c]
Seat 1: tobermory12 (small blind) showed [9h 8c] and won ($79.30) with two pair, Nines and Eights
Seat 2: Juniorasmus (big blind) showed [Ah Qd] and lost with a pair of Sevens
Seat 3: blistein folded before Flop
Seat 4: Fold Your Cats folded before Flop (didn't bet)
Seat 5: Consig|iori folded before Flop (didn't bet)
Seat 6: Pon4uk.ua (button) folded before Flop (didn't bet)



PokerStars Hand #254363715186:  Hold'em No Limit ($0.50/$1.00 USD) - 2025/01/14 10:23:02 WET [2025/01/14 5:23:02 ET]
Table 'Cottrell II' 6-max Seat #1 is the button
Seat 1: tobermory12 ($79.30 in chips) 
Seat 2: Juniorasmus ($111.05 in chips) 
Seat 3: blistein ($101.31 in chips) 
Seat 4: Fold Your Cats ($108.10 in chips) 
Seat 5: Consig|iori ($100 in chips) 
Seat 6: Pon4uk.ua ($109.27 in chips) 
Juniorasmus: posts small blind $0.50
blistein: posts big blind $1
*** HOLE CARDS ***
Fold Your Cats: raises $1.50 to $2.50
Consig|iori: folds 
Pon4uk.ua: folds 
tobermory12: calls $2.50
Juniorasmus: folds 
blistein: folds 
*** FLOP *** [3c Jh 2s]
Fold Your Cats: checks 
tobermory12: checks 
*** TURN *** [3c Jh 2s] [9h]
Fold Your Cats: checks 
tobermory12: bets $3
Fold Your Cats: calls $3
*** RIVER *** [3c Jh 2s 9h] [6d]
Fold Your Cats: checks 
tobermory12: checks 
*** SHOW DOWN ***
Fold Your Cats: shows [Ks As] (high card Ace)
tobermory12: mucks hand 
Fold Your Cats collected $11.88 from pot
*** SUMMARY ***
Total pot $12.50 | Rake $0.62 
Board [3c Jh 2s 9h 6d]
Seat 1: tobermory12 (button) mucked
Seat 2: Juniorasmus (small blind) folded before Flop
Seat 3: blistein (big blind) folded before Flop
Seat 4: Fold Your Cats showed [Ks As] and won ($11.88) with high card Ace
Seat 5: Consig|iori folded before Flop (didn't bet)
Seat 6: Pon4uk.ua folded before Flop (didn't bet)



PokerStars Hand #254363718930:  Hold'em No Limit ($0.50/$1.00 USD) - 2025/01/14 10:23:36 WET [2025/01/14 5:23:36 ET]
Table 'Cottrell II' 6-max Seat #2 is the button
Seat 1: tobermory12 ($73.80 in chips) 
Seat 2: Juniorasmus ($110.55 in chips) 
Seat 3: blistein ($100.31 in chips) 
Seat 4: Fold Your Cats ($114.48 in chips) 
Seat 5: Consig|iori ($100 in chips) 
Seat 6: Pon4uk.ua ($109.27 in chips) 
blistein: posts small blind $0.50
Fold Your Cats: posts big blind $1
*** HOLE CARDS ***
Consig|iori: raises $1.40 to $2.40
Pon4uk.ua: folds 
tobermory12: folds 
Juniorasmus: raises $5.10 to $7.50
blistein: folds 
Fold Your Cats: folds 
Consig|iori: raises $14.50 to $22
Juniorasmus: folds 
Uncalled bet ($14.50) returned to Consig|iori
Consig|iori collected $16.50 from pot
Consig|iori: doesn't show hand 
*** SUMMARY ***
Total pot $16.50 | Rake $0 
Seat 1: tobermory12 folded before Flop (didn't bet)
Seat 2: Juniorasmus (button) folded before Flop
Seat 3: blistein (small blind) folded before Flop
Seat 4: Fold Your Cats (big blind) folded before Flop
Seat 5: Consig|iori collected ($16.50)
Seat 6: Pon4uk.ua folded before Flop (didn't bet)



PokerStars Hand #254363722649:  Hold'em No Limit ($0.50/$1.00 USD) - 2025/01/14 10:24:09 WET [2025/01/14 5:24:09 ET]
Table 'Cottrell II' 6-max Seat #3 is the button
Seat 5: Consig|iori ($109 in chips) is sitting out
Seat 1: tobermory12 ($73.80 in chips) 
Seat 2: Juniorasmus ($103.05 in chips) 
Seat 3: blistein ($100 in chips) 
Seat 4: Fold Your Cats ($113.48 in chips) 
Seat 6: Pon4uk.ua ($109.27 in chips) 
Fold Your Cats: posts small blind $0.50
Consig|iori: is sitting out 
Pon4uk.ua: posts big blind $1
*** HOLE CARDS ***
Consig|iori leaves the table
tobermory12: folds 
Juniorasmus: raises $1.35 to $2.35
blistein: folds 
Fold Your Cats: folds 
KarP93 joins the table at seat #5 
Pon4uk.ua: folds 
Uncalled bet ($1.35) returned to Juniorasmus
Juniorasmus collected $2.50 from pot
Juniorasmus: doesn't show hand 
*** SUMMARY ***
Total pot $2.50 | Rake $0 
Seat 5: Consig|iori
Seat 1: tobermory12 folded before Flop (didn't bet)
Seat 2: Juniorasmus collected ($2.50)
Seat 3: blistein (button) folded before Flop (didn't bet)
Seat 4: Fold Your Cats (small blind) folded before Flop
Seat 6: Pon4uk.ua (big blind) folded before Flop



PokerStars Hand #254363726242:  Hold'em No Limit ($0.50/$1.00 USD) - 2025/01/14 10:24:41 WET [2025/01/14 5:24:41 ET]
Table 'Cottrell II' 6-max Seat #4 is the button
Seat 5: KarP93 ($100 in chips) is sitting out
Seat 1: tobermory12 ($73.80 in chips) 
Seat 2: Juniorasmus ($104.55 in chips) 
Seat 3: blistein ($100 in chips) 
Seat 4: Fold Your Cats ($112.98 in chips) 
Seat 6: Pon4uk.ua ($108.27 in chips) 
Pon4uk.ua: posts small blind $0.50
tobermory12: posts big blind $1
*** HOLE CARDS ***
Juniorasmus: folds 
blistein: folds 
Fold Your Cats: raises $1.50 to $2.50
Pon4uk.ua: folds 
tobermory12: folds 
Uncalled bet ($1.50) returned to Fold Your Cats
Fold Your Cats collected $2.50 from pot
Fold Your Cats: doesn't show hand 
*** SUMMARY ***
Total pot $2.50 | Rake $0 
Seat 5: KarP93
Seat 1: tobermory12 (big blind) folded before Flop
Seat 2: Juniorasmus folded before Flop (didn't bet)
Seat 3: blistein folded before Flop (didn't bet)
Seat 4: Fold Your Cats (button) collected ($2.50)
Seat 6: Pon4uk.ua (small blind) folded before Flop



PokerStars Hand #254363727822:  Hold'em No Limit ($0.50/$1.00 USD) - 2025/01/14 10:24:56 WET [2025/01/14 5:24:56 ET]
Table 'Cottrell II' 6-max Seat #6 is the button
Seat 5: KarP93 ($100 in chips) is sitting out
Seat 1: tobermory12 ($72.80 in chips) 
Seat 2: Juniorasmus ($104.55 in chips) 
Seat 3: blistein ($100 in chips) 
Seat 4: Fold Your Cats ($114.48 in chips) 
Seat 6: Pon4uk.ua ($107.77 in chips) 
tobermory12: posts small blind $0.50
Juniorasmus: posts big blind $1
KarP93: sits out 
*** HOLE CARDS ***
blistein: folds 
Fold Your Cats: folds 
Pon4uk.ua: folds 
tobermory12: folds 
Uncalled bet ($0.50) returned to Juniorasmus
Juniorasmus collected $1 from pot
Juniorasmus: doesn't show hand 
*** SUMMARY ***
Total pot $1 | Rake $0 
Seat 5: KarP93
Seat 1: tobermory12 (small blind) folded before Flop
Seat 2: Juniorasmus (big blind) collected ($1)
Seat 3: blistein folded before Flop (didn't bet)
Seat 4: Fold Your Cats folded before Flop (didn't bet)
Seat 6: Pon4uk.ua (button) folded before Flop (didn't bet)



PokerStars Hand #254363728746:  Hold'em No Limit ($0.50/$1.00 USD) - 2025/01/14 10:25:04 WET [2025/01/14 5:25:04 ET]
Table 'Cottrell II' 6-max Seat #1 is the button
Seat 5: KarP93 ($100 in chips) is sitting out
Seat 1: tobermory12 ($72.30 in chips) 
Seat 2: Juniorasmus ($105.05 in chips) 
Seat 3: blistein ($100 in chips) 
Seat 4: Fold Your Cats ($114.48 in chips) 
Seat 6: Pon4uk.ua ($107.77 in chips) 
Juniorasmus: posts small blind $0.50
blistein: posts big blind $1
KarP93: sits out 
*** HOLE CARDS ***
Fold Your Cats: folds 
Pon4uk.ua: folds 
tobermory12: raises $1 to $2
Juniorasmus: calls $1.50
blistein: folds 
*** FLOP *** [3d Ac Tc]
Juniorasmus: checks 
tobermory12: checks 
*** TURN *** [3d Ac Tc] [2c]
Juniorasmus: bets $4
tobermory12: folds 
Uncalled bet ($4) returned to Juniorasmus
Juniorasmus collected $4.75 from pot
Juniorasmus: doesn't show hand 
*** SUMMARY ***
Total pot $5 | Rake $0.25 
Board [3d Ac Tc 2c]
Seat 5: KarP93
Seat 1: tobermory12 (button) folded on the Turn
Seat 2: Juniorasmus (small blind) collected ($4.75)
Seat 3: blistein (big blind) folded before Flop
Seat 4: Fold Your Cats folded before Flop (didn't bet)
Seat 6: Pon4uk.ua folded before Flop (didn't bet)



PokerStars Hand #254363731630:  Hold'em No Limit ($0.50/$1.00 USD) - 2025/01/14 10:25:29 WET [2025/01/14 5:25:29 ET]
Table 'Cottrell II' 6-max Seat #2 is the button
Seat 4: Fold Your Cats ($114.48 in chips) is sitting out
Seat 1: tobermory12 ($70.30 in chips) 
Seat 2: Juniorasmus ($107.80 in chips) 
Seat 3: blistein ($100 in chips) 
Seat 5: KarP93 ($100 in chips) 
Seat 6: Pon4uk.ua ($107.77 in chips) 
blistein: posts small blind $0.50
Fold Your Cats: is sitting out 
KarP93: posts big blind $1
*** HOLE CARDS ***
Fold Your Cats leaves the table
Pon4uk.ua: folds 
tobermory12: calls $1
Juniorasmus: folds 
blistein: folds 
ponchua joins the table at seat #4 
KarP93: checks 
*** FLOP *** [9s 9h Kc]
KarP93: checks 
tobermory12: bets $1
KarP93: folds 
Uncalled bet ($1) returned to tobermory12
tobermory12 collected $2.38 from pot
*** SUMMARY ***
Total pot $2.50 | Rake $0.12 
Board [9s 9h Kc]
Seat 4: Fold Your Cats
Seat 1: tobermory12 collected ($2.38)
Seat 2: Juniorasmus (button) folded before Flop (didn't bet)
Seat 3: blistein (small blind) folded before Flop
Seat 5: KarP93 (big blind) folded on the Flop
Seat 6: Pon4uk.ua folded before Flop (didn't bet)



PokerStars Hand #254363734399:  Hold'em No Limit ($0.50/$1.00 USD) - 2025/01/14 10:25:53 WET [2025/01/14 5:25:53 ET]
Table 'Cottrell II' 6-max Seat #3 is the button
Seat 4: ponchua ($100 in chips) is sitting out
Seat 1: tobermory12 ($71.68 in chips) 
Seat 2: Juniorasmus ($107.80 in chips) 
Seat 3: blistein ($100 in chips) 
Seat 5: KarP93 ($100 in chips) 
Seat 6: Pon4uk.ua ($107.77 in chips) 
KarP93: posts small blind $0.50
Pon4uk.ua: posts big blind $1
*** HOLE CARDS ***
tobermory12: raises $2 to $3
Juniorasmus: folds 
blistein: folds 
KarP93: folds 
Pon4uk.ua: calls $2
*** FLOP *** [7s Ts 9s]
Pon4uk.ua: checks 
tobermory12: bets $4
Pon4uk.ua: folds 
Uncalled bet ($4) returned to tobermory12
tobermory12 collected $6.18 from pot
*** SUMMARY ***
Total pot $6.50 | Rake $0.32 
Board [7s Ts 9s]
Seat 4: ponchua
Seat 1: tobermory12 collected ($6.18)
Seat 2: Juniorasmus folded before Flop (didn't bet)
Seat 3: blistein (button) folded before Flop (didn't bet)
Seat 5: KarP93 (small blind) folded before Flop
Seat 6: Pon4uk.ua (big blind) folded on the Flop



PokerStars Hand #254363737374:  Hold'em No Limit ($0.50/$1.00 USD) - 2025/01/14 10:26:20 WET [2025/01/14 5:26:20 ET]
Table 'Cottrell II' 6-max Seat #5 is the button
Seat 4: ponchua ($100 in chips) is sitting out
Seat 1: tobermory12 ($74.86 in chips) 
Seat 2: Juniorasmus ($107.80 in chips) 
Seat 3: blistein ($100 in chips) 
Seat 5: KarP93 ($100 in chips) 
Seat 6: Pon4uk.ua ($104.77 in chips) 
Pon4uk.ua: posts small blind $0.50
tobermory12: posts big blind $1
ponchua: sits out 
*** HOLE CARDS ***
Juniorasmus: raises $1.25 to $2.25
blistein: raises $4.75 to $7
KarP93: folds 
Pon4uk.ua: folds 
tobermory12: folds 
Juniorasmus: calls $4.75
*** FLOP *** [As 6c Ks]
Juniorasmus: checks 
blistein: bets $5
Juniorasmus: folds 
Uncalled bet ($5) returned to blistein
blistein collected $14.72 from pot
blistein: doesn't show hand 
*** SUMMARY ***
Total pot $15.50 | Rake $0.78 
Board [As 6c Ks]
Seat 4: ponchua
Seat 1: tobermory12 (big blind) folded before Flop
Seat 2: Juniorasmus folded on the Flop
Seat 3: blistein collected ($14.72)
Seat 5: KarP93 (button) folded before Flop (didn't bet)
Seat 6: Pon4uk.ua (small blind) folded before Flop



PokerStars Hand #254363741597:  Hold'em No Limit ($0.50/$1.00 USD) - 2025/01/14 10:26:57 WET [2025/01/14 5:26:57 ET]
Table 'Cottrell II' 6-max Seat #6 is the button
Seat 4: ponchua ($100 in chips) is sitting out
Seat 1: tobermory12 ($73.86 in chips) 
Seat 2: Juniorasmus ($100.80 in chips) 
Seat 3: blistein ($107.72 in chips) 
Seat 5: KarP93 ($100 in chips) 
Seat 6: Pon4uk.ua ($104.27 in chips) 
tobermory12: posts small blind $0.50
Juniorasmus: posts big blind $1
ponchua: sits out 
*** HOLE CARDS ***
blistein: folds 
KarP93: folds 
Pon4uk.ua: folds 
tobermory12: calls $0.50
Juniorasmus: checks 
*** FLOP *** [Th 8c 9s]
tobermory12: bets $2
Juniorasmus: folds 
Uncalled bet ($2) returned to tobermory12
tobermory12 collected $1.90 from pot
*** SUMMARY ***
Total pot $2 | Rake $0.10 
Board [Th 8c 9s]
Seat 4: ponchua
Seat 1: tobermory12 (small blind) collected ($1.90)
Seat 2: Juniorasmus (big blind) folded on the Flop
Seat 3: blistein folded before Flop (didn't bet)
Seat 5: KarP93 folded before Flop (didn't bet)
Seat 6: Pon4uk.ua (button) folded before Flop (didn't bet)



PokerStars Hand #254363745102:  Hold'em No Limit ($0.50/$1.00 USD) - 2025/01/14 10:27:28 WET [2025/01/14 5:27:28 ET]
Table 'Cottrell II' 6-max Seat #1 is the button
Seat 4: ponchua ($100 in chips) is sitting out
Seat 1: tobermory12 ($74.76 in chips) 
Seat 2: Juniorasmus ($100 in chips) 
Seat 3: blistein ($107.72 in chips) 
Seat 5: KarP93 ($100 in chips) 
Seat 6: Pon4uk.ua ($104.27 in chips) 
Juniorasmus: posts small blind $0.50
blistein: posts big blind $1
ponchua: sits out 
*** HOLE CARDS ***
KarP93: folds 
Pon4uk.ua: folds 
tobermory12: calls $1
Juniorasmus: calls $0.50
blistein: checks 
*** FLOP *** [Tc 8d As]
Juniorasmus: checks 
blistein: checks 
tobermory12: checks 
*** TURN *** [Tc 8d As] [8c]
Juniorasmus: checks 
blistein: bets $3
tobermory12: folds 
Juniorasmus: folds 
Uncalled bet ($3) returned to blistein
blistein collected $2.85 from pot
blistein: doesn't show hand 
*** SUMMARY ***
Total pot $3 | Rake $0.15 
Board [Tc 8d As 8c]
Seat 4: ponchua
Seat 1: tobermory12 (button) folded on the Turn
Seat 2: Juniorasmus (small blind) folded on the Turn
Seat 3: blistein (big blind) collected ($2.85)
Seat 5: KarP93 folded before Flop (didn't bet)
Seat 6: Pon4uk.ua folded before Flop (didn't bet)



PokerStars Hand #254363768306:  Hold'em No Limit ($0.50/$1.00 USD) - 2025/01/14 10:30:53 WET [2025/01/14 5:30:53 ET]
Table 'Cottrell II' 6-max Seat #3 is the button
Seat 1: tobermory12 ($73.76 in chips) 
Seat 2: Juniorasmus ($100 in chips) 
Seat 3: blistein ($118.69 in chips) 
Seat 4: ponchua ($100 in chips) 
Seat 5: KarP93 ($100 in chips) 
Seat 6: Pon4uk.ua ($104.27 in chips) 
ponchua: posts small blind $0.50
KarP93: posts big blind $1
*** HOLE CARDS ***
Pon4uk.ua: folds 
tobermory12: raises $1 to $2
Juniorasmus: folds 
blistein: folds 
ponchua: folds 
KarP93: calls $1
*** FLOP *** [Qc Ts Ac]
KarP93: checks 
tobermory12: bets $2
KarP93: calls $2
*** TURN *** [Qc Ts Ac] [Kd]
KarP93: checks 
tobermory12: bets $4.04
KarP93: folds 
Uncalled bet ($4.04) returned to tobermory12
tobermory12 collected $8.08 from pot
*** SUMMARY ***
Total pot $8.50 | Rake $0.42 
Board [Qc Ts Ac Kd]
Seat 1: tobermory12 collected ($8.08)
Seat 2: Juniorasmus folded before Flop (didn't bet)
Seat 3: blistein (button) folded before Flop (didn't bet)
Seat 4: ponchua (small blind) folded before Flop
Seat 5: KarP93 (big blind) folded on the Turn
Seat 6: Pon4uk.ua folded before Flop (didn't bet)



PokerStars Hand #254363773095:  Hold'em No Limit ($0.50/$1.00 USD) - 2025/01/14 10:31:35 WET [2025/01/14 5:31:35 ET]
Table 'Cottrell II' 6-max Seat #4 is the button
Seat 1: tobermory12 ($77.84 in chips) 
Seat 2: Juniorasmus ($100 in chips) 
Seat 3: blistein ($118.69 in chips) 
Seat 4: ponchua ($100 in chips) 
Seat 5: KarP93 ($100 in chips) 
Seat 6: Pon4uk.ua ($104.27 in chips) 
KarP93: posts small blind $0.50
Pon4uk.ua: posts big blind $1
*** HOLE CARDS ***
tobermory12: folds 
Juniorasmus: folds 
blistein: folds 
tobermory12 leaves the table
ponchua: raises $1.50 to $2.50
KarP93: folds 
Pon4uk.ua: calls $1.50
*** FLOP *** [6d 5s 9d]
Pon4uk.ua: checks 
ponchua: bets $2.66
Pon4uk.ua: folds 
Uncalled bet ($2.66) returned to ponchua
ponchua collected $5.22 from pot
ponchua: doesn't show hand 
*** SUMMARY ***
Total pot $5.50 | Rake $0.28 
Board [6d 5s 9d]
Seat 1: tobermory12 folded before Flop (didn't bet)
Seat 2: Juniorasmus folded before Flop (didn't bet)
Seat 3: blistein folded before Flop (didn't bet)
Seat 4: ponchua (button) collected ($5.22)
Seat 5: KarP93 (small blind) folded before Flop
Seat 6: Pon4uk.ua (big blind) folded on the Flop



PokerStars Hand #254363777232:  Hold'em No Limit ($0.50/$1.00 USD) - 2025/01/14 10:32:11 WET [2025/01/14 5:32:11 ET]
Table 'Cottrell II' 6-max Seat #5 is the button
Seat 2: Juniorasmus ($100 in chips) 
Seat 3: blistein ($118.69 in chips) 
Seat 4: ponchua ($102.72 in chips) 
Seat 5: KarP93 ($100 in chips) 
Seat 6: Pon4uk.ua ($101.77 in chips) 
Pon4uk.ua: posts small blind $0.50
Juniorasmus: posts big blind $1
*** HOLE CARDS ***
blistein: folds 
ponchua: raises $1.50 to $2.50
KarP93: raises $5.50 to $8
Pon4uk.ua: folds 
Juniorasmus: folds 
ponchua: folds 
Uncalled bet ($5.50) returned to KarP93
KarP93 collected $6.50 from pot
KarP93: doesn't show hand 
*** SUMMARY ***
Total pot $6.50 | Rake $0 
Seat 2: Juniorasmus (big blind) folded before Flop
Seat 3: blistein folded before Flop (didn't bet)
Seat 4: ponchua folded before Flop
Seat 5: KarP93 (button) collected ($6.50)
Seat 6: Pon4uk.ua (small blind) folded before Flop



PokerStars Hand #254363783168:  Hold'em No Limit ($0.50/$1.00 USD) - 2025/01/14 10:33:05 WET [2025/01/14 5:33:05 ET]
Table 'Cottrell II' 6-max Seat #2 is the button
Seat 3: blistein ($118.69 in chips) is sitting out
Seat 4: ponchua ($100.22 in chips) is sitting out
Seat 5: KarP93 ($104 in chips) is sitting out
Seat 2: Juniorasmus ($100 in chips) 
Seat 6: Pon4uk.ua ($101.27 in chips) 
Juniorasmus: posts small blind $0.50
blistein: is sitting out 
ponchua: is sitting out 
KarP93: is sitting out 
Pon4uk.ua: posts big blind $1
*** HOLE CARDS ***
Juniorasmus: raises $1.45 to $2.45
blistein leaves the table
Pon4uk.ua: folds 
Uncalled bet ($1.45) returned to Juniorasmus
Juniorasmus collected $2 from pot
Juniorasmus: doesn't show hand 
*** SUMMARY ***
Total pot $2 | Rake $0 
Seat 3: blistein
Seat 4: ponchua
Seat 5: KarP93
Seat 2: Juniorasmus (button) (small blind) collected ($2)
Seat 6: Pon4uk.ua (big blind) folded before Flop



PokerStars Hand #254363784161:  Hold'em No Limit ($0.50/$1.00 USD) - 2025/01/14 10:33:14 WET [2025/01/14 5:33:14 ET]
Table 'Cottrell II' 6-max Seat #6 is the button
Seat 4: ponchua ($100.22 in chips) is sitting out
Seat 5: KarP93 ($104 in chips) is sitting out
Seat 2: Juniorasmus ($101 in chips) 
Seat 6: Pon4uk.ua ($100.27 in chips) 
Pon4uk.ua: posts small blind $0.50
Juniorasmus: posts big blind $1
*** HOLE CARDS ***
KarP93 leaves the table
Pon4uk.ua: raises $1.50 to $2.50
Juniorasmus: folds 
Uncalled bet ($1.50) returned to Pon4uk.ua
Pon4uk.ua collected $2 from pot
Pon4uk.ua: doesn't show hand 
*** SUMMARY ***
Total pot $2 | Rake $0 
Seat 4: ponchua
Seat 5: KarP93
Seat 2: Juniorasmus (big blind) folded before Flop
Seat 6: Pon4uk.ua (button) (small blind) collected ($2)



PokerStars Hand #254363785207:  Hold'em No Limit ($0.50/$1.00 USD) - 2025/01/14 10:33:23 WET [2025/01/14 5:33:23 ET]
Table 'Cottrell II' 6-max Seat #2 is the button
Seat 4: ponchua ($100.22 in chips) is sitting out
Seat 2: Juniorasmus ($100 in chips) 
Seat 6: Pon4uk.ua ($101.27 in chips) 
Juniorasmus: posts small blind $0.50
Pon4uk.ua: posts big blind $1
*** HOLE CARDS ***
Juniorasmus: raises $1.45 to $2.45
ponchua leaves the table
Pon4uk.ua: calls $1.45
*** FLOP *** [Qs 9c 5d]
Pon4uk.ua: checks 
Juniorasmus: bets $1.49
Pon4uk.ua: calls $1.49
*** TURN *** [Qs 9c 5d] [8d]
Pon4uk.ua: checks 
Juniorasmus: bets $9.36
Pon4uk.ua: folds 
Uncalled bet ($9.36) returned to Juniorasmus
Juniorasmus collected $7.49 from pot
Juniorasmus: doesn't show hand 
*** SUMMARY ***
Total pot $7.88 | Rake $0.39 
Board [Qs 9c 5d 8d]
Seat 4: ponchua
Seat 2: Juniorasmus (button) (small blind) collected ($7.49)
Seat 6: Pon4uk.ua (big blind) folded on the Turn



PokerStars Hand #254363789782:  Hold'em No Limit ($0.50/$1.00 USD) - 2025/01/14 10:34:03 WET [2025/01/14 5:34:03 ET]
Table 'Cottrell II' 6-max Seat #6 is the button
Seat 2: Juniorasmus ($103.55 in chips) 
Seat 6: Pon4uk.ua ($100 in chips) 
Pon4uk.ua: posts small blind $0.50
Juniorasmus: posts big blind $1
*** HOLE CARDS ***
Pon4uk.ua: raises $1.50 to $2.50
Juniorasmus: folds 
Uncalled bet ($1.50) returned to Pon4uk.ua
Pon4uk.ua collected $2 from pot
Pon4uk.ua: doesn't show hand 
*** SUMMARY ***
Total pot $2 | Rake $0 
Seat 2: Juniorasmus (big blind) folded before Flop
Seat 6: Pon4uk.ua (button) (small blind) collected ($2)



PokerStars Hand #254363790830:  Hold'em No Limit ($0.50/$1.00 USD) - 2025/01/14 10:34:12 WET [2025/01/14 5:34:12 ET]
Table 'Cottrell II' 6-max Seat #2 is the button
Seat 2: Juniorasmus ($102.55 in chips) 
Seat 6: Pon4uk.ua ($101 in chips) 
Juniorasmus: posts small blind $0.50
Pon4uk.ua: posts big blind $1
*** HOLE CARDS ***
Juniorasmus: raises $1.45 to $2.45
Pon4uk.ua: calls $1.45
*** FLOP *** [3s Td Js]
Pon4uk.ua: checks 
Juniorasmus: bets $1.49
Pon4uk.ua: calls $1.49
*** TURN *** [3s Td Js] [Qd]
Pon4uk.ua: checks 
Juniorasmus: bets $5.62
Pon4uk.ua: folds 
Uncalled bet ($5.62) returned to Juniorasmus
Juniorasmus collected $7.49 from pot
Juniorasmus: doesn't show hand 
*** SUMMARY ***
Total pot $7.88 | Rake $0.39 
Board [3s Td Js Qd]
Seat 2: Juniorasmus (button) (small blind) collected ($7.49)
Seat 6: Pon4uk.ua (big blind) folded on the Turn



