PokerStars Hand #254362941542:  Hold'em No Limit ($0.50/$1.00 USD) - 2025/01/14 7:58:00 WET [2025/01/14 2:58:00 ET]
Table 'Irus III' 6-max Seat #6 is the button
Seat 5: pepy_2233 ($0 in chips) is sitting out
Seat 1: value_ftw ($100 in chips) 
Seat 2: CashfishT ($100 in chips) 
Seat 6: EasyGamerrr ($111.20 in chips) 
value_ftw: posts small blind $0.50
CashfishT: posts big blind $1
*** HOLE CARDS ***
EasyGamerrr: raises $1.50 to $2.50
value_ftw: raises $8 to $10.50
CashfishT: folds 
EasyGamerrr: calls $8
*** FLOP *** [Tc Kd 3c]
value_ftw: bets $5.25
EasyGamerrr: calls $5.25
*** TURN *** [Tc Kd 3c] [Js]
value_ftw: bets $23.94
przemasek joins the table at seat #3 
XattexStomil joins the table at seat #4 
EasyGamerrr: folds 
Uncalled bet ($23.94) returned to value_ftw
value_ftw collected $31.50 from pot
value_ftw: doesn't show hand 
*** SUMMARY ***
Total pot $32.50 | Rake $1 
Board [Tc Kd 3c Js]
Seat 5: pepy_2233
Seat 1: value_ftw (small blind) collected ($31.50)
Seat 2: CashfishT (big blind) folded before Flop
Seat 6: EasyGamerrr (button) folded on the Turn



PokerStars Hand #254362945250:  Hold'em No Limit ($0.50/$1.00 USD) - 2025/01/14 7:58:59 WET [2025/01/14 2:58:59 ET]
Table 'Irus III' 6-max Seat #1 is the button
Seat 4: XattexStomil ($100 in chips) is sitting out
Seat 1: value_ftw ($115.75 in chips) 
Seat 2: CashfishT ($100 in chips) 
Seat 3: przemasek ($31 in chips) 
Seat 5: pepy_2233 ($10.93 in chips) 
Seat 6: EasyGamerrr ($100 in chips) 
CashfishT: posts small blind $0.50
przemasek: posts big blind $1
XattexStomil: sits out 
*** HOLE CARDS ***
pepy_2233: calls $1
EasyGamerrr: folds 
value_ftw: raises $3.50 to $4.50
CashfishT: folds 
przemasek: folds 
pepy_2233: folds 
Uncalled bet ($3.50) returned to value_ftw
value_ftw collected $3.50 from pot
value_ftw: doesn't show hand 
*** SUMMARY ***
Total pot $3.50 | Rake $0 
Seat 4: XattexStomil
Seat 1: value_ftw (button) collected ($3.50)
Seat 2: CashfishT (small blind) folded before Flop
Seat 3: przemasek (big blind) folded before Flop
Seat 5: pepy_2233 folded before Flop
Seat 6: EasyGamerrr folded before Flop (didn't bet)



PokerStars Hand #254362946767:  Hold'em No Limit ($0.50/$1.00 USD) - 2025/01/14 7:59:23 WET [2025/01/14 2:59:23 ET]
Table 'Irus III' 6-max Seat #2 is the button
Seat 1: value_ftw ($118.25 in chips) 
Seat 2: CashfishT ($100 in chips) 
Seat 3: przemasek ($30 in chips) 
Seat 4: XattexStomil ($100 in chips) 
Seat 5: pepy_2233 ($9.93 in chips) 
Seat 6: EasyGamerrr ($100 in chips) 
przemasek: posts small blind $0.50
XattexStomil: posts big blind $1
*** HOLE CARDS ***
pepy_2233: folds 
EasyGamerrr: folds 
value_ftw: folds 
CashfishT: raises $1.20 to $2.20
przemasek: folds 
XattexStomil: folds 
Uncalled bet ($1.20) returned to CashfishT
CashfishT collected $2.50 from pot
CashfishT: doesn't show hand 
*** SUMMARY ***
Total pot $2.50 | Rake $0 
Seat 1: value_ftw folded before Flop (didn't bet)
Seat 2: CashfishT (button) collected ($2.50)
Seat 3: przemasek (small blind) folded before Flop
Seat 4: XattexStomil (big blind) folded before Flop
Seat 5: pepy_2233 folded before Flop (didn't bet)
Seat 6: EasyGamerrr folded before Flop (didn't bet)



PokerStars Hand #254362948264:  Hold'em No Limit ($0.50/$1.00 USD) - 2025/01/14 7:59:48 WET [2025/01/14 2:59:48 ET]
Table 'Irus III' 6-max Seat #3 is the button
Seat 1: value_ftw ($118.25 in chips) 
Seat 2: CashfishT ($101.50 in chips) 
Seat 3: przemasek ($29.50 in chips) 
Seat 4: XattexStomil ($100 in chips) 
Seat 5: pepy_2233 ($9.93 in chips) 
Seat 6: EasyGamerrr ($100 in chips) 
XattexStomil: posts small blind $0.50
pepy_2233: posts big blind $1
*** HOLE CARDS ***
EasyGamerrr: folds 
value_ftw: folds 
CashfishT: raises $1.20 to $2.20
przemasek: calls $2.20
XattexStomil: folds 
pepy_2233: calls $1.20
*** FLOP *** [6d 5s Tc]
pepy_2233: checks 
CashfishT: checks 
przemasek: checks 
*** TURN *** [6d 5s Tc] [4d]
pepy_2233: checks 
CashfishT: checks 
przemasek: bets $2.90
pepy_2233: calls $2.90
CashfishT: calls $2.90
*** RIVER *** [6d 5s Tc 4d] [6s]
pepy_2233: bets $4.83 and is all-in
CashfishT: calls $4.83
przemasek: folds 
*** SHOW DOWN ***
pepy_2233: shows [3h 3s] (two pair, Sixes and Threes)
CashfishT: shows [9d 9s] (two pair, Nines and Sixes)
CashfishT collected $24.19 from pot
*** SUMMARY ***
Total pot $25.46 | Rake $1.27 
Board [6d 5s Tc 4d 6s]
Seat 1: value_ftw folded before Flop (didn't bet)
Seat 2: CashfishT showed [9d 9s] and won ($24.19) with two pair, Nines and Sixes
Seat 3: przemasek (button) folded on the River
Seat 4: XattexStomil (small blind) folded before Flop
Seat 5: pepy_2233 (big blind) showed [3h 3s] and lost with two pair, Sixes and Threes
Seat 6: EasyGamerrr folded before Flop (didn't bet)



PokerStars Hand #254362952359:  Hold'em No Limit ($0.50/$1.00 USD) - 2025/01/14 8:00:52 WET [2025/01/14 3:00:52 ET]
Table 'Irus III' 6-max Seat #4 is the button
Seat 5: pepy_2233 ($0 in chips) is sitting out
Seat 1: value_ftw ($118.25 in chips) 
Seat 2: CashfishT ($115.76 in chips) 
Seat 3: przemasek ($24.40 in chips) 
Seat 4: XattexStomil ($100 in chips) 
Seat 6: EasyGamerrr ($100 in chips) 
EasyGamerrr: posts small blind $0.50
value_ftw: posts big blind $1
*** HOLE CARDS ***
CashfishT: raises $1.20 to $2.20
przemasek: calls $2.20
XattexStomil: folds 
EasyGamerrr: folds 
value_ftw: raises $11.46 to $13.66
CashfishT: calls $11.46
przemasek: calls $11.46
*** FLOP *** [7c 5d Ts]
value_ftw: bets $13.01
CashfishT: folds 
przemasek: calls $10.74 and is all-in
Uncalled bet ($2.27) returned to value_ftw
*** TURN *** [7c 5d Ts] [9h]
*** RIVER *** [7c 5d Ts 9h] [Ad]
*** SHOW DOWN ***
value_ftw: shows [Kh Kd] (a pair of Kings)
przemasek: shows [9d Jd] (a pair of Nines)
value_ftw collected $60.46 from pot
*** SUMMARY ***
Total pot $62.96 | Rake $2.50 
Board [7c 5d Ts 9h Ad]
Seat 5: pepy_2233
Seat 1: value_ftw (big blind) showed [Kh Kd] and won ($60.46) with a pair of Kings
Seat 2: CashfishT folded on the Flop
Seat 3: przemasek showed [9d Jd] and lost with a pair of Nines
Seat 4: XattexStomil (button) folded before Flop (didn't bet)
Seat 6: EasyGamerrr (small blind) folded before Flop



PokerStars Hand #254362956159:  Hold'em No Limit ($0.50/$1.00 USD) - 2025/01/14 8:01:49 WET [2025/01/14 3:01:49 ET]
Table 'Irus III' 6-max Seat #6 is the button
Seat 3: przemasek ($0 in chips) is sitting out
Seat 1: value_ftw ($154.31 in chips) 
Seat 2: CashfishT ($102.10 in chips) 
Seat 4: XattexStomil ($100 in chips) 
Seat 5: pepy_2233 ($10.07 in chips) 
Seat 6: EasyGamerrr ($100 in chips) 
value_ftw: posts small blind $0.50
CashfishT: posts big blind $1
pepy_2233: posts small blind $0.50
*** HOLE CARDS ***
XattexStomil: raises $1.50 to $2.50
przemasek leaves the table
pepy_2233: folds 
EasyGamerrr: folds 
value_ftw: folds 
CashfishT: calls $1.50
*** FLOP *** [3c 7s 3d]
CashfishT: checks 
XattexStomil: bets $2.28
CashfishT: calls $2.28
*** TURN *** [3c 7s 3d] [2s]
CashfishT: checks 
XattexStomil: bets $8.02
4ikkiBamBoni joins the table at seat #3 
CashfishT: calls $8.02
*** RIVER *** [3c 7s 3d 2s] [7h]
CashfishT: checks 
XattexStomil: checks 
*** SHOW DOWN ***
CashfishT: shows [6s 6d] (two pair, Sevens and Sixes)
XattexStomil: mucks hand 
CashfishT collected $25.27 from pot
*** SUMMARY ***
Total pot $26.60 | Rake $1.33 
Board [3c 7s 3d 2s 7h]
Seat 3: przemasek
Seat 1: value_ftw (small blind) folded before Flop
Seat 2: CashfishT (big blind) showed [6s 6d] and won ($25.27) with two pair, Sevens and Sixes
Seat 4: XattexStomil mucked
Seat 5: pepy_2233 folded before Flop (didn't bet)
Seat 6: EasyGamerrr (button) folded before Flop (didn't bet)



PokerStars Hand #254362959968:  Hold'em No Limit ($0.50/$1.00 USD) - 2025/01/14 8:02:43 WET [2025/01/14 3:02:43 ET]
Table 'Irus III' 6-max Seat #1 is the button
Seat 1: value_ftw ($153.81 in chips) 
Seat 2: CashfishT ($114.57 in chips) 
Seat 3: 4ikkiBamBoni ($100 in chips) 
Seat 4: XattexStomil ($100 in chips) 
Seat 5: pepy_2233 ($9.57 in chips) 
Seat 6: EasyGamerrr ($100 in chips) 
CashfishT: posts small blind $0.50
4ikkiBamBoni: posts big blind $1
*** HOLE CARDS ***
XattexStomil: folds 
pepy_2233: calls $1
EasyGamerrr: folds 
value_ftw: raises $3.50 to $4.50
CashfishT: folds 
4ikkiBamBoni: folds 
pepy_2233: calls $3.50
*** FLOP *** [Tc Qh Ac]
pepy_2233: checks 
value_ftw: bets $9.98
pepy_2233: calls $5.07 and is all-in
Uncalled bet ($4.91) returned to value_ftw
*** TURN *** [Tc Qh Ac] [5h]
*** RIVER *** [Tc Qh Ac 5h] [Kd]
*** SHOW DOWN ***
pepy_2233: shows [8s Ts] (a pair of Tens)
value_ftw: shows [Jc Qc] (a straight, Ten to Ace)
value_ftw collected $19.61 from pot
pepy_2233 cashed out the hand for $2.21 | Cash Out Fee $0.04
*** SUMMARY ***
Total pot $20.64 | Rake $1.03 
Board [Tc Qh Ac 5h Kd]
Seat 1: value_ftw (button) showed [Jc Qc] and won ($19.61) with a straight, Ten to Ace
Seat 2: CashfishT (small blind) folded before Flop
Seat 3: 4ikkiBamBoni (big blind) folded before Flop
Seat 4: XattexStomil folded before Flop (didn't bet)
Seat 5: pepy_2233 showed [8s Ts] and lost with a pair of Tens (cashed out).
Seat 6: EasyGamerrr folded before Flop (didn't bet)



PokerStars Hand #254362963926:  Hold'em No Limit ($0.50/$1.00 USD) - 2025/01/14 8:03:39 WET [2025/01/14 3:03:39 ET]
Table 'Irus III' 6-max Seat #2 is the button
Seat 3: 4ikkiBamBoni ($100 in chips) is sitting out
Seat 1: value_ftw ($163.85 in chips) 
Seat 2: CashfishT ($114.07 in chips) 
Seat 4: XattexStomil ($100 in chips) 
Seat 5: pepy_2233 ($2.21 in chips) 
Seat 6: EasyGamerrr ($100 in chips) 
XattexStomil: posts small blind $0.50
pepy_2233: posts big blind $1
*** HOLE CARDS ***
EasyGamerrr: folds 
value_ftw: folds 
CashfishT: folds 
XattexStomil: folds 
Uncalled bet ($0.50) returned to pepy_2233
pepy_2233 collected $1 from pot
*** SUMMARY ***
Total pot $1 | Rake $0 
Seat 3: 4ikkiBamBoni
Seat 1: value_ftw folded before Flop (didn't bet)
Seat 2: CashfishT (button) folded before Flop (didn't bet)
Seat 4: XattexStomil (small blind) folded before Flop
Seat 5: pepy_2233 (big blind) collected ($1)
Seat 6: EasyGamerrr folded before Flop (didn't bet)



PokerStars Hand #254362964636:  Hold'em No Limit ($0.50/$1.00 USD) - 2025/01/14 8:03:49 WET [2025/01/14 3:03:49 ET]
Table 'Irus III' 6-max Seat #4 is the button
Seat 3: 4ikkiBamBoni ($100 in chips) is sitting out
Seat 1: value_ftw ($163.85 in chips) 
Seat 2: CashfishT ($114.07 in chips) 
Seat 4: XattexStomil ($100 in chips) 
Seat 5: pepy_2233 ($2.71 in chips) 
Seat 6: EasyGamerrr ($100 in chips) 
pepy_2233: posts small blind $0.50
EasyGamerrr: posts big blind $1
*** HOLE CARDS ***
value_ftw: folds 
CashfishT: folds 
XattexStomil: folds 
pepy_2233: calls $0.50
EasyGamerrr: raises $7 to $8
pepy_2233: calls $1.71 and is all-in
Uncalled bet ($5.29) returned to EasyGamerrr
*** FLOP *** [Qd 6d 6s]
*** TURN *** [Qd 6d 6s] [Tc]
*** RIVER *** [Qd 6d 6s Tc] [4c]
*** SHOW DOWN ***
pepy_2233: shows [Kh 5c] (a pair of Sixes)
EasyGamerrr: shows [2c 7c] (a pair of Sixes - lower kicker)
pepy_2233 collected $5.15 from pot
*** SUMMARY ***
Total pot $5.42 | Rake $0.27 
Board [Qd 6d 6s Tc 4c]
Seat 3: 4ikkiBamBoni
Seat 1: value_ftw folded before Flop (didn't bet)
Seat 2: CashfishT folded before Flop (didn't bet)
Seat 4: XattexStomil (button) folded before Flop (didn't bet)
Seat 5: pepy_2233 (small blind) showed [Kh 5c] and won ($5.15) with a pair of Sixes
Seat 6: EasyGamerrr (big blind) showed [2c 7c] and lost with a pair of Sixes



PokerStars Hand #254362966158:  Hold'em No Limit ($0.50/$1.00 USD) - 2025/01/14 8:04:10 WET [2025/01/14 3:04:10 ET]
Table 'Irus III' 6-max Seat #5 is the button
Seat 3: 4ikkiBamBoni ($100 in chips) is sitting out
Seat 1: value_ftw ($163.85 in chips) 
Seat 2: CashfishT ($114.07 in chips) 
Seat 4: XattexStomil ($100 in chips) 
Seat 5: pepy_2233 ($5.15 in chips) 
Seat 6: EasyGamerrr ($100 in chips) 
EasyGamerrr: posts small blind $0.50
value_ftw: posts big blind $1
*** HOLE CARDS ***
CashfishT: folds 
XattexStomil: folds 
pepy_2233: calls $1
EasyGamerrr: folds 
value_ftw: checks 
*** FLOP *** [6c Qs 6d]
value_ftw: checks 
pepy_2233: bets $1
value_ftw: folds 
Uncalled bet ($1) returned to pepy_2233
pepy_2233 collected $2.38 from pot
*** SUMMARY ***
Total pot $2.50 | Rake $0.12 
Board [6c Qs 6d]
Seat 3: 4ikkiBamBoni
Seat 1: value_ftw (big blind) folded on the Flop
Seat 2: CashfishT folded before Flop (didn't bet)
Seat 4: XattexStomil folded before Flop (didn't bet)
Seat 5: pepy_2233 (button) collected ($2.38)
Seat 6: EasyGamerrr (small blind) folded before Flop



PokerStars Hand #254362967608:  Hold'em No Limit ($0.50/$1.00 USD) - 2025/01/14 8:04:31 WET [2025/01/14 3:04:31 ET]
Table 'Irus III' 6-max Seat #6 is the button
Seat 3: 4ikkiBamBoni ($100 in chips) is sitting out
Seat 1: value_ftw ($162.85 in chips) 
Seat 2: CashfishT ($114.07 in chips) 
Seat 4: XattexStomil ($100 in chips) 
Seat 5: pepy_2233 ($6.53 in chips) 
Seat 6: EasyGamerrr ($100 in chips) 
value_ftw: posts small blind $0.50
CashfishT: posts big blind $1
*** HOLE CARDS ***
XattexStomil: folds 
pepy_2233: calls $1
EasyGamerrr: raises $6 to $7
value_ftw: folds 
CashfishT: folds 
pepy_2233: folds 
Uncalled bet ($6) returned to EasyGamerrr
EasyGamerrr collected $3.50 from pot
EasyGamerrr: doesn't show hand 
*** SUMMARY ***
Total pot $3.50 | Rake $0 
Seat 3: 4ikkiBamBoni
Seat 1: value_ftw (small blind) folded before Flop
Seat 2: CashfishT (big blind) folded before Flop
Seat 4: XattexStomil folded before Flop (didn't bet)
Seat 5: pepy_2233 folded before Flop
Seat 6: EasyGamerrr (button) collected ($3.50)



PokerStars Hand #254362969068:  Hold'em No Limit ($0.50/$1.00 USD) - 2025/01/14 8:04:51 WET [2025/01/14 3:04:51 ET]
Table 'Irus III' 6-max Seat #1 is the button
Seat 3: 4ikkiBamBoni ($100 in chips) is sitting out
Seat 1: value_ftw ($162.35 in chips) 
Seat 2: CashfishT ($113.07 in chips) 
Seat 4: XattexStomil ($100 in chips) 
Seat 5: pepy_2233 ($5.53 in chips) 
Seat 6: EasyGamerrr ($102.50 in chips) 
CashfishT: posts small blind $0.50
XattexStomil: posts big blind $1
*** HOLE CARDS ***
pepy_2233: calls $1
EasyGamerrr: raises $4.50 to $5.50
value_ftw: folds 
CashfishT: folds 
XattexStomil: folds 
pepy_2233: raises $0.03 to $5.53 and is all-in
EasyGamerrr: calls $0.03
*** FLOP *** [7s 5d Td]
*** TURN *** [7s 5d Td] [3s]
*** RIVER *** [7s 5d Td 3s] [7h]
*** SHOW DOWN ***
pepy_2233: shows [8s As] (a pair of Sevens)
EasyGamerrr: shows [8c Kc] (a pair of Sevens - lower kicker)
pepy_2233 collected $11.93 from pot
*** SUMMARY ***
Total pot $12.56 | Rake $0.63 
Board [7s 5d Td 3s 7h]
Seat 3: 4ikkiBamBoni
Seat 1: value_ftw (button) folded before Flop (didn't bet)
Seat 2: CashfishT (small blind) folded before Flop
Seat 4: XattexStomil (big blind) folded before Flop
Seat 5: pepy_2233 showed [8s As] and won ($11.93) with a pair of Sevens
Seat 6: EasyGamerrr showed [8c Kc] and lost with a pair of Sevens



PokerStars Hand #254362970985:  Hold'em No Limit ($0.50/$1.00 USD) - 2025/01/14 8:05:17 WET [2025/01/14 3:05:17 ET]
Table 'Irus III' 6-max Seat #2 is the button
Seat 3: 4ikkiBamBoni ($100 in chips) is sitting out
Seat 1: value_ftw ($162.35 in chips) 
Seat 2: CashfishT ($112.57 in chips) 
Seat 4: XattexStomil ($100 in chips) 
Seat 5: pepy_2233 ($11.93 in chips) 
Seat 6: EasyGamerrr ($100 in chips) 
XattexStomil: posts small blind $0.50
pepy_2233: posts big blind $1
*** HOLE CARDS ***
EasyGamerrr: raises $1 to $2
value_ftw: raises $5 to $7
CashfishT: folds 
XattexStomil: folds 
pepy_2233: folds 
EasyGamerrr: folds 
Uncalled bet ($5) returned to value_ftw
value_ftw collected $5.50 from pot
value_ftw: doesn't show hand 
*** SUMMARY ***
Total pot $5.50 | Rake $0 
Seat 3: 4ikkiBamBoni
Seat 1: value_ftw collected ($5.50)
Seat 2: CashfishT (button) folded before Flop (didn't bet)
Seat 4: XattexStomil (small blind) folded before Flop
Seat 5: pepy_2233 (big blind) folded before Flop
Seat 6: EasyGamerrr folded before Flop



PokerStars Hand #254362972723:  Hold'em No Limit ($0.50/$1.00 USD) - 2025/01/14 8:05:42 WET [2025/01/14 3:05:42 ET]
Table 'Irus III' 6-max Seat #4 is the button
Seat 3: 4ikkiBamBoni ($100 in chips) is sitting out
Seat 1: value_ftw ($165.85 in chips) 
Seat 2: CashfishT ($112.57 in chips) 
Seat 4: XattexStomil ($100 in chips) 
Seat 5: pepy_2233 ($10.93 in chips) 
Seat 6: EasyGamerrr ($100 in chips) 
pepy_2233: posts small blind $0.50
EasyGamerrr: posts big blind $1
*** HOLE CARDS ***
value_ftw: folds 
CashfishT: folds 
XattexStomil: folds 
pepy_2233: folds 
Uncalled bet ($0.50) returned to EasyGamerrr
EasyGamerrr collected $1 from pot
EasyGamerrr: doesn't show hand 
*** SUMMARY ***
Total pot $1 | Rake $0 
Seat 3: 4ikkiBamBoni
Seat 1: value_ftw folded before Flop (didn't bet)
Seat 2: CashfishT folded before Flop (didn't bet)
Seat 4: XattexStomil (button) folded before Flop (didn't bet)
Seat 5: pepy_2233 (small blind) folded before Flop
Seat 6: EasyGamerrr (big blind) collected ($1)



PokerStars Hand #254362973538:  Hold'em No Limit ($0.50/$1.00 USD) - 2025/01/14 8:05:54 WET [2025/01/14 3:05:54 ET]
Table 'Irus III' 6-max Seat #5 is the button
Seat 3: 4ikkiBamBoni ($100 in chips) is sitting out
Seat 1: value_ftw ($165.85 in chips) 
Seat 2: CashfishT ($112.57 in chips) 
Seat 4: XattexStomil ($100 in chips) 
Seat 5: pepy_2233 ($10.43 in chips) 
Seat 6: EasyGamerrr ($100.50 in chips) 
EasyGamerrr: posts small blind $0.50
value_ftw: posts big blind $1
*** HOLE CARDS ***
CashfishT: folds 
XattexStomil: folds 
pepy_2233: calls $1
EasyGamerrr: raises $3 to $4
value_ftw: raises $8 to $12
pepy_2233: calls $9.43 and is all-in
EasyGamerrr: calls $8
*** FLOP *** [8c Ac 8d]
EasyGamerrr: checks 
value_ftw: bets $8.18
EasyGamerrr: calls $8.18
*** TURN *** [8c Ac 8d] [Td]
EasyGamerrr: checks 
value_ftw: checks 
*** RIVER *** [8c Ac 8d Td] [4c]
EasyGamerrr: bets $15.94
value_ftw: folds 
Uncalled bet ($15.94) returned to EasyGamerrr
*** SHOW DOWN ***
EasyGamerrr: shows [Jc As] (two pair, Aces and Eights)
EasyGamerrr collected $18.56 from side pot
pepy_2233: shows [7c 7d] (two pair, Eights and Sevens)
EasyGamerrr collected $29.73 from main pot
*** SUMMARY ***
Total pot $50.79 Main pot $29.73. Side pot $18.56. | Rake $2.50 
Board [8c Ac 8d Td 4c]
Seat 3: 4ikkiBamBoni
Seat 1: value_ftw (big blind) folded on the River
Seat 2: CashfishT folded before Flop (didn't bet)
Seat 4: XattexStomil folded before Flop (didn't bet)
Seat 5: pepy_2233 (button) showed [7c 7d] and lost with two pair, Eights and Sevens
Seat 6: EasyGamerrr (small blind) showed [Jc As] and won ($48.29) with two pair, Aces and Eights



PokerStars Hand #254362977449:  Hold'em No Limit ($0.50/$1.00 USD) - 2025/01/14 8:06:48 WET [2025/01/14 3:06:48 ET]
Table 'Irus III' 6-max Seat #6 is the button
Seat 3: 4ikkiBamBoni ($100 in chips) is sitting out
Seat 5: pepy_2233 ($0 in chips) is sitting out
Seat 1: value_ftw ($145.67 in chips) 
Seat 2: CashfishT ($112.57 in chips) 
Seat 4: XattexStomil ($100 in chips) 
Seat 6: EasyGamerrr ($128.61 in chips) 
value_ftw: posts small blind $0.50
CashfishT: posts big blind $1
*** HOLE CARDS ***
XattexStomil: folds 
EasyGamerrr: folds 
value_ftw: raises $2 to $3
CashfishT: calls $2
*** FLOP *** [Kc 7d 5c]
value_ftw: checks 
CashfishT: bets $2.85
value_ftw: folds 
Uncalled bet ($2.85) returned to CashfishT
CashfishT collected $5.70 from pot
CashfishT: doesn't show hand 
*** SUMMARY ***
Total pot $6 | Rake $0.30 
Board [Kc 7d 5c]
Seat 3: 4ikkiBamBoni
Seat 5: pepy_2233
Seat 1: value_ftw (small blind) folded on the Flop
Seat 2: CashfishT (big blind) collected ($5.70)
Seat 4: XattexStomil folded before Flop (didn't bet)
Seat 6: EasyGamerrr (button) folded before Flop (didn't bet)



PokerStars Hand #254362979212:  Hold'em No Limit ($0.50/$1.00 USD) - 2025/01/14 8:07:13 WET [2025/01/14 3:07:13 ET]
Table 'Irus III' 6-max Seat #1 is the button
Seat 3: 4ikkiBamBoni ($100 in chips) is sitting out
Seat 1: value_ftw ($142.67 in chips) 
Seat 2: CashfishT ($115.27 in chips) 
Seat 4: XattexStomil ($100 in chips) 
Seat 5: pepy_2233 ($10.22 in chips) 
Seat 6: EasyGamerrr ($128.61 in chips) 
CashfishT: posts small blind $0.50
XattexStomil: posts big blind $1
*** HOLE CARDS ***
pepy_2233: calls $1
EasyGamerrr: folds 
value_ftw: folds 
CashfishT: folds 
XattexStomil: checks 
*** FLOP *** [7c 3s 5c]
XattexStomil: checks 
pepy_2233: checks 
*** TURN *** [7c 3s 5c] [7d]
XattexStomil: checks 
pepy_2233: checks 
*** RIVER *** [7c 3s 5c 7d] [Qs]
XattexStomil: checks 
pepy_2233: checks 
*** SHOW DOWN ***
XattexStomil: shows [Js 4d] (a pair of Sevens)
pepy_2233: shows [Ks 9c] (a pair of Sevens - King kicker)
pepy_2233 collected $2.38 from pot
*** SUMMARY ***
Total pot $2.50 | Rake $0.12 
Board [7c 3s 5c 7d Qs]
Seat 3: 4ikkiBamBoni
Seat 1: value_ftw (button) folded before Flop (didn't bet)
Seat 2: CashfishT (small blind) folded before Flop
Seat 4: XattexStomil (big blind) showed [Js 4d] and lost with a pair of Sevens
Seat 5: pepy_2233 showed [Ks 9c] and won ($2.38) with a pair of Sevens
Seat 6: EasyGamerrr folded before Flop (didn't bet)



PokerStars Hand #254362980795:  Hold'em No Limit ($0.50/$1.00 USD) - 2025/01/14 8:07:36 WET [2025/01/14 3:07:36 ET]
Table 'Irus III' 6-max Seat #2 is the button
Seat 3: 4ikkiBamBoni ($100 in chips) is sitting out
Seat 1: value_ftw ($142.67 in chips) 
Seat 2: CashfishT ($114.77 in chips) 
Seat 4: XattexStomil ($100 in chips) 
Seat 5: pepy_2233 ($11.60 in chips) 
Seat 6: EasyGamerrr ($128.61 in chips) 
XattexStomil: posts small blind $0.50
pepy_2233: posts big blind $1
*** HOLE CARDS ***
EasyGamerrr: raises $1 to $2
value_ftw: raises $5 to $7
CashfishT: folds 
XattexStomil: folds 
pepy_2233: folds 
EasyGamerrr: folds 
Uncalled bet ($5) returned to value_ftw
value_ftw collected $5.50 from pot
value_ftw: doesn't show hand 
*** SUMMARY ***
Total pot $5.50 | Rake $0 
Seat 3: 4ikkiBamBoni
Seat 1: value_ftw collected ($5.50)
Seat 2: CashfishT (button) folded before Flop (didn't bet)
Seat 4: XattexStomil (small blind) folded before Flop
Seat 5: pepy_2233 (big blind) folded before Flop
Seat 6: EasyGamerrr folded before Flop



PokerStars Hand #254362983164:  Hold'em No Limit ($0.50/$1.00 USD) - 2025/01/14 8:08:09 WET [2025/01/14 3:08:09 ET]
Table 'Irus III' 6-max Seat #4 is the button
Seat 3: 4ikkiBamBoni ($100 in chips) is sitting out
Seat 1: value_ftw ($146.17 in chips) 
Seat 2: CashfishT ($114.77 in chips) 
Seat 4: XattexStomil ($100 in chips) 
Seat 5: pepy_2233 ($10.60 in chips) 
Seat 6: EasyGamerrr ($126.61 in chips) 
pepy_2233: posts small blind $0.50
EasyGamerrr: posts big blind $1
4ikkiBamBoni: sits out 
*** HOLE CARDS ***
value_ftw: folds 
CashfishT: raises $1.20 to $2.20
XattexStomil: folds 
pepy_2233: calls $1.70
EasyGamerrr: folds 
*** FLOP *** [6c Ad 4d]
pepy_2233: checks 
CashfishT: bets $1.28
pepy_2233: folds 
Uncalled bet ($1.28) returned to CashfishT
CashfishT collected $5.13 from pot
CashfishT: doesn't show hand 
*** SUMMARY ***
Total pot $5.40 | Rake $0.27 
Board [6c Ad 4d]
Seat 3: 4ikkiBamBoni
Seat 1: value_ftw folded before Flop (didn't bet)
Seat 2: CashfishT collected ($5.13)
Seat 4: XattexStomil (button) folded before Flop (didn't bet)
Seat 5: pepy_2233 (small blind) folded on the Flop
Seat 6: EasyGamerrr (big blind) folded before Flop



PokerStars Hand #254362984600:  Hold'em No Limit ($0.50/$1.00 USD) - 2025/01/14 8:08:29 WET [2025/01/14 3:08:29 ET]
Table 'Irus III' 6-max Seat #5 is the button
Seat 3: 4ikkiBamBoni ($100 in chips) is sitting out
Seat 1: value_ftw ($146.17 in chips) 
Seat 2: CashfishT ($117.70 in chips) 
Seat 4: XattexStomil ($100 in chips) 
Seat 5: pepy_2233 ($8.40 in chips) 
Seat 6: EasyGamerrr ($125.61 in chips) 
EasyGamerrr: posts small blind $0.50
value_ftw: posts big blind $1
4ikkiBamBoni: sits out 
*** HOLE CARDS ***
CashfishT: folds 
XattexStomil: raises $1.50 to $2.50
pepy_2233: folds 
EasyGamerrr: raises $8.50 to $11
value_ftw: folds 
XattexStomil: folds 
Uncalled bet ($8.50) returned to EasyGamerrr
EasyGamerrr collected $6 from pot
EasyGamerrr: doesn't show hand 
*** SUMMARY ***
Total pot $6 | Rake $0 
Seat 3: 4ikkiBamBoni
Seat 1: value_ftw (big blind) folded before Flop
Seat 2: CashfishT folded before Flop (didn't bet)
Seat 4: XattexStomil folded before Flop
Seat 5: pepy_2233 (button) folded before Flop (didn't bet)
Seat 6: EasyGamerrr (small blind) collected ($6)



PokerStars Hand #254362987555:  Hold'em No Limit ($0.50/$1.00 USD) - 2025/01/14 8:09:09 WET [2025/01/14 3:09:09 ET]
Table 'Irus III' 6-max Seat #6 is the button
Seat 3: 4ikkiBamBoni ($100 in chips) is sitting out
Seat 1: value_ftw ($145.17 in chips) 
Seat 2: CashfishT ($117.70 in chips) 
Seat 4: XattexStomil ($100 in chips) 
Seat 5: pepy_2233 ($8.40 in chips) 
Seat 6: EasyGamerrr ($129.11 in chips) 
value_ftw: posts small blind $0.50
CashfishT: posts big blind $1
4ikkiBamBoni: sits out 
*** HOLE CARDS ***
XattexStomil: folds 
pepy_2233: calls $1
EasyGamerrr: folds 
value_ftw: folds 
CashfishT: checks 
*** FLOP *** [8d 4c 4h]
CashfishT: checks 
pepy_2233: checks 
*** TURN *** [8d 4c 4h] [Qs]
CashfishT: checks 
pepy_2233: checks 
*** RIVER *** [8d 4c 4h Qs] [9h]
CashfishT: bets $1
pepy_2233: folds 
Uncalled bet ($1) returned to CashfishT
CashfishT collected $2.38 from pot
CashfishT: doesn't show hand 
*** SUMMARY ***
Total pot $2.50 | Rake $0.12 
Board [8d 4c 4h Qs 9h]
Seat 3: 4ikkiBamBoni
Seat 1: value_ftw (small blind) folded before Flop
Seat 2: CashfishT (big blind) collected ($2.38)
Seat 4: XattexStomil folded before Flop (didn't bet)
Seat 5: pepy_2233 folded on the River
Seat 6: EasyGamerrr (button) folded before Flop (didn't bet)



PokerStars Hand #254362989845:  Hold'em No Limit ($0.50/$1.00 USD) - 2025/01/14 8:09:41 WET [2025/01/14 3:09:41 ET]
Table 'Irus III' 6-max Seat #1 is the button
Seat 1: value_ftw ($144.67 in chips) 
Seat 2: CashfishT ($119.08 in chips) 
Seat 3: 4ikkiBamBoni ($100 in chips) 
Seat 4: XattexStomil ($100 in chips) 
Seat 5: pepy_2233 ($7.40 in chips) 
Seat 6: EasyGamerrr ($129.11 in chips) 
CashfishT: posts small blind $0.50
4ikkiBamBoni: posts big blind $1
*** HOLE CARDS ***
XattexStomil: folds 
pepy_2233: folds 
EasyGamerrr: folds 
value_ftw: folds 
CashfishT: raises $2 to $3
4ikkiBamBoni: calls $2
*** FLOP *** [5s 9h 9c]
CashfishT: checks 
4ikkiBamBoni: checks 
*** TURN *** [5s 9h 9c] [4s]
CashfishT: checks 
4ikkiBamBoni: bets $1.88
CashfishT: folds 
Uncalled bet ($1.88) returned to 4ikkiBamBoni
4ikkiBamBoni collected $5.70 from pot
4ikkiBamBoni: doesn't show hand 
*** SUMMARY ***
Total pot $6 | Rake $0.30 
Board [5s 9h 9c 4s]
Seat 1: value_ftw (button) folded before Flop (didn't bet)
Seat 2: CashfishT (small blind) folded on the Turn
Seat 3: 4ikkiBamBoni (big blind) collected ($5.70)
Seat 4: XattexStomil folded before Flop (didn't bet)
Seat 5: pepy_2233 folded before Flop (didn't bet)
Seat 6: EasyGamerrr folded before Flop (didn't bet)



PokerStars Hand #254362993826:  Hold'em No Limit ($0.50/$1.00 USD) - 2025/01/14 8:10:36 WET [2025/01/14 3:10:36 ET]
Table 'Irus III' 6-max Seat #2 is the button
Seat 4: XattexStomil ($100 in chips) is sitting out
Seat 1: value_ftw ($144.67 in chips) 
Seat 2: CashfishT ($116.08 in chips) 
Seat 3: 4ikkiBamBoni ($102.70 in chips) 
Seat 5: pepy_2233 ($7.40 in chips) 
Seat 6: EasyGamerrr ($129.11 in chips) 
4ikkiBamBoni: posts small blind $0.50
XattexStomil: is sitting out 
pepy_2233: posts big blind $1
*** HOLE CARDS ***
EasyGamerrr: folds 
value_ftw: raises $1.20 to $2.20
XattexStomil leaves the table
CashfishT: folds 
4ikkiBamBoni: folds 
pepy_2233: calls $1.20
*** FLOP *** [5d 5s 2h]
pepy_2233: checks 
value_ftw: bets $142.47 and is all-in
pepy_2233: calls $5.20 and is all-in
Uncalled bet ($137.27) returned to value_ftw
*** TURN *** [5d 5s 2h] [Th]
*** RIVER *** [5d 5s 2h Th] [2s]
*** SHOW DOWN ***
pepy_2233: shows [5h Qd] (a full house, Fives full of Deuces)
value_ftw: shows [9c Kc] (two pair, Fives and Deuces)
pepy_2233 collected $14.54 from pot
*** SUMMARY ***
Total pot $15.30 | Rake $0.76 
Board [5d 5s 2h Th 2s]
Seat 4: XattexStomil
Seat 1: value_ftw showed [9c Kc] and lost with two pair, Fives and Deuces
Seat 2: CashfishT (button) folded before Flop (didn't bet)
Seat 3: 4ikkiBamBoni (small blind) folded before Flop
Seat 5: pepy_2233 (big blind) showed [5h Qd] and won ($14.54) with a full house, Fives full of Deuces
Seat 6: EasyGamerrr folded before Flop (didn't bet)



PokerStars Hand #254362996033:  Hold'em No Limit ($0.50/$1.00 USD) - 2025/01/14 8:11:05 WET [2025/01/14 3:11:05 ET]
Table 'Irus III' 6-max Seat #3 is the button
Seat 1: value_ftw ($137.27 in chips) 
Seat 2: CashfishT ($116.08 in chips) 
Seat 3: 4ikkiBamBoni ($102.20 in chips) 
Seat 5: pepy_2233 ($14.54 in chips) 
Seat 6: EasyGamerrr ($129.11 in chips) 
pepy_2233: posts small blind $0.50
EasyGamerrr: posts big blind $1
*** HOLE CARDS ***
value_ftw: folds 
CashfishT: raises $1.20 to $2.20
Fold Your Cats joins the table at seat #4 
4ikkiBamBoni: folds 
pepy_2233: calls $1.70
EasyGamerrr: folds 
*** FLOP *** [9h 8c 5h]
pepy_2233: checks 
CashfishT: bets $1.69
pepy_2233: calls $1.69
*** TURN *** [9h 8c 5h] [9d]
pepy_2233: checks 
CashfishT: checks 
*** RIVER *** [9h 8c 5h 9d] [Qc]
pepy_2233: bets $8.34
CashfishT: folds 
Uncalled bet ($8.34) returned to pepy_2233
pepy_2233 collected $8.34 from pot
*** SUMMARY ***
Total pot $8.78 | Rake $0.44 
Board [9h 8c 5h 9d Qc]
Seat 1: value_ftw folded before Flop (didn't bet)
Seat 2: CashfishT folded on the River
Seat 3: 4ikkiBamBoni (button) folded before Flop (didn't bet)
Seat 5: pepy_2233 (small blind) collected ($8.34)
Seat 6: EasyGamerrr (big blind) folded before Flop



PokerStars Hand #254362998893:  Hold'em No Limit ($0.50/$1.00 USD) - 2025/01/14 8:11:44 WET [2025/01/14 3:11:44 ET]
Table 'Irus III' 6-max Seat #5 is the button
Seat 4: Fold Your Cats ($100 in chips) is sitting out
Seat 1: value_ftw ($137.27 in chips) 
Seat 2: CashfishT ($112.19 in chips) 
Seat 3: 4ikkiBamBoni ($102.20 in chips) 
Seat 5: pepy_2233 ($18.99 in chips) 
Seat 6: EasyGamerrr ($128.11 in chips) 
EasyGamerrr: posts small blind $0.50
value_ftw: posts big blind $1
Fold Your Cats: sits out 
*** HOLE CARDS ***
CashfishT: raises $1.20 to $2.20
4ikkiBamBoni: raises $4.84 to $7.04
pepy_2233: folds 
EasyGamerrr: folds 
value_ftw: folds 
CashfishT: raises $12.96 to $20
4ikkiBamBoni: folds 
Uncalled bet ($12.96) returned to CashfishT
CashfishT collected $15.58 from pot
CashfishT: doesn't show hand 
*** SUMMARY ***
Total pot $15.58 | Rake $0 
Seat 4: Fold Your Cats
Seat 1: value_ftw (big blind) folded before Flop
Seat 2: CashfishT collected ($15.58)
Seat 3: 4ikkiBamBoni folded before Flop
Seat 5: pepy_2233 (button) folded before Flop (didn't bet)
Seat 6: EasyGamerrr (small blind) folded before Flop



PokerStars Hand #254363002101:  Hold'em No Limit ($0.50/$1.00 USD) - 2025/01/14 8:12:28 WET [2025/01/14 3:12:28 ET]
Table 'Irus III' 6-max Seat #6 is the button
Seat 4: Fold Your Cats ($100 in chips) is sitting out
Seat 1: value_ftw ($136.27 in chips) 
Seat 2: CashfishT ($120.73 in chips) 
Seat 3: 4ikkiBamBoni ($100 in chips) 
Seat 5: pepy_2233 ($18.99 in chips) 
Seat 6: EasyGamerrr ($127.61 in chips) 
value_ftw: posts small blind $0.50
CashfishT: posts big blind $1
Fold Your Cats: sits out 
*** HOLE CARDS ***
4ikkiBamBoni: folds 
pepy_2233: calls $1
EasyGamerrr: folds 
value_ftw: raises $3 to $4
CashfishT: folds 
pepy_2233: folds 
Uncalled bet ($3) returned to value_ftw
value_ftw collected $3 from pot
value_ftw: doesn't show hand 
*** SUMMARY ***
Total pot $3 | Rake $0 
Seat 4: Fold Your Cats
Seat 1: value_ftw (small blind) collected ($3)
Seat 2: CashfishT (big blind) folded before Flop
Seat 3: 4ikkiBamBoni folded before Flop (didn't bet)
Seat 5: pepy_2233 folded before Flop
Seat 6: EasyGamerrr (button) folded before Flop (didn't bet)



PokerStars Hand #254363004434:  Hold'em No Limit ($0.50/$1.00 USD) - 2025/01/14 8:13:00 WET [2025/01/14 3:13:00 ET]
Table 'Irus III' 6-max Seat #1 is the button
Seat 4: Fold Your Cats ($100 in chips) is sitting out
Seat 1: value_ftw ($138.27 in chips) 
Seat 2: CashfishT ($119.73 in chips) 
Seat 3: 4ikkiBamBoni ($100 in chips) 
Seat 5: pepy_2233 ($17.99 in chips) 
Seat 6: EasyGamerrr ($127.61 in chips) 
CashfishT: posts small blind $0.50
4ikkiBamBoni: posts big blind $1
Fold Your Cats: sits out 
*** HOLE CARDS ***
pepy_2233: calls $1
EasyGamerrr: raises $2 to $3
value_ftw: folds 
CashfishT: folds 
4ikkiBamBoni: folds 
pepy_2233: calls $2
*** FLOP *** [Qs Ts 5s]
pepy_2233: checks 
EasyGamerrr: bets $2.35
pepy_2233: calls $2.35
*** TURN *** [Qs Ts 5s] [Ad]
pepy_2233: checks 
EasyGamerrr: bets $13.33
pepy_2233: folds 
Uncalled bet ($13.33) returned to EasyGamerrr
EasyGamerrr collected $11.59 from pot
EasyGamerrr: doesn't show hand 
*** SUMMARY ***
Total pot $12.20 | Rake $0.61 
Board [Qs Ts 5s Ad]
Seat 4: Fold Your Cats
Seat 1: value_ftw (button) folded before Flop (didn't bet)
Seat 2: CashfishT (small blind) folded before Flop
Seat 3: 4ikkiBamBoni (big blind) folded before Flop
Seat 5: pepy_2233 folded on the Turn
Seat 6: EasyGamerrr collected ($11.59)



PokerStars Hand #254363007849:  Hold'em No Limit ($0.50/$1.00 USD) - 2025/01/14 8:13:46 WET [2025/01/14 3:13:46 ET]
Table 'Irus III' 6-max Seat #2 is the button
Seat 1: value_ftw ($138.27 in chips) 
Seat 2: CashfishT ($119.23 in chips) 
Seat 3: 4ikkiBamBoni ($100 in chips) 
Seat 4: Fold Your Cats ($100 in chips) 
Seat 5: pepy_2233 ($12.64 in chips) 
Seat 6: EasyGamerrr ($133.85 in chips) 
4ikkiBamBoni: posts small blind $0.50
Fold Your Cats: posts big blind $1
*** HOLE CARDS ***
pepy_2233: calls $1
EasyGamerrr: folds 
value_ftw: folds 
CashfishT: folds 
4ikkiBamBoni: folds 
Fold Your Cats: raises $14 to $15
pepy_2233: folds 
Uncalled bet ($14) returned to Fold Your Cats
Fold Your Cats collected $2.50 from pot
Fold Your Cats: doesn't show hand 
*** SUMMARY ***
Total pot $2.50 | Rake $0 
Seat 1: value_ftw folded before Flop (didn't bet)
Seat 2: CashfishT (button) folded before Flop (didn't bet)
Seat 3: 4ikkiBamBoni (small blind) folded before Flop
Seat 4: Fold Your Cats (big blind) collected ($2.50)
Seat 5: pepy_2233 folded before Flop
Seat 6: EasyGamerrr folded before Flop (didn't bet)



PokerStars Hand #254363010626:  Hold'em No Limit ($0.50/$1.00 USD) - 2025/01/14 8:14:24 WET [2025/01/14 3:14:24 ET]
Table 'Irus III' 6-max Seat #3 is the button
Seat 1: value_ftw ($138.27 in chips) 
Seat 2: CashfishT ($119.23 in chips) 
Seat 3: 4ikkiBamBoni ($100 in chips) 
Seat 4: Fold Your Cats ($101.50 in chips) 
Seat 5: pepy_2233 ($11.64 in chips) 
Seat 6: EasyGamerrr ($133.85 in chips) 
Fold Your Cats: posts small blind $0.50
pepy_2233: posts big blind $1
*** HOLE CARDS ***
EasyGamerrr: folds 
value_ftw: raises $1.20 to $2.20
CashfishT: calls $2.20
4ikkiBamBoni: folds 
Fold Your Cats: calls $1.70
pepy_2233: folds 
*** FLOP *** [4d 6d Kd]
pepy_2233 leaves the table
Fold Your Cats: checks 
value_ftw: checks 
CashfishT: checks 
*** TURN *** [4d 6d Kd] [Tc]
Fold Your Cats: checks 
value_ftw: checks 
CashfishT: checks 
*** RIVER *** [4d 6d Kd Tc] [Ks]
Fold Your Cats: checks 
value_ftw: checks 
CashfishT: checks 
*** SHOW DOWN ***
Fold Your Cats: shows [9d 9s] (two pair, Kings and Nines)
value_ftw: mucks hand 
CashfishT: mucks hand 
Fold Your Cats collected $7.22 from pot
*** SUMMARY ***
Total pot $7.60 | Rake $0.38 
Board [4d 6d Kd Tc Ks]
Seat 1: value_ftw mucked
Seat 2: CashfishT mucked
Seat 3: 4ikkiBamBoni (button) folded before Flop (didn't bet)
Seat 4: Fold Your Cats (small blind) showed [9d 9s] and won ($7.22) with two pair, Kings and Nines
Seat 5: pepy_2233 (big blind) folded before Flop
Seat 6: EasyGamerrr folded before Flop (didn't bet)



PokerStars Hand #254363013592:  Hold'em No Limit ($0.50/$1.00 USD) - 2025/01/14 8:15:02 WET [2025/01/14 3:15:02 ET]
Table 'Irus III' 6-max Seat #4 is the button
Seat 6: EasyGamerrr ($133.85 in chips) is sitting out
Seat 1: value_ftw ($136.07 in chips) 
Seat 2: CashfishT ($117.03 in chips) 
Seat 3: 4ikkiBamBoni ($100 in chips) 
Seat 4: Fold Your Cats ($106.52 in chips) 
value_ftw: posts small blind $0.50
CashfishT: posts big blind $1
*** HOLE CARDS ***
EasyGamerrr leaves the table
4ikkiBamBoni: folds 
Fold Your Cats: raises $1.50 to $2.50
value_ftw: folds 
CashfishT: raises $10.50 to $13
Fold Your Cats: folds 
Uncalled bet ($10.50) returned to CashfishT
CashfishT collected $5.50 from pot
CashfishT: doesn't show hand 
*** SUMMARY ***
Total pot $5.50 | Rake $0 
Seat 6: EasyGamerrr
Seat 1: value_ftw (small blind) folded before Flop
Seat 2: CashfishT (big blind) collected ($5.50)
Seat 3: 4ikkiBamBoni folded before Flop (didn't bet)
Seat 4: Fold Your Cats (button) folded before Flop



PokerStars Hand #254363015470:  Hold'em No Limit ($0.50/$1.00 USD) - 2025/01/14 8:15:27 WET [2025/01/14 3:15:27 ET]
Table 'Irus III' 6-max Seat #1 is the button
Seat 1: value_ftw ($135.57 in chips) 
Seat 2: CashfishT ($120.03 in chips) 
Seat 3: 4ikkiBamBoni ($100 in chips) 
Seat 4: Fold Your Cats ($104.02 in chips) 
CashfishT: posts small blind $0.50
4ikkiBamBoni: posts big blind $1
*** HOLE CARDS ***
Fold Your Cats: folds 
value_ftw: folds 
CashfishT: folds 
Uncalled bet ($0.50) returned to 4ikkiBamBoni
4ikkiBamBoni collected $1 from pot
4ikkiBamBoni: doesn't show hand 
*** SUMMARY ***
Total pot $1 | Rake $0 
Seat 1: value_ftw (button) folded before Flop (didn't bet)
Seat 2: CashfishT (small blind) folded before Flop
Seat 3: 4ikkiBamBoni (big blind) collected ($1)
Seat 4: Fold Your Cats folded before Flop (didn't bet)



PokerStars Hand #254363016393:  Hold'em No Limit ($0.50/$1.00 USD) - 2025/01/14 8:15:39 WET [2025/01/14 3:15:39 ET]
Table 'Irus III' 6-max Seat #3 is the button
Seat 1: value_ftw ($135.57 in chips) is sitting out
Seat 4: Fold Your Cats ($104.02 in chips) is sitting out
Seat 2: CashfishT ($119.53 in chips) 
Seat 3: 4ikkiBamBoni ($100.50 in chips) 
4ikkiBamBoni: posts small blind $0.50
Fold Your Cats: is sitting out 
value_ftw: is sitting out 
CashfishT: posts big blind $1
*** HOLE CARDS ***
Fold Your Cats leaves the table
value_ftw leaves the table
4ikkiBamBoni: raises $1 to $2
CashfishT: folds 
Uncalled bet ($1) returned to 4ikkiBamBoni
4ikkiBamBoni collected $2 from pot
4ikkiBamBoni: doesn't show hand 
*** SUMMARY ***
Total pot $2 | Rake $0 
Seat 1: value_ftw
Seat 4: Fold Your Cats
Seat 2: CashfishT (big blind) folded before Flop
Seat 3: 4ikkiBamBoni (button) (small blind) collected ($2)



