PokerStars Hand #254372735998:  Hold'em No Limit ($0.50/$1.00 USD) - 2025/01/14 21:19:32 WET [2025/01/14 16:19:32 ET]
Table 'Glauke III' 6-max Seat #6 is the button
Seat 4: mr.Jckpot ($100 in chips) is sitting out
Seat 1: ninidica ($24.70 in chips) 
Seat 2: MAO_DZEDYN_S ($100 in chips) 
Seat 3: raketkasix ($105.62 in chips) 
Seat 6: straight77777 ($6.50 in chips) 
ninidica: posts small blind $0.50
MAO_DZEDYN_S: posts big blind $1
mr.Jckpot: sits out 
*** HOLE CARDS ***
raketkasix: folds 
straight77777: folds 
ninidica: folds 
Uncalled bet ($0.50) returned to MAO_DZEDYN_S
MAO_DZEDYN_S collected $1 from pot
MAO_DZEDYN_S: doesn't show hand 
*** SUMMARY ***
Total pot $1 | Rake $0 
Seat 4: mr.Jckpot
Seat 1: ninidica (small blind) folded before Flop
Seat 2: MAO_DZEDYN_S (big blind) collected ($1)
Seat 3: raketkasix folded before Flop (didn't bet)
Seat 6: straight77777 (button) folded before Flop (didn't bet)



PokerStars Hand #254372741430:  Hold'em No Limit ($0.50/$1.00 USD) - 2025/01/14 21:19:49 WET [2025/01/14 16:19:49 ET]
Table 'Glauke III' 6-max Seat #1 is the button
Seat 4: mr.Jckpot ($100 in chips) is sitting out
Seat 1: ninidica ($24.20 in chips) 
Seat 2: MAO_DZEDYN_S ($100.50 in chips) 
Seat 3: raketkasix ($105.62 in chips) 
Seat 6: straight77777 ($6.50 in chips) 
MAO_DZEDYN_S: posts small blind $0.50
raketkasix: posts big blind $1
mr.Jckpot: sits out 
*** HOLE CARDS ***
straight77777: calls $1
ninidica has timed out
ninidica: folds 
MAO_DZEDYN_S: folds 
raketkasix: raises $8 to $9
straight77777: calls $5.50 and is all-in
Uncalled bet ($2.50) returned to raketkasix
*** FLOP *** [4d Qh 3d]
*** TURN *** [4d Qh 3d] [5h]
*** RIVER *** [4d Qh 3d 5h] [3s]
*** SHOW DOWN ***
raketkasix: shows [6h Kh] (a pair of Threes)
straight77777: shows [Ks 7s] (a pair of Threes - King+Queen+Seven kicker)
avstero joins the table at seat #5 
straight77777 collected $12.82 from pot
*** SUMMARY ***
Total pot $13.50 | Rake $0.68 
Board [4d Qh 3d 5h 3s]
Seat 4: mr.Jckpot
Seat 1: ninidica (button) folded before Flop (didn't bet)
Seat 2: MAO_DZEDYN_S (small blind) folded before Flop
Seat 3: raketkasix (big blind) showed [6h Kh] and lost with a pair of Threes
Seat 6: straight77777 showed [Ks 7s] and won ($12.82) with a pair of Threes



PokerStars Hand #254372764800:  Hold'em No Limit ($0.50/$1.00 USD) - 2025/01/14 21:21:02 WET [2025/01/14 16:21:02 ET]
Table 'Glauke III' 6-max Seat #2 is the button
Seat 5: avstero ($100 in chips) is sitting out
Seat 1: ninidica ($24.20 in chips) 
Seat 2: MAO_DZEDYN_S ($100 in chips) 
Seat 3: raketkasix ($100 in chips) 
Seat 4: mr.Jckpot ($100 in chips) 
Seat 6: straight77777 ($12.82 in chips) 
raketkasix: posts small blind $0.50
mr.Jckpot: posts big blind $1
avstero: sits out 
*** HOLE CARDS ***
straight77777: raises $2.50 to $3.50
ninidica: folds 
MAO_DZEDYN_S: raises $2.50 to $6
raketkasix: folds 
mr.Jckpot: folds 
straight77777: raises $6.82 to $12.82 and is all-in
MAO_DZEDYN_S: calls $6.82
*** FLOP *** [Td Kh 8c]
*** TURN *** [Td Kh 8c] [Jc]
*** RIVER *** [Td Kh 8c Jc] [6c]
*** SHOW DOWN ***
straight77777: shows [4h 4c] (a pair of Fours)
MAO_DZEDYN_S: shows [5s 5h] (a pair of Fives)
MAO_DZEDYN_S collected $25.78 from pot
*** SUMMARY ***
Total pot $27.14 | Rake $1.36 
Board [Td Kh 8c Jc 6c]
Seat 5: avstero
Seat 1: ninidica folded before Flop (didn't bet)
Seat 2: MAO_DZEDYN_S (button) showed [5s 5h] and won ($25.78) with a pair of Fives
Seat 3: raketkasix (small blind) folded before Flop
Seat 4: mr.Jckpot (big blind) folded before Flop
Seat 6: straight77777 showed [4h 4c] and lost with a pair of Fours



PokerStars Hand #254372780599:  Hold'em No Limit ($0.50/$1.00 USD) - 2025/01/14 21:21:52 WET [2025/01/14 16:21:52 ET]
Table 'Glauke III' 6-max Seat #3 is the button
Seat 6: straight77777 ($0 in chips) is sitting out
Seat 1: ninidica ($24.20 in chips) 
Seat 2: MAO_DZEDYN_S ($112.96 in chips) 
Seat 3: raketkasix ($100 in chips) 
Seat 4: mr.Jckpot ($100 in chips) 
Seat 5: avstero ($100 in chips) 
mr.Jckpot: posts small blind $0.50
avstero: posts big blind $1
*** HOLE CARDS ***
ninidica: folds 
MAO_DZEDYN_S: raises $1.25 to $2.25
raketkasix: folds 
mr.Jckpot: folds 
avstero: folds 
Uncalled bet ($1.25) returned to MAO_DZEDYN_S
MAO_DZEDYN_S collected $2.50 from pot
MAO_DZEDYN_S: doesn't show hand 
*** SUMMARY ***
Total pot $2.50 | Rake $0 
Seat 6: straight77777
Seat 1: ninidica folded before Flop (didn't bet)
Seat 2: MAO_DZEDYN_S collected ($2.50)
Seat 3: raketkasix (button) folded before Flop (didn't bet)
Seat 4: mr.Jckpot (small blind) folded before Flop
Seat 5: avstero (big blind) folded before Flop



PokerStars Hand #254372791489:  Hold'em No Limit ($0.50/$1.00 USD) - 2025/01/14 21:22:27 WET [2025/01/14 16:22:27 ET]
Table 'Glauke III' 6-max Seat #4 is the button
Seat 6: straight77777 ($0 in chips) is sitting out
Seat 1: ninidica ($24.20 in chips) 
Seat 2: MAO_DZEDYN_S ($114.46 in chips) 
Seat 3: raketkasix ($100 in chips) 
Seat 4: mr.Jckpot ($100 in chips) 
Seat 5: avstero ($99 in chips) 
avstero: posts small blind $0.50
ninidica: posts big blind $1
*** HOLE CARDS ***
MAO_DZEDYN_S: folds 
raketkasix: folds 
mr.Jckpot: folds 
avstero: raises $1.20 to $2.20
ninidica: raises $1.20 to $3.40
avstero: calls $1.20
*** FLOP *** [Qd Ts 4c]
avstero: checks 
ninidica: bets $3.23
avstero: folds 
Uncalled bet ($3.23) returned to ninidica
ninidica collected $6.46 from pot
*** SUMMARY ***
Total pot $6.80 | Rake $0.34 
Board [Qd Ts 4c]
Seat 6: straight77777
Seat 1: ninidica (big blind) collected ($6.46)
Seat 2: MAO_DZEDYN_S folded before Flop (didn't bet)
Seat 3: raketkasix folded before Flop (didn't bet)
Seat 4: mr.Jckpot (button) folded before Flop (didn't bet)
Seat 5: avstero (small blind) folded on the Flop



PokerStars Hand #254372816888:  Hold'em No Limit ($0.50/$1.00 USD) - 2025/01/14 21:23:47 WET [2025/01/14 16:23:47 ET]
Table 'Glauke III' 6-max Seat #5 is the button
Seat 6: straight77777 ($0 in chips) is sitting out
Seat 1: ninidica ($27.26 in chips) 
Seat 2: MAO_DZEDYN_S ($114.46 in chips) 
Seat 3: raketkasix ($100 in chips) 
Seat 4: mr.Jckpot ($100 in chips) 
Seat 5: avstero ($100 in chips) 
ninidica: posts small blind $0.50
MAO_DZEDYN_S: posts big blind $1
*** HOLE CARDS ***
raketkasix: raises $1.50 to $2.50
mr.Jckpot: folds 
avstero: folds 
ninidica: calls $2
MAO_DZEDYN_S: folds 
*** FLOP *** [7d 5c 5s]
ninidica: checks 
raketkasix: checks 
*** TURN *** [7d 5c 5s] [7c]
ninidica: checks 
raketkasix: checks 
*** RIVER *** [7d 5c 5s 7c] [2s]
ninidica: bets $24.76 and is all-in
raketkasix: folds 
Uncalled bet ($24.76) returned to ninidica
ninidica collected $5.70 from pot
*** SUMMARY ***
Total pot $6 | Rake $0.30 
Board [7d 5c 5s 7c 2s]
Seat 6: straight77777
Seat 1: ninidica (small blind) collected ($5.70)
Seat 2: MAO_DZEDYN_S (big blind) folded before Flop
Seat 3: raketkasix folded on the River
Seat 4: mr.Jckpot folded before Flop (didn't bet)
Seat 5: avstero (button) folded before Flop (didn't bet)



PokerStars Hand #254372837884:  Hold'em No Limit ($0.50/$1.00 USD) - 2025/01/14 21:24:55 WET [2025/01/14 16:24:55 ET]
Table 'Glauke III' 6-max Seat #1 is the button
Seat 6: straight77777 ($0 in chips) is sitting out
Seat 1: ninidica ($30.46 in chips) 
Seat 2: MAO_DZEDYN_S ($113.46 in chips) 
Seat 3: raketkasix ($100 in chips) 
Seat 4: mr.Jckpot ($100 in chips) 
Seat 5: avstero ($100 in chips) 
MAO_DZEDYN_S: posts small blind $0.50
raketkasix: posts big blind $1
*** HOLE CARDS ***
mr.Jckpot: folds 
avstero: raises $1.20 to $2.20
ninidica: folds 
ninidica leaves the table
MAO_DZEDYN_S: folds 
raketkasix: folds 
Uncalled bet ($1.20) returned to avstero
avstero collected $2.50 from pot
avstero: doesn't show hand 
*** SUMMARY ***
Total pot $2.50 | Rake $0 
Seat 6: straight77777
Seat 1: ninidica (button) folded before Flop (didn't bet)
Seat 2: MAO_DZEDYN_S (small blind) folded before Flop
Seat 3: raketkasix (big blind) folded before Flop
Seat 4: mr.Jckpot folded before Flop (didn't bet)
Seat 5: avstero collected ($2.50)



PokerStars Hand #254372844321:  Hold'em No Limit ($0.50/$1.00 USD) - 2025/01/14 21:25:15 WET [2025/01/14 16:25:15 ET]
Table 'Glauke III' 6-max Seat #2 is the button
Seat 4: mr.Jckpot ($100 in chips) is sitting out
Seat 6: straight77777 ($0 in chips) is sitting out
Seat 2: MAO_DZEDYN_S ($112.96 in chips) 
Seat 3: raketkasix ($100 in chips) 
Seat 5: avstero ($101.50 in chips) 
raketkasix: posts small blind $0.50
mr.Jckpot: is sitting out 
avstero: posts big blind $1
*** HOLE CARDS ***
MAO_DZEDYN_S: raises $1.50 to $2.50
mr.Jckpot leaves the table
billynomates joins the table at seat #1 
raketkasix: folds 
avstero: folds 
Uncalled bet ($1.50) returned to MAO_DZEDYN_S
raketkasix leaves the table
MAO_DZEDYN_S collected $2.50 from pot
MAO_DZEDYN_S: doesn't show hand 
*** SUMMARY ***
Total pot $2.50 | Rake $0 
Seat 4: mr.Jckpot
Seat 6: straight77777
Seat 2: MAO_DZEDYN_S (button) collected ($2.50)
Seat 3: raketkasix (small blind) folded before Flop
Seat 5: avstero (big blind) folded before Flop



PokerStars Hand #254372852742:  Hold'em No Limit ($0.50/$1.00 USD) - 2025/01/14 21:25:41 WET [2025/01/14 16:25:41 ET]
Table 'Glauke III' 6-max Seat #5 is the button
Seat 6: straight77777 ($0 in chips) is sitting out
Seat 1: billynomates ($10 in chips) 
Seat 5: avstero ($100.50 in chips) 
avstero: posts small blind $0.50
billynomates: posts big blind $1
*** HOLE CARDS ***
avstero: folds 
Uncalled bet ($0.50) returned to billynomates
billynomates collected $1 from pot
billynomates: doesn't show hand 
*** SUMMARY ***
Total pot $1 | Rake $0 
Seat 6: straight77777
Seat 1: billynomates (big blind) collected ($1)
Seat 5: avstero (button) (small blind) folded before Flop



PokerStars Hand #254372854940:  Hold'em No Limit ($0.50/$1.00 USD) - 2025/01/14 21:25:48 WET [2025/01/14 16:25:48 ET]
Table 'Glauke III' 6-max Seat #1 is the button
Seat 6: straight77777 ($0 in chips) is sitting out
Seat 1: billynomates ($10.50 in chips) 
Seat 5: avstero ($100 in chips) 
billynomates: posts small blind $0.50
avstero: posts big blind $1
*** HOLE CARDS ***
billynomates: calls $0.50
avstero: raises $99 to $100 and is all-in
billynomates: calls $9.50 and is all-in
Uncalled bet ($89.50) returned to avstero
*** FLOP *** [As Th 4c]
*** TURN *** [As Th 4c] [3s]
*** RIVER *** [As Th 4c 3s] [7h]
*** SHOW DOWN ***
avstero: shows [Ts Kd] (a pair of Tens)
billynomates: shows [8d 8h] (a pair of Eights)
avstero collected $20 from pot
*** SUMMARY ***
Total pot $21 | Rake $1 
Board [As Th 4c 3s 7h]
Seat 6: straight77777
Seat 1: billynomates (button) (small blind) showed [8d 8h] and lost with a pair of Eights
Seat 5: avstero (big blind) showed [Ts Kd] and won ($20) with a pair of Tens



PokerStars Hand #254372951158:  Hold'em No Limit ($0.50/$1.00 USD) - 2025/01/14 21:30:54 WET [2025/01/14 16:30:54 ET]
Table 'Glauke III' 6-max Seat #4 is the button
Seat 6: straight77777 ($0 in chips) is sitting out
Seat 1: Joker007r ($100 in chips) 
Seat 4: Aleqseuka ($100 in chips) 
Aleqseuka: posts small blind $0.50
Joker007r: posts big blind $1
*** HOLE CARDS ***
Aleqseuka: raises $1.50 to $2.50
Joker007r: folds 
Uncalled bet ($1.50) returned to Aleqseuka
Aleqseuka collected $2 from pot
Aleqseuka: doesn't show hand 
*** SUMMARY ***
Total pot $2 | Rake $0 
Seat 6: straight77777
Seat 1: Joker007r (big blind) folded before Flop
Seat 4: Aleqseuka (button) (small blind) collected ($2)



PokerStars Hand #254372957350:  Hold'em No Limit ($0.50/$1.00 USD) - 2025/01/14 21:31:14 WET [2025/01/14 16:31:14 ET]
Table 'Glauke III' 6-max Seat #1 is the button
Seat 6: straight77777 ($0 in chips) is sitting out
Seat 1: Joker007r ($100 in chips) 
Seat 4: Aleqseuka ($101 in chips) 
Joker007r: posts small blind $0.50
Aleqseuka: posts big blind $1
*** HOLE CARDS ***
Joker007r: folds 
Uncalled bet ($0.50) returned to Aleqseuka
Aleqseuka collected $1 from pot
Aleqseuka: doesn't show hand 
*** SUMMARY ***
Total pot $1 | Rake $0 
Seat 6: straight77777
Seat 1: Joker007r (button) (small blind) folded before Flop
Seat 4: Aleqseuka (big blind) collected ($1)



PokerStars Hand #254372958985:  Hold'em No Limit ($0.50/$1.00 USD) - 2025/01/14 21:31:19 WET [2025/01/14 16:31:19 ET]
Table 'Glauke III' 6-max Seat #4 is the button
Seat 6: straight77777 ($0 in chips) is sitting out
Seat 1: Joker007r ($100 in chips) 
Seat 4: Aleqseuka ($101.50 in chips) 
Aleqseuka: posts small blind $0.50
Joker007r: posts big blind $1
*** HOLE CARDS ***
Aleqseuka: folds 
Uncalled bet ($0.50) returned to Joker007r
Joker007r collected $1 from pot
Joker007r: doesn't show hand 
*** SUMMARY ***
Total pot $1 | Rake $0 
Seat 6: straight77777
Seat 1: Joker007r (big blind) collected ($1)
Seat 4: Aleqseuka (button) (small blind) folded before Flop



PokerStars Hand #254372961019:  Hold'em No Limit ($0.50/$1.00 USD) - 2025/01/14 21:31:26 WET [2025/01/14 16:31:26 ET]
Table 'Glauke III' 6-max Seat #1 is the button
Seat 6: straight77777 ($0 in chips) is sitting out
Seat 1: Joker007r ($100.50 in chips) 
Seat 4: Aleqseuka ($101 in chips) 
Joker007r: posts small blind $0.50
Aleqseuka: posts big blind $1
*** HOLE CARDS ***
Joker007r: folds 
Uncalled bet ($0.50) returned to Aleqseuka
Aleqseuka collected $1 from pot
Aleqseuka: doesn't show hand 
*** SUMMARY ***
Total pot $1 | Rake $0 
Seat 6: straight77777
Seat 1: Joker007r (button) (small blind) folded before Flop
Seat 4: Aleqseuka (big blind) collected ($1)



PokerStars Hand #254372962834:  Hold'em No Limit ($0.50/$1.00 USD) - 2025/01/14 21:31:32 WET [2025/01/14 16:31:32 ET]
Table 'Glauke III' 6-max Seat #4 is the button
Seat 6: straight77777 ($0 in chips) is sitting out
Seat 1: Joker007r ($100 in chips) 
Seat 4: Aleqseuka ($101.50 in chips) 
Aleqseuka: posts small blind $0.50
Joker007r: posts big blind $1
*** HOLE CARDS ***
Aleqseuka: raises $1.50 to $2.50
Joker007r: raises $8 to $10.50
Aleqseuka: folds 
Uncalled bet ($8) returned to Joker007r
Joker007r collected $5 from pot
Joker007r: doesn't show hand 
*** SUMMARY ***
Total pot $5 | Rake $0 
Seat 6: straight77777
Seat 1: Joker007r (big blind) collected ($5)
Seat 4: Aleqseuka (button) (small blind) folded before Flop



PokerStars Hand #254372967389:  Hold'em No Limit ($0.50/$1.00 USD) - 2025/01/14 21:31:46 WET [2025/01/14 16:31:46 ET]
Table 'Glauke III' 6-max Seat #1 is the button
Seat 6: straight77777 ($0 in chips) is sitting out
Seat 1: Joker007r ($102.50 in chips) 
Seat 4: Aleqseuka ($100 in chips) 
Joker007r: posts small blind $0.50
Aleqseuka: posts big blind $1
*** HOLE CARDS ***
Joker007r: raises $1.50 to $2.50
Aleqseuka: folds 
Uncalled bet ($1.50) returned to Joker007r
Joker007r collected $2 from pot
Joker007r: doesn't show hand 
*** SUMMARY ***
Total pot $2 | Rake $0 
Seat 6: straight77777
Seat 1: Joker007r (button) (small blind) collected ($2)
Seat 4: Aleqseuka (big blind) folded before Flop



PokerStars Hand #254372971237:  Hold'em No Limit ($0.50/$1.00 USD) - 2025/01/14 21:31:58 WET [2025/01/14 16:31:58 ET]
Table 'Glauke III' 6-max Seat #4 is the button
Seat 6: straight77777 ($0 in chips) is sitting out
Seat 1: Joker007r ($103.50 in chips) 
Seat 4: Aleqseuka ($100 in chips) 
Aleqseuka: posts small blind $0.50
Joker007r: posts big blind $1
*** HOLE CARDS ***
Aleqseuka: raises $1.50 to $2.50
Joker007r: folds 
Uncalled bet ($1.50) returned to Aleqseuka
Aleqseuka collected $2 from pot
Aleqseuka: doesn't show hand 
*** SUMMARY ***
Total pot $2 | Rake $0 
Seat 6: straight77777
Seat 1: Joker007r (big blind) folded before Flop
Seat 4: Aleqseuka (button) (small blind) collected ($2)



PokerStars Hand #254372973154:  Hold'em No Limit ($0.50/$1.00 USD) - 2025/01/14 21:32:04 WET [2025/01/14 16:32:04 ET]
Table 'Glauke III' 6-max Seat #1 is the button
Seat 6: straight77777 ($0 in chips) is sitting out
Seat 1: Joker007r ($102.50 in chips) 
Seat 4: Aleqseuka ($101 in chips) 
Joker007r: posts small blind $0.50
Aleqseuka: posts big blind $1
*** HOLE CARDS ***
Joker007r: folds 
Uncalled bet ($0.50) returned to Aleqseuka
Aleqseuka collected $1 from pot
Aleqseuka: doesn't show hand 
*** SUMMARY ***
Total pot $1 | Rake $0 
Seat 6: straight77777
Seat 1: Joker007r (button) (small blind) folded before Flop
Seat 4: Aleqseuka (big blind) collected ($1)



PokerStars Hand #254372974806:  Hold'em No Limit ($0.50/$1.00 USD) - 2025/01/14 21:32:10 WET [2025/01/14 16:32:10 ET]
Table 'Glauke III' 6-max Seat #4 is the button
Seat 6: straight77777 ($0 in chips) is sitting out
Seat 1: Joker007r ($102 in chips) 
Seat 4: Aleqseuka ($101.50 in chips) 
Aleqseuka: posts small blind $0.50
Joker007r: posts big blind $1
*** HOLE CARDS ***
Aleqseuka: raises $1.50 to $2.50
Joker007r: folds 
Uncalled bet ($1.50) returned to Aleqseuka
Aleqseuka collected $2 from pot
Aleqseuka: doesn't show hand 
*** SUMMARY ***
Total pot $2 | Rake $0 
Seat 6: straight77777
Seat 1: Joker007r (big blind) folded before Flop
Seat 4: Aleqseuka (button) (small blind) collected ($2)



PokerStars Hand #254372977151:  Hold'em No Limit ($0.50/$1.00 USD) - 2025/01/14 21:32:17 WET [2025/01/14 16:32:17 ET]
Table 'Glauke III' 6-max Seat #1 is the button
Seat 6: straight77777 ($0 in chips) is sitting out
Seat 1: Joker007r ($101 in chips) 
Seat 4: Aleqseuka ($102.50 in chips) 
Joker007r: posts small blind $0.50
Aleqseuka: posts big blind $1
*** HOLE CARDS ***
Joker007r: raises $1.50 to $2.50
Aleqseuka: raises $7.50 to $10
Joker007r: calls $7.50
*** FLOP *** [Kc 4d 5c]
Aleqseuka: bets $3.80
Joker007r: calls $3.80
*** TURN *** [Kc 4d 5c] [Kd]
Aleqseuka: checks 
Joker007r: bets $8.78
Aleqseuka: calls $8.78
*** RIVER *** [Kc 4d 5c Kd] [5s]
Aleqseuka: checks 
Joker007r: checks 
*** SHOW DOWN ***
Aleqseuka: shows [5h 6h] (a full house, Fives full of Kings)
Joker007r: mucks hand 
Aleqseuka collected $44.16 from pot
*** SUMMARY ***
Total pot $45.16 | Rake $1 
Board [Kc 4d 5c Kd 5s]
Seat 6: straight77777
Seat 1: Joker007r (button) (small blind) mucked
Seat 4: Aleqseuka (big blind) showed [5h 6h] and won ($44.16) with a full house, Fives full of Kings



