PokerStars Hand #254370549955:  Hold'em No Limit ($0.50/$1.00 USD) - 2025/01/14 19:19:43 WET [2025/01/14 14:19:43 ET]
Table 'Media' 6-max Seat #3 is the button
Seat 1: AIien Hand ($101 in chips) 
Seat 3: RohayhuP ($104.44 in chips) 
RohayhuP: posts small blind $0.50
AIien Hand: posts big blind $1
*** HOLE CARDS ***
RohayhuP: raises $2 to $3
AIien Hand: folds 
Uncalled bet ($2) returned to RohayhuP
RohayhuP collected $2 from pot
RohayhuP: doesn't show hand 
*** SUMMARY ***
Total pot $2 | Rake $0 
Seat 1: AIien Hand (big blind) folded before Flop
Seat 3: RohayhuP (button) (small blind) collected ($2)



PokerStars Hand #254370552653:  Hold'em No Limit ($0.50/$1.00 USD) - 2025/01/14 19:19:52 WET [2025/01/14 14:19:52 ET]
Table 'Media' 6-max Seat #1 is the button
Seat 1: AIien Hand ($100 in chips) 
Seat 3: RohayhuP ($105.44 in chips) 
AIien Hand: posts small blind $0.50
RohayhuP: posts big blind $1
*** HOLE CARDS ***
AIien Hand: raises $1.50 to $2.50
RohayhuP: folds 
Uncalled bet ($1.50) returned to AIien Hand
AIien Hand collected $2 from pot
AIien Hand: doesn't show hand 
*** SUMMARY ***
Total pot $2 | Rake $0 
Seat 1: AIien Hand (button) (small blind) collected ($2)
Seat 3: RohayhuP (big blind) folded before Flop



PokerStars Hand #254370556602:  Hold'em No Limit ($0.50/$1.00 USD) - 2025/01/14 19:20:05 WET [2025/01/14 14:20:05 ET]
Table 'Media' 6-max Seat #3 is the button
Seat 1: AIien Hand ($101 in chips) 
Seat 3: RohayhuP ($104.44 in chips) 
RohayhuP: posts small blind $0.50
AIien Hand: posts big blind $1
*** HOLE CARDS ***
RohayhuP: raises $2 to $3
AIien Hand: folds 
Uncalled bet ($2) returned to RohayhuP
RohayhuP collected $2 from pot
RohayhuP: doesn't show hand 
*** SUMMARY ***
Total pot $2 | Rake $0 
Seat 1: AIien Hand (big blind) folded before Flop
Seat 3: RohayhuP (button) (small blind) collected ($2)



PokerStars Hand #254370559366:  Hold'em No Limit ($0.50/$1.00 USD) - 2025/01/14 19:20:14 WET [2025/01/14 14:20:14 ET]
Table 'Media' 6-max Seat #1 is the button
Seat 1: AIien Hand ($100 in chips) 
Seat 3: RohayhuP ($105.44 in chips) 
AIien Hand: posts small blind $0.50
RohayhuP: posts big blind $1
*** HOLE CARDS ***
AIien Hand: raises $1.50 to $2.50
RohayhuP: raises $6 to $8.50
AIien Hand: raises $14 to $22.50
RohayhuP: folds 
Uncalled bet ($14) returned to AIien Hand
AIien Hand collected $17 from pot
AIien Hand: doesn't show hand 
*** SUMMARY ***
Total pot $17 | Rake $0 
Seat 1: AIien Hand (button) (small blind) collected ($17)
Seat 3: RohayhuP (big blind) folded before Flop



PokerStars Hand #254370571428:  Hold'em No Limit ($0.50/$1.00 USD) - 2025/01/14 19:20:54 WET [2025/01/14 14:20:54 ET]
Table 'Media' 6-max Seat #3 is the button
Seat 1: AIien Hand ($108.50 in chips) 
Seat 3: RohayhuP ($96.94 in chips) 
RohayhuP: posts small blind $0.50
AIien Hand: posts big blind $1
*** HOLE CARDS ***
RohayhuP: raises $2 to $3
AIien Hand: calls $2
*** FLOP *** [9h 6s 7h]
AIien Hand: checks 
RohayhuP: bets $2.85
AIien Hand: folds 
Uncalled bet ($2.85) returned to RohayhuP
RohayhuP collected $5.62 from pot
RohayhuP: doesn't show hand 
*** SUMMARY ***
Total pot $6 | Rake $0.38 
Board [9h 6s 7h]
Seat 1: AIien Hand (big blind) folded on the Flop
Seat 3: RohayhuP (button) (small blind) collected ($5.62)



PokerStars Hand #254370580596:  Hold'em No Limit ($0.50/$1.00 USD) - 2025/01/14 19:21:24 WET [2025/01/14 14:21:24 ET]
Table 'Media' 6-max Seat #1 is the button
Seat 1: AIien Hand ($105.50 in chips) 
Seat 3: RohayhuP ($99.56 in chips) 
AIien Hand: posts small blind $0.50
RohayhuP: posts big blind $1
*** HOLE CARDS ***
AIien Hand: raises $1.50 to $2.50
RohayhuP: folds 
Uncalled bet ($1.50) returned to AIien Hand
AIien Hand collected $2 from pot
AIien Hand: doesn't show hand 
*** SUMMARY ***
Total pot $2 | Rake $0 
Seat 1: AIien Hand (button) (small blind) collected ($2)
Seat 3: RohayhuP (big blind) folded before Flop



PokerStars Hand #254370583076:  Hold'em No Limit ($0.50/$1.00 USD) - 2025/01/14 19:21:32 WET [2025/01/14 14:21:32 ET]
Table 'Media' 6-max Seat #3 is the button
Seat 1: AIien Hand ($106.50 in chips) 
Seat 3: RohayhuP ($98.56 in chips) 
RohayhuP: posts small blind $0.50
AIien Hand: posts big blind $1
*** HOLE CARDS ***
RohayhuP: raises $2 to $3
AIien Hand: raises $8 to $11
RohayhuP: folds 
Uncalled bet ($8) returned to AIien Hand
AIien Hand collected $6 from pot
AIien Hand: doesn't show hand 
*** SUMMARY ***
Total pot $6 | Rake $0 
Seat 1: AIien Hand (big blind) collected ($6)
Seat 3: RohayhuP (button) (small blind) folded before Flop



PokerStars Hand #254370589132:  Hold'em No Limit ($0.50/$1.00 USD) - 2025/01/14 19:21:53 WET [2025/01/14 14:21:53 ET]
Table 'Media' 6-max Seat #1 is the button
Seat 1: AIien Hand ($109.50 in chips) 
Seat 3: RohayhuP ($95.56 in chips) 
AIien Hand: posts small blind $0.50
RohayhuP: posts big blind $1
*** HOLE CARDS ***
AIien Hand: raises $1.50 to $2.50
RohayhuP: raises $6.50 to $9
AIien Hand: folds 
Uncalled bet ($6.50) returned to RohayhuP
RohayhuP collected $5 from pot
RohayhuP: doesn't show hand 
*** SUMMARY ***
Total pot $5 | Rake $0 
Seat 1: AIien Hand (button) (small blind) folded before Flop
Seat 3: RohayhuP (big blind) collected ($5)



PokerStars Hand #254370597798:  Hold'em No Limit ($0.50/$1.00 USD) - 2025/01/14 19:22:21 WET [2025/01/14 14:22:21 ET]
Table 'Media' 6-max Seat #3 is the button
Seat 1: AIien Hand ($107 in chips) 
Seat 3: RohayhuP ($98.06 in chips) 
RohayhuP: posts small blind $0.50
AIien Hand: posts big blind $1
*** HOLE CARDS ***
RohayhuP: raises $2 to $3
AIien Hand: folds 
Uncalled bet ($2) returned to RohayhuP
RohayhuP collected $2 from pot
RohayhuP: doesn't show hand 
*** SUMMARY ***
Total pot $2 | Rake $0 
Seat 1: AIien Hand (big blind) folded before Flop
Seat 3: RohayhuP (button) (small blind) collected ($2)



PokerStars Hand #254370600780:  Hold'em No Limit ($0.50/$1.00 USD) - 2025/01/14 19:22:31 WET [2025/01/14 14:22:31 ET]
Table 'Media' 6-max Seat #1 is the button
Seat 1: AIien Hand ($106 in chips) 
Seat 3: RohayhuP ($99.06 in chips) 
AIien Hand: posts small blind $0.50
RohayhuP: posts big blind $1
*** HOLE CARDS ***
AIien Hand: raises $1.50 to $2.50
RohayhuP: calls $1.50
*** FLOP *** [Td Js Ks]
RohayhuP: checks 
AIien Hand: bets $3.42
RohayhuP: calls $3.42
*** TURN *** [Td Js Ks] [5d]
RohayhuP: checks 
AIien Hand: bets $16.27
RohayhuP: folds 
Uncalled bet ($16.27) returned to AIien Hand
AIien Hand collected $11.25 from pot
AIien Hand: doesn't show hand 
*** SUMMARY ***
Total pot $11.84 | Rake $0.59 
Board [Td Js Ks 5d]
Seat 1: AIien Hand (button) (small blind) collected ($11.25)
Seat 3: RohayhuP (big blind) folded on the Turn



PokerStars Hand #254370622985:  Hold'em No Limit ($0.50/$1.00 USD) - 2025/01/14 19:23:44 WET [2025/01/14 14:23:44 ET]
Table 'Media' 6-max Seat #3 is the button
Seat 1: AIien Hand ($111.33 in chips) 
Seat 3: RohayhuP ($93.14 in chips) 
RohayhuP: posts small blind $0.50
AIien Hand: posts big blind $1
*** HOLE CARDS ***
RohayhuP: raises $2 to $3
AIien Hand: raises $8 to $11
RohayhuP: folds 
Uncalled bet ($8) returned to AIien Hand
AIien Hand collected $6 from pot
AIien Hand: doesn't show hand 
*** SUMMARY ***
Total pot $6 | Rake $0 
Seat 1: AIien Hand (big blind) collected ($6)
Seat 3: RohayhuP (button) (small blind) folded before Flop



PokerStars Hand #254370628430:  Hold'em No Limit ($0.50/$1.00 USD) - 2025/01/14 19:24:02 WET [2025/01/14 14:24:02 ET]
Table 'Media' 6-max Seat #1 is the button
Seat 1: AIien Hand ($114.33 in chips) 
Seat 3: RohayhuP ($90.14 in chips) 
AIien Hand: posts small blind $0.50
RohayhuP: posts big blind $1
*** HOLE CARDS ***
AIien Hand: folds 
Uncalled bet ($0.50) returned to RohayhuP
RohayhuP collected $1 from pot
RohayhuP: doesn't show hand 
*** SUMMARY ***
Total pot $1 | Rake $0 
Seat 1: AIien Hand (button) (small blind) folded before Flop
Seat 3: RohayhuP (big blind) collected ($1)



PokerStars Hand #254370630347:  Hold'em No Limit ($0.50/$1.00 USD) - 2025/01/14 19:24:09 WET [2025/01/14 14:24:09 ET]
Table 'Media' 6-max Seat #3 is the button
Seat 1: AIien Hand ($113.83 in chips) 
Seat 3: RohayhuP ($90.64 in chips) 
RohayhuP: posts small blind $0.50
AIien Hand: posts big blind $1
*** HOLE CARDS ***
RohayhuP: raises $2 to $3
AIien Hand: folds 
Uncalled bet ($2) returned to RohayhuP
RohayhuP collected $2 from pot
RohayhuP: doesn't show hand 
*** SUMMARY ***
Total pot $2 | Rake $0 
Seat 1: AIien Hand (big blind) folded before Flop
Seat 3: RohayhuP (button) (small blind) collected ($2)



PokerStars Hand #254370634145:  Hold'em No Limit ($0.50/$1.00 USD) - 2025/01/14 19:24:21 WET [2025/01/14 14:24:21 ET]
Table 'Media' 6-max Seat #1 is the button
Seat 1: AIien Hand ($112.83 in chips) 
Seat 3: RohayhuP ($91.64 in chips) 
AIien Hand: posts small blind $0.50
RohayhuP: posts big blind $1
*** HOLE CARDS ***
AIien Hand: raises $1.50 to $2.50
RohayhuP: folds 
Uncalled bet ($1.50) returned to AIien Hand
AIien Hand collected $2 from pot
AIien Hand: doesn't show hand 
*** SUMMARY ***
Total pot $2 | Rake $0 
Seat 1: AIien Hand (button) (small blind) collected ($2)
Seat 3: RohayhuP (big blind) folded before Flop



PokerStars Hand #254370636989:  Hold'em No Limit ($0.50/$1.00 USD) - 2025/01/14 19:24:31 WET [2025/01/14 14:24:31 ET]
Table 'Media' 6-max Seat #3 is the button
Seat 1: AIien Hand ($113.83 in chips) 
Seat 3: RohayhuP ($90.64 in chips) 
RohayhuP: posts small blind $0.50
AIien Hand: posts big blind $1
*** HOLE CARDS ***
RohayhuP: raises $2 to $3
AIien Hand: folds 
Uncalled bet ($2) returned to RohayhuP
RohayhuP collected $2 from pot
RohayhuP: doesn't show hand 
*** SUMMARY ***
Total pot $2 | Rake $0 
Seat 1: AIien Hand (big blind) folded before Flop
Seat 3: RohayhuP (button) (small blind) collected ($2)



PokerStars Hand #254370639706:  Hold'em No Limit ($0.50/$1.00 USD) - 2025/01/14 19:24:39 WET [2025/01/14 14:24:39 ET]
Table 'Media' 6-max Seat #1 is the button
Seat 1: AIien Hand ($112.83 in chips) 
Seat 3: RohayhuP ($91.64 in chips) 
AIien Hand: posts small blind $0.50
RohayhuP: posts big blind $1
*** HOLE CARDS ***
AIien Hand: raises $1.50 to $2.50
RohayhuP: folds 
Uncalled bet ($1.50) returned to AIien Hand
AIien Hand collected $2 from pot
AIien Hand: doesn't show hand 
*** SUMMARY ***
Total pot $2 | Rake $0 
Seat 1: AIien Hand (button) (small blind) collected ($2)
Seat 3: RohayhuP (big blind) folded before Flop



PokerStars Hand #254370641985:  Hold'em No Limit ($0.50/$1.00 USD) - 2025/01/14 19:24:47 WET [2025/01/14 14:24:47 ET]
Table 'Media' 6-max Seat #3 is the button
Seat 1: AIien Hand ($113.83 in chips) 
Seat 3: RohayhuP ($90.64 in chips) 
RohayhuP: posts small blind $0.50
AIien Hand: posts big blind $1
*** HOLE CARDS ***
RohayhuP: raises $2 to $3
AIien Hand: folds 
Uncalled bet ($2) returned to RohayhuP
RohayhuP collected $2 from pot
RohayhuP: doesn't show hand 
*** SUMMARY ***
Total pot $2 | Rake $0 
Seat 1: AIien Hand (big blind) folded before Flop
Seat 3: RohayhuP (button) (small blind) collected ($2)



PokerStars Hand #254370647588:  Hold'em No Limit ($0.50/$1.00 USD) - 2025/01/14 19:25:06 WET [2025/01/14 14:25:06 ET]
Table 'Media' 6-max Seat #1 is the button
Seat 1: AIien Hand ($112.83 in chips) 
Seat 3: RohayhuP ($91.64 in chips) 
AIien Hand: posts small blind $0.50
RohayhuP: posts big blind $1
*** HOLE CARDS ***
AIien Hand: raises $1.50 to $2.50
RohayhuP: folds 
Uncalled bet ($1.50) returned to AIien Hand
AIien Hand collected $2 from pot
AIien Hand: doesn't show hand 
*** SUMMARY ***
Total pot $2 | Rake $0 
Seat 1: AIien Hand (button) (small blind) collected ($2)
Seat 3: RohayhuP (big blind) folded before Flop



PokerStars Hand #254370650794:  Hold'em No Limit ($0.50/$1.00 USD) - 2025/01/14 19:25:17 WET [2025/01/14 14:25:17 ET]
Table 'Media' 6-max Seat #3 is the button
Seat 1: AIien Hand ($113.83 in chips) 
Seat 3: RohayhuP ($90.64 in chips) 
RohayhuP: posts small blind $0.50
AIien Hand: posts big blind $1
*** HOLE CARDS ***
RohayhuP: raises $2 to $3
AIien Hand: folds 
Uncalled bet ($2) returned to RohayhuP
RohayhuP collected $2 from pot
RohayhuP: doesn't show hand 
*** SUMMARY ***
Total pot $2 | Rake $0 
Seat 1: AIien Hand (big blind) folded before Flop
Seat 3: RohayhuP (button) (small blind) collected ($2)



PokerStars Hand #254370655384:  Hold'em No Limit ($0.50/$1.00 USD) - 2025/01/14 19:25:32 WET [2025/01/14 14:25:32 ET]
Table 'Media' 6-max Seat #1 is the button
Seat 1: AIien Hand ($112.83 in chips) 
Seat 3: RohayhuP ($91.64 in chips) 
AIien Hand: posts small blind $0.50
RohayhuP: posts big blind $1
*** HOLE CARDS ***
AIien Hand: raises $1.50 to $2.50
RohayhuP: raises $6 to $8.50
AIien Hand: folds 
Uncalled bet ($6) returned to RohayhuP
RohayhuP collected $5 from pot
RohayhuP: doesn't show hand 
*** SUMMARY ***
Total pot $5 | Rake $0 
Seat 1: AIien Hand (button) (small blind) folded before Flop
Seat 3: RohayhuP (big blind) collected ($5)



PokerStars Hand #254370664813:  Hold'em No Limit ($0.50/$1.00 USD) - 2025/01/14 19:26:04 WET [2025/01/14 14:26:04 ET]
Table 'Media' 6-max Seat #3 is the button
Seat 1: AIien Hand ($110.33 in chips) 
Seat 3: RohayhuP ($94.14 in chips) 
Seat 4: fataleggs13 ($50 in chips) 
fataleggs13: posts small blind $0.50
AIien Hand: posts big blind $1
*** HOLE CARDS ***
RohayhuP: raises $2 to $3
fataleggs13: folds 
AIien Hand: folds 
Uncalled bet ($2) returned to RohayhuP
RohayhuP collected $2.50 from pot
RohayhuP: doesn't show hand 
*** SUMMARY ***
Total pot $2.50 | Rake $0 
Seat 1: AIien Hand (big blind) folded before Flop
Seat 3: RohayhuP (button) collected ($2.50)
Seat 4: fataleggs13 (small blind) folded before Flop



PokerStars Hand #254370667828:  Hold'em No Limit ($0.50/$1.00 USD) - 2025/01/14 19:26:14 WET [2025/01/14 14:26:14 ET]
Table 'Media' 6-max Seat #4 is the button
Seat 1: AIien Hand ($109.33 in chips) 
Seat 3: RohayhuP ($95.64 in chips) 
Seat 4: fataleggs13 ($75 in chips) 
AIien Hand: posts small blind $0.50
RohayhuP: posts big blind $1
*** HOLE CARDS ***
fataleggs13: folds 
AIien Hand: raises $2 to $3
michasia joins the table at seat #6 
RohayhuP: calls $2
*** FLOP *** [7d 6d 9d]
AIien Hand: bets $1.25
RohayhuP: calls $1.25
*** TURN *** [7d 6d 9d] [3d]
henri789 joins the table at seat #5 
AIien Hand: bets $2.42
RohayhuP: folds 
Uncalled bet ($2.42) returned to AIien Hand
AIien Hand collected $8.08 from pot
AIien Hand: doesn't show hand 
*** SUMMARY ***
Total pot $8.50 | Rake $0.42 
Board [7d 6d 9d 3d]
Seat 1: AIien Hand (small blind) collected ($8.08)
Seat 3: RohayhuP (big blind) folded on the Turn
Seat 4: fataleggs13 (button) folded before Flop (didn't bet)



PokerStars Hand #254370682254:  Hold'em No Limit ($0.50/$1.00 USD) - 2025/01/14 19:27:02 WET [2025/01/14 14:27:02 ET]
Table 'Media' 6-max Seat #1 is the button
Seat 4: fataleggs13 ($75 in chips) is sitting out
Seat 6: michasia ($100 in chips) is sitting out
Seat 1: AIien Hand ($113.16 in chips) 
Seat 3: RohayhuP ($91.39 in chips) 
Seat 5: henri789 ($100 in chips) 
RohayhuP: posts small blind $0.50
fataleggs13: is sitting out 
henri789: posts big blind $1
michasia: sits out 
*** HOLE CARDS ***
fataleggs13 leaves the table
KarP93 joins the table at seat #2 
AIien Hand: folds 
RohayhuP: folds 
Uncalled bet ($0.50) returned to henri789
henri789 collected $1 from pot
henri789: doesn't show hand 
*** SUMMARY ***
Total pot $1 | Rake $0 
Seat 4: fataleggs13
Seat 6: michasia
Seat 1: AIien Hand (button) folded before Flop (didn't bet)
Seat 3: RohayhuP (small blind) folded before Flop
Seat 5: henri789 (big blind) collected ($1)



PokerStars Hand #254370685565:  Hold'em No Limit ($0.50/$1.00 USD) - 2025/01/14 19:27:13 WET [2025/01/14 14:27:13 ET]
Table 'Media' 6-max Seat #3 is the button
Seat 2: KarP93 ($100 in chips) is sitting out
Seat 1: AIien Hand ($113.16 in chips) 
Seat 3: RohayhuP ($90.89 in chips) 
Seat 5: henri789 ($100.50 in chips) 
Seat 6: michasia ($100 in chips) 
henri789: posts small blind $0.50
michasia: posts big blind $1
KarP93: sits out 
*** HOLE CARDS ***
AIien Hand: raises $1.20 to $2.20
RohayhuP: folds 
henri789: raises $7.80 to $10
michasia: folds 
AIien Hand: folds 
Uncalled bet ($7.80) returned to henri789
henri789 collected $5.40 from pot
henri789: doesn't show hand 
*** SUMMARY ***
Total pot $5.40 | Rake $0 
Seat 2: KarP93
Seat 1: AIien Hand folded before Flop
Seat 3: RohayhuP (button) folded before Flop (didn't bet)
Seat 5: henri789 (small blind) collected ($5.40)
Seat 6: michasia (big blind) folded before Flop



PokerStars Hand #254370692609:  Hold'em No Limit ($0.50/$1.00 USD) - 2025/01/14 19:27:36 WET [2025/01/14 14:27:36 ET]
Table 'Media' 6-max Seat #5 is the button
Seat 2: KarP93 ($100 in chips) is sitting out
Seat 1: AIien Hand ($110.96 in chips) 
Seat 3: RohayhuP ($90.89 in chips) 
Seat 5: henri789 ($103.70 in chips) 
Seat 6: michasia ($100 in chips) 
michasia: posts small blind $0.50
AIien Hand: posts big blind $1
KarP93: sits out 
*** HOLE CARDS ***
MaRKiToScoK joins the table at seat #4 
RohayhuP: folds 
henri789: folds 
michasia: raises $2 to $3
AIien Hand: raises $6 to $9
michasia: folds 
Uncalled bet ($6) returned to AIien Hand
AIien Hand collected $6 from pot
AIien Hand: doesn't show hand 
*** SUMMARY ***
Total pot $6 | Rake $0 
Seat 2: KarP93
Seat 1: AIien Hand (big blind) collected ($6)
Seat 3: RohayhuP folded before Flop (didn't bet)
Seat 5: henri789 (button) folded before Flop (didn't bet)
Seat 6: michasia (small blind) folded before Flop



PokerStars Hand #254370697940:  Hold'em No Limit ($0.50/$1.00 USD) - 2025/01/14 19:27:54 WET [2025/01/14 14:27:54 ET]
Table 'Media' 6-max Seat #6 is the button
Seat 4: MaRKiToScoK ($100 in chips) is sitting out
Seat 1: AIien Hand ($113.96 in chips) 
Seat 2: KarP93 ($100 in chips) 
Seat 3: RohayhuP ($90.89 in chips) 
Seat 5: henri789 ($103.70 in chips) 
Seat 6: michasia ($100 in chips) 
AIien Hand: posts small blind $0.50
KarP93: posts big blind $1
MaRKiToScoK: sits out 
*** HOLE CARDS ***
RohayhuP: folds 
henri789: folds 
michasia: raises $1.80 to $2.80
AIien Hand: folds 
KarP93: folds 
Uncalled bet ($1.80) returned to michasia
michasia collected $2.50 from pot
michasia: doesn't show hand 
*** SUMMARY ***
Total pot $2.50 | Rake $0 
Seat 4: MaRKiToScoK
Seat 1: AIien Hand (small blind) folded before Flop
Seat 2: KarP93 (big blind) folded before Flop
Seat 3: RohayhuP folded before Flop (didn't bet)
Seat 5: henri789 folded before Flop (didn't bet)
Seat 6: michasia (button) collected ($2.50)



PokerStars Hand #254370704179:  Hold'em No Limit ($0.50/$1.00 USD) - 2025/01/14 19:28:15 WET [2025/01/14 14:28:15 ET]
Table 'Media' 6-max Seat #1 is the button
Seat 4: MaRKiToScoK ($100 in chips) is sitting out
Seat 1: AIien Hand ($113.46 in chips) 
Seat 2: KarP93 ($100 in chips) 
Seat 3: RohayhuP ($90.89 in chips) 
Seat 5: henri789 ($103.70 in chips) 
Seat 6: michasia ($101.50 in chips) 
KarP93: posts small blind $0.50
RohayhuP: posts big blind $1
MaRKiToScoK: sits out 
*** HOLE CARDS ***
henri789: raises $1.50 to $2.50
michasia: raises $5 to $7.50
AIien Hand: folds 
KarP93: folds 
RohayhuP: folds 
henri789: folds 
Uncalled bet ($5) returned to michasia
michasia collected $6.50 from pot
michasia: doesn't show hand 
*** SUMMARY ***
Total pot $6.50 | Rake $0 
Seat 4: MaRKiToScoK
Seat 1: AIien Hand (button) folded before Flop (didn't bet)
Seat 2: KarP93 (small blind) folded before Flop
Seat 3: RohayhuP (big blind) folded before Flop
Seat 5: henri789 folded before Flop
Seat 6: michasia collected ($6.50)



PokerStars Hand #254370713308:  Hold'em No Limit ($0.50/$1.00 USD) - 2025/01/14 19:28:46 WET [2025/01/14 14:28:46 ET]
Table 'Media' 6-max Seat #2 is the button
Seat 1: AIien Hand ($113.46 in chips) 
Seat 2: KarP93 ($100 in chips) 
Seat 3: RohayhuP ($89.89 in chips) 
Seat 4: MaRKiToScoK ($100 in chips) 
Seat 5: henri789 ($101.20 in chips) 
Seat 6: michasia ($105.50 in chips) 
RohayhuP: posts small blind $0.50
MaRKiToScoK: posts big blind $1
*** HOLE CARDS ***
henri789: folds 
michasia: folds 
AIien Hand: folds 
KarP93: folds 
RohayhuP: folds 
Uncalled bet ($0.50) returned to MaRKiToScoK
MaRKiToScoK collected $1 from pot
*** SUMMARY ***
Total pot $1 | Rake $0 
Seat 1: AIien Hand folded before Flop (didn't bet)
Seat 2: KarP93 (button) folded before Flop (didn't bet)
Seat 3: RohayhuP (small blind) folded before Flop
Seat 4: MaRKiToScoK (big blind) collected ($1)
Seat 5: henri789 folded before Flop (didn't bet)
Seat 6: michasia folded before Flop (didn't bet)



PokerStars Hand #254370717764:  Hold'em No Limit ($0.50/$1.00 USD) - 2025/01/14 19:29:01 WET [2025/01/14 14:29:01 ET]
Table 'Media' 6-max Seat #3 is the button
Seat 1: AIien Hand ($113.46 in chips) 
Seat 2: KarP93 ($100 in chips) 
Seat 3: RohayhuP ($89.39 in chips) 
Seat 4: MaRKiToScoK ($100.50 in chips) 
Seat 5: henri789 ($101.20 in chips) 
Seat 6: michasia ($105.50 in chips) 
MaRKiToScoK: posts small blind $0.50
henri789: posts big blind $1
*** HOLE CARDS ***
michasia: folds 
AIien Hand: folds 
michasia leaves the table
KarP93: raises $1.50 to $2.50
VonHolte joins the table at seat #6 
RohayhuP: folds 
MaRKiToScoK: folds 
henri789: folds 
Uncalled bet ($1.50) returned to KarP93
KarP93 collected $2.50 from pot
KarP93: doesn't show hand 
*** SUMMARY ***
Total pot $2.50 | Rake $0 
Seat 1: AIien Hand folded before Flop (didn't bet)
Seat 2: KarP93 collected ($2.50)
Seat 3: RohayhuP (button) folded before Flop (didn't bet)
Seat 4: MaRKiToScoK (small blind) folded before Flop
Seat 5: henri789 (big blind) folded before Flop
Seat 6: michasia folded before Flop (didn't bet)



PokerStars Hand #254370726498:  Hold'em No Limit ($0.50/$1.00 USD) - 2025/01/14 19:29:31 WET [2025/01/14 14:29:31 ET]
Table 'Media' 6-max Seat #4 is the button
Seat 1: AIien Hand ($113.46 in chips) 
Seat 2: KarP93 ($101.50 in chips) 
Seat 3: RohayhuP ($89.39 in chips) 
Seat 4: MaRKiToScoK ($100 in chips) 
Seat 5: henri789 ($100.20 in chips) 
Seat 6: VonHolte ($100 in chips) 
henri789: posts small blind $0.50
VonHolte: posts big blind $1
*** HOLE CARDS ***
AIien Hand: folds 
KarP93: raises $1.50 to $2.50
RohayhuP has timed out
RohayhuP: folds 
MaRKiToScoK: folds 
henri789: folds 
VonHolte: folds 
Uncalled bet ($1.50) returned to KarP93
KarP93 collected $2.50 from pot
KarP93: doesn't show hand 
*** SUMMARY ***
Total pot $2.50 | Rake $0 
Seat 1: AIien Hand folded before Flop (didn't bet)
Seat 2: KarP93 collected ($2.50)
Seat 3: RohayhuP folded before Flop (didn't bet)
Seat 4: MaRKiToScoK (button) folded before Flop (didn't bet)
Seat 5: henri789 (small blind) folded before Flop
Seat 6: VonHolte (big blind) folded before Flop



PokerStars Hand #254370739217:  Hold'em No Limit ($0.50/$1.00 USD) - 2025/01/14 19:30:13 WET [2025/01/14 14:30:13 ET]
Table 'Media' 6-max Seat #5 is the button
Seat 1: AIien Hand ($113.46 in chips) is sitting out
Seat 2: KarP93 ($103 in chips) is sitting out
Seat 3: RohayhuP ($89.39 in chips) 
Seat 4: MaRKiToScoK ($100 in chips) 
Seat 5: henri789 ($100 in chips) 
Seat 6: VonHolte ($99 in chips) 
VonHolte: posts small blind $0.50
AIien Hand: is sitting out 
KarP93: is sitting out 
RohayhuP: posts big blind $1
*** HOLE CARDS ***
MaRKiToScoK: raises $1.20 to $2.20
AIien Hand leaves the table
henri789: raises $4.80 to $7
VonHolte: raises $18.50 to $25.50
RohayhuP: folds 
MaRKiToScoK: folds 
henri789: folds 
Uncalled bet ($18.50) returned to VonHolte
VonHolte collected $17.20 from pot
VonHolte: doesn't show hand 
*** SUMMARY ***
Total pot $17.20 | Rake $0 
Seat 1: AIien Hand
Seat 2: KarP93
Seat 3: RohayhuP (big blind) folded before Flop
Seat 4: MaRKiToScoK folded before Flop
Seat 5: henri789 (button) folded before Flop
Seat 6: VonHolte (small blind) collected ($17.20)



PokerStars Hand #254370749544:  Hold'em No Limit ($0.50/$1.00 USD) - 2025/01/14 19:30:48 WET [2025/01/14 14:30:48 ET]
Table 'Media' 6-max Seat #6 is the button
Seat 2: KarP93 ($103 in chips) is sitting out
Seat 4: MaRKiToScoK ($100 in chips) is sitting out
Seat 3: RohayhuP ($88.39 in chips) 
Seat 5: henri789 ($100 in chips) 
Seat 6: VonHolte ($109.20 in chips) 
RohayhuP: posts small blind $0.50
MaRKiToScoK: is sitting out 
henri789: posts big blind $1
*** HOLE CARDS ***
VonHolte: folds 
RohayhuP: raises $2 to $3
henri789: folds 
Uncalled bet ($2) returned to RohayhuP
RohayhuP collected $2 from pot
RohayhuP: doesn't show hand 
*** SUMMARY ***
Total pot $2 | Rake $0 
Seat 2: KarP93
Seat 4: MaRKiToScoK
Seat 3: RohayhuP (small blind) collected ($2)
Seat 5: henri789 (big blind) folded before Flop
Seat 6: VonHolte (button) folded before Flop (didn't bet)



PokerStars Hand #254370753574:  Hold'em No Limit ($0.50/$1.00 USD) - 2025/01/14 19:31:01 WET [2025/01/14 14:31:01 ET]
Table 'Media' 6-max Seat #3 is the button
Seat 2: KarP93 ($103 in chips) is sitting out
Seat 4: MaRKiToScoK ($100 in chips) is sitting out
Seat 3: RohayhuP ($89.39 in chips) 
Seat 5: henri789 ($100 in chips) 
Seat 6: VonHolte ($109.20 in chips) 
henri789: posts small blind $0.50
VonHolte: posts big blind $1
*** HOLE CARDS ***
RohayhuP: folds 
henri789: folds 
Uncalled bet ($0.50) returned to VonHolte
VonHolte collected $1 from pot
VonHolte: doesn't show hand 
*** SUMMARY ***
Total pot $1 | Rake $0 
Seat 2: KarP93
Seat 4: MaRKiToScoK
Seat 3: RohayhuP (button) folded before Flop (didn't bet)
Seat 5: henri789 (small blind) folded before Flop
Seat 6: VonHolte (big blind) collected ($1)



PokerStars Hand #254370757873:  Hold'em No Limit ($0.50/$1.00 USD) - 2025/01/14 19:31:16 WET [2025/01/14 14:31:16 ET]
Table 'Media' 6-max Seat #5 is the button
Seat 2: KarP93 ($103 in chips) is sitting out
Seat 4: MaRKiToScoK ($100 in chips) is sitting out
Seat 3: RohayhuP ($89.39 in chips) 
Seat 5: henri789 ($100 in chips) 
Seat 6: VonHolte ($109.70 in chips) 
VonHolte: posts small blind $0.50
RohayhuP: posts big blind $1
*** HOLE CARDS ***
henri789: raises $1.50 to $2.50
VonHolte: folds 
RohayhuP: folds 
Uncalled bet ($1.50) returned to henri789
henri789 collected $2.50 from pot
henri789: doesn't show hand 
*** SUMMARY ***
Total pot $2.50 | Rake $0 
Seat 2: KarP93
Seat 4: MaRKiToScoK
Seat 3: RohayhuP (big blind) folded before Flop
Seat 5: henri789 (button) collected ($2.50)
Seat 6: VonHolte (small blind) folded before Flop



PokerStars Hand #254370761855:  Hold'em No Limit ($0.50/$1.00 USD) - 2025/01/14 19:31:29 WET [2025/01/14 14:31:29 ET]
Table 'Media' 6-max Seat #6 is the button
Seat 2: KarP93 ($103 in chips) is sitting out
Seat 4: MaRKiToScoK ($100 in chips) is sitting out
Seat 3: RohayhuP ($88.39 in chips) 
Seat 5: henri789 ($101.50 in chips) 
Seat 6: VonHolte ($109.20 in chips) 
RohayhuP: posts small blind $0.50
henri789: posts big blind $1
*** HOLE CARDS ***
MaRKiToScoK leaves the table
VonHolte: folds 
RohayhuP: raises $2 to $3
henri789: raises $6 to $9
RohayhuP: folds 
Uncalled bet ($6) returned to henri789
henri789 collected $6 from pot
henri789: doesn't show hand 
*** SUMMARY ***
Total pot $6 | Rake $0 
Seat 2: KarP93
Seat 4: MaRKiToScoK
Seat 3: RohayhuP (small blind) folded before Flop
Seat 5: henri789 (big blind) collected ($6)
Seat 6: VonHolte (button) folded before Flop (didn't bet)



PokerStars Hand #254370768683:  Hold'em No Limit ($0.50/$1.00 USD) - 2025/01/14 19:31:52 WET [2025/01/14 14:31:52 ET]
Table 'Media' 6-max Seat #3 is the button
Seat 2: KarP93 ($103 in chips) is sitting out
Seat 3: RohayhuP ($85.39 in chips) 
Seat 5: henri789 ($104.50 in chips) 
Seat 6: VonHolte ($109.20 in chips) 
henri789: posts small blind $0.50
VonHolte: posts big blind $1
*** HOLE CARDS ***
RohayhuP: raises $2 to $3
henri789: folds 
VonHolte: calls $2
*** FLOP *** [2h 7s 6h]
ddyyjj joins the table at seat #4 
VonHolte: checks 
RohayhuP: bets $3.09
VonHolte: folds 
Uncalled bet ($3.09) returned to RohayhuP
RohayhuP collected $6.10 from pot
RohayhuP: doesn't show hand 
*** SUMMARY ***
Total pot $6.50 | Rake $0.40 
Board [2h 7s 6h]
Seat 2: KarP93
Seat 3: RohayhuP (button) collected ($6.10)
Seat 5: henri789 (small blind) folded before Flop
Seat 6: VonHolte (big blind) folded on the Flop



PokerStars Hand #254370775772:  Hold'em No Limit ($0.50/$1.00 USD) - 2025/01/14 19:32:16 WET [2025/01/14 14:32:16 ET]
Table 'Media' 6-max Seat #5 is the button
Seat 2: KarP93 ($103 in chips) is sitting out
Seat 4: ddyyjj ($100 in chips) is sitting out
Seat 3: RohayhuP ($88.49 in chips) 
Seat 5: henri789 ($104 in chips) 
Seat 6: VonHolte ($106.20 in chips) 
VonHolte: posts small blind $0.50
RohayhuP: posts big blind $1
ddyyjj: sits out 
*** HOLE CARDS ***
MaikonAll joins the table at seat #1 
henri789: raises $1.50 to $2.50
VonHolte: raises $8.50 to $11
RohayhuP: folds 
MaikonAll leaves the table
henri789: calls $8.50
*** FLOP *** [Ts 4s Jd]
VonHolte: bets $13.10
pmeade1977 joins the table at seat #1 
pmeade1977 is disconnected 
henri789: folds 
Uncalled bet ($13.10) returned to VonHolte
VonHolte collected $22 from pot
VonHolte: doesn't show hand 
*** SUMMARY ***
Total pot $23 | Rake $1 
Board [Ts 4s Jd]
Seat 2: KarP93
Seat 4: ddyyjj
Seat 3: RohayhuP (big blind) folded before Flop
Seat 5: henri789 (button) folded on the Flop
Seat 6: VonHolte (small blind) collected ($22)



PokerStars Hand #254370794369:  Hold'em No Limit ($0.50/$1.00 USD) - 2025/01/14 19:33:18 WET [2025/01/14 14:33:18 ET]
Table 'Media' 6-max Seat #6 is the button
Seat 1: pmeade1977 ($49.19 in chips) is sitting out
Seat 2: KarP93 ($103 in chips) is sitting out
Seat 3: RohayhuP ($87.49 in chips) 
Seat 4: ddyyjj ($100 in chips) 
Seat 5: henri789 ($100 in chips) 
Seat 6: VonHolte ($117.20 in chips) 
RohayhuP: posts small blind $0.50
ddyyjj: posts big blind $1
*** HOLE CARDS ***
henri789: folds 
VonHolte: raises $1.50 to $2.50
RohayhuP: folds 
ddyyjj: folds 
Uncalled bet ($1.50) returned to VonHolte
VonHolte collected $2.50 from pot
VonHolte: doesn't show hand 
*** SUMMARY ***
Total pot $2.50 | Rake $0 
Seat 1: pmeade1977
Seat 2: KarP93
Seat 3: RohayhuP (small blind) folded before Flop
Seat 4: ddyyjj (big blind) folded before Flop
Seat 5: henri789 folded before Flop (didn't bet)
Seat 6: VonHolte (button) collected ($2.50)



PokerStars Hand #254370800018:  Hold'em No Limit ($0.50/$1.00 USD) - 2025/01/14 19:33:37 WET [2025/01/14 14:33:37 ET]
Table 'Media' 6-max Seat #3 is the button
Seat 2: KarP93 ($103 in chips) is sitting out
Seat 1: pmeade1977 ($49.19 in chips) 
Seat 3: RohayhuP ($86.99 in chips) 
Seat 4: ddyyjj ($99 in chips) 
Seat 5: henri789 ($100 in chips) 
Seat 6: VonHolte ($118.70 in chips) 
ddyyjj: posts small blind $0.50
henri789: posts big blind $1
pmeade1977: posts big blind $1
*** HOLE CARDS ***
VonHolte: folds 
pmeade1977: checks 
RohayhuP has timed out
RohayhuP: folds 
ddyyjj: calls $0.50
henri789: checks 
*** FLOP *** [Tc Ac 3s]
ddyyjj: bets $1.28
henri789: folds 
pmeade1977: calls $1.28
*** TURN *** [Tc Ac 3s] [Th]
ddyyjj: bets $2.38
pmeade1977: calls $2.38
*** RIVER *** [Tc Ac 3s Th] [Kd]
ddyyjj: checks 
pmeade1977: bets $9.80
ddyyjj: calls $9.80
*** SHOW DOWN ***
pmeade1977: shows [Td 5h] (three of a kind, Tens)
ddyyjj: mucks hand 
pmeade1977 collected $28.42 from pot
*** SUMMARY ***
Total pot $29.92 | Rake $1.50 
Board [Tc Ac 3s Th Kd]
Seat 2: KarP93
Seat 1: pmeade1977 showed [Td 5h] and won ($28.42) with three of a kind, Tens
Seat 3: RohayhuP (button) folded before Flop (didn't bet)
Seat 4: ddyyjj (small blind) mucked
Seat 5: henri789 (big blind) folded on the Flop
Seat 6: VonHolte folded before Flop (didn't bet)



PokerStars Hand #254370827286:  Hold'em No Limit ($0.50/$1.00 USD) - 2025/01/14 19:35:07 WET [2025/01/14 14:35:07 ET]
Table 'Media' 6-max Seat #4 is the button
Seat 2: KarP93 ($103 in chips) is sitting out
Seat 1: pmeade1977 ($63.15 in chips) 
Seat 3: RohayhuP ($86.99 in chips) 
Seat 4: ddyyjj ($84.54 in chips) 
Seat 5: henri789 ($100 in chips) 
Seat 6: VonHolte ($118.70 in chips) 
henri789: posts small blind $0.50
VonHolte: posts big blind $1
*** HOLE CARDS ***
pmeade1977: calls $1
RohayhuP: folds 
ddyyjj: folds 
henri789: folds 
VonHolte: checks 
*** FLOP *** [5d 4c 8h]
VonHolte: checks 
pmeade1977: bets $2.38
VonHolte: folds 
Uncalled bet ($2.38) returned to pmeade1977
pmeade1977 collected $2.38 from pot
*** SUMMARY ***
Total pot $2.50 | Rake $0.12 
Board [5d 4c 8h]
Seat 2: KarP93
Seat 1: pmeade1977 collected ($2.38)
Seat 3: RohayhuP folded before Flop (didn't bet)
Seat 4: ddyyjj (button) folded before Flop (didn't bet)
Seat 5: henri789 (small blind) folded before Flop
Seat 6: VonHolte (big blind) folded on the Flop



PokerStars Hand #254370840005:  Hold'em No Limit ($0.50/$1.00 USD) - 2025/01/14 19:35:49 WET [2025/01/14 14:35:49 ET]
Table 'Media' 6-max Seat #5 is the button
Seat 2: KarP93 ($103 in chips) is sitting out
Seat 1: pmeade1977 ($64.53 in chips) 
Seat 3: RohayhuP ($86.99 in chips) 
Seat 4: ddyyjj ($84.54 in chips) 
Seat 5: henri789 ($100 in chips) 
Seat 6: VonHolte ($117.70 in chips) 
VonHolte: posts small blind $0.50
pmeade1977: posts big blind $1
*** HOLE CARDS ***
RohayhuP: folds 
ddyyjj: folds 
henri789: folds 
VonHolte: folds 
Uncalled bet ($0.50) returned to pmeade1977
pmeade1977 collected $1 from pot
*** SUMMARY ***
Total pot $1 | Rake $0 
Seat 2: KarP93
Seat 1: pmeade1977 (big blind) collected ($1)
Seat 3: RohayhuP folded before Flop (didn't bet)
Seat 4: ddyyjj folded before Flop (didn't bet)
Seat 5: henri789 (button) folded before Flop (didn't bet)
Seat 6: VonHolte (small blind) folded before Flop



PokerStars Hand #254370845854:  Hold'em No Limit ($0.50/$1.00 USD) - 2025/01/14 19:36:08 WET [2025/01/14 14:36:08 ET]
Table 'Media' 6-max Seat #6 is the button
Seat 2: KarP93 ($103 in chips) is sitting out
Seat 1: pmeade1977 ($65.03 in chips) 
Seat 3: RohayhuP ($86.99 in chips) 
Seat 4: ddyyjj ($84.54 in chips) 
Seat 5: henri789 ($100 in chips) 
Seat 6: VonHolte ($117.20 in chips) 
pmeade1977: posts small blind $0.50
RohayhuP: posts big blind $1
*** HOLE CARDS ***
ddyyjj: folds 
henri789: folds 
VonHolte: folds 
pmeade1977: folds 
Uncalled bet ($0.50) returned to RohayhuP
RohayhuP collected $1 from pot
KarP93 leaves the table
RohayhuP: doesn't show hand 
*** SUMMARY ***
Total pot $1 | Rake $0 
Seat 2: KarP93
Seat 1: pmeade1977 (small blind) folded before Flop
Seat 3: RohayhuP (big blind) collected ($1)
Seat 4: ddyyjj folded before Flop (didn't bet)
Seat 5: henri789 folded before Flop (didn't bet)
Seat 6: VonHolte (button) folded before Flop (didn't bet)



PokerStars Hand #254370850493:  Hold'em No Limit ($0.50/$1.00 USD) - 2025/01/14 19:36:24 WET [2025/01/14 14:36:24 ET]
Table 'Media' 6-max Seat #1 is the button
Seat 1: pmeade1977 ($64.53 in chips) 
Seat 3: RohayhuP ($87.49 in chips) 
Seat 4: ddyyjj ($84.54 in chips) 
Seat 5: henri789 ($100 in chips) 
Seat 6: VonHolte ($117.20 in chips) 
RohayhuP: posts small blind $0.50
ddyyjj: posts big blind $1
*** HOLE CARDS ***
henri789: raises $1.50 to $2.50
VonHolte: folds 
chinokevin13 joins the table at seat #2 
pmeade1977: folds 
RohayhuP: folds 
ddyyjj: folds 
Uncalled bet ($1.50) returned to henri789
henri789 collected $2.50 from pot
henri789: doesn't show hand 
*** SUMMARY ***
Total pot $2.50 | Rake $0 
Seat 1: pmeade1977 (button) folded before Flop (didn't bet)
Seat 3: RohayhuP (small blind) folded before Flop
Seat 4: ddyyjj (big blind) folded before Flop
Seat 5: henri789 collected ($2.50)
Seat 6: VonHolte folded before Flop (didn't bet)



PokerStars Hand #254370857883:  Hold'em No Limit ($0.50/$1.00 USD) - 2025/01/14 19:36:48 WET [2025/01/14 14:36:48 ET]
Table 'Media' 6-max Seat #3 is the button
Seat 2: chinokevin13 ($100 in chips) is sitting out
Seat 1: pmeade1977 ($64.53 in chips) 
Seat 3: RohayhuP ($86.99 in chips) 
Seat 4: ddyyjj ($83.54 in chips) 
Seat 5: henri789 ($101.50 in chips) 
Seat 6: VonHolte ($117.20 in chips) 
ddyyjj: posts small blind $0.50
henri789: posts big blind $1
chinokevin13: sits out 
*** HOLE CARDS ***
VonHolte: folds 
pmeade1977: folds 
RohayhuP: folds 
VonHolte leaves the table
ddyyjj: raises $2 to $3
henri789: raises $6 to $9
ddyyjj: folds 
Uncalled bet ($6) returned to henri789
henri789 collected $6 from pot
henri789: doesn't show hand 
*** SUMMARY ***
Total pot $6 | Rake $0 
Seat 2: chinokevin13
Seat 1: pmeade1977 folded before Flop (didn't bet)
Seat 3: RohayhuP (button) folded before Flop (didn't bet)
Seat 4: ddyyjj (small blind) folded before Flop
Seat 5: henri789 (big blind) collected ($6)
Seat 6: VonHolte folded before Flop (didn't bet)



PokerStars Hand #254370869255:  Hold'em No Limit ($0.50/$1.00 USD) - 2025/01/14 19:37:25 WET [2025/01/14 14:37:25 ET]
Table 'Media' 6-max Seat #4 is the button
Seat 2: chinokevin13 ($100 in chips) is sitting out
Seat 1: pmeade1977 ($64.53 in chips) 
Seat 3: RohayhuP ($86.99 in chips) 
Seat 4: ddyyjj ($80.54 in chips) 
Seat 5: henri789 ($104.50 in chips) 
henri789: posts small blind $0.50
pmeade1977: posts big blind $1
chinokevin13: sits out 
*** HOLE CARDS ***
RohayhuP: folds 
ddyyjj: raises $1.50 to $2.50
henri789: folds 
pmeade1977: folds 
Uncalled bet ($1.50) returned to ddyyjj
ddyyjj collected $2.50 from pot
ddyyjj: doesn't show hand 
*** SUMMARY ***
Total pot $2.50 | Rake $0 
Seat 2: chinokevin13
Seat 1: pmeade1977 (big blind) folded before Flop
Seat 3: RohayhuP folded before Flop (didn't bet)
Seat 4: ddyyjj (button) collected ($2.50)
Seat 5: henri789 (small blind) folded before Flop



PokerStars Hand #254371230897:  Hold'em No Limit ($0.50/$1.00 USD) - 2025/01/14 19:58:10 WET [2025/01/14 14:58:10 ET]
Table 'Media' 6-max Seat #1 is the button
Seat 1: pmeade1977 ($65.65 in chips) 
Seat 2: chinokevin13 ($100 in chips) 
Seat 3: RohayhuP ($89.42 in chips) 
Seat 4: ddyyjj ($95 in chips) 
Seat 5: henri789 ($104.09 in chips) 
Seat 6: Alexo20161220 ($86.88 in chips) 
chinokevin13: posts small blind $0.50
RohayhuP: posts big blind $1
*** HOLE CARDS ***
ddyyjj: raises $1.50 to $2.50
henri789: raises $5 to $7.50
Alexo20161220: folds 
pmeade1977 is disconnected 
pmeade1977 has timed out while disconnected
pmeade1977: folds 
chinokevin13: raises $13.50 to $21
RohayhuP: folds 
ddyyjj: folds 
henri789: folds 
Uncalled bet ($13.50) returned to chinokevin13
chinokevin13 collected $18.50 from pot
chinokevin13: doesn't show hand 
*** SUMMARY ***
Total pot $18.50 | Rake $0 
Seat 1: pmeade1977 (button) folded before Flop (didn't bet)
Seat 2: chinokevin13 (small blind) collected ($18.50)
Seat 3: RohayhuP (big blind) folded before Flop
Seat 4: ddyyjj folded before Flop
Seat 5: henri789 folded before Flop
Seat 6: Alexo20161220 folded before Flop (didn't bet)



PokerStars Hand #254371248417:  Hold'em No Limit ($0.50/$1.00 USD) - 2025/01/14 19:59:30 WET [2025/01/14 14:59:30 ET]
Table 'Media' 6-max Seat #2 is the button
Seat 1: pmeade1977 ($65.65 in chips) is sitting out
Seat 2: chinokevin13 ($111 in chips) 
Seat 3: RohayhuP ($88.42 in chips) 
Seat 4: ddyyjj ($92.50 in chips) 
Seat 5: henri789 ($100 in chips) 
Seat 6: Alexo20161220 ($86.88 in chips) 
RohayhuP: posts small blind $0.50
ddyyjj: posts big blind $1
*** HOLE CARDS ***
henri789: raises $1.50 to $2.50
Alexo20161220: calls $2.50
chinokevin13: folds 
RohayhuP: folds 
ddyyjj: calls $1.50
*** FLOP *** [Qd 9s 6h]
ddyyjj: checks 
henri789: checks 
Alexo20161220: checks 
*** TURN *** [Qd 9s 6h] [Ac]
ddyyjj: checks 
henri789: checks 
Alexo20161220: checks 
*** RIVER *** [Qd 9s 6h Ac] [As]
ddyyjj: checks 
henri789: bets $5.70
Alexo20161220: folds 
ddyyjj: folds 
Uncalled bet ($5.70) returned to henri789
ddyyjj leaves the table
henri789 collected $7.60 from pot
henri789: doesn't show hand 
*** SUMMARY ***
Total pot $8 | Rake $0.40 
Board [Qd 9s 6h Ac As]
Seat 1: pmeade1977
Seat 2: chinokevin13 (button) folded before Flop (didn't bet)
Seat 3: RohayhuP (small blind) folded before Flop
Seat 4: ddyyjj (big blind) folded on the River
Seat 5: henri789 collected ($7.60)
Seat 6: Alexo20161220 folded on the River



PokerStars Hand #254371262964:  Hold'em No Limit ($0.50/$1.00 USD) - 2025/01/14 20:00:36 WET [2025/01/14 15:00:36 ET]
Table 'Media' 6-max Seat #3 is the button
Seat 1: pmeade1977 ($65.65 in chips) is sitting out
Seat 2: chinokevin13 ($111 in chips) 
Seat 3: RohayhuP ($87.92 in chips) 
Seat 5: henri789 ($105.10 in chips) 
Seat 6: Alexo20161220 ($84.38 in chips) 
henri789: posts small blind $0.50
Alexo20161220: posts big blind $1
*** HOLE CARDS ***
BoyLoc0 joins the table at seat #4 
chinokevin13: folds 
RohayhuP: folds 
henri789: calls $0.50
Alexo20161220: checks 
*** FLOP *** [4d 6h Js]
henri789: bets $1
Alexo20161220: calls $1
*** TURN *** [4d 6h Js] [9s]
henri789: bets $2.85
Alexo20161220: calls $2.85
*** RIVER *** [4d 6h Js 9s] [4h]
henri789: bets $6.92
Alexo20161220: calls $6.92
*** SHOW DOWN ***
henri789: shows [7d 8c] (a pair of Fours)
Alexo20161220: shows [Ts 4s] (three of a kind, Fours)
Alexo20161220 collected $22.54 from pot
*** SUMMARY ***
Total pot $23.54 | Rake $1 
Board [4d 6h Js 9s 4h]
Seat 1: pmeade1977
Seat 2: chinokevin13 folded before Flop (didn't bet)
Seat 3: RohayhuP (button) folded before Flop (didn't bet)
Seat 5: henri789 (small blind) showed [7d 8c] and lost with a pair of Fours
Seat 6: Alexo20161220 (big blind) showed [Ts 4s] and won ($22.54) with three of a kind, Fours



PokerStars Hand #254371276411:  Hold'em No Limit ($0.50/$1.00 USD) - 2025/01/14 20:01:31 WET [2025/01/14 15:01:31 ET]
Table 'Media' 6-max Seat #5 is the button
Seat 1: pmeade1977 ($65.65 in chips) is sitting out
Seat 4: BoyLoc0 ($100 in chips) is sitting out
Seat 2: chinokevin13 ($111 in chips) 
Seat 3: RohayhuP ($87.92 in chips) 
Seat 5: henri789 ($100 in chips) 
Seat 6: Alexo20161220 ($95.15 in chips) 
Alexo20161220: posts small blind $0.50
chinokevin13: posts big blind $1
BoyLoc0: sits out 
*** HOLE CARDS ***
RohayhuP: folds 
henri789: folds 
Alexo20161220: calls $0.50
chinokevin13: checks 
*** FLOP *** [Qh 2h 2c]
Alexo20161220: checks 
chinokevin13: checks 
*** TURN *** [Qh 2h 2c] [Kd]
Alexo20161220: checks 
chinokevin13: checks 
*** RIVER *** [Qh 2h 2c Kd] [4c]
Alexo20161220: checks 
chinokevin13: bets $1.43
Alexo20161220: calls $1.43
*** SHOW DOWN ***
chinokevin13: shows [7h Td] (a pair of Deuces)
Alexo20161220: shows [Jd 4d] (two pair, Fours and Deuces)
Alexo20161220 collected $4.62 from pot
*** SUMMARY ***
Total pot $4.86 | Rake $0.24 
Board [Qh 2h 2c Kd 4c]
Seat 1: pmeade1977
Seat 4: BoyLoc0
Seat 2: chinokevin13 (big blind) showed [7h Td] and lost with a pair of Deuces
Seat 3: RohayhuP folded before Flop (didn't bet)
Seat 5: henri789 (button) folded before Flop (didn't bet)
Seat 6: Alexo20161220 (small blind) showed [Jd 4d] and won ($4.62) with two pair, Fours and Deuces



PokerStars Hand #254371295826:  Hold'em No Limit ($0.50/$1.00 USD) - 2025/01/14 20:02:40 WET [2025/01/14 15:02:40 ET]
Table 'Media' 6-max Seat #6 is the button
Seat 1: pmeade1977 ($65.65 in chips) is sitting out
Seat 4: BoyLoc0 ($100 in chips) is sitting out
Seat 2: chinokevin13 ($108.57 in chips) 
Seat 3: RohayhuP ($87.92 in chips) 
Seat 5: henri789 ($100 in chips) 
Seat 6: Alexo20161220 ($97.34 in chips) 
chinokevin13: posts small blind $0.50
RohayhuP: posts big blind $1
BoyLoc0: sits out 
*** HOLE CARDS ***
henri789: folds 
Alexo20161220: folds 
chinokevin13: folds 
Uncalled bet ($0.50) returned to RohayhuP
RohayhuP collected $1 from pot
RohayhuP: doesn't show hand 
*** SUMMARY ***
Total pot $1 | Rake $0 
Seat 1: pmeade1977
Seat 4: BoyLoc0
Seat 2: chinokevin13 (small blind) folded before Flop
Seat 3: RohayhuP (big blind) collected ($1)
Seat 5: henri789 folded before Flop (didn't bet)
Seat 6: Alexo20161220 (button) folded before Flop (didn't bet)



PokerStars Hand #254371298875:  Hold'em No Limit ($0.50/$1.00 USD) - 2025/01/14 20:02:50 WET [2025/01/14 15:02:50 ET]
Table 'Media' 6-max Seat #2 is the button
Seat 1: pmeade1977 ($65.65 in chips) is sitting out
Seat 2: chinokevin13 ($108.07 in chips) 
Seat 3: RohayhuP ($88.42 in chips) 
Seat 4: BoyLoc0 ($100 in chips) 
Seat 5: henri789 ($100 in chips) 
Seat 6: Alexo20161220 ($97.34 in chips) 
RohayhuP: posts small blind $0.50
BoyLoc0: posts big blind $1
*** HOLE CARDS ***
henri789: folds 
Alexo20161220: folds 
chinokevin13: raises $1.50 to $2.50
RohayhuP: raises $7 to $9.50
BoyLoc0: folds 
chinokevin13: folds 
Uncalled bet ($7) returned to RohayhuP
RohayhuP collected $6 from pot
RohayhuP: doesn't show hand 
*** SUMMARY ***
Total pot $6 | Rake $0 
Seat 1: pmeade1977
Seat 2: chinokevin13 (button) folded before Flop
Seat 3: RohayhuP (small blind) collected ($6)
Seat 4: BoyLoc0 (big blind) folded before Flop
Seat 5: henri789 folded before Flop (didn't bet)
Seat 6: Alexo20161220 folded before Flop (didn't bet)



PokerStars Hand #254371314413:  Hold'em No Limit ($0.50/$1.00 USD) - 2025/01/14 20:03:42 WET [2025/01/14 15:03:42 ET]
Table 'Media' 6-max Seat #3 is the button
Seat 1: pmeade1977 ($65.65 in chips) is sitting out
Seat 2: chinokevin13 ($105.57 in chips) 
Seat 3: RohayhuP ($91.92 in chips) 
Seat 4: BoyLoc0 ($100 in chips) 
Seat 5: henri789 ($100 in chips) 
Seat 6: Alexo20161220 ($97.34 in chips) 
BoyLoc0: posts small blind $0.50
henri789: posts big blind $1
*** HOLE CARDS ***
Alexo20161220: calls $1
chinokevin13: folds 
RohayhuP: folds 
BoyLoc0: folds 
henri789: checks 
*** FLOP *** [8c 9h Kc]
henri789: bets $1
Alexo20161220: calls $1
*** TURN *** [8c 9h Kc] [4c]
henri789: checks 
Alexo20161220: bets $2
henri789: calls $2
*** RIVER *** [8c 9h Kc 4c] [Qs]
henri789: checks 
Alexo20161220: checks 
*** SHOW DOWN ***
henri789: shows [Kh 5d] (a pair of Kings)
Alexo20161220: mucks hand 
henri789 collected $8.08 from pot
*** SUMMARY ***
Total pot $8.50 | Rake $0.42 
Board [8c 9h Kc 4c Qs]
Seat 1: pmeade1977
Seat 2: chinokevin13 folded before Flop (didn't bet)
Seat 3: RohayhuP (button) folded before Flop (didn't bet)
Seat 4: BoyLoc0 (small blind) folded before Flop
Seat 5: henri789 (big blind) showed [Kh 5d] and won ($8.08) with a pair of Kings
Seat 6: Alexo20161220 mucked



PokerStars Hand #254371326451:  Hold'em No Limit ($0.50/$1.00 USD) - 2025/01/14 20:04:22 WET [2025/01/14 15:04:22 ET]
Table 'Media' 6-max Seat #4 is the button
Seat 1: pmeade1977 ($65.65 in chips) is sitting out
Seat 2: chinokevin13 ($105.57 in chips) 
Seat 3: RohayhuP ($91.92 in chips) 
Seat 4: BoyLoc0 ($100 in chips) 
Seat 5: henri789 ($104.08 in chips) 
Seat 6: Alexo20161220 ($93.34 in chips) 
henri789: posts small blind $0.50
Alexo20161220: posts big blind $1
*** HOLE CARDS ***
chinokevin13: folds 
RohayhuP: folds 
BoyLoc0: raises $1.50 to $2.50
henri789: folds 
Alexo20161220: calls $1.50
*** FLOP *** [6h 7c 4d]
Alexo20161220: checks 
BoyLoc0: bets $1.72
Alexo20161220: calls $1.72
*** TURN *** [6h 7c 4d] [Ts]
Alexo20161220: checks 
BoyLoc0: checks 
*** RIVER *** [6h 7c 4d Ts] [Kc]
Alexo20161220: bets $4
BoyLoc0: folds 
Uncalled bet ($4) returned to Alexo20161220
Alexo20161220 collected $8.49 from pot
*** SUMMARY ***
Total pot $8.94 | Rake $0.45 
Board [6h 7c 4d Ts Kc]
Seat 1: pmeade1977
Seat 2: chinokevin13 folded before Flop (didn't bet)
Seat 3: RohayhuP folded before Flop (didn't bet)
Seat 4: BoyLoc0 (button) folded on the River
Seat 5: henri789 (small blind) folded before Flop
Seat 6: Alexo20161220 (big blind) collected ($8.49)



PokerStars Hand #254371340706:  Hold'em No Limit ($0.50/$1.00 USD) - 2025/01/14 20:05:06 WET [2025/01/14 15:05:06 ET]
Table 'Media' 6-max Seat #5 is the button
Seat 1: pmeade1977 ($65.65 in chips) is sitting out
Seat 2: chinokevin13 ($105.57 in chips) 
Seat 3: RohayhuP ($91.92 in chips) 
Seat 4: BoyLoc0 ($100 in chips) 
Seat 5: henri789 ($103.58 in chips) 
Seat 6: Alexo20161220 ($97.61 in chips) 
Alexo20161220: posts small blind $0.50
chinokevin13: posts big blind $1
*** HOLE CARDS ***
RohayhuP: raises $2 to $3
BoyLoc0: folds 
henri789: folds 
Alexo20161220: folds 
chinokevin13: folds 
Uncalled bet ($2) returned to RohayhuP
RohayhuP collected $2.50 from pot
RohayhuP: doesn't show hand 
*** SUMMARY ***
Total pot $2.50 | Rake $0 
Seat 1: pmeade1977
Seat 2: chinokevin13 (big blind) folded before Flop
Seat 3: RohayhuP collected ($2.50)
Seat 4: BoyLoc0 folded before Flop (didn't bet)
Seat 5: henri789 (button) folded before Flop (didn't bet)
Seat 6: Alexo20161220 (small blind) folded before Flop



PokerStars Hand #254371346002:  Hold'em No Limit ($0.50/$1.00 USD) - 2025/01/14 20:05:23 WET [2025/01/14 15:05:23 ET]
Table 'Media' 6-max Seat #6 is the button
Seat 1: pmeade1977 ($65.65 in chips) is sitting out
Seat 2: chinokevin13 ($104.57 in chips) 
Seat 3: RohayhuP ($93.42 in chips) 
Seat 4: BoyLoc0 ($100 in chips) 
Seat 5: henri789 ($103.58 in chips) 
Seat 6: Alexo20161220 ($97.11 in chips) 
chinokevin13: posts small blind $0.50
RohayhuP: posts big blind $1
*** HOLE CARDS ***
BoyLoc0: folds 
henri789: folds 
Alexo20161220: calls $1
chinokevin13: folds 
RohayhuP: checks 
*** FLOP *** [2c Kd Jd]
RohayhuP: checks 
Alexo20161220: checks 
*** TURN *** [2c Kd Jd] [Ah]
RohayhuP: checks 
Alexo20161220: checks 
*** RIVER *** [2c Kd Jd Ah] [2d]
RohayhuP: checks 
Alexo20161220: checks 
*** SHOW DOWN ***
RohayhuP: shows [Qd 3s] (a pair of Deuces)
Alexo20161220: shows [9s Qs] (a pair of Deuces)
RohayhuP collected $1.17 from pot
Alexo20161220 collected $1.19 from pot
*** SUMMARY ***
Total pot $2.50 | Rake $0.14 
Board [2c Kd Jd Ah 2d]
Seat 1: pmeade1977
Seat 2: chinokevin13 (small blind) folded before Flop
Seat 3: RohayhuP (big blind) showed [Qd 3s] and won ($1.17) with a pair of Deuces
Seat 4: BoyLoc0 folded before Flop (didn't bet)
Seat 5: henri789 folded before Flop (didn't bet)
Seat 6: Alexo20161220 (button) showed [9s Qs] and won ($1.19) with a pair of Deuces



PokerStars Hand #254371358635:  Hold'em No Limit ($0.50/$1.00 USD) - 2025/01/14 20:06:02 WET [2025/01/14 15:06:02 ET]
Table 'Media' 6-max Seat #2 is the button
Seat 1: pmeade1977 ($65.65 in chips) is sitting out
Seat 2: chinokevin13 ($104.07 in chips) 
Seat 3: RohayhuP ($93.59 in chips) 
Seat 4: BoyLoc0 ($100 in chips) 
Seat 5: henri789 ($103.58 in chips) 
Seat 6: Alexo20161220 ($97.30 in chips) 
RohayhuP: posts small blind $0.50
BoyLoc0: posts big blind $1
*** HOLE CARDS ***
henri789: raises $1.50 to $2.50
Alexo20161220: calls $2.50
chinokevin13: folds 
RohayhuP: folds 
BoyLoc0: folds 
*** FLOP *** [Jc 6d Qs]
henri789: checks 
Alexo20161220: checks 
*** TURN *** [Jc 6d Qs] [Jh]
henri789: checks 
Alexo20161220: bets $3
henri789: folds 
Uncalled bet ($3) returned to Alexo20161220
Alexo20161220 collected $6.18 from pot
*** SUMMARY ***
Total pot $6.50 | Rake $0.32 
Board [Jc 6d Qs Jh]
Seat 1: pmeade1977
Seat 2: chinokevin13 (button) folded before Flop (didn't bet)
Seat 3: RohayhuP (small blind) folded before Flop
Seat 4: BoyLoc0 (big blind) folded before Flop
Seat 5: henri789 folded on the Turn
Seat 6: Alexo20161220 collected ($6.18)



PokerStars Hand #254371375109:  Hold'em No Limit ($0.50/$1.00 USD) - 2025/01/14 20:06:53 WET [2025/01/14 15:06:53 ET]
Table 'Media' 6-max Seat #3 is the button
Seat 1: pmeade1977 ($65.65 in chips) is sitting out
Seat 2: chinokevin13 ($104.07 in chips) 
Seat 3: RohayhuP ($93.09 in chips) 
Seat 4: BoyLoc0 ($100 in chips) 
Seat 5: henri789 ($101.08 in chips) 
Seat 6: Alexo20161220 ($100.98 in chips) 
BoyLoc0: posts small blind $0.50
henri789: posts big blind $1
*** HOLE CARDS ***
Alexo20161220: folds 
chinokevin13: folds 
RohayhuP: raises $1.50 to $2.50
BoyLoc0: folds 
henri789: folds 
Uncalled bet ($1.50) returned to RohayhuP
RohayhuP collected $2.50 from pot
RohayhuP: doesn't show hand 
*** SUMMARY ***
Total pot $2.50 | Rake $0 
Seat 1: pmeade1977
Seat 2: chinokevin13 folded before Flop (didn't bet)
Seat 3: RohayhuP (button) collected ($2.50)
Seat 4: BoyLoc0 (small blind) folded before Flop
Seat 5: henri789 (big blind) folded before Flop
Seat 6: Alexo20161220 folded before Flop (didn't bet)



PokerStars Hand #254371382649:  Hold'em No Limit ($0.50/$1.00 USD) - 2025/01/14 20:07:17 WET [2025/01/14 15:07:17 ET]
Table 'Media' 6-max Seat #4 is the button
Seat 1: pmeade1977 ($65.65 in chips) is sitting out
Seat 2: chinokevin13 ($104.07 in chips) 
Seat 3: RohayhuP ($94.59 in chips) 
Seat 4: BoyLoc0 ($100 in chips) 
Seat 5: henri789 ($100.08 in chips) 
Seat 6: Alexo20161220 ($100.98 in chips) 
henri789: posts small blind $0.50
Alexo20161220: posts big blind $1
*** HOLE CARDS ***
chinokevin13: folds 
RohayhuP: folds 
BoyLoc0: folds 
henri789: raises $2 to $3
Alexo20161220: folds 
Uncalled bet ($2) returned to henri789
henri789 collected $2 from pot
henri789: doesn't show hand 
*** SUMMARY ***
Total pot $2 | Rake $0 
Seat 1: pmeade1977
Seat 2: chinokevin13 folded before Flop (didn't bet)
Seat 3: RohayhuP folded before Flop (didn't bet)
Seat 4: BoyLoc0 (button) folded before Flop (didn't bet)
Seat 5: henri789 (small blind) collected ($2)
Seat 6: Alexo20161220 (big blind) folded before Flop



PokerStars Hand #254371390351:  Hold'em No Limit ($0.50/$1.00 USD) - 2025/01/14 20:07:41 WET [2025/01/14 15:07:41 ET]
Table 'Media' 6-max Seat #5 is the button
Seat 1: pmeade1977 ($65.65 in chips) is sitting out
Seat 2: chinokevin13 ($104.07 in chips) 
Seat 3: RohayhuP ($94.59 in chips) 
Seat 4: BoyLoc0 ($100 in chips) 
Seat 5: henri789 ($101.08 in chips) 
Seat 6: Alexo20161220 ($99.98 in chips) 
Alexo20161220: posts small blind $0.50
chinokevin13: posts big blind $1
*** HOLE CARDS ***
RohayhuP: folds 
BoyLoc0: folds 
henri789: raises $1.50 to $2.50
Alexo20161220: folds 
chinokevin13: raises $9 to $11.50
henri789: raises $13.50 to $25
chinokevin13: calls $13.50
*** FLOP *** [3c Qc Ks]
chinokevin13: checks 
BoyLoc0 leaves the table
henri789: bets $12
Evelexy1 joins the table at seat #4 
pmeade1977 leaves the table
chinokevin13: raises $67.07 to $79.07 and is all-in
henri789: calls $64.08 and is all-in
Uncalled bet ($2.99) returned to chinokevin13
*** TURN *** [3c Qc Ks] [9c]
*** RIVER *** [3c Qc Ks 9c] [8h]
*** SHOW DOWN ***
chinokevin13: shows [Kd Qd] (two pair, Kings and Queens)
henri789: shows [As Kh] (a pair of Kings)
chinokevin13 collected $200.16 from pot
*** SUMMARY ***
Total pot $202.66 | Rake $2.50 
Board [3c Qc Ks 9c 8h]
Seat 1: pmeade1977
Seat 2: chinokevin13 (big blind) showed [Kd Qd] and won ($200.16) with two pair, Kings and Queens
Seat 3: RohayhuP folded before Flop (didn't bet)
Seat 4: BoyLoc0 folded before Flop (didn't bet)
Seat 5: henri789 (button) showed [As Kh] and lost with a pair of Kings
Seat 6: Alexo20161220 (small blind) folded before Flop



PokerStars Hand #254371425346:  Hold'em No Limit ($0.50/$1.00 USD) - 2025/01/14 20:09:31 WET [2025/01/14 15:09:31 ET]
Table 'Media' 6-max Seat #6 is the button
Seat 4: Evelexy1 ($100 in chips) is sitting out
Seat 2: chinokevin13 ($203.15 in chips) 
Seat 3: RohayhuP ($94.59 in chips) 
Seat 5: henri789 ($100 in chips) 
Seat 6: Alexo20161220 ($99.48 in chips) 
chinokevin13: posts small blind $0.50
RohayhuP: posts big blind $1
Evelexy1: sits out 
*** HOLE CARDS ***
henri789: folds 
Alexo20161220: calls $1
chinokevin13: raises $3 to $4
RohayhuP: folds 
Alexo20161220: calls $3
*** FLOP *** [9s 8h Kc]
chinokevin13: bets $2.82
Alexo20161220: folds 
Uncalled bet ($2.82) returned to chinokevin13
chinokevin13 collected $8.55 from pot
socito joins the table at seat #1 
chinokevin13: doesn't show hand 
*** SUMMARY ***
Total pot $9 | Rake $0.45 
Board [9s 8h Kc]
Seat 4: Evelexy1
Seat 2: chinokevin13 (small blind) collected ($8.55)
Seat 3: RohayhuP (big blind) folded before Flop
Seat 5: henri789 folded before Flop (didn't bet)
Seat 6: Alexo20161220 (button) folded on the Flop



PokerStars Hand #254371434635:  Hold'em No Limit ($0.50/$1.00 USD) - 2025/01/14 20:10:00 WET [2025/01/14 15:10:00 ET]
Table 'Media' 6-max Seat #2 is the button
Seat 1: socito ($100 in chips) is sitting out
Seat 2: chinokevin13 ($207.70 in chips) 
Seat 3: RohayhuP ($93.59 in chips) 
Seat 4: Evelexy1 ($100 in chips) 
Seat 5: henri789 ($100 in chips) 
Seat 6: Alexo20161220 ($95.48 in chips) 
RohayhuP: posts small blind $0.50
Evelexy1: posts big blind $1
socito: sits out 
*** HOLE CARDS ***
henri789: folds 
Alexo20161220: folds 
chinokevin13: raises $1.50 to $2.50
RohayhuP: raises $7 to $9.50
Evelexy1: folds 
chinokevin13: folds 
Uncalled bet ($7) returned to RohayhuP
RohayhuP collected $6 from pot
RohayhuP: doesn't show hand 
*** SUMMARY ***
Total pot $6 | Rake $0 
Seat 1: socito
Seat 2: chinokevin13 (button) folded before Flop
Seat 3: RohayhuP (small blind) collected ($6)
Seat 4: Evelexy1 (big blind) folded before Flop
Seat 5: henri789 folded before Flop (didn't bet)
Seat 6: Alexo20161220 folded before Flop (didn't bet)



PokerStars Hand #254371443713:  Hold'em No Limit ($0.50/$1.00 USD) - 2025/01/14 20:10:28 WET [2025/01/14 15:10:28 ET]
Table 'Media' 6-max Seat #3 is the button
Seat 1: socito ($100 in chips) is sitting out
Seat 2: chinokevin13 ($205.20 in chips) 
Seat 3: RohayhuP ($97.09 in chips) 
Seat 4: Evelexy1 ($100 in chips) 
Seat 5: henri789 ($100 in chips) 
Seat 6: Alexo20161220 ($95.48 in chips) 
Evelexy1: posts small blind $0.50
henri789: posts big blind $1
socito: sits out 
*** HOLE CARDS ***
Alexo20161220: folds 
chinokevin13: folds 
RohayhuP: folds 
Evelexy1: raises $2 to $3
henri789: raises $6 to $9
Evelexy1: folds 
Uncalled bet ($6) returned to henri789
henri789 collected $6 from pot
henri789: doesn't show hand 
*** SUMMARY ***
Total pot $6 | Rake $0 
Seat 1: socito
Seat 2: chinokevin13 folded before Flop (didn't bet)
Seat 3: RohayhuP (button) folded before Flop (didn't bet)
Seat 4: Evelexy1 (small blind) folded before Flop
Seat 5: henri789 (big blind) collected ($6)
Seat 6: Alexo20161220 folded before Flop (didn't bet)



PokerStars Hand #254371451129:  Hold'em No Limit ($0.50/$1.00 USD) - 2025/01/14 20:10:51 WET [2025/01/14 15:10:51 ET]
Table 'Media' 6-max Seat #4 is the button
Seat 1: socito ($100 in chips) is sitting out
Seat 2: chinokevin13 ($205.20 in chips) 
Seat 3: RohayhuP ($97.09 in chips) 
Seat 4: Evelexy1 ($100 in chips) 
Seat 5: henri789 ($103 in chips) 
Seat 6: Alexo20161220 ($95.48 in chips) 
henri789: posts small blind $0.50
Alexo20161220: posts big blind $1
socito: sits out 
*** HOLE CARDS ***
chinokevin13: folds 
RohayhuP: raises $2 to $3
Evelexy1: folds 
henri789: folds 
Alexo20161220: folds 
Uncalled bet ($2) returned to RohayhuP
RohayhuP collected $2.50 from pot
RohayhuP: doesn't show hand 
*** SUMMARY ***
Total pot $2.50 | Rake $0 
Seat 1: socito
Seat 2: chinokevin13 folded before Flop (didn't bet)
Seat 3: RohayhuP collected ($2.50)
Seat 4: Evelexy1 (button) folded before Flop (didn't bet)
Seat 5: henri789 (small blind) folded before Flop
Seat 6: Alexo20161220 (big blind) folded before Flop



PokerStars Hand #254371455380:  Hold'em No Limit ($0.50/$1.00 USD) - 2025/01/14 20:11:05 WET [2025/01/14 15:11:05 ET]
Table 'Media' 6-max Seat #5 is the button
Seat 1: socito ($100 in chips) 
Seat 2: chinokevin13 ($205.20 in chips) 
Seat 3: RohayhuP ($98.59 in chips) 
Seat 4: Evelexy1 ($100 in chips) 
Seat 5: henri789 ($102.50 in chips) 
Seat 6: Alexo20161220 ($94.48 in chips) 
Alexo20161220: posts small blind $0.50
socito: posts big blind $1
*** HOLE CARDS ***
chinokevin13: folds 
RohayhuP: folds 
Evelexy1: folds 
henri789: raises $1.50 to $2.50
Alexo20161220: folds 
socito: folds 
Uncalled bet ($1.50) returned to henri789
henri789 collected $2.50 from pot
henri789: doesn't show hand 
*** SUMMARY ***
Total pot $2.50 | Rake $0 
Seat 1: socito (big blind) folded before Flop
Seat 2: chinokevin13 folded before Flop (didn't bet)
Seat 3: RohayhuP folded before Flop (didn't bet)
Seat 4: Evelexy1 folded before Flop (didn't bet)
Seat 5: henri789 (button) collected ($2.50)
Seat 6: Alexo20161220 (small blind) folded before Flop



PokerStars Hand #254371461754:  Hold'em No Limit ($0.50/$1.00 USD) - 2025/01/14 20:11:24 WET [2025/01/14 15:11:24 ET]
Table 'Media' 6-max Seat #6 is the button
Seat 1: socito ($100 in chips) 
Seat 2: chinokevin13 ($205.20 in chips) 
Seat 3: RohayhuP ($98.59 in chips) 
Seat 4: Evelexy1 ($100 in chips) 
Seat 5: henri789 ($104 in chips) 
Seat 6: Alexo20161220 ($93.98 in chips) 
socito: posts small blind $0.50
chinokevin13: posts big blind $1
*** HOLE CARDS ***
RohayhuP: folds 
Evelexy1: folds 
henri789: folds 
Alexo20161220: folds 
socito: raises $2 to $3
chinokevin13: raises $6 to $9
socito: folds 
Uncalled bet ($6) returned to chinokevin13
chinokevin13 collected $6 from pot
chinokevin13: doesn't show hand 
*** SUMMARY ***
Total pot $6 | Rake $0 
Seat 1: socito (small blind) folded before Flop
Seat 2: chinokevin13 (big blind) collected ($6)
Seat 3: RohayhuP folded before Flop (didn't bet)
Seat 4: Evelexy1 folded before Flop (didn't bet)
Seat 5: henri789 folded before Flop (didn't bet)
Seat 6: Alexo20161220 (button) folded before Flop (didn't bet)



PokerStars Hand #254371468712:  Hold'em No Limit ($0.50/$1.00 USD) - 2025/01/14 20:11:46 WET [2025/01/14 15:11:46 ET]
Table 'Media' 6-max Seat #1 is the button
Seat 3: RohayhuP ($98.59 in chips) is sitting out
Seat 1: socito ($100 in chips) 
Seat 2: chinokevin13 ($208.20 in chips) 
Seat 4: Evelexy1 ($100 in chips) 
Seat 5: henri789 ($104 in chips) 
Seat 6: Alexo20161220 ($93.98 in chips) 
chinokevin13: posts small blind $0.50
RohayhuP: is sitting out 
Evelexy1: posts big blind $1
*** HOLE CARDS ***
henri789: folds 
Alexo20161220: folds 
RohayhuP leaves the table
socito: raises $1.50 to $2.50
chinokevin13: folds 
yzuk joins the table at seat #3 
Evelexy1: folds 
Uncalled bet ($1.50) returned to socito
socito collected $2.50 from pot
socito: doesn't show hand 
*** SUMMARY ***
Total pot $2.50 | Rake $0 
Seat 3: RohayhuP
Seat 1: socito (button) collected ($2.50)
Seat 2: chinokevin13 (small blind) folded before Flop
Seat 4: Evelexy1 (big blind) folded before Flop
Seat 5: henri789 folded before Flop (didn't bet)
Seat 6: Alexo20161220 folded before Flop (didn't bet)



PokerStars Hand #254371476971:  Hold'em No Limit ($0.50/$1.00 USD) - 2025/01/14 20:12:12 WET [2025/01/14 15:12:12 ET]
Table 'Media' 6-max Seat #2 is the button
Seat 3: yzuk ($100 in chips) is sitting out
Seat 1: socito ($101.50 in chips) 
Seat 2: chinokevin13 ($207.70 in chips) 
Seat 4: Evelexy1 ($100 in chips) 
Seat 5: henri789 ($104 in chips) 
Seat 6: Alexo20161220 ($93.98 in chips) 
Evelexy1: posts small blind $0.50
henri789: posts big blind $1
*** HOLE CARDS ***
Alexo20161220: calls $1
socito: folds 
chinokevin13: folds 
Evelexy1: raises $3.50 to $4.50
henri789: folds 
Alexo20161220: calls $3.50
*** FLOP *** [5s 5c 3d]
Evelexy1: checks 
Alexo20161220: checks 
*** TURN *** [5s 5c 3d] [Qd]
Evelexy1: checks 
Alexo20161220: checks 
*** RIVER *** [5s 5c 3d Qd] [3c]
Evelexy1: checks 
Alexo20161220: checks 
*** SHOW DOWN ***
Evelexy1: shows [Kc Jh] (two pair, Fives and Threes)
Alexo20161220: shows [Ah 9c] (two pair, Fives and Threes - Ace kicker)
Alexo20161220 collected $9.50 from pot
*** SUMMARY ***
Total pot $10 | Rake $0.50 
Board [5s 5c 3d Qd 3c]
Seat 3: yzuk
Seat 1: socito folded before Flop (didn't bet)
Seat 2: chinokevin13 (button) folded before Flop (didn't bet)
Seat 4: Evelexy1 (small blind) showed [Kc Jh] and lost with two pair, Fives and Threes
Seat 5: henri789 (big blind) folded before Flop
Seat 6: Alexo20161220 showed [Ah 9c] and won ($9.50) with two pair, Fives and Threes



PokerStars Hand #254371485602:  Hold'em No Limit ($0.50/$1.00 USD) - 2025/01/14 20:12:38 WET [2025/01/14 15:12:38 ET]
Table 'Media' 6-max Seat #4 is the button
Seat 3: yzuk ($100 in chips) is sitting out
Seat 1: socito ($101.50 in chips) 
Seat 2: chinokevin13 ($207.70 in chips) 
Seat 4: Evelexy1 ($100 in chips) 
Seat 5: henri789 ($103 in chips) 
Seat 6: Alexo20161220 ($98.98 in chips) 
henri789: posts small blind $0.50
Alexo20161220: posts big blind $1
yzuk: sits out 
*** HOLE CARDS ***
socito: folds 
chinokevin13: raises $1.50 to $2.50
Evelexy1: folds 
henri789: folds 
Alexo20161220: folds 
Uncalled bet ($1.50) returned to chinokevin13
chinokevin13 collected $2.50 from pot
chinokevin13: doesn't show hand 
*** SUMMARY ***
Total pot $2.50 | Rake $0 
Seat 3: yzuk
Seat 1: socito folded before Flop (didn't bet)
Seat 2: chinokevin13 collected ($2.50)
Seat 4: Evelexy1 (button) folded before Flop (didn't bet)
Seat 5: henri789 (small blind) folded before Flop
Seat 6: Alexo20161220 (big blind) folded before Flop



PokerStars Hand #254371491578:  Hold'em No Limit ($0.50/$1.00 USD) - 2025/01/14 20:12:56 WET [2025/01/14 15:12:56 ET]
Table 'Media' 6-max Seat #5 is the button
Seat 3: yzuk ($100 in chips) is sitting out
Seat 1: socito ($101.50 in chips) 
Seat 2: chinokevin13 ($209.20 in chips) 
Seat 4: Evelexy1 ($100 in chips) 
Seat 5: henri789 ($102.50 in chips) 
Seat 6: Alexo20161220 ($97.98 in chips) 
Alexo20161220: posts small blind $0.50
socito: posts big blind $1
yzuk: sits out 
*** HOLE CARDS ***
chinokevin13: folds 
Evelexy1: folds 
henri789: raises $1.50 to $2.50
Alexo20161220: folds 
socito: calls $1.50
*** FLOP *** [Jd 5s 9c]
socito: checks 
henri789: bets $1.57
socito: calls $1.57
*** TURN *** [Jd 5s 9c] [Qs]
socito: checks 
henri789: checks 
*** RIVER *** [Jd 5s 9c Qs] [Ts]
socito: checks 
henri789: bets $8.21
socito: calls $8.21
*** SHOW DOWN ***
henri789: shows [3c 3d] (a pair of Threes)
socito: shows [Qh 9s] (two pair, Queens and Nines)
socito collected $23.81 from pot
*** SUMMARY ***
Total pot $25.06 | Rake $1.25 
Board [Jd 5s 9c Qs Ts]
Seat 3: yzuk
Seat 1: socito (big blind) showed [Qh 9s] and won ($23.81) with two pair, Queens and Nines
Seat 2: chinokevin13 folded before Flop (didn't bet)
Seat 4: Evelexy1 folded before Flop (didn't bet)
Seat 5: henri789 (button) showed [3c 3d] and lost with a pair of Threes
Seat 6: Alexo20161220 (small blind) folded before Flop



PokerStars Hand #254371526929:  Hold'em No Limit ($0.50/$1.00 USD) - 2025/01/14 20:14:46 WET [2025/01/14 15:14:46 ET]
Table 'Media' 6-max Seat #6 is the button
Seat 3: yzuk ($100 in chips) is sitting out
Seat 1: socito ($113.03 in chips) 
Seat 2: chinokevin13 ($209.20 in chips) 
Seat 4: Evelexy1 ($100 in chips) 
Seat 5: henri789 ($100 in chips) 
Seat 6: Alexo20161220 ($97.48 in chips) 
socito: posts small blind $0.50
chinokevin13: posts big blind $1
yzuk: sits out 
*** HOLE CARDS ***
Evelexy1: raises $1 to $2
henri789: folds 
Alexo20161220: folds 
socito: folds 
chinokevin13: folds 
Uncalled bet ($1) returned to Evelexy1
Evelexy1 collected $2.50 from pot
Evelexy1: doesn't show hand 
*** SUMMARY ***
Total pot $2.50 | Rake $0 
Seat 3: yzuk
Seat 1: socito (small blind) folded before Flop
Seat 2: chinokevin13 (big blind) folded before Flop
Seat 4: Evelexy1 collected ($2.50)
Seat 5: henri789 folded before Flop (didn't bet)
Seat 6: Alexo20161220 (button) folded before Flop (didn't bet)



PokerStars Hand #254371532207:  Hold'em No Limit ($0.50/$1.00 USD) - 2025/01/14 20:15:02 WET [2025/01/14 15:15:02 ET]
Table 'Media' 6-max Seat #1 is the button
Seat 1: socito ($112.53 in chips) 
Seat 2: chinokevin13 ($208.20 in chips) 
Seat 3: yzuk ($100 in chips) 
Seat 4: Evelexy1 ($101.50 in chips) 
Seat 5: henri789 ($100 in chips) 
Seat 6: Alexo20161220 ($97.48 in chips) 
chinokevin13: posts small blind $0.50
yzuk: posts big blind $1
*** HOLE CARDS ***
Evelexy1: folds 
henri789: raises $1.50 to $2.50
Alexo20161220: calls $2.50
socito: folds 
chinokevin13: folds 
yzuk: folds 
*** FLOP *** [7d Th 9d]
henri789: checks 
Alexo20161220: bets $4
henri789: calls $4
*** TURN *** [7d Th 9d] [Ac]
henri789: checks 
Alexo20161220: bets $5
henri789: folds 
Uncalled bet ($5) returned to Alexo20161220
Alexo20161220 collected $13.78 from pot
*** SUMMARY ***
Total pot $14.50 | Rake $0.72 
Board [7d Th 9d Ac]
Seat 1: socito (button) folded before Flop (didn't bet)
Seat 2: chinokevin13 (small blind) folded before Flop
Seat 3: yzuk (big blind) folded before Flop
Seat 4: Evelexy1 folded before Flop (didn't bet)
Seat 5: henri789 folded on the Turn
Seat 6: Alexo20161220 collected ($13.78)



PokerStars Hand #254371554217:  Hold'em No Limit ($0.50/$1.00 USD) - 2025/01/14 20:16:10 WET [2025/01/14 15:16:10 ET]
Table 'Media' 6-max Seat #2 is the button
Seat 1: socito ($112.53 in chips) 
Seat 2: chinokevin13 ($207.70 in chips) 
Seat 3: yzuk ($100 in chips) 
Seat 4: Evelexy1 ($101.50 in chips) 
Seat 5: henri789 ($100 in chips) 
Seat 6: Alexo20161220 ($104.76 in chips) 
yzuk: posts small blind $0.50
Evelexy1: posts big blind $1
*** HOLE CARDS ***
henri789: folds 
Alexo20161220: calls $1
socito: raises $3.50 to $4.50
chinokevin13: folds 
yzuk: folds 
Evelexy1: folds 
Alexo20161220: folds 
Uncalled bet ($3.50) returned to socito
socito collected $3.50 from pot
socito: doesn't show hand 
*** SUMMARY ***
Total pot $3.50 | Rake $0 
Seat 1: socito collected ($3.50)
Seat 2: chinokevin13 (button) folded before Flop (didn't bet)
Seat 3: yzuk (small blind) folded before Flop
Seat 4: Evelexy1 (big blind) folded before Flop
Seat 5: henri789 folded before Flop (didn't bet)
Seat 6: Alexo20161220 folded before Flop



PokerStars Hand #254371560284:  Hold'em No Limit ($0.50/$1.00 USD) - 2025/01/14 20:16:28 WET [2025/01/14 15:16:28 ET]
Table 'Media' 6-max Seat #3 is the button
Seat 1: socito ($115.03 in chips) 
Seat 2: chinokevin13 ($207.70 in chips) 
Seat 3: yzuk ($100 in chips) 
Seat 4: Evelexy1 ($100.50 in chips) 
Seat 5: henri789 ($100 in chips) 
Seat 6: Alexo20161220 ($103.76 in chips) 
Evelexy1: posts small blind $0.50
henri789: posts big blind $1
*** HOLE CARDS ***
Alexo20161220: calls $1
socito: raises $1.50 to $2.50
chinokevin13: folds 
yzuk: folds 
Evelexy1: folds 
henri789: calls $1.50
Alexo20161220: calls $1.50
*** FLOP *** [4s 9d 8s]
henri789: checks 
Alexo20161220: checks 
socito: checks 
*** TURN *** [4s 9d 8s] [5h]
henri789: bets $5.70
Alexo20161220: calls $5.70
socito: folds 
*** RIVER *** [4s 9d 8s 5h] [3c]
henri789: bets $13.82
Alexo20161220: folds 
Uncalled bet ($13.82) returned to henri789
henri789 collected $18.43 from pot
henri789: doesn't show hand 
*** SUMMARY ***
Total pot $19.40 | Rake $0.97 
Board [4s 9d 8s 5h 3c]
Seat 1: socito folded on the Turn
Seat 2: chinokevin13 folded before Flop (didn't bet)
Seat 3: yzuk (button) folded before Flop (didn't bet)
Seat 4: Evelexy1 (small blind) folded before Flop
Seat 5: henri789 (big blind) collected ($18.43)
Seat 6: Alexo20161220 folded on the River



PokerStars Hand #254371581479:  Hold'em No Limit ($0.50/$1.00 USD) - 2025/01/14 20:17:33 WET [2025/01/14 15:17:33 ET]
Table 'Media' 6-max Seat #4 is the button
Seat 1: socito ($112.53 in chips) 
Seat 2: chinokevin13 ($207.70 in chips) 
Seat 3: yzuk ($100 in chips) 
Seat 4: Evelexy1 ($100 in chips) 
Seat 5: henri789 ($110.23 in chips) 
Seat 6: Alexo20161220 ($95.56 in chips) 
henri789: posts small blind $0.50
Alexo20161220: posts big blind $1
*** HOLE CARDS ***
socito: folds 
chinokevin13: folds 
yzuk: raises $1.50 to $2.50
Evelexy1: folds 
henri789: folds 
Alexo20161220: folds 
Uncalled bet ($1.50) returned to yzuk
yzuk collected $2.50 from pot
yzuk: doesn't show hand 
*** SUMMARY ***
Total pot $2.50 | Rake $0 
Seat 1: socito folded before Flop (didn't bet)
Seat 2: chinokevin13 folded before Flop (didn't bet)
Seat 3: yzuk collected ($2.50)
Seat 4: Evelexy1 (button) folded before Flop (didn't bet)
Seat 5: henri789 (small blind) folded before Flop
Seat 6: Alexo20161220 (big blind) folded before Flop



PokerStars Hand #254371586505:  Hold'em No Limit ($0.50/$1.00 USD) - 2025/01/14 20:17:48 WET [2025/01/14 15:17:48 ET]
Table 'Media' 6-max Seat #5 is the button
Seat 1: socito ($112.53 in chips) 
Seat 2: chinokevin13 ($207.70 in chips) 
Seat 3: yzuk ($101.50 in chips) 
Seat 4: Evelexy1 ($100 in chips) 
Seat 5: henri789 ($109.73 in chips) 
Seat 6: Alexo20161220 ($94.56 in chips) 
Alexo20161220: posts small blind $0.50
socito: posts big blind $1
*** HOLE CARDS ***
chinokevin13: folds 
yzuk: folds 
Evelexy1: folds 
henri789: raises $1.50 to $2.50
Alexo20161220: folds 
socito: raises $9 to $11.50
henri789: folds 
Uncalled bet ($9) returned to socito
socito collected $5.50 from pot
socito: doesn't show hand 
*** SUMMARY ***
Total pot $5.50 | Rake $0 
Seat 1: socito (big blind) collected ($5.50)
Seat 2: chinokevin13 folded before Flop (didn't bet)
Seat 3: yzuk folded before Flop (didn't bet)
Seat 4: Evelexy1 folded before Flop (didn't bet)
Seat 5: henri789 (button) folded before Flop
Seat 6: Alexo20161220 (small blind) folded before Flop



PokerStars Hand #254371597626:  Hold'em No Limit ($0.50/$1.00 USD) - 2025/01/14 20:18:22 WET [2025/01/14 15:18:22 ET]
Table 'Media' 6-max Seat #6 is the button
Seat 1: socito ($115.53 in chips) 
Seat 2: chinokevin13 ($207.70 in chips) 
Seat 3: yzuk ($101.50 in chips) 
Seat 4: Evelexy1 ($100 in chips) 
Seat 5: henri789 ($107.23 in chips) 
Seat 6: Alexo20161220 ($94.06 in chips) 
socito: posts small blind $0.50
chinokevin13: posts big blind $1
*** HOLE CARDS ***
yzuk: folds 
Evelexy1: raises $1.50 to $2.50
henri789: folds 
Alexo20161220: folds 
socito: folds 
chinokevin13: calls $1.50
*** FLOP *** [Js 9s 3s]
chinokevin13: checks 
Evelexy1: bets $1.30
chinokevin13: calls $1.30
*** TURN *** [Js 9s 3s] [8s]
chinokevin13: checks 
Evelexy1: checks 
*** RIVER *** [Js 9s 3s 8s] [5c]
chinokevin13: checks 
Evelexy1: bets $11.55
chinokevin13: folds 
Uncalled bet ($11.55) returned to Evelexy1
Evelexy1 collected $7.70 from pot
Evelexy1: doesn't show hand 
*** SUMMARY ***
Total pot $8.10 | Rake $0.40 
Board [Js 9s 3s 8s 5c]
Seat 1: socito (small blind) folded before Flop
Seat 2: chinokevin13 (big blind) folded on the River
Seat 3: yzuk folded before Flop (didn't bet)
Seat 4: Evelexy1 collected ($7.70)
Seat 5: henri789 folded before Flop (didn't bet)
Seat 6: Alexo20161220 (button) folded before Flop (didn't bet)



PokerStars Hand #254370877402:  Hold'em No Limit ($0.50/$1.00 USD) - 2025/01/14 19:37:52 WET [2025/01/14 14:37:52 ET]
Table 'Media' 6-max Seat #5 is the button
Seat 1: pmeade1977 ($63.53 in chips) 
Seat 2: chinokevin13 ($100 in chips) 
Seat 3: RohayhuP ($86.99 in chips) 
Seat 4: ddyyjj ($82.04 in chips) 
Seat 5: henri789 ($104 in chips) 
pmeade1977: posts small blind $0.50
chinokevin13: posts big blind $1
*** HOLE CARDS ***
Alexo20161220 joins the table at seat #6 
Alexo20161220 is disconnected 
RohayhuP: folds 
ddyyjj: raises $1.50 to $2.50
henri789: calls $2.50
pmeade1977: calls $2
chinokevin13: calls $1.50
*** FLOP *** [2h 5h 3d]
pmeade1977: checks 
chinokevin13: bets $3.14
ddyyjj: folds 
henri789: folds 
pmeade1977: folds 
Uncalled bet ($3.14) returned to chinokevin13
chinokevin13 collected $9.50 from pot
chinokevin13: doesn't show hand 
*** SUMMARY ***
Total pot $10 | Rake $0.50 
Board [2h 5h 3d]
Seat 1: pmeade1977 (small blind) folded on the Flop
Seat 2: chinokevin13 (big blind) collected ($9.50)
Seat 3: RohayhuP folded before Flop (didn't bet)
Seat 4: ddyyjj folded on the Flop
Seat 5: henri789 (button) folded on the Flop



PokerStars Hand #254370897623:  Hold'em No Limit ($0.50/$1.00 USD) - 2025/01/14 19:38:59 WET [2025/01/14 14:38:59 ET]
Table 'Media' 6-max Seat #1 is the button
Seat 1: pmeade1977 ($61.03 in chips) 
Seat 2: chinokevin13 ($107 in chips) 
Seat 3: RohayhuP ($86.99 in chips) 
Seat 4: ddyyjj ($100 in chips) 
Seat 5: henri789 ($101.50 in chips) 
Seat 6: Alexo20161220 ($40 in chips) 
chinokevin13: posts small blind $0.50
RohayhuP: posts big blind $1
Alexo20161220: posts big blind $1
*** HOLE CARDS ***
ddyyjj: folds 
henri789: folds 
Alexo20161220: checks 
pmeade1977: folds 
chinokevin13: folds 
RohayhuP: raises $3 to $4
Alexo20161220: folds 
Uncalled bet ($3) returned to RohayhuP
RohayhuP collected $2.50 from pot
RohayhuP: doesn't show hand 
*** SUMMARY ***
Total pot $2.50 | Rake $0 
Seat 1: pmeade1977 (button) folded before Flop (didn't bet)
Seat 2: chinokevin13 (small blind) folded before Flop
Seat 3: RohayhuP (big blind) collected ($2.50)
Seat 4: ddyyjj folded before Flop (didn't bet)
Seat 5: henri789 folded before Flop (didn't bet)
Seat 6: Alexo20161220 folded before Flop (didn't bet)



PokerStars Hand #254370905434:  Hold'em No Limit ($0.50/$1.00 USD) - 2025/01/14 19:39:25 WET [2025/01/14 14:39:25 ET]
Table 'Media' 6-max Seat #2 is the button
Seat 1: pmeade1977 ($61.03 in chips) 
Seat 2: chinokevin13 ($106.50 in chips) 
Seat 3: RohayhuP ($88.49 in chips) 
Seat 4: ddyyjj ($100 in chips) 
Seat 5: henri789 ($101.50 in chips) 
Seat 6: Alexo20161220 ($39 in chips) 
RohayhuP: posts small blind $0.50
ddyyjj: posts big blind $1
*** HOLE CARDS ***
henri789: folds 
Alexo20161220: calls $1
pmeade1977: raises $4 to $5
chinokevin13: folds 
RohayhuP: folds 
ddyyjj: folds 
Alexo20161220: calls $4
*** FLOP *** [3h Jd 8d]
Alexo20161220: checks 
pmeade1977: bets $5
Alexo20161220: folds 
Uncalled bet ($5) returned to pmeade1977
pmeade1977 collected $10.92 from pot
*** SUMMARY ***
Total pot $11.50 | Rake $0.58 
Board [3h Jd 8d]
Seat 1: pmeade1977 collected ($10.92)
Seat 2: chinokevin13 (button) folded before Flop (didn't bet)
Seat 3: RohayhuP (small blind) folded before Flop
Seat 4: ddyyjj (big blind) folded before Flop
Seat 5: henri789 folded before Flop (didn't bet)
Seat 6: Alexo20161220 folded on the Flop



PokerStars Hand #254370915255:  Hold'em No Limit ($0.50/$1.00 USD) - 2025/01/14 19:39:57 WET [2025/01/14 14:39:57 ET]
Table 'Media' 6-max Seat #3 is the button
Seat 1: pmeade1977 ($66.95 in chips) 
Seat 2: chinokevin13 ($106.50 in chips) 
Seat 3: RohayhuP ($87.99 in chips) 
Seat 4: ddyyjj ($99 in chips) 
Seat 5: henri789 ($101.50 in chips) 
Seat 6: Alexo20161220 ($34 in chips) 
ddyyjj: posts small blind $0.50
henri789: posts big blind $1
*** HOLE CARDS ***
Alexo20161220: calls $1
pmeade1977: folds 
chinokevin13: folds 
RohayhuP: folds 
ddyyjj: calls $0.50
henri789: checks 
*** FLOP *** [6c 6d 8s]
ddyyjj: checks 
henri789: checks 
Alexo20161220: checks 
*** TURN *** [6c 6d 8s] [3s]
ddyyjj: bets $1.28
henri789: calls $1.28
Alexo20161220: folds 
*** RIVER *** [6c 6d 8s 3s] [Jd]
ddyyjj: checks 
henri789: bets $3.96
ddyyjj: folds 
Uncalled bet ($3.96) returned to henri789
henri789 collected $5.28 from pot
henri789: doesn't show hand 
*** SUMMARY ***
Total pot $5.56 | Rake $0.28 
Board [6c 6d 8s 3s Jd]
Seat 1: pmeade1977 folded before Flop (didn't bet)
Seat 2: chinokevin13 folded before Flop (didn't bet)
Seat 3: RohayhuP (button) folded before Flop (didn't bet)
Seat 4: ddyyjj (small blind) folded on the River
Seat 5: henri789 (big blind) collected ($5.28)
Seat 6: Alexo20161220 folded on the Turn



PokerStars Hand #254370936352:  Hold'em No Limit ($0.50/$1.00 USD) - 2025/01/14 19:41:07 WET [2025/01/14 14:41:07 ET]
Table 'Media' 6-max Seat #4 is the button
Seat 1: pmeade1977 ($66.95 in chips) 
Seat 2: chinokevin13 ($106.50 in chips) 
Seat 3: RohayhuP ($87.99 in chips) 
Seat 4: ddyyjj ($96.72 in chips) 
Seat 5: henri789 ($104.50 in chips) 
Seat 6: Alexo20161220 ($33 in chips) 
henri789: posts small blind $0.50
Alexo20161220: posts big blind $1
*** HOLE CARDS ***
pmeade1977: folds 
chinokevin13: raises $1.20 to $2.20
RohayhuP: folds 
ddyyjj: folds 
henri789: raises $8.80 to $11
Alexo20161220: folds 
chinokevin13: folds 
Uncalled bet ($8.80) returned to henri789
henri789 collected $5.40 from pot
henri789: doesn't show hand 
*** SUMMARY ***
Total pot $5.40 | Rake $0 
Seat 1: pmeade1977 folded before Flop (didn't bet)
Seat 2: chinokevin13 folded before Flop
Seat 3: RohayhuP folded before Flop (didn't bet)
Seat 4: ddyyjj (button) folded before Flop (didn't bet)
Seat 5: henri789 (small blind) collected ($5.40)
Seat 6: Alexo20161220 (big blind) folded before Flop



PokerStars Hand #254370946065:  Hold'em No Limit ($0.50/$1.00 USD) - 2025/01/14 19:41:38 WET [2025/01/14 14:41:38 ET]
Table 'Media' 6-max Seat #5 is the button
Seat 1: pmeade1977 ($66.95 in chips) 
Seat 2: chinokevin13 ($104.30 in chips) 
Seat 3: RohayhuP ($87.99 in chips) 
Seat 4: ddyyjj ($96.72 in chips) 
Seat 5: henri789 ($107.70 in chips) 
Seat 6: Alexo20161220 ($32 in chips) 
Alexo20161220: posts small blind $0.50
pmeade1977: posts big blind $1
*** HOLE CARDS ***
chinokevin13: folds 
RohayhuP: folds 
ddyyjj: folds 
henri789: raises $1.50 to $2.50
Alexo20161220: calls $2
pmeade1977: folds 
*** FLOP *** [4c 5s Ks]
Alexo20161220: bets $29.50 and is all-in
henri789: folds 
Uncalled bet ($29.50) returned to Alexo20161220
Alexo20161220 collected $5.70 from pot
*** SUMMARY ***
Total pot $6 | Rake $0.30 
Board [4c 5s Ks]
Seat 1: pmeade1977 (big blind) folded before Flop
Seat 2: chinokevin13 folded before Flop (didn't bet)
Seat 3: RohayhuP folded before Flop (didn't bet)
Seat 4: ddyyjj folded before Flop (didn't bet)
Seat 5: henri789 (button) folded on the Flop
Seat 6: Alexo20161220 (small blind) collected ($5.70)



PokerStars Hand #254370958978:  Hold'em No Limit ($0.50/$1.00 USD) - 2025/01/14 19:42:21 WET [2025/01/14 14:42:21 ET]
Table 'Media' 6-max Seat #6 is the button
Seat 1: pmeade1977 ($65.95 in chips) 
Seat 2: chinokevin13 ($104.30 in chips) 
Seat 3: RohayhuP ($87.99 in chips) 
Seat 4: ddyyjj ($96.72 in chips) 
Seat 5: henri789 ($105.20 in chips) 
Seat 6: Alexo20161220 ($35.20 in chips) 
pmeade1977: posts small blind $0.50
chinokevin13: posts big blind $1
*** HOLE CARDS ***
RohayhuP: raises $2 to $3
ddyyjj: folds 
henri789: folds 
Alexo20161220: folds 
pmeade1977: folds 
chinokevin13: folds 
Uncalled bet ($2) returned to RohayhuP
RohayhuP collected $2.50 from pot
RohayhuP: doesn't show hand 
*** SUMMARY ***
Total pot $2.50 | Rake $0 
Seat 1: pmeade1977 (small blind) folded before Flop
Seat 2: chinokevin13 (big blind) folded before Flop
Seat 3: RohayhuP collected ($2.50)
Seat 4: ddyyjj folded before Flop (didn't bet)
Seat 5: henri789 folded before Flop (didn't bet)
Seat 6: Alexo20161220 (button) folded before Flop (didn't bet)



PokerStars Hand #254370964561:  Hold'em No Limit ($0.50/$1.00 USD) - 2025/01/14 19:42:39 WET [2025/01/14 14:42:39 ET]
Table 'Media' 6-max Seat #1 is the button
Seat 3: RohayhuP ($89.49 in chips) is sitting out
Seat 1: pmeade1977 ($65.45 in chips) 
Seat 2: chinokevin13 ($103.30 in chips) 
Seat 4: ddyyjj ($96.72 in chips) 
Seat 5: henri789 ($105.20 in chips) 
Seat 6: Alexo20161220 ($35.20 in chips) 
chinokevin13: posts small blind $0.50
RohayhuP: is sitting out 
ddyyjj: posts big blind $1
*** HOLE CARDS ***
henri789: folds 
Alexo20161220: folds 
pmeade1977: folds 
chinokevin13: raises $2 to $3
ddyyjj: folds 
Uncalled bet ($2) returned to chinokevin13
chinokevin13 collected $2 from pot
chinokevin13: doesn't show hand 
*** SUMMARY ***
Total pot $2 | Rake $0 
Seat 3: RohayhuP
Seat 1: pmeade1977 (button) folded before Flop (didn't bet)
Seat 2: chinokevin13 (small blind) collected ($2)
Seat 4: ddyyjj (big blind) folded before Flop
Seat 5: henri789 folded before Flop (didn't bet)
Seat 6: Alexo20161220 folded before Flop (didn't bet)



PokerStars Hand #254370971775:  Hold'em No Limit ($0.50/$1.00 USD) - 2025/01/14 19:43:03 WET [2025/01/14 14:43:03 ET]
Table 'Media' 6-max Seat #2 is the button
Seat 3: RohayhuP ($89.49 in chips) is sitting out
Seat 1: pmeade1977 ($65.45 in chips) 
Seat 2: chinokevin13 ($104.30 in chips) 
Seat 4: ddyyjj ($95.72 in chips) 
Seat 5: henri789 ($105.20 in chips) 
Seat 6: Alexo20161220 ($35.20 in chips) 
ddyyjj: posts small blind $0.50
henri789: posts big blind $1
*** HOLE CARDS ***
Alexo20161220: folds 
pmeade1977: folds 
chinokevin13: folds 
ddyyjj: raises $2 to $3
henri789: folds 
Uncalled bet ($2) returned to ddyyjj
ddyyjj collected $2 from pot
ddyyjj: doesn't show hand 
*** SUMMARY ***
Total pot $2 | Rake $0 
Seat 3: RohayhuP
Seat 1: pmeade1977 folded before Flop (didn't bet)
Seat 2: chinokevin13 (button) folded before Flop (didn't bet)
Seat 4: ddyyjj (small blind) collected ($2)
Seat 5: henri789 (big blind) folded before Flop
Seat 6: Alexo20161220 folded before Flop (didn't bet)



PokerStars Hand #254370977335:  Hold'em No Limit ($0.50/$1.00 USD) - 2025/01/14 19:43:22 WET [2025/01/14 14:43:22 ET]
Table 'Media' 6-max Seat #4 is the button
Seat 3: RohayhuP ($89.49 in chips) is sitting out
Seat 1: pmeade1977 ($65.45 in chips) 
Seat 2: chinokevin13 ($104.30 in chips) 
Seat 4: ddyyjj ($96.72 in chips) 
Seat 5: henri789 ($104.20 in chips) 
Seat 6: Alexo20161220 ($35.20 in chips) 
henri789: posts small blind $0.50
Alexo20161220: posts big blind $1
*** HOLE CARDS ***
pmeade1977: folds 
chinokevin13: raises $1.50 to $2.50
ddyyjj: folds 
henri789: folds 
Alexo20161220: calls $1.50
*** FLOP *** [4s 5s 9h]
Alexo20161220: checks 
chinokevin13: checks 
*** TURN *** [4s 5s 9h] [8d]
Alexo20161220: bets $4
chinokevin13: folds 
Uncalled bet ($4) returned to Alexo20161220
Alexo20161220 collected $5.22 from pot
*** SUMMARY ***
Total pot $5.50 | Rake $0.28 
Board [4s 5s 9h 8d]
Seat 3: RohayhuP
Seat 1: pmeade1977 folded before Flop (didn't bet)
Seat 2: chinokevin13 folded on the Turn
Seat 4: ddyyjj (button) folded before Flop (didn't bet)
Seat 5: henri789 (small blind) folded before Flop
Seat 6: Alexo20161220 (big blind) collected ($5.22)



PokerStars Hand #254370990942:  Hold'em No Limit ($0.50/$1.00 USD) - 2025/01/14 19:44:07 WET [2025/01/14 14:44:07 ET]
Table 'Media' 6-max Seat #5 is the button
Seat 3: RohayhuP ($89.49 in chips) is sitting out
Seat 1: pmeade1977 ($65.45 in chips) 
Seat 2: chinokevin13 ($101.80 in chips) 
Seat 4: ddyyjj ($96.72 in chips) 
Seat 5: henri789 ($103.70 in chips) 
Seat 6: Alexo20161220 ($37.92 in chips) 
Alexo20161220: posts small blind $0.50
pmeade1977: posts big blind $1
*** HOLE CARDS ***
chinokevin13: folds 
ddyyjj: folds 
henri789: folds 
Alexo20161220: raises $6 to $7
pmeade1977: folds 
Uncalled bet ($6) returned to Alexo20161220
Alexo20161220 collected $2 from pot
*** SUMMARY ***
Total pot $2 | Rake $0 
Seat 3: RohayhuP
Seat 1: pmeade1977 (big blind) folded before Flop
Seat 2: chinokevin13 folded before Flop (didn't bet)
Seat 4: ddyyjj folded before Flop (didn't bet)
Seat 5: henri789 (button) folded before Flop (didn't bet)
Seat 6: Alexo20161220 (small blind) collected ($2)



PokerStars Hand #254370999282:  Hold'em No Limit ($0.50/$1.00 USD) - 2025/01/14 19:44:35 WET [2025/01/14 14:44:35 ET]
Table 'Media' 6-max Seat #6 is the button
Seat 3: RohayhuP ($89.49 in chips) is sitting out
Seat 1: pmeade1977 ($64.45 in chips) 
Seat 2: chinokevin13 ($101.80 in chips) 
Seat 4: ddyyjj ($96.72 in chips) 
Seat 5: henri789 ($103.70 in chips) 
Seat 6: Alexo20161220 ($38.92 in chips) 
pmeade1977: posts small blind $0.50
chinokevin13: posts big blind $1
*** HOLE CARDS ***
ddyyjj: folds 
henri789: folds 
Alexo20161220: raises $4 to $5
pmeade1977: folds 
chinokevin13: folds 
Uncalled bet ($4) returned to Alexo20161220
Alexo20161220 collected $2.50 from pot
*** SUMMARY ***
Total pot $2.50 | Rake $0 
Seat 3: RohayhuP
Seat 1: pmeade1977 (small blind) folded before Flop
Seat 2: chinokevin13 (big blind) folded before Flop
Seat 4: ddyyjj folded before Flop (didn't bet)
Seat 5: henri789 folded before Flop (didn't bet)
Seat 6: Alexo20161220 (button) collected ($2.50)



PokerStars Hand #254371004043:  Hold'em No Limit ($0.50/$1.00 USD) - 2025/01/14 19:44:51 WET [2025/01/14 14:44:51 ET]
Table 'Media' 6-max Seat #1 is the button
Seat 3: RohayhuP ($89.49 in chips) is sitting out
Seat 1: pmeade1977 ($63.95 in chips) 
Seat 2: chinokevin13 ($100.80 in chips) 
Seat 4: ddyyjj ($96.72 in chips) 
Seat 5: henri789 ($103.70 in chips) 
Seat 6: Alexo20161220 ($40.42 in chips) 
chinokevin13: posts small blind $0.50
ddyyjj: posts big blind $1
*** HOLE CARDS ***
henri789: folds 
Alexo20161220: calls $1
pmeade1977: raises $1 to $2
chinokevin13: folds 
ddyyjj: raises $7 to $9
Alexo20161220: folds 
pmeade1977: folds 
Uncalled bet ($7) returned to ddyyjj
ddyyjj collected $5.50 from pot
ddyyjj: doesn't show hand 
*** SUMMARY ***
Total pot $5.50 | Rake $0 
Seat 3: RohayhuP
Seat 1: pmeade1977 (button) folded before Flop
Seat 2: chinokevin13 (small blind) folded before Flop
Seat 4: ddyyjj (big blind) collected ($5.50)
Seat 5: henri789 folded before Flop (didn't bet)
Seat 6: Alexo20161220 folded before Flop



PokerStars Hand #254371014761:  Hold'em No Limit ($0.50/$1.00 USD) - 2025/01/14 19:45:26 WET [2025/01/14 14:45:26 ET]
Table 'Media' 6-max Seat #2 is the button
Seat 3: RohayhuP ($89.49 in chips) is sitting out
Seat 1: pmeade1977 ($61.95 in chips) 
Seat 2: chinokevin13 ($100.30 in chips) 
Seat 4: ddyyjj ($100.22 in chips) 
Seat 5: henri789 ($103.70 in chips) 
Seat 6: Alexo20161220 ($39.42 in chips) 
ddyyjj: posts small blind $0.50
henri789: posts big blind $1
*** HOLE CARDS ***
Alexo20161220: folds 
pmeade1977: folds 
chinokevin13: folds 
ddyyjj: raises $2 to $3
henri789: folds 
Uncalled bet ($2) returned to ddyyjj
ddyyjj collected $2 from pot
ddyyjj: doesn't show hand 
*** SUMMARY ***
Total pot $2 | Rake $0 
Seat 3: RohayhuP
Seat 1: pmeade1977 folded before Flop (didn't bet)
Seat 2: chinokevin13 (button) folded before Flop (didn't bet)
Seat 4: ddyyjj (small blind) collected ($2)
Seat 5: henri789 (big blind) folded before Flop
Seat 6: Alexo20161220 folded before Flop (didn't bet)



PokerStars Hand #254371022154:  Hold'em No Limit ($0.50/$1.00 USD) - 2025/01/14 19:45:50 WET [2025/01/14 14:45:50 ET]
Table 'Media' 6-max Seat #4 is the button
Seat 3: RohayhuP ($89.49 in chips) is sitting out
Seat 1: pmeade1977 ($61.95 in chips) 
Seat 2: chinokevin13 ($100.30 in chips) 
Seat 4: ddyyjj ($101.22 in chips) 
Seat 5: henri789 ($102.70 in chips) 
Seat 6: Alexo20161220 ($39.42 in chips) 
henri789: posts small blind $0.50
Alexo20161220: posts big blind $1
*** HOLE CARDS ***
pmeade1977: folds 
chinokevin13: folds 
ddyyjj: folds 
henri789: calls $0.50
Alexo20161220: checks 
*** FLOP *** [8h Qd 7h]
henri789: checks 
Alexo20161220: checks 
*** TURN *** [8h Qd 7h] [9s]
henri789: bets $1.43
Alexo20161220: calls $1.43
*** RIVER *** [8h Qd 7h 9s] [Qs]
henri789: checks 
Alexo20161220: checks 
*** SHOW DOWN ***
henri789: shows [9c 4c] (two pair, Queens and Nines)
Alexo20161220: mucks hand 
henri789 collected $4.62 from pot
*** SUMMARY ***
Total pot $4.86 | Rake $0.24 
Board [8h Qd 7h 9s Qs]
Seat 3: RohayhuP
Seat 1: pmeade1977 folded before Flop (didn't bet)
Seat 2: chinokevin13 folded before Flop (didn't bet)
Seat 4: ddyyjj (button) folded before Flop (didn't bet)
Seat 5: henri789 (small blind) showed [9c 4c] and won ($4.62) with two pair, Queens and Nines
Seat 6: Alexo20161220 (big blind) mucked



PokerStars Hand #254371036470:  Hold'em No Limit ($0.50/$1.00 USD) - 2025/01/14 19:46:37 WET [2025/01/14 14:46:37 ET]
Table 'Media' 6-max Seat #5 is the button
Seat 3: RohayhuP ($89.49 in chips) is sitting out
Seat 1: pmeade1977 ($61.95 in chips) 
Seat 2: chinokevin13 ($100.30 in chips) 
Seat 4: ddyyjj ($101.22 in chips) 
Seat 5: henri789 ($104.89 in chips) 
Seat 6: Alexo20161220 ($36.99 in chips) 
Alexo20161220: posts small blind $0.50
pmeade1977: posts big blind $1
*** HOLE CARDS ***
chinokevin13: folds 
ddyyjj: raises $1.50 to $2.50
henri789: folds 
Alexo20161220: folds 
pmeade1977: folds 
Uncalled bet ($1.50) returned to ddyyjj
ddyyjj collected $2.50 from pot
ddyyjj: doesn't show hand 
*** SUMMARY ***
Total pot $2.50 | Rake $0 
Seat 3: RohayhuP
Seat 1: pmeade1977 (big blind) folded before Flop
Seat 2: chinokevin13 folded before Flop (didn't bet)
Seat 4: ddyyjj collected ($2.50)
Seat 5: henri789 (button) folded before Flop (didn't bet)
Seat 6: Alexo20161220 (small blind) folded before Flop



PokerStars Hand #254371042544:  Hold'em No Limit ($0.50/$1.00 USD) - 2025/01/14 19:46:57 WET [2025/01/14 14:46:57 ET]
Table 'Media' 6-max Seat #6 is the button
Seat 3: RohayhuP ($89.49 in chips) is sitting out
Seat 1: pmeade1977 ($60.95 in chips) 
Seat 2: chinokevin13 ($100.30 in chips) 
Seat 4: ddyyjj ($102.72 in chips) 
Seat 5: henri789 ($104.89 in chips) 
Seat 6: Alexo20161220 ($36.49 in chips) 
pmeade1977: posts small blind $0.50
chinokevin13: posts big blind $1
*** HOLE CARDS ***
ddyyjj: folds 
henri789: raises $1.50 to $2.50
Alexo20161220: folds 
pmeade1977: folds 
chinokevin13: folds 
Uncalled bet ($1.50) returned to henri789
henri789 collected $2.50 from pot
henri789: doesn't show hand 
*** SUMMARY ***
Total pot $2.50 | Rake $0 
Seat 3: RohayhuP
Seat 1: pmeade1977 (small blind) folded before Flop
Seat 2: chinokevin13 (big blind) folded before Flop
Seat 4: ddyyjj folded before Flop (didn't bet)
Seat 5: henri789 collected ($2.50)
Seat 6: Alexo20161220 (button) folded before Flop (didn't bet)



PokerStars Hand #254371049455:  Hold'em No Limit ($0.50/$1.00 USD) - 2025/01/14 19:47:19 WET [2025/01/14 14:47:19 ET]
Table 'Media' 6-max Seat #1 is the button
Seat 3: RohayhuP ($89.49 in chips) is sitting out
Seat 1: pmeade1977 ($60.45 in chips) 
Seat 2: chinokevin13 ($100 in chips) 
Seat 4: ddyyjj ($102.72 in chips) 
Seat 5: henri789 ($106.39 in chips) 
Seat 6: Alexo20161220 ($36.49 in chips) 
chinokevin13: posts small blind $0.50
ddyyjj: posts big blind $1
*** HOLE CARDS ***
henri789: raises $1.50 to $2.50
Alexo20161220: folds 
pmeade1977: folds 
chinokevin13: folds 
ddyyjj: folds 
Uncalled bet ($1.50) returned to henri789
henri789 collected $2.50 from pot
henri789: doesn't show hand 
*** SUMMARY ***
Total pot $2.50 | Rake $0 
Seat 3: RohayhuP
Seat 1: pmeade1977 (button) folded before Flop (didn't bet)
Seat 2: chinokevin13 (small blind) folded before Flop
Seat 4: ddyyjj (big blind) folded before Flop
Seat 5: henri789 collected ($2.50)
Seat 6: Alexo20161220 folded before Flop (didn't bet)



PokerStars Hand #254371056979:  Hold'em No Limit ($0.50/$1.00 USD) - 2025/01/14 19:47:44 WET [2025/01/14 14:47:44 ET]
Table 'Media' 6-max Seat #2 is the button
Seat 3: RohayhuP ($89.49 in chips) is sitting out
Seat 1: pmeade1977 ($60.45 in chips) 
Seat 2: chinokevin13 ($100 in chips) 
Seat 4: ddyyjj ($101.72 in chips) 
Seat 5: henri789 ($107.89 in chips) 
Seat 6: Alexo20161220 ($36.49 in chips) 
ddyyjj: posts small blind $0.50
henri789: posts big blind $1
*** HOLE CARDS ***
Alexo20161220: calls $1
pmeade1977: folds 
chinokevin13: raises $4 to $5
ddyyjj: folds 
henri789: folds 
Alexo20161220: calls $4
*** FLOP *** [5c As 2c]
Alexo20161220: checks 
chinokevin13: bets $3.60
Alexo20161220: raises $27.89 to $31.49 and is all-in
chinokevin13: folds 
Uncalled bet ($27.89) returned to Alexo20161220
Alexo20161220 collected $17.76 from pot
*** SUMMARY ***
Total pot $18.70 | Rake $0.94 
Board [5c As 2c]
Seat 3: RohayhuP
Seat 1: pmeade1977 folded before Flop (didn't bet)
Seat 2: chinokevin13 (button) folded on the Flop
Seat 4: ddyyjj (small blind) folded before Flop
Seat 5: henri789 (big blind) folded before Flop
Seat 6: Alexo20161220 collected ($17.76)



PokerStars Hand #254371069296:  Hold'em No Limit ($0.50/$1.00 USD) - 2025/01/14 19:48:24 WET [2025/01/14 14:48:24 ET]
Table 'Media' 6-max Seat #4 is the button
Seat 3: RohayhuP ($89.49 in chips) is sitting out
Seat 1: pmeade1977 ($60.45 in chips) 
Seat 2: chinokevin13 ($100 in chips) 
Seat 4: ddyyjj ($101.22 in chips) 
Seat 5: henri789 ($106.89 in chips) 
Seat 6: Alexo20161220 ($45.65 in chips) 
henri789: posts small blind $0.50
Alexo20161220: posts big blind $1
*** HOLE CARDS ***
pmeade1977: folds 
chinokevin13: raises $1.50 to $2.50
ddyyjj: folds 
henri789: folds 
Alexo20161220: folds 
Uncalled bet ($1.50) returned to chinokevin13
chinokevin13 collected $2.50 from pot
chinokevin13: doesn't show hand 
*** SUMMARY ***
Total pot $2.50 | Rake $0 
Seat 3: RohayhuP
Seat 1: pmeade1977 folded before Flop (didn't bet)
Seat 2: chinokevin13 collected ($2.50)
Seat 4: ddyyjj (button) folded before Flop (didn't bet)
Seat 5: henri789 (small blind) folded before Flop
Seat 6: Alexo20161220 (big blind) folded before Flop



PokerStars Hand #254371076575:  Hold'em No Limit ($0.50/$1.00 USD) - 2025/01/14 19:48:49 WET [2025/01/14 14:48:49 ET]
Table 'Media' 6-max Seat #5 is the button
Seat 3: RohayhuP ($89.49 in chips) is sitting out
Seat 1: pmeade1977 ($60.45 in chips) 
Seat 2: chinokevin13 ($101.50 in chips) 
Seat 4: ddyyjj ($101.22 in chips) 
Seat 5: henri789 ($106.39 in chips) 
Seat 6: Alexo20161220 ($44.65 in chips) 
Alexo20161220: posts small blind $0.50
pmeade1977: posts big blind $1
*** HOLE CARDS ***
chinokevin13: raises $1.20 to $2.20
ddyyjj: folds 
henri789: folds 
Alexo20161220: raises $42.45 to $44.65 and is all-in
pmeade1977: folds 
chinokevin13: folds 
Uncalled bet ($42.45) returned to Alexo20161220
Alexo20161220 collected $5.40 from pot
*** SUMMARY ***
Total pot $5.40 | Rake $0 
Seat 3: RohayhuP
Seat 1: pmeade1977 (big blind) folded before Flop
Seat 2: chinokevin13 folded before Flop
Seat 4: ddyyjj folded before Flop (didn't bet)
Seat 5: henri789 (button) folded before Flop (didn't bet)
Seat 6: Alexo20161220 (small blind) collected ($5.40)



PokerStars Hand #254371086002:  Hold'em No Limit ($0.50/$1.00 USD) - 2025/01/14 19:49:20 WET [2025/01/14 14:49:20 ET]
Table 'Media' 6-max Seat #6 is the button
Seat 3: RohayhuP ($89.49 in chips) is sitting out
Seat 1: pmeade1977 ($59.45 in chips) 
Seat 2: chinokevin13 ($100 in chips) 
Seat 4: ddyyjj ($101.22 in chips) 
Seat 5: henri789 ($106.39 in chips) 
Seat 6: Alexo20161220 ($47.85 in chips) 
pmeade1977: posts small blind $0.50
chinokevin13: posts big blind $1
RohayhuP: sits out 
*** HOLE CARDS ***
ddyyjj: folds 
henri789: folds 
Alexo20161220: folds 
pmeade1977: folds 
Uncalled bet ($0.50) returned to chinokevin13
chinokevin13 collected $1 from pot
chinokevin13: doesn't show hand 
*** SUMMARY ***
Total pot $1 | Rake $0 
Seat 3: RohayhuP
Seat 1: pmeade1977 (small blind) folded before Flop
Seat 2: chinokevin13 (big blind) collected ($1)
Seat 4: ddyyjj folded before Flop (didn't bet)
Seat 5: henri789 folded before Flop (didn't bet)
Seat 6: Alexo20161220 (button) folded before Flop (didn't bet)



PokerStars Hand #254371090475:  Hold'em No Limit ($0.50/$1.00 USD) - 2025/01/14 19:49:35 WET [2025/01/14 14:49:35 ET]
Table 'Media' 6-max Seat #1 is the button
Seat 1: pmeade1977 ($58.95 in chips) 
Seat 2: chinokevin13 ($100.50 in chips) 
Seat 3: RohayhuP ($89.49 in chips) 
Seat 4: ddyyjj ($101.22 in chips) 
Seat 5: henri789 ($106.39 in chips) 
Seat 6: Alexo20161220 ($47.85 in chips) 
chinokevin13: posts small blind $0.50
RohayhuP: posts big blind $1
*** HOLE CARDS ***
ddyyjj: raises $1.50 to $2.50
henri789: folds 
Alexo20161220: calls $2.50
pmeade1977: folds 
chinokevin13: calls $2
RohayhuP: folds 
*** FLOP *** [As 6h 3d]
chinokevin13: checks 
ddyyjj: bets $3.64
Alexo20161220: folds 
chinokevin13: folds 
Uncalled bet ($3.64) returned to ddyyjj
ddyyjj collected $8.08 from pot
ddyyjj: doesn't show hand 
*** SUMMARY ***
Total pot $8.50 | Rake $0.42 
Board [As 6h 3d]
Seat 1: pmeade1977 (button) folded before Flop (didn't bet)
Seat 2: chinokevin13 (small blind) folded on the Flop
Seat 3: RohayhuP (big blind) folded before Flop
Seat 4: ddyyjj collected ($8.08)
Seat 5: henri789 folded before Flop (didn't bet)
Seat 6: Alexo20161220 folded on the Flop



PokerStars Hand #254371103772:  Hold'em No Limit ($0.50/$1.00 USD) - 2025/01/14 19:50:19 WET [2025/01/14 14:50:19 ET]
Table 'Media' 6-max Seat #2 is the button
Seat 1: pmeade1977 ($58.95 in chips) 
Seat 2: chinokevin13 ($100 in chips) 
Seat 3: RohayhuP ($88.49 in chips) 
Seat 4: ddyyjj ($106.80 in chips) 
Seat 5: henri789 ($106.39 in chips) 
Seat 6: Alexo20161220 ($45.35 in chips) 
RohayhuP: posts small blind $0.50
ddyyjj: posts big blind $1
*** HOLE CARDS ***
henri789: folds 
Alexo20161220: folds 
pmeade1977: raises $1 to $2
chinokevin13: folds 
RohayhuP: calls $1.50
ddyyjj: calls $1
*** FLOP *** [8s 3d 5h]
RohayhuP: checks 
ddyyjj: checks 
pmeade1977: checks 
*** TURN *** [8s 3d 5h] [2d]
RohayhuP: bets $2.85
ddyyjj: folds 
pmeade1977: folds 
Uncalled bet ($2.85) returned to RohayhuP
RohayhuP collected $5.62 from pot
RohayhuP: doesn't show hand 
*** SUMMARY ***
Total pot $6 | Rake $0.38 
Board [8s 3d 5h 2d]
Seat 1: pmeade1977 folded on the Turn
Seat 2: chinokevin13 (button) folded before Flop (didn't bet)
Seat 3: RohayhuP (small blind) collected ($5.62)
Seat 4: ddyyjj (big blind) folded on the Turn
Seat 5: henri789 folded before Flop (didn't bet)
Seat 6: Alexo20161220 folded before Flop (didn't bet)



PokerStars Hand #254371121190:  Hold'em No Limit ($0.50/$1.00 USD) - 2025/01/14 19:51:16 WET [2025/01/14 14:51:16 ET]
Table 'Media' 6-max Seat #3 is the button
Seat 1: pmeade1977 ($56.95 in chips) 
Seat 2: chinokevin13 ($100 in chips) 
Seat 3: RohayhuP ($92.11 in chips) 
Seat 4: ddyyjj ($104.80 in chips) 
Seat 5: henri789 ($106.39 in chips) 
Seat 6: Alexo20161220 ($45.35 in chips) 
ddyyjj: posts small blind $0.50
henri789: posts big blind $1
*** HOLE CARDS ***
Alexo20161220: folds 
pmeade1977: raises $3 to $4
chinokevin13: folds 
RohayhuP: folds 
ddyyjj: folds 
henri789: folds 
Uncalled bet ($3) returned to pmeade1977
pmeade1977 collected $2.50 from pot
*** SUMMARY ***
Total pot $2.50 | Rake $0 
Seat 1: pmeade1977 collected ($2.50)
Seat 2: chinokevin13 folded before Flop (didn't bet)
Seat 3: RohayhuP (button) folded before Flop (didn't bet)
Seat 4: ddyyjj (small blind) folded before Flop
Seat 5: henri789 (big blind) folded before Flop
Seat 6: Alexo20161220 folded before Flop (didn't bet)



PokerStars Hand #254371126723:  Hold'em No Limit ($0.50/$1.00 USD) - 2025/01/14 19:51:35 WET [2025/01/14 14:51:35 ET]
Table 'Media' 6-max Seat #4 is the button
Seat 1: pmeade1977 ($58.45 in chips) 
Seat 2: chinokevin13 ($100 in chips) 
Seat 3: RohayhuP ($92.11 in chips) 
Seat 4: ddyyjj ($104.30 in chips) 
Seat 5: henri789 ($105.39 in chips) 
Seat 6: Alexo20161220 ($45.35 in chips) 
henri789: posts small blind $0.50
Alexo20161220: posts big blind $1
*** HOLE CARDS ***
pmeade1977: raises $3 to $4
chinokevin13: folds 
RohayhuP: folds 
ddyyjj: folds 
henri789: folds 
Alexo20161220: calls $3
*** FLOP *** [3c 2c Ad]
Alexo20161220: checks 
pmeade1977: bets $10
Alexo20161220: folds 
Uncalled bet ($10) returned to pmeade1977
pmeade1977 collected $8.08 from pot
*** SUMMARY ***
Total pot $8.50 | Rake $0.42 
Board [3c 2c Ad]
Seat 1: pmeade1977 collected ($8.08)
Seat 2: chinokevin13 folded before Flop (didn't bet)
Seat 3: RohayhuP folded before Flop (didn't bet)
Seat 4: ddyyjj (button) folded before Flop (didn't bet)
Seat 5: henri789 (small blind) folded before Flop
Seat 6: Alexo20161220 (big blind) folded on the Flop



PokerStars Hand #254371139972:  Hold'em No Limit ($0.50/$1.00 USD) - 2025/01/14 19:52:19 WET [2025/01/14 14:52:19 ET]
Table 'Media' 6-max Seat #5 is the button
Seat 1: pmeade1977 ($62.53 in chips) 
Seat 2: chinokevin13 ($100 in chips) 
Seat 3: RohayhuP ($92.11 in chips) 
Seat 4: ddyyjj ($104.30 in chips) 
Seat 5: henri789 ($104.89 in chips) 
Seat 6: Alexo20161220 ($41.35 in chips) 
Alexo20161220: posts small blind $0.50
pmeade1977: posts big blind $1
*** HOLE CARDS ***
chinokevin13: folds 
RohayhuP: folds 
ddyyjj: folds 
henri789: raises $1.50 to $2.50
Alexo20161220: calls $2
pmeade1977: calls $1.50
*** FLOP *** [Kc Jh 5d]
Alexo20161220: checks 
pmeade1977: checks 
henri789: checks 
*** TURN *** [Kc Jh 5d] [6c]
Alexo20161220: checks 
pmeade1977: bets $4
henri789: folds 
Alexo20161220: folds 
Uncalled bet ($4) returned to pmeade1977
pmeade1977 collected $7.12 from pot
*** SUMMARY ***
Total pot $7.50 | Rake $0.38 
Board [Kc Jh 5d 6c]
Seat 1: pmeade1977 (big blind) collected ($7.12)
Seat 2: chinokevin13 folded before Flop (didn't bet)
Seat 3: RohayhuP folded before Flop (didn't bet)
Seat 4: ddyyjj folded before Flop (didn't bet)
Seat 5: henri789 (button) folded on the Turn
Seat 6: Alexo20161220 (small blind) folded on the Turn



PokerStars Hand #254371154893:  Hold'em No Limit ($0.50/$1.00 USD) - 2025/01/14 19:53:08 WET [2025/01/14 14:53:08 ET]
Table 'Media' 6-max Seat #6 is the button
Seat 1: pmeade1977 ($67.15 in chips) 
Seat 2: chinokevin13 ($100 in chips) 
Seat 3: RohayhuP ($92.11 in chips) 
Seat 4: ddyyjj ($104.30 in chips) 
Seat 5: henri789 ($102.39 in chips) 
Seat 6: Alexo20161220 ($38.85 in chips) 
pmeade1977: posts small blind $0.50
chinokevin13: posts big blind $1
*** HOLE CARDS ***
RohayhuP: raises $2 to $3
ddyyjj: raises $5 to $8
henri789: folds 
Alexo20161220: calls $8
pmeade1977: folds 
chinokevin13: folds 
RohayhuP: calls $5
*** FLOP *** [5d Ks Qh]
RohayhuP: checks 
ddyyjj: bets $7.27
Alexo20161220: raises $23.58 to $30.85 and is all-in
RohayhuP: folds 
ddyyjj: calls $23.58
*** TURN *** [5d Ks Qh] [9s]
*** RIVER *** [5d Ks Qh 9s] [6h]
*** SHOW DOWN ***
ddyyjj: shows [Kh Jd] (a pair of Kings)
Alexo20161220: shows [Kc Qs] (two pair, Kings and Queens)
Alexo20161220 collected $84.70 from pot
*** SUMMARY ***
Total pot $87.20 | Rake $2.50 
Board [5d Ks Qh 9s 6h]
Seat 1: pmeade1977 (small blind) folded before Flop
Seat 2: chinokevin13 (big blind) folded before Flop
Seat 3: RohayhuP folded on the Flop
Seat 4: ddyyjj showed [Kh Jd] and lost with a pair of Kings
Seat 5: henri789 folded before Flop (didn't bet)
Seat 6: Alexo20161220 (button) showed [Kc Qs] and won ($84.70) with two pair, Kings and Queens



PokerStars Hand #254371175749:  Hold'em No Limit ($0.50/$1.00 USD) - 2025/01/14 19:54:17 WET [2025/01/14 14:54:17 ET]
Table 'Media' 6-max Seat #2 is the button
Seat 1: pmeade1977 ($66.65 in chips) is sitting out
Seat 2: chinokevin13 ($100 in chips) 
Seat 3: RohayhuP ($84.11 in chips) 
Seat 4: ddyyjj ($100 in chips) 
Seat 5: henri789 ($102.39 in chips) 
Seat 6: Alexo20161220 ($84.70 in chips) 
RohayhuP: posts small blind $0.50
ddyyjj: posts big blind $1
*** HOLE CARDS ***
henri789: folds 
Alexo20161220: calls $1
chinokevin13: folds 
RohayhuP: raises $4 to $5
ddyyjj: folds 
Alexo20161220: calls $4
*** FLOP *** [6s 8h 3d]
RohayhuP: bets $7.23
Alexo20161220: folds 
Uncalled bet ($7.23) returned to RohayhuP
RohayhuP collected $10.31 from pot
RohayhuP: doesn't show hand 
*** SUMMARY ***
Total pot $11 | Rake $0.69 
Board [6s 8h 3d]
Seat 1: pmeade1977
Seat 2: chinokevin13 (button) folded before Flop (didn't bet)
Seat 3: RohayhuP (small blind) collected ($10.31)
Seat 4: ddyyjj (big blind) folded before Flop
Seat 5: henri789 folded before Flop (didn't bet)
Seat 6: Alexo20161220 folded on the Flop



PokerStars Hand #254371188571:  Hold'em No Limit ($0.50/$1.00 USD) - 2025/01/14 19:54:59 WET [2025/01/14 14:54:59 ET]
Table 'Media' 6-max Seat #3 is the button
Seat 1: pmeade1977 ($66.65 in chips) 
Seat 2: chinokevin13 ($100 in chips) 
Seat 3: RohayhuP ($89.42 in chips) 
Seat 4: ddyyjj ($99 in chips) 
Seat 5: henri789 ($102.39 in chips) 
Seat 6: Alexo20161220 ($79.70 in chips) 
ddyyjj: posts small blind $0.50
henri789: posts big blind $1
*** HOLE CARDS ***
Alexo20161220: calls $1
pmeade1977: calls $1
chinokevin13: raises $3 to $4
RohayhuP: folds 
ddyyjj: calls $3.50
henri789: folds 
Alexo20161220: calls $3
pmeade1977: folds 
*** FLOP *** [7s Ac Ks]
ddyyjj: checks 
Alexo20161220: checks 
chinokevin13: checks 
*** TURN *** [7s Ac Ks] [5d]
ddyyjj: checks 
Alexo20161220: checks 
chinokevin13: checks 
*** RIVER *** [7s Ac Ks 5d] [3d]
ddyyjj: checks 
Alexo20161220: bets $2
chinokevin13: folds 
ddyyjj: folds 
Uncalled bet ($2) returned to Alexo20161220
Alexo20161220 collected $13.30 from pot
*** SUMMARY ***
Total pot $14 | Rake $0.70 
Board [7s Ac Ks 5d 3d]
Seat 1: pmeade1977 folded before Flop
Seat 2: chinokevin13 folded on the River
Seat 3: RohayhuP (button) folded before Flop (didn't bet)
Seat 4: ddyyjj (small blind) folded on the River
Seat 5: henri789 (big blind) folded before Flop
Seat 6: Alexo20161220 collected ($13.30)



PokerStars Hand #254371207170:  Hold'em No Limit ($0.50/$1.00 USD) - 2025/01/14 19:56:21 WET [2025/01/14 14:56:21 ET]
Table 'Media' 6-max Seat #4 is the button
Seat 1: pmeade1977 ($65.65 in chips) 
Seat 2: chinokevin13 ($100 in chips) 
Seat 3: RohayhuP ($89.42 in chips) 
Seat 4: ddyyjj ($95 in chips) 
Seat 5: henri789 ($101.39 in chips) 
Seat 6: Alexo20161220 ($89 in chips) 
henri789: posts small blind $0.50
Alexo20161220: posts big blind $1
*** HOLE CARDS ***
pmeade1977: folds 
chinokevin13: folds 
RohayhuP: folds 
ddyyjj: folds 
henri789: raises $2 to $3
Alexo20161220: calls $2
*** FLOP *** [5s Qc 7h]
henri789: checks 
Alexo20161220: checks 
*** TURN *** [5s Qc 7h] [5d]
henri789: bets $4.28
Alexo20161220: folds 
Uncalled bet ($4.28) returned to henri789
henri789 collected $5.70 from pot
henri789: doesn't show hand 
*** SUMMARY ***
Total pot $6 | Rake $0.30 
Board [5s Qc 7h 5d]
Seat 1: pmeade1977 folded before Flop (didn't bet)
Seat 2: chinokevin13 folded before Flop (didn't bet)
Seat 3: RohayhuP folded before Flop (didn't bet)
Seat 4: ddyyjj (button) folded before Flop (didn't bet)
Seat 5: henri789 (small blind) collected ($5.70)
Seat 6: Alexo20161220 (big blind) folded on the Turn



PokerStars Hand #254371219073:  Hold'em No Limit ($0.50/$1.00 USD) - 2025/01/14 19:57:16 WET [2025/01/14 14:57:16 ET]
Table 'Media' 6-max Seat #5 is the button
Seat 1: pmeade1977 ($65.65 in chips) 
Seat 2: chinokevin13 ($100 in chips) 
Seat 3: RohayhuP ($89.42 in chips) 
Seat 4: ddyyjj ($95 in chips) 
Seat 5: henri789 ($104.09 in chips) 
Seat 6: Alexo20161220 ($86 in chips) 
Alexo20161220: posts small blind $0.50
pmeade1977: posts big blind $1
*** HOLE CARDS ***
chinokevin13: folds 
RohayhuP: folds 
ddyyjj: folds 
henri789: folds 
Alexo20161220: folds 
Uncalled bet ($0.50) returned to pmeade1977
pmeade1977 collected $1 from pot
*** SUMMARY ***
Total pot $1 | Rake $0 
Seat 1: pmeade1977 (big blind) collected ($1)
Seat 2: chinokevin13 folded before Flop (didn't bet)
Seat 3: RohayhuP folded before Flop (didn't bet)
Seat 4: ddyyjj folded before Flop (didn't bet)
Seat 5: henri789 (button) folded before Flop (didn't bet)
Seat 6: Alexo20161220 (small blind) folded before Flop



PokerStars Hand #254371222752:  Hold'em No Limit ($0.50/$1.00 USD) - 2025/01/14 19:57:33 WET [2025/01/14 14:57:33 ET]
Table 'Media' 6-max Seat #6 is the button
Seat 1: pmeade1977 ($66.15 in chips) 
Seat 2: chinokevin13 ($100 in chips) 
Seat 3: RohayhuP ($89.42 in chips) 
Seat 4: ddyyjj ($95 in chips) 
Seat 5: henri789 ($104.09 in chips) 
Seat 6: Alexo20161220 ($85.50 in chips) 
pmeade1977: posts small blind $0.50
chinokevin13: posts big blind $1
*** HOLE CARDS ***
RohayhuP: folds 
ddyyjj: folds 
henri789: folds 
Alexo20161220: calls $1
pmeade1977: folds 
chinokevin13: checks 
*** FLOP *** [Ts Ac Kc]
chinokevin13: checks 
Alexo20161220: bets $3
chinokevin13: folds 
Uncalled bet ($3) returned to Alexo20161220
Alexo20161220 collected $2.38 from pot
*** SUMMARY ***
Total pot $2.50 | Rake $0.12 
Board [Ts Ac Kc]
Seat 1: pmeade1977 (small blind) folded before Flop
Seat 2: chinokevin13 (big blind) folded on the Flop
Seat 3: RohayhuP folded before Flop (didn't bet)
Seat 4: ddyyjj folded before Flop (didn't bet)
Seat 5: henri789 folded before Flop (didn't bet)
Seat 6: Alexo20161220 (button) collected ($2.38)



PokerStars Hand #254371619258:  Hold'em No Limit ($0.50/$1.00 USD) - 2025/01/14 20:19:28 WET [2025/01/14 15:19:28 ET]
Table 'Media' 6-max Seat #1 is the button
Seat 1: socito ($115.03 in chips) 
Seat 2: chinokevin13 ($203.90 in chips) 
Seat 3: yzuk ($101.50 in chips) 
Seat 4: Evelexy1 ($103.90 in chips) 
Seat 5: henri789 ($107.23 in chips) 
Seat 6: Alexo20161220 ($94.06 in chips) 
chinokevin13: posts small blind $0.50
yzuk: posts big blind $1
*** HOLE CARDS ***
Evelexy1: folds 
henri789: folds 
Alexo20161220: folds 
socito: folds 
chinokevin13: raises $2 to $3
yzuk: raises $6 to $9
chinokevin13: calls $6
*** FLOP *** [4h 6h 4s]
chinokevin13: checks 
yzuk: bets $8.72
chinokevin13: raises $16.28 to $25
yzuk: calls $16.28
*** TURN *** [4h 6h 4s] [Kc]
chinokevin13: checks 
yzuk: bets $17.03
chinokevin13: folds 
Uncalled bet ($17.03) returned to yzuk
yzuk collected $65.50 from pot
yzuk: doesn't show hand 
*** SUMMARY ***
Total pot $68 | Rake $2.50 
Board [4h 6h 4s Kc]
Seat 1: socito (button) folded before Flop (didn't bet)
Seat 2: chinokevin13 (small blind) folded on the Turn
Seat 3: yzuk (big blind) collected ($65.50)
Seat 4: Evelexy1 folded before Flop (didn't bet)
Seat 5: henri789 folded before Flop (didn't bet)
Seat 6: Alexo20161220 folded before Flop (didn't bet)



PokerStars Hand #254371660011:  Hold'em No Limit ($0.50/$1.00 USD) - 2025/01/14 20:21:34 WET [2025/01/14 15:21:34 ET]
Table 'Media' 6-max Seat #2 is the button
Seat 1: socito ($115.03 in chips) 
Seat 2: chinokevin13 ($169.90 in chips) 
Seat 3: yzuk ($133 in chips) 
Seat 4: Evelexy1 ($103.90 in chips) 
Seat 5: henri789 ($107.23 in chips) 
Seat 6: Alexo20161220 ($94.06 in chips) 
yzuk: posts small blind $0.50
Evelexy1: posts big blind $1
*** HOLE CARDS ***
henri789: folds 
Alexo20161220: calls $1
socito: folds 
chinokevin13: raises $3 to $4
yzuk: folds 
Evelexy1: folds 
Alexo20161220: calls $3
*** FLOP *** [5h Ac 6s]
Alexo20161220: bets $90.06 and is all-in
chinokevin13: folds 
Uncalled bet ($90.06) returned to Alexo20161220
Alexo20161220 collected $9.02 from pot
*** SUMMARY ***
Total pot $9.50 | Rake $0.48 
Board [5h Ac 6s]
Seat 1: socito folded before Flop (didn't bet)
Seat 2: chinokevin13 (button) folded on the Flop
Seat 3: yzuk (small blind) folded before Flop
Seat 4: Evelexy1 (big blind) folded before Flop
Seat 5: henri789 folded before Flop (didn't bet)
Seat 6: Alexo20161220 collected ($9.02)



PokerStars Hand #254371677741:  Hold'em No Limit ($0.50/$1.00 USD) - 2025/01/14 20:22:29 WET [2025/01/14 15:22:29 ET]
Table 'Media' 6-max Seat #3 is the button
Seat 1: socito ($115.03 in chips) 
Seat 2: chinokevin13 ($165.90 in chips) 
Seat 3: yzuk ($132.50 in chips) 
Seat 4: Evelexy1 ($102.90 in chips) 
Seat 5: henri789 ($107.23 in chips) 
Seat 6: Alexo20161220 ($99.08 in chips) 
Evelexy1: posts small blind $0.50
henri789: posts big blind $1
*** HOLE CARDS ***
Alexo20161220: folds 
socito: folds 
chinokevin13: folds 
yzuk: folds 
Evelexy1: raises $1.50 to $2.50
henri789: calls $1.50
*** FLOP *** [6s 7h Tc]
Evelexy1: checks 
henri789: checks 
*** TURN *** [6s 7h Tc] [Kd]
Evelexy1: bets $3.14
henri789: folds 
Uncalled bet ($3.14) returned to Evelexy1
Evelexy1 collected $4.75 from pot
Evelexy1: doesn't show hand 
*** SUMMARY ***
Total pot $5 | Rake $0.25 
Board [6s 7h Tc Kd]
Seat 1: socito folded before Flop (didn't bet)
Seat 2: chinokevin13 folded before Flop (didn't bet)
Seat 3: yzuk (button) folded before Flop (didn't bet)
Seat 4: Evelexy1 (small blind) collected ($4.75)
Seat 5: henri789 (big blind) folded on the Turn
Seat 6: Alexo20161220 folded before Flop (didn't bet)



PokerStars Hand #254371691754:  Hold'em No Limit ($0.50/$1.00 USD) - 2025/01/14 20:23:12 WET [2025/01/14 15:23:12 ET]
Table 'Media' 6-max Seat #4 is the button
Seat 1: socito ($115.03 in chips) 
Seat 2: chinokevin13 ($165.90 in chips) 
Seat 3: yzuk ($132.50 in chips) 
Seat 4: Evelexy1 ($105.15 in chips) 
Seat 5: henri789 ($104.73 in chips) 
Seat 6: Alexo20161220 ($99.08 in chips) 
henri789: posts small blind $0.50
Alexo20161220: posts big blind $1
*** HOLE CARDS ***
socito: folds 
chinokevin13: raises $1.20 to $2.20
yzuk: folds 
Evelexy1: folds 
henri789: folds 
Alexo20161220: calls $1.20
*** FLOP *** [Ts Qd 5c]
Alexo20161220: checks 
chinokevin13: bets $1.54
Alexo20161220: calls $1.54
*** TURN *** [Ts Qd 5c] [5h]
Alexo20161220: checks 
chinokevin13: checks 
*** RIVER *** [Ts Qd 5c 5h] [Qc]
Alexo20161220: bets $3
chinokevin13: calls $3
*** SHOW DOWN ***
Alexo20161220: shows [6s 6c] (two pair, Queens and Sixes)
chinokevin13: mucks hand 
Alexo20161220 collected $13.28 from pot
*** SUMMARY ***
Total pot $13.98 | Rake $0.70 
Board [Ts Qd 5c 5h Qc]
Seat 1: socito folded before Flop (didn't bet)
Seat 2: chinokevin13 mucked
Seat 3: yzuk folded before Flop (didn't bet)
Seat 4: Evelexy1 (button) folded before Flop (didn't bet)
Seat 5: henri789 (small blind) folded before Flop
Seat 6: Alexo20161220 (big blind) showed [6s 6c] and won ($13.28) with two pair, Queens and Sixes



PokerStars Hand #254371706361:  Hold'em No Limit ($0.50/$1.00 USD) - 2025/01/14 20:23:57 WET [2025/01/14 15:23:57 ET]
Table 'Media' 6-max Seat #5 is the button
Seat 1: socito ($115.03 in chips) 
Seat 2: chinokevin13 ($159.16 in chips) 
Seat 3: yzuk ($132.50 in chips) 
Seat 4: Evelexy1 ($105.15 in chips) 
Seat 5: henri789 ($104.23 in chips) 
Seat 6: Alexo20161220 ($105.62 in chips) 
Alexo20161220: posts small blind $0.50
socito: posts big blind $1
*** HOLE CARDS ***
chinokevin13: raises $1.20 to $2.20
yzuk: raises $6.30 to $8.50
Evelexy1: folds 
henri789: folds 
Alexo20161220: folds 
socito: folds 
chinokevin13: folds 
Uncalled bet ($6.30) returned to yzuk
yzuk collected $5.90 from pot
yzuk: doesn't show hand 
*** SUMMARY ***
Total pot $5.90 | Rake $0 
Seat 1: socito (big blind) folded before Flop
Seat 2: chinokevin13 folded before Flop
Seat 3: yzuk collected ($5.90)
Seat 4: Evelexy1 folded before Flop (didn't bet)
Seat 5: henri789 (button) folded before Flop (didn't bet)
Seat 6: Alexo20161220 (small blind) folded before Flop



PokerStars Hand #254371713070:  Hold'em No Limit ($0.50/$1.00 USD) - 2025/01/14 20:24:18 WET [2025/01/14 15:24:18 ET]
Table 'Media' 6-max Seat #6 is the button
Seat 1: socito ($114.03 in chips) 
Seat 2: chinokevin13 ($156.96 in chips) 
Seat 3: yzuk ($136.20 in chips) 
Seat 4: Evelexy1 ($105.15 in chips) 
Seat 5: henri789 ($104.23 in chips) 
Seat 6: Alexo20161220 ($105.12 in chips) 
socito: posts small blind $0.50
chinokevin13: posts big blind $1
*** HOLE CARDS ***
yzuk: folds 
Evelexy1: folds 
henri789: folds 
Alexo20161220: folds 
socito: raises $2 to $3
chinokevin13: calls $2
*** FLOP *** [As Ac 3d]
socito: bets $1.43
chinokevin13: calls $1.43
*** TURN *** [As Ac 3d] [8d]
socito: bets $6.32
chinokevin13: folds 
Uncalled bet ($6.32) returned to socito
socito collected $8.42 from pot
socito: doesn't show hand 
*** SUMMARY ***
Total pot $8.86 | Rake $0.44 
Board [As Ac 3d 8d]
Seat 1: socito (small blind) collected ($8.42)
Seat 2: chinokevin13 (big blind) folded on the Turn
Seat 3: yzuk folded before Flop (didn't bet)
Seat 4: Evelexy1 folded before Flop (didn't bet)
Seat 5: henri789 folded before Flop (didn't bet)
Seat 6: Alexo20161220 (button) folded before Flop (didn't bet)



PokerStars Hand #254371735890:  Hold'em No Limit ($0.50/$1.00 USD) - 2025/01/14 20:25:28 WET [2025/01/14 15:25:28 ET]
Table 'Media' 6-max Seat #1 is the button
Seat 1: socito ($118.02 in chips) 
Seat 2: chinokevin13 ($152.53 in chips) 
Seat 3: yzuk ($136.20 in chips) 
Seat 4: Evelexy1 ($105.15 in chips) 
Seat 5: henri789 ($104.23 in chips) 
Seat 6: Alexo20161220 ($105.12 in chips) 
chinokevin13: posts small blind $0.50
yzuk: posts big blind $1
*** HOLE CARDS ***
Evelexy1: folds 
henri789: folds 
Alexo20161220: folds 
socito: folds 
chinokevin13: folds 
Uncalled bet ($0.50) returned to yzuk
yzuk collected $1 from pot
yzuk: doesn't show hand 
*** SUMMARY ***
Total pot $1 | Rake $0 
Seat 1: socito (button) folded before Flop (didn't bet)
Seat 2: chinokevin13 (small blind) folded before Flop
Seat 3: yzuk (big blind) collected ($1)
Seat 4: Evelexy1 folded before Flop (didn't bet)
Seat 5: henri789 folded before Flop (didn't bet)
Seat 6: Alexo20161220 folded before Flop (didn't bet)



PokerStars Hand #254371741730:  Hold'em No Limit ($0.50/$1.00 USD) - 2025/01/14 20:25:46 WET [2025/01/14 15:25:46 ET]
Table 'Media' 6-max Seat #2 is the button
Seat 1: socito ($118.02 in chips) 
Seat 2: chinokevin13 ($152.03 in chips) 
Seat 3: yzuk ($136.70 in chips) 
Seat 4: Evelexy1 ($105.15 in chips) 
Seat 5: henri789 ($104.23 in chips) 
Seat 6: Alexo20161220 ($105.12 in chips) 
yzuk: posts small blind $0.50
Evelexy1: posts big blind $1
*** HOLE CARDS ***
henri789: folds 
Alexo20161220: folds 
socito: folds 
chinokevin13: folds 
yzuk: folds 
Uncalled bet ($0.50) returned to Evelexy1
Evelexy1 collected $1 from pot
Evelexy1: doesn't show hand 
*** SUMMARY ***
Total pot $1 | Rake $0 
Seat 1: socito folded before Flop (didn't bet)
Seat 2: chinokevin13 (button) folded before Flop (didn't bet)
Seat 3: yzuk (small blind) folded before Flop
Seat 4: Evelexy1 (big blind) collected ($1)
Seat 5: henri789 folded before Flop (didn't bet)
Seat 6: Alexo20161220 folded before Flop (didn't bet)



PokerStars Hand #254371747339:  Hold'em No Limit ($0.50/$1.00 USD) - 2025/01/14 20:26:03 WET [2025/01/14 15:26:03 ET]
Table 'Media' 6-max Seat #3 is the button
Seat 1: socito ($118.02 in chips) 
Seat 2: chinokevin13 ($152.03 in chips) 
Seat 3: yzuk ($136.20 in chips) 
Seat 4: Evelexy1 ($105.65 in chips) 
Seat 5: henri789 ($104.23 in chips) 
Seat 6: Alexo20161220 ($105.12 in chips) 
Evelexy1: posts small blind $0.50
henri789: posts big blind $1
*** HOLE CARDS ***
Alexo20161220: folds 
socito: folds 
chinokevin13: folds 
yzuk: raises $1.50 to $2.50
Evelexy1: folds 
henri789: calls $1.50
*** FLOP *** [4s Tc Th]
henri789: checks 
yzuk: bets $1.77
Evelexy1 leaves the table
henri789: folds 
Uncalled bet ($1.77) returned to yzuk
yzuk collected $5.22 from pot
yzuk: doesn't show hand 
*** SUMMARY ***
Total pot $5.50 | Rake $0.28 
Board [4s Tc Th]
Seat 1: socito folded before Flop (didn't bet)
Seat 2: chinokevin13 folded before Flop (didn't bet)
Seat 3: yzuk (button) collected ($5.22)
Seat 4: Evelexy1 (small blind) folded before Flop
Seat 5: henri789 (big blind) folded on the Flop
Seat 6: Alexo20161220 folded before Flop (didn't bet)



PokerStars Hand #254371762006:  Hold'em No Limit ($0.50/$1.00 USD) - 2025/01/14 20:26:48 WET [2025/01/14 15:26:48 ET]
Table 'Media' 6-max Seat #5 is the button
Seat 1: socito ($118.02 in chips) 
Seat 2: chinokevin13 ($152.03 in chips) 
Seat 3: yzuk ($138.92 in chips) 
Seat 5: henri789 ($101.73 in chips) 
Seat 6: Alexo20161220 ($105.12 in chips) 
Alexo20161220: posts small blind $0.50
socito: posts big blind $1
*** HOLE CARDS ***
chinokevin13: folds 
yzuk: folds 
henri789: raises $1.50 to $2.50
Alexo20161220: folds 
socito: folds 
Uncalled bet ($1.50) returned to henri789
henri789 collected $2.50 from pot
henri789: doesn't show hand 
*** SUMMARY ***
Total pot $2.50 | Rake $0 
Seat 1: socito (big blind) folded before Flop
Seat 2: chinokevin13 folded before Flop (didn't bet)
Seat 3: yzuk folded before Flop (didn't bet)
Seat 5: henri789 (button) collected ($2.50)
Seat 6: Alexo20161220 (small blind) folded before Flop



PokerStars Hand #254371767409:  Hold'em No Limit ($0.50/$1.00 USD) - 2025/01/14 20:27:05 WET [2025/01/14 15:27:05 ET]
Table 'Media' 6-max Seat #6 is the button
Seat 1: socito ($117.02 in chips) 
Seat 2: chinokevin13 ($152.03 in chips) 
Seat 3: yzuk ($138.92 in chips) 
Seat 5: henri789 ($103.23 in chips) 
Seat 6: Alexo20161220 ($104.62 in chips) 
socito: posts small blind $0.50
chinokevin13: posts big blind $1
*** HOLE CARDS ***
yzuk: folds 
henri789: folds 
Alexo20161220: raises $3 to $4
socito: folds 
chinokevin13: folds 
Uncalled bet ($3) returned to Alexo20161220
Alexo20161220 collected $2.50 from pot
*** SUMMARY ***
Total pot $2.50 | Rake $0 
Seat 1: socito (small blind) folded before Flop
Seat 2: chinokevin13 (big blind) folded before Flop
Seat 3: yzuk folded before Flop (didn't bet)
Seat 5: henri789 folded before Flop (didn't bet)
Seat 6: Alexo20161220 (button) collected ($2.50)



PokerStars Hand #254371772108:  Hold'em No Limit ($0.50/$1.00 USD) - 2025/01/14 20:27:19 WET [2025/01/14 15:27:19 ET]
Table 'Media' 6-max Seat #1 is the button
Seat 1: socito ($116.52 in chips) 
Seat 2: chinokevin13 ($151.03 in chips) 
Seat 3: yzuk ($138.92 in chips) 
Seat 5: henri789 ($103.23 in chips) 
Seat 6: Alexo20161220 ($106.12 in chips) 
chinokevin13: posts small blind $0.50
yzuk: posts big blind $1
*** HOLE CARDS ***
henri789: folds 
Alexo20161220: folds 
socito: folds 
chinokevin13: raises $2 to $3
yzuk: calls $2
*** FLOP *** [Js 7s Tc]
BoyLoc0 joins the table at seat #4 
chinokevin13: bets $1.88
yzuk: calls $1.88
*** TURN *** [Js 7s Tc] [2d]
chinokevin13: bets $12.98
yzuk: calls $12.98
*** RIVER *** [Js 7s Tc 2d] [6c]
chinokevin13: checks 
yzuk: checks 
*** SHOW DOWN ***
chinokevin13: shows [As 4s] (high card Ace)
yzuk: shows [Qs 6s] (a pair of Sixes)
yzuk collected $33.93 from pot
*** SUMMARY ***
Total pot $35.72 | Rake $1.79 
Board [Js 7s Tc 2d 6c]
Seat 1: socito (button) folded before Flop (didn't bet)
Seat 2: chinokevin13 (small blind) showed [As 4s] and lost with high card Ace
Seat 3: yzuk (big blind) showed [Qs 6s] and won ($33.93) with a pair of Sixes
Seat 5: henri789 folded before Flop (didn't bet)
Seat 6: Alexo20161220 folded before Flop (didn't bet)



PokerStars Hand #254371802635:  Hold'em No Limit ($0.50/$1.00 USD) - 2025/01/14 20:28:52 WET [2025/01/14 15:28:52 ET]
Table 'Media' 6-max Seat #2 is the button
Seat 1: socito ($116.52 in chips) 
Seat 2: chinokevin13 ($133.17 in chips) 
Seat 3: yzuk ($154.99 in chips) 
Seat 4: BoyLoc0 ($100 in chips) 
Seat 5: henri789 ($103.23 in chips) 
Seat 6: Alexo20161220 ($106.12 in chips) 
yzuk: posts small blind $0.50
BoyLoc0: posts big blind $1
*** HOLE CARDS ***
henri789: folds 
Alexo20161220: folds 
socito: folds 
chinokevin13: raises $1.50 to $2.50
yzuk: folds 
BoyLoc0: folds 
Uncalled bet ($1.50) returned to chinokevin13
chinokevin13 collected $2.50 from pot
chinokevin13: doesn't show hand 
*** SUMMARY ***
Total pot $2.50 | Rake $0 
Seat 1: socito folded before Flop (didn't bet)
Seat 2: chinokevin13 (button) collected ($2.50)
Seat 3: yzuk (small blind) folded before Flop
Seat 4: BoyLoc0 (big blind) folded before Flop
Seat 5: henri789 folded before Flop (didn't bet)
Seat 6: Alexo20161220 folded before Flop (didn't bet)



PokerStars Hand #254371807790:  Hold'em No Limit ($0.50/$1.00 USD) - 2025/01/14 20:29:08 WET [2025/01/14 15:29:08 ET]
Table 'Media' 6-max Seat #3 is the button
Seat 1: socito ($116.52 in chips) 
Seat 2: chinokevin13 ($134.67 in chips) 
Seat 3: yzuk ($154.49 in chips) 
Seat 4: BoyLoc0 ($100 in chips) 
Seat 5: henri789 ($103.23 in chips) 
Seat 6: Alexo20161220 ($106.12 in chips) 
BoyLoc0: posts small blind $0.50
henri789: posts big blind $1
*** HOLE CARDS ***
Alexo20161220: folds 
socito: folds 
chinokevin13: folds 
yzuk: folds 
BoyLoc0: raises $2 to $3
henri789: calls $2
*** FLOP *** [7d 8c 8h]
BoyLoc0: checks 
henri789: checks 
*** TURN *** [7d 8c 8h] [Qd]
BoyLoc0: bets $4.28
henri789: folds 
Uncalled bet ($4.28) returned to BoyLoc0
BoyLoc0 collected $5.70 from pot
BoyLoc0: doesn't show hand 
*** SUMMARY ***
Total pot $6 | Rake $0.30 
Board [7d 8c 8h Qd]
Seat 1: socito folded before Flop (didn't bet)
Seat 2: chinokevin13 folded before Flop (didn't bet)
Seat 3: yzuk (button) folded before Flop (didn't bet)
Seat 4: BoyLoc0 (small blind) collected ($5.70)
Seat 5: henri789 (big blind) folded on the Turn
Seat 6: Alexo20161220 folded before Flop (didn't bet)



PokerStars Hand #254371829408:  Hold'em No Limit ($0.50/$1.00 USD) - 2025/01/14 20:30:14 WET [2025/01/14 15:30:14 ET]
Table 'Media' 6-max Seat #4 is the button
Seat 1: socito ($116.52 in chips) 
Seat 2: chinokevin13 ($134.67 in chips) 
Seat 3: yzuk ($154.49 in chips) 
Seat 4: BoyLoc0 ($102.70 in chips) 
Seat 5: henri789 ($100.23 in chips) 
Seat 6: Alexo20161220 ($106.12 in chips) 
henri789: posts small blind $0.50
Alexo20161220: posts big blind $1
*** HOLE CARDS ***
socito: folds 
chinokevin13: folds 
yzuk: folds 
BoyLoc0: raises $1.50 to $2.50
henri789: folds 
Alexo20161220: folds 
Uncalled bet ($1.50) returned to BoyLoc0
BoyLoc0 collected $2.50 from pot
BoyLoc0: doesn't show hand 
*** SUMMARY ***
Total pot $2.50 | Rake $0 
Seat 1: socito folded before Flop (didn't bet)
Seat 2: chinokevin13 folded before Flop (didn't bet)
Seat 3: yzuk folded before Flop (didn't bet)
Seat 4: BoyLoc0 (button) collected ($2.50)
Seat 5: henri789 (small blind) folded before Flop
Seat 6: Alexo20161220 (big blind) folded before Flop



PokerStars Hand #254371837117:  Hold'em No Limit ($0.50/$1.00 USD) - 2025/01/14 20:30:38 WET [2025/01/14 15:30:38 ET]
Table 'Media' 6-max Seat #5 is the button
Seat 1: socito ($116.52 in chips) 
Seat 2: chinokevin13 ($134.67 in chips) 
Seat 3: yzuk ($154.49 in chips) 
Seat 4: BoyLoc0 ($104.20 in chips) 
Seat 5: henri789 ($100 in chips) 
Seat 6: Alexo20161220 ($105.12 in chips) 
Alexo20161220: posts small blind $0.50
socito: posts big blind $1
*** HOLE CARDS ***
chinokevin13: folds 
yzuk: folds 
BoyLoc0: folds 
henri789: folds 
Alexo20161220: calls $0.50
socito: checks 
*** FLOP *** [8h Kc 4h]
Alexo20161220: bets $1
socito: calls $1
*** TURN *** [8h Kc 4h] [Ac]
Alexo20161220: bets $3
socito: folds 
Uncalled bet ($3) returned to Alexo20161220
Alexo20161220 collected $3.80 from pot
*** SUMMARY ***
Total pot $4 | Rake $0.20 
Board [8h Kc 4h Ac]
Seat 1: socito (big blind) folded on the Turn
Seat 2: chinokevin13 folded before Flop (didn't bet)
Seat 3: yzuk folded before Flop (didn't bet)
Seat 4: BoyLoc0 folded before Flop (didn't bet)
Seat 5: henri789 (button) folded before Flop (didn't bet)
Seat 6: Alexo20161220 (small blind) collected ($3.80)



PokerStars Hand #254371852590:  Hold'em No Limit ($0.50/$1.00 USD) - 2025/01/14 20:31:25 WET [2025/01/14 15:31:25 ET]
Table 'Media' 6-max Seat #6 is the button
Seat 1: socito ($114.52 in chips) 
Seat 2: chinokevin13 ($134.67 in chips) 
Seat 3: yzuk ($154.49 in chips) 
Seat 4: BoyLoc0 ($104.20 in chips) 
Seat 5: henri789 ($100 in chips) 
Seat 6: Alexo20161220 ($106.92 in chips) 
socito: posts small blind $0.50
chinokevin13: posts big blind $1
*** HOLE CARDS ***
yzuk: folds 
BoyLoc0: folds 
henri789: folds 
Alexo20161220: calls $1
socito: calls $0.50
chinokevin13: checks 
*** FLOP *** [7h 6h Qh]
socito: checks 
chinokevin13: checks 
Alexo20161220: checks 
*** TURN *** [7h 6h Qh] [Js]
socito: bets $1.43
chinokevin13: folds 
Alexo20161220: calls $1.43
*** RIVER *** [7h 6h Qh Js] [Kd]
socito: checks 
Alexo20161220: checks 
*** SHOW DOWN ***
socito: shows [Qs 8s] (a pair of Queens)
Alexo20161220: mucks hand 
socito collected $5.57 from pot
*** SUMMARY ***
Total pot $5.86 | Rake $0.29 
Board [7h 6h Qh Js Kd]
Seat 1: socito (small blind) showed [Qs 8s] and won ($5.57) with a pair of Queens
Seat 2: chinokevin13 (big blind) folded on the Turn
Seat 3: yzuk folded before Flop (didn't bet)
Seat 4: BoyLoc0 folded before Flop (didn't bet)
Seat 5: henri789 folded before Flop (didn't bet)
Seat 6: Alexo20161220 (button) mucked



PokerStars Hand #254371870581:  Hold'em No Limit ($0.50/$1.00 USD) - 2025/01/14 20:32:21 WET [2025/01/14 15:32:21 ET]
Table 'Media' 6-max Seat #1 is the button
Seat 1: socito ($117.66 in chips) 
Seat 2: chinokevin13 ($133.67 in chips) 
Seat 3: yzuk ($154.49 in chips) 
Seat 4: BoyLoc0 ($104.20 in chips) 
Seat 5: henri789 ($100 in chips) 
Seat 6: Alexo20161220 ($104.49 in chips) 
chinokevin13: posts small blind $0.50
yzuk: posts big blind $1
*** HOLE CARDS ***
BoyLoc0: folds 
henri789: raises $1.50 to $2.50
Alexo20161220: calls $2.50
socito: folds 
chinokevin13: folds 
yzuk: calls $1.50
*** FLOP *** [Tc 2d Jc]
yzuk: checks 
henri789: checks 
Alexo20161220: bets $4
yzuk: raises $7.96 to $11.96
henri789: folds 
Alexo20161220: folds 
Uncalled bet ($7.96) returned to yzuk
yzuk collected $15.20 from pot
yzuk: doesn't show hand 
*** SUMMARY ***
Total pot $16 | Rake $0.80 
Board [Tc 2d Jc]
Seat 1: socito (button) folded before Flop (didn't bet)
Seat 2: chinokevin13 (small blind) folded before Flop
Seat 3: yzuk (big blind) collected ($15.20)
Seat 4: BoyLoc0 folded before Flop (didn't bet)
Seat 5: henri789 folded on the Flop
Seat 6: Alexo20161220 folded on the Flop



PokerStars Hand #254371887383:  Hold'em No Limit ($0.50/$1.00 USD) - 2025/01/14 20:33:13 WET [2025/01/14 15:33:13 ET]
Table 'Media' 6-max Seat #2 is the button
Seat 1: socito ($117.66 in chips) 
Seat 2: chinokevin13 ($133.17 in chips) 
Seat 3: yzuk ($163.19 in chips) 
Seat 4: BoyLoc0 ($104.20 in chips) 
Seat 5: henri789 ($100 in chips) 
Seat 6: Alexo20161220 ($97.99 in chips) 
yzuk: posts small blind $0.50
BoyLoc0: posts big blind $1
*** HOLE CARDS ***
henri789: folds 
Alexo20161220: raises $2 to $3
socito: folds 
chinokevin13: folds 
yzuk: raises $6 to $9
BoyLoc0: folds 
Alexo20161220: calls $6
*** FLOP *** [Qs 6s 2s]
yzuk: bets $6.14
Alexo20161220: folds 
Uncalled bet ($6.14) returned to yzuk
yzuk collected $18.05 from pot
yzuk: doesn't show hand 
*** SUMMARY ***
Total pot $19 | Rake $0.95 
Board [Qs 6s 2s]
Seat 1: socito folded before Flop (didn't bet)
Seat 2: chinokevin13 (button) folded before Flop (didn't bet)
Seat 3: yzuk (small blind) collected ($18.05)
Seat 4: BoyLoc0 (big blind) folded before Flop
Seat 5: henri789 folded before Flop (didn't bet)
Seat 6: Alexo20161220 folded on the Flop



PokerStars Hand #254371895677:  Hold'em No Limit ($0.50/$1.00 USD) - 2025/01/14 20:33:39 WET [2025/01/14 15:33:39 ET]
Table 'Media' 6-max Seat #3 is the button
Seat 1: socito ($117.66 in chips) 
Seat 2: chinokevin13 ($133.17 in chips) 
Seat 3: yzuk ($172.24 in chips) 
Seat 4: BoyLoc0 ($103.20 in chips) 
Seat 5: henri789 ($100 in chips) 
Seat 6: Alexo20161220 ($88.99 in chips) 
BoyLoc0: posts small blind $0.50
henri789: posts big blind $1
*** HOLE CARDS ***
Alexo20161220: folds 
socito: folds 
chinokevin13: folds 
yzuk: folds 
BoyLoc0: folds 
Uncalled bet ($0.50) returned to henri789
henri789 collected $1 from pot
henri789: doesn't show hand 
*** SUMMARY ***
Total pot $1 | Rake $0 
Seat 1: socito folded before Flop (didn't bet)
Seat 2: chinokevin13 folded before Flop (didn't bet)
Seat 3: yzuk (button) folded before Flop (didn't bet)
Seat 4: BoyLoc0 (small blind) folded before Flop
Seat 5: henri789 (big blind) collected ($1)
Seat 6: Alexo20161220 folded before Flop (didn't bet)



PokerStars Hand #254371900955:  Hold'em No Limit ($0.50/$1.00 USD) - 2025/01/14 20:33:56 WET [2025/01/14 15:33:56 ET]
Table 'Media' 6-max Seat #4 is the button
Seat 1: socito ($117.66 in chips) 
Seat 2: chinokevin13 ($133.17 in chips) 
Seat 3: yzuk ($172.24 in chips) 
Seat 4: BoyLoc0 ($102.70 in chips) 
Seat 5: henri789 ($100.50 in chips) 
Seat 6: Alexo20161220 ($88.99 in chips) 
henri789: posts small blind $0.50
Alexo20161220: posts big blind $1
*** HOLE CARDS ***
socito: folds 
chinokevin13: raises $1.20 to $2.20
yzuk: raises $6.80 to $9
BoyLoc0: folds 
henri789: folds 
Alexo20161220: folds 
chinokevin13: folds 
Uncalled bet ($6.80) returned to yzuk
yzuk collected $5.90 from pot
yzuk: doesn't show hand 
*** SUMMARY ***
Total pot $5.90 | Rake $0 
Seat 1: socito folded before Flop (didn't bet)
Seat 2: chinokevin13 folded before Flop
Seat 3: yzuk collected ($5.90)
Seat 4: BoyLoc0 (button) folded before Flop (didn't bet)
Seat 5: henri789 (small blind) folded before Flop
Seat 6: Alexo20161220 (big blind) folded before Flop



PokerStars Hand #254371913403:  Hold'em No Limit ($0.50/$1.00 USD) - 2025/01/14 20:34:34 WET [2025/01/14 15:34:34 ET]
Table 'Media' 6-max Seat #5 is the button
Seat 1: socito ($117.66 in chips) 
Seat 2: chinokevin13 ($130.97 in chips) 
Seat 3: yzuk ($175.94 in chips) 
Seat 4: BoyLoc0 ($102.70 in chips) 
Seat 5: henri789 ($100 in chips) 
Seat 6: Alexo20161220 ($87.99 in chips) 
Alexo20161220: posts small blind $0.50
socito: posts big blind $1
*** HOLE CARDS ***
chinokevin13: folds 
yzuk: folds 
BoyLoc0: raises $1.50 to $2.50
henri789: folds 
Alexo20161220: folds 
socito: folds 
Uncalled bet ($1.50) returned to BoyLoc0
BoyLoc0 collected $2.50 from pot
BoyLoc0: doesn't show hand 
*** SUMMARY ***
Total pot $2.50 | Rake $0 
Seat 1: socito (big blind) folded before Flop
Seat 2: chinokevin13 folded before Flop (didn't bet)
Seat 3: yzuk folded before Flop (didn't bet)
Seat 4: BoyLoc0 collected ($2.50)
Seat 5: henri789 (button) folded before Flop (didn't bet)
Seat 6: Alexo20161220 (small blind) folded before Flop



PokerStars Hand #254371919413:  Hold'em No Limit ($0.50/$1.00 USD) - 2025/01/14 20:34:53 WET [2025/01/14 15:34:53 ET]
Table 'Media' 6-max Seat #6 is the button
Seat 1: socito ($116.66 in chips) 
Seat 2: chinokevin13 ($130.97 in chips) 
Seat 3: yzuk ($175.94 in chips) 
Seat 4: BoyLoc0 ($104.20 in chips) 
Seat 5: henri789 ($100 in chips) 
Seat 6: Alexo20161220 ($87.49 in chips) 
socito: posts small blind $0.50
chinokevin13: posts big blind $1
*** HOLE CARDS ***
yzuk: folds 
yzuk leaves the table
BoyLoc0: folds 
henri789: folds 
Alexo20161220: calls $1
socito: folds 
mr.Jckpot joins the table at seat #3 
chinokevin13: raises $4 to $5
Alexo20161220: folds 
Uncalled bet ($4) returned to chinokevin13
chinokevin13 collected $2.50 from pot
chinokevin13: doesn't show hand 
*** SUMMARY ***
Total pot $2.50 | Rake $0 
Seat 1: socito (small blind) folded before Flop
Seat 2: chinokevin13 (big blind) collected ($2.50)
Seat 3: yzuk folded before Flop (didn't bet)
Seat 4: BoyLoc0 folded before Flop (didn't bet)
Seat 5: henri789 folded before Flop (didn't bet)
Seat 6: Alexo20161220 (button) folded before Flop



PokerStars Hand #254371925870:  Hold'em No Limit ($0.50/$1.00 USD) - 2025/01/14 20:35:12 WET [2025/01/14 15:35:12 ET]
Table 'Media' 6-max Seat #1 is the button
Seat 1: socito ($116.16 in chips) 
Seat 2: chinokevin13 ($132.47 in chips) 
Seat 3: mr.Jckpot ($100 in chips) 
Seat 4: BoyLoc0 ($104.20 in chips) 
Seat 5: henri789 ($100 in chips) 
Seat 6: Alexo20161220 ($86.49 in chips) 
chinokevin13: posts small blind $0.50
mr.Jckpot: posts big blind $1
*** HOLE CARDS ***
BoyLoc0: folds 
henri789: raises $1.50 to $2.50
Alexo20161220: raises $15.50 to $18
socito: folds 
chinokevin13: folds 
mr.Jckpot: folds 
henri789: folds 
Uncalled bet ($15.50) returned to Alexo20161220
Alexo20161220 collected $6.50 from pot
*** SUMMARY ***
Total pot $6.50 | Rake $0 
Seat 1: socito (button) folded before Flop (didn't bet)
Seat 2: chinokevin13 (small blind) folded before Flop
Seat 3: mr.Jckpot (big blind) folded before Flop
Seat 4: BoyLoc0 folded before Flop (didn't bet)
Seat 5: henri789 folded before Flop
Seat 6: Alexo20161220 collected ($6.50)



PokerStars Hand #254371935380:  Hold'em No Limit ($0.50/$1.00 USD) - 2025/01/14 20:35:42 WET [2025/01/14 15:35:42 ET]
Table 'Media' 6-max Seat #2 is the button
Seat 1: socito ($116.16 in chips) 
Seat 2: chinokevin13 ($131.97 in chips) 
Seat 3: mr.Jckpot ($100 in chips) 
Seat 4: BoyLoc0 ($104.20 in chips) 
Seat 5: henri789 ($100 in chips) 
Seat 6: Alexo20161220 ($90.49 in chips) 
mr.Jckpot: posts small blind $0.50
BoyLoc0: posts big blind $1
*** HOLE CARDS ***
henri789: folds 
Alexo20161220: folds 
socito: folds 
chinokevin13: raises $1.50 to $2.50
mr.Jckpot: folds 
BoyLoc0: folds 
Uncalled bet ($1.50) returned to chinokevin13
chinokevin13 collected $2.50 from pot
chinokevin13: doesn't show hand 
*** SUMMARY ***
Total pot $2.50 | Rake $0 
Seat 1: socito folded before Flop (didn't bet)
Seat 2: chinokevin13 (button) collected ($2.50)
Seat 3: mr.Jckpot (small blind) folded before Flop
Seat 4: BoyLoc0 (big blind) folded before Flop
Seat 5: henri789 folded before Flop (didn't bet)
Seat 6: Alexo20161220 folded before Flop (didn't bet)



PokerStars Hand #254371941633:  Hold'em No Limit ($0.50/$1.00 USD) - 2025/01/14 20:36:01 WET [2025/01/14 15:36:01 ET]
Table 'Media' 6-max Seat #3 is the button
Seat 1: socito ($116.16 in chips) 
Seat 2: chinokevin13 ($133.47 in chips) 
Seat 3: mr.Jckpot ($100 in chips) 
Seat 4: BoyLoc0 ($103.20 in chips) 
Seat 5: henri789 ($100 in chips) 
Seat 6: Alexo20161220 ($90.49 in chips) 
BoyLoc0: posts small blind $0.50
henri789: posts big blind $1
*** HOLE CARDS ***
Alexo20161220: folds 
socito: folds 
chinokevin13: folds 
mr.Jckpot: folds 
BoyLoc0: raises $2 to $3
henri789: folds 
Uncalled bet ($2) returned to BoyLoc0
BoyLoc0 collected $2 from pot
BoyLoc0: doesn't show hand 
*** SUMMARY ***
Total pot $2 | Rake $0 
Seat 1: socito folded before Flop (didn't bet)
Seat 2: chinokevin13 folded before Flop (didn't bet)
Seat 3: mr.Jckpot (button) folded before Flop (didn't bet)
Seat 4: BoyLoc0 (small blind) collected ($2)
Seat 5: henri789 (big blind) folded before Flop
Seat 6: Alexo20161220 folded before Flop (didn't bet)



PokerStars Hand #254371949118:  Hold'em No Limit ($0.50/$1.00 USD) - 2025/01/14 20:36:24 WET [2025/01/14 15:36:24 ET]
Table 'Media' 6-max Seat #4 is the button
Seat 1: socito ($116.16 in chips) 
Seat 2: chinokevin13 ($133.47 in chips) 
Seat 3: mr.Jckpot ($100 in chips) 
Seat 4: BoyLoc0 ($104.20 in chips) 
Seat 5: henri789 ($100 in chips) 
Seat 6: Alexo20161220 ($90.49 in chips) 
henri789: posts small blind $0.50
Alexo20161220: posts big blind $1
*** HOLE CARDS ***
socito: folds 
chinokevin13: raises $1.20 to $2.20
mr.Jckpot: folds 
BoyLoc0: folds 
henri789: folds 
Alexo20161220: calls $1.20
*** FLOP *** [8d 4s 2d]
Alexo20161220: checks 
chinokevin13: checks 
*** TURN *** [8d 4s 2d] [5s]
Alexo20161220: bets $2
chinokevin13: folds 
Uncalled bet ($2) returned to Alexo20161220
Alexo20161220 collected $4.66 from pot
*** SUMMARY ***
Total pot $4.90 | Rake $0.24 
Board [8d 4s 2d 5s]
Seat 1: socito folded before Flop (didn't bet)
Seat 2: chinokevin13 folded on the Turn
Seat 3: mr.Jckpot folded before Flop (didn't bet)
Seat 4: BoyLoc0 (button) folded before Flop (didn't bet)
Seat 5: henri789 (small blind) folded before Flop
Seat 6: Alexo20161220 (big blind) collected ($4.66)



PokerStars Hand #254371963904:  Hold'em No Limit ($0.50/$1.00 USD) - 2025/01/14 20:37:11 WET [2025/01/14 15:37:11 ET]
Table 'Media' 6-max Seat #5 is the button
Seat 1: socito ($116.16 in chips) 
Seat 2: chinokevin13 ($131.27 in chips) 
Seat 3: mr.Jckpot ($100 in chips) 
Seat 4: BoyLoc0 ($104.20 in chips) 
Seat 5: henri789 ($100 in chips) 
Seat 6: Alexo20161220 ($92.95 in chips) 
Alexo20161220: posts small blind $0.50
socito: posts big blind $1
*** HOLE CARDS ***
chinokevin13: folds 
mr.Jckpot: folds 
BoyLoc0: raises $1.50 to $2.50
henri789: folds 
Alexo20161220: folds 
socito: folds 
Uncalled bet ($1.50) returned to BoyLoc0
BoyLoc0 collected $2.50 from pot
BoyLoc0: doesn't show hand 
*** SUMMARY ***
Total pot $2.50 | Rake $0 
Seat 1: socito (big blind) folded before Flop
Seat 2: chinokevin13 folded before Flop (didn't bet)
Seat 3: mr.Jckpot folded before Flop (didn't bet)
Seat 4: BoyLoc0 collected ($2.50)
Seat 5: henri789 (button) folded before Flop (didn't bet)
Seat 6: Alexo20161220 (small blind) folded before Flop



PokerStars Hand #254371970410:  Hold'em No Limit ($0.50/$1.00 USD) - 2025/01/14 20:37:31 WET [2025/01/14 15:37:31 ET]
Table 'Media' 6-max Seat #6 is the button
Seat 1: socito ($115.16 in chips) 
Seat 2: chinokevin13 ($131.27 in chips) 
Seat 3: mr.Jckpot ($100 in chips) 
Seat 4: BoyLoc0 ($105.70 in chips) 
Seat 5: henri789 ($100 in chips) 
Seat 6: Alexo20161220 ($92.45 in chips) 
socito: posts small blind $0.50
chinokevin13: posts big blind $1
*** HOLE CARDS ***
mr.Jckpot: folds 
BoyLoc0: folds 
henri789: folds 
Alexo20161220: folds 
socito: raises $2 to $3
chinokevin13: calls $2
*** FLOP *** [As Tc 4d]
socito: bets $1.88
chinokevin13: calls $1.88
*** TURN *** [As Tc 4d] [2c]
socito: checks 
chinokevin13: checks 
*** RIVER *** [As Tc 4d 2c] [3c]
socito: checks 
chinokevin13: bets $6.95
socito: folds 
Uncalled bet ($6.95) returned to chinokevin13
chinokevin13 collected $9.27 from pot
chinokevin13: doesn't show hand 
*** SUMMARY ***
Total pot $9.76 | Rake $0.49 
Board [As Tc 4d 2c 3c]
Seat 1: socito (small blind) folded on the River
Seat 2: chinokevin13 (big blind) collected ($9.27)
Seat 3: mr.Jckpot folded before Flop (didn't bet)
Seat 4: BoyLoc0 folded before Flop (didn't bet)
Seat 5: henri789 folded before Flop (didn't bet)
Seat 6: Alexo20161220 (button) folded before Flop (didn't bet)



PokerStars Hand #254371995980:  Hold'em No Limit ($0.50/$1.00 USD) - 2025/01/14 20:38:50 WET [2025/01/14 15:38:50 ET]
Table 'Media' 6-max Seat #1 is the button
Seat 1: socito ($110.28 in chips) 
Seat 2: chinokevin13 ($135.66 in chips) 
Seat 3: mr.Jckpot ($100 in chips) 
Seat 4: BoyLoc0 ($105.70 in chips) 
Seat 5: henri789 ($100 in chips) 
Seat 6: Alexo20161220 ($92.45 in chips) 
chinokevin13: posts small blind $0.50
mr.Jckpot: posts big blind $1
*** HOLE CARDS ***
BoyLoc0: folds 
henri789: folds 
Alexo20161220: folds 
socito: raises $1.50 to $2.50
chinokevin13: raises $8.50 to $11
mr.Jckpot: folds 
socito: folds 
Uncalled bet ($8.50) returned to chinokevin13
chinokevin13 collected $6 from pot
chinokevin13: doesn't show hand 
*** SUMMARY ***
Total pot $6 | Rake $0 
Seat 1: socito (button) folded before Flop
Seat 2: chinokevin13 (small blind) collected ($6)
Seat 3: mr.Jckpot (big blind) folded before Flop
Seat 4: BoyLoc0 folded before Flop (didn't bet)
Seat 5: henri789 folded before Flop (didn't bet)
Seat 6: Alexo20161220 folded before Flop (didn't bet)



PokerStars Hand #254372008918:  Hold'em No Limit ($0.50/$1.00 USD) - 2025/01/14 20:39:30 WET [2025/01/14 15:39:30 ET]
Table 'Media' 6-max Seat #2 is the button
Seat 1: socito ($107.78 in chips) 
Seat 2: chinokevin13 ($139.16 in chips) 
Seat 3: mr.Jckpot ($100 in chips) 
Seat 4: BoyLoc0 ($105.70 in chips) 
Seat 5: henri789 ($100 in chips) 
Seat 6: Alexo20161220 ($92.45 in chips) 
mr.Jckpot: posts small blind $0.50
BoyLoc0: posts big blind $1
*** HOLE CARDS ***
henri789: folds 
Alexo20161220: folds 
socito: folds 
chinokevin13: folds 
mr.Jckpot: folds 
Uncalled bet ($0.50) returned to BoyLoc0
BoyLoc0 collected $1 from pot
BoyLoc0: doesn't show hand 
*** SUMMARY ***
Total pot $1 | Rake $0 
Seat 1: socito folded before Flop (didn't bet)
Seat 2: chinokevin13 (button) folded before Flop (didn't bet)
Seat 3: mr.Jckpot (small blind) folded before Flop
Seat 4: BoyLoc0 (big blind) collected ($1)
Seat 5: henri789 folded before Flop (didn't bet)
Seat 6: Alexo20161220 folded before Flop (didn't bet)



PokerStars Hand #254372014602:  Hold'em No Limit ($0.50/$1.00 USD) - 2025/01/14 20:39:48 WET [2025/01/14 15:39:48 ET]
Table 'Media' 6-max Seat #3 is the button
Seat 1: socito ($107.78 in chips) 
Seat 2: chinokevin13 ($139.16 in chips) 
Seat 3: mr.Jckpot ($100 in chips) 
Seat 4: BoyLoc0 ($106.20 in chips) 
Seat 5: henri789 ($100 in chips) 
Seat 6: Alexo20161220 ($92.45 in chips) 
BoyLoc0: posts small blind $0.50
henri789: posts big blind $1
*** HOLE CARDS ***
Alexo20161220: calls $1
socito: folds 
chinokevin13: folds 
mr.Jckpot: folds 
BoyLoc0: folds 
henri789: raises $4 to $5
Alexo20161220: calls $4
*** FLOP *** [Jh 8d Jd]
henri789: bets $2.99
Alexo20161220: calls $2.99
*** TURN *** [Jh 8d Jd] [6c]
henri789: checks 
Alexo20161220: bets $10
henri789: folds 
Uncalled bet ($10) returned to Alexo20161220
Alexo20161220 collected $15.66 from pot
*** SUMMARY ***
Total pot $16.48 | Rake $0.82 
Board [Jh 8d Jd 6c]
Seat 1: socito folded before Flop (didn't bet)
Seat 2: chinokevin13 folded before Flop (didn't bet)
Seat 3: mr.Jckpot (button) folded before Flop (didn't bet)
Seat 4: BoyLoc0 (small blind) folded before Flop
Seat 5: henri789 (big blind) folded on the Turn
Seat 6: Alexo20161220 collected ($15.66)



PokerStars Hand #254372031523:  Hold'em No Limit ($0.50/$1.00 USD) - 2025/01/14 20:40:40 WET [2025/01/14 15:40:40 ET]
Table 'Media' 6-max Seat #4 is the button
Seat 1: socito ($107.78 in chips) 
Seat 2: chinokevin13 ($139.16 in chips) 
Seat 3: mr.Jckpot ($100 in chips) 
Seat 4: BoyLoc0 ($105.70 in chips) 
Seat 5: henri789 ($100 in chips) 
Seat 6: Alexo20161220 ($100.12 in chips) 
henri789: posts small blind $0.50
Alexo20161220: posts big blind $1
*** HOLE CARDS ***
socito: folds 
chinokevin13: raises $1.20 to $2.20
mr.Jckpot: folds 
BoyLoc0: folds 
henri789: folds 
Alexo20161220: calls $1.20
*** FLOP *** [Kh 9c Kc]
Alexo20161220: checks 
chinokevin13: bets $1.54
Alexo20161220: folds 
Uncalled bet ($1.54) returned to chinokevin13
chinokevin13 collected $4.66 from pot
chinokevin13: doesn't show hand 
*** SUMMARY ***
Total pot $4.90 | Rake $0.24 
Board [Kh 9c Kc]
Seat 1: socito folded before Flop (didn't bet)
Seat 2: chinokevin13 collected ($4.66)
Seat 3: mr.Jckpot folded before Flop (didn't bet)
Seat 4: BoyLoc0 (button) folded before Flop (didn't bet)
Seat 5: henri789 (small blind) folded before Flop
Seat 6: Alexo20161220 (big blind) folded on the Flop



PokerStars Hand #254372041379:  Hold'em No Limit ($0.50/$1.00 USD) - 2025/01/14 20:41:10 WET [2025/01/14 15:41:10 ET]
Table 'Media' 6-max Seat #5 is the button
Seat 1: socito ($107.78 in chips) 
Seat 2: chinokevin13 ($141.62 in chips) 
Seat 3: mr.Jckpot ($100 in chips) 
Seat 4: BoyLoc0 ($105.70 in chips) 
Seat 5: henri789 ($100 in chips) 
Seat 6: Alexo20161220 ($97.92 in chips) 
Alexo20161220: posts small blind $0.50
socito: posts big blind $1
*** HOLE CARDS ***
chinokevin13: folds 
mr.Jckpot: folds 
BoyLoc0: raises $1.50 to $2.50
henri789: folds 
Alexo20161220: calls $2
socito: raises $10.50 to $13
BoyLoc0: folds 
Alexo20161220: folds 
Uncalled bet ($10.50) returned to socito
socito collected $7.50 from pot
socito: doesn't show hand 
*** SUMMARY ***
Total pot $7.50 | Rake $0 
Seat 1: socito (big blind) collected ($7.50)
Seat 2: chinokevin13 folded before Flop (didn't bet)
Seat 3: mr.Jckpot folded before Flop (didn't bet)
Seat 4: BoyLoc0 folded before Flop
Seat 5: henri789 (button) folded before Flop (didn't bet)
Seat 6: Alexo20161220 (small blind) folded before Flop



PokerStars Hand #254372049035:  Hold'em No Limit ($0.50/$1.00 USD) - 2025/01/14 20:41:35 WET [2025/01/14 15:41:35 ET]
Table 'Media' 6-max Seat #6 is the button
Seat 1: socito ($112.78 in chips) 
Seat 2: chinokevin13 ($141.62 in chips) 
Seat 3: mr.Jckpot ($100 in chips) 
Seat 4: BoyLoc0 ($103.20 in chips) 
Seat 5: henri789 ($100 in chips) 
Seat 6: Alexo20161220 ($95.42 in chips) 
socito: posts small blind $0.50
chinokevin13: posts big blind $1
*** HOLE CARDS ***
mr.Jckpot: folds 
BoyLoc0: folds 
henri789: folds 
Alexo20161220: raises $2 to $3
socito: folds 
chinokevin13: folds 
Uncalled bet ($2) returned to Alexo20161220
Alexo20161220 collected $2.50 from pot
*** SUMMARY ***
Total pot $2.50 | Rake $0 
Seat 1: socito (small blind) folded before Flop
Seat 2: chinokevin13 (big blind) folded before Flop
Seat 3: mr.Jckpot folded before Flop (didn't bet)
Seat 4: BoyLoc0 folded before Flop (didn't bet)
Seat 5: henri789 folded before Flop (didn't bet)
Seat 6: Alexo20161220 (button) collected ($2.50)



PokerStars Hand #254372057726:  Hold'em No Limit ($0.50/$1.00 USD) - 2025/01/14 20:42:02 WET [2025/01/14 15:42:02 ET]
Table 'Media' 6-max Seat #1 is the button
Seat 1: socito ($112.28 in chips) 
Seat 2: chinokevin13 ($140.62 in chips) 
Seat 3: mr.Jckpot ($100 in chips) 
Seat 4: BoyLoc0 ($103.20 in chips) 
Seat 5: henri789 ($100 in chips) 
Seat 6: Alexo20161220 ($96.92 in chips) 
chinokevin13: posts small blind $0.50
mr.Jckpot: posts big blind $1
*** HOLE CARDS ***
BoyLoc0: folds 
henri789: folds 
Alexo20161220: calls $1
socito: folds 
chinokevin13: folds 
mr.Jckpot: checks 
*** FLOP *** [5s 3s 7c]
mr.Jckpot: checks 
Alexo20161220: bets $3
mr.Jckpot: folds 
Uncalled bet ($3) returned to Alexo20161220
Alexo20161220 collected $2.38 from pot
*** SUMMARY ***
Total pot $2.50 | Rake $0.12 
Board [5s 3s 7c]
Seat 1: socito (button) folded before Flop (didn't bet)
Seat 2: chinokevin13 (small blind) folded before Flop
Seat 3: mr.Jckpot (big blind) folded on the Flop
Seat 4: BoyLoc0 folded before Flop (didn't bet)
Seat 5: henri789 folded before Flop (didn't bet)
Seat 6: Alexo20161220 collected ($2.38)



PokerStars Hand #254372067286:  Hold'em No Limit ($0.50/$1.00 USD) - 2025/01/14 20:42:31 WET [2025/01/14 15:42:31 ET]
Table 'Media' 6-max Seat #2 is the button
Seat 1: socito ($112.28 in chips) 
Seat 2: chinokevin13 ($140.12 in chips) 
Seat 3: mr.Jckpot ($100 in chips) 
Seat 4: BoyLoc0 ($103.20 in chips) 
Seat 5: henri789 ($100 in chips) 
Seat 6: Alexo20161220 ($98.30 in chips) 
mr.Jckpot: posts small blind $0.50
BoyLoc0: posts big blind $1
*** HOLE CARDS ***
henri789: folds 
Alexo20161220: folds 
socito: folds 
chinokevin13: raises $1.50 to $2.50
mr.Jckpot: folds 
BoyLoc0: folds 
Uncalled bet ($1.50) returned to chinokevin13
chinokevin13 collected $2.50 from pot
chinokevin13: doesn't show hand 
*** SUMMARY ***
Total pot $2.50 | Rake $0 
Seat 1: socito folded before Flop (didn't bet)
Seat 2: chinokevin13 (button) collected ($2.50)
Seat 3: mr.Jckpot (small blind) folded before Flop
Seat 4: BoyLoc0 (big blind) folded before Flop
Seat 5: henri789 folded before Flop (didn't bet)
Seat 6: Alexo20161220 folded before Flop (didn't bet)



PokerStars Hand #254372071752:  Hold'em No Limit ($0.50/$1.00 USD) - 2025/01/14 20:42:45 WET [2025/01/14 15:42:45 ET]
Table 'Media' 6-max Seat #3 is the button
Seat 1: socito ($112.28 in chips) 
Seat 2: chinokevin13 ($141.62 in chips) 
Seat 3: mr.Jckpot ($100 in chips) 
Seat 4: BoyLoc0 ($102.20 in chips) 
Seat 5: henri789 ($100 in chips) 
Seat 6: Alexo20161220 ($98.30 in chips) 
BoyLoc0: posts small blind $0.50
henri789: posts big blind $1
*** HOLE CARDS ***
Alexo20161220: calls $1
socito: folds 
chinokevin13: folds 
mr.Jckpot: folds 
BoyLoc0: folds 
henri789: checks 
*** FLOP *** [7d 7h 6d]
henri789: checks 
Alexo20161220: bets $2
henri789: raises $3.13 to $5.13
Alexo20161220: calls $3.13
*** TURN *** [7d 7h 6d] [Ad]
henri789: bets $17
Alexo20161220: folds 
Uncalled bet ($17) returned to henri789
henri789 collected $12.12 from pot
henri789: doesn't show hand 
*** SUMMARY ***
Total pot $12.76 | Rake $0.64 
Board [7d 7h 6d Ad]
Seat 1: socito folded before Flop (didn't bet)
Seat 2: chinokevin13 folded before Flop (didn't bet)
Seat 3: mr.Jckpot (button) folded before Flop (didn't bet)
Seat 4: BoyLoc0 (small blind) folded before Flop
Seat 5: henri789 (big blind) collected ($12.12)
Seat 6: Alexo20161220 folded on the Turn



PokerStars Hand #254372083511:  Hold'em No Limit ($0.50/$1.00 USD) - 2025/01/14 20:43:22 WET [2025/01/14 15:43:22 ET]
Table 'Media' 6-max Seat #4 is the button
Seat 1: socito ($112.28 in chips) 
Seat 2: chinokevin13 ($141.62 in chips) 
Seat 3: mr.Jckpot ($100 in chips) 
Seat 4: BoyLoc0 ($101.70 in chips) 
Seat 5: henri789 ($105.99 in chips) 
Seat 6: Alexo20161220 ($92.17 in chips) 
henri789: posts small blind $0.50
Alexo20161220: posts big blind $1
*** HOLE CARDS ***
socito: raises $1.50 to $2.50
chinokevin13: folds 
mr.Jckpot: folds 
BoyLoc0: folds 
henri789: folds 
Alexo20161220: folds 
Uncalled bet ($1.50) returned to socito
socito collected $2.50 from pot
socito: doesn't show hand 
*** SUMMARY ***
Total pot $2.50 | Rake $0 
Seat 1: socito collected ($2.50)
Seat 2: chinokevin13 folded before Flop (didn't bet)
Seat 3: mr.Jckpot folded before Flop (didn't bet)
Seat 4: BoyLoc0 (button) folded before Flop (didn't bet)
Seat 5: henri789 (small blind) folded before Flop
Seat 6: Alexo20161220 (big blind) folded before Flop



PokerStars Hand #254372088587:  Hold'em No Limit ($0.50/$1.00 USD) - 2025/01/14 20:43:37 WET [2025/01/14 15:43:37 ET]
Table 'Media' 6-max Seat #5 is the button
Seat 1: socito ($113.78 in chips) 
Seat 2: chinokevin13 ($141.62 in chips) 
Seat 3: mr.Jckpot ($100 in chips) 
Seat 4: BoyLoc0 ($101.70 in chips) 
Seat 5: henri789 ($105.49 in chips) 
Seat 6: Alexo20161220 ($91.17 in chips) 
Alexo20161220: posts small blind $0.50
socito: posts big blind $1
*** HOLE CARDS ***
chinokevin13: folds 
mr.Jckpot: folds 
BoyLoc0: folds 
henri789: raises $1.50 to $2.50
Alexo20161220: folds 
socito: folds 
Uncalled bet ($1.50) returned to henri789
henri789 collected $2.50 from pot
henri789: doesn't show hand 
*** SUMMARY ***
Total pot $2.50 | Rake $0 
Seat 1: socito (big blind) folded before Flop
Seat 2: chinokevin13 folded before Flop (didn't bet)
Seat 3: mr.Jckpot folded before Flop (didn't bet)
Seat 4: BoyLoc0 folded before Flop (didn't bet)
Seat 5: henri789 (button) collected ($2.50)
Seat 6: Alexo20161220 (small blind) folded before Flop



PokerStars Hand #254372093324:  Hold'em No Limit ($0.50/$1.00 USD) - 2025/01/14 20:43:52 WET [2025/01/14 15:43:52 ET]
Table 'Media' 6-max Seat #6 is the button
Seat 1: socito ($112.78 in chips) 
Seat 2: chinokevin13 ($141.62 in chips) 
Seat 3: mr.Jckpot ($100 in chips) 
Seat 4: BoyLoc0 ($101.70 in chips) 
Seat 5: henri789 ($106.99 in chips) 
Seat 6: Alexo20161220 ($90.67 in chips) 
socito: posts small blind $0.50
chinokevin13: posts big blind $1
*** HOLE CARDS ***
mr.Jckpot: folds 
BoyLoc0: folds 
henri789: folds 
Alexo20161220: raises $3 to $4
socito: folds 
chinokevin13: folds 
Uncalled bet ($3) returned to Alexo20161220
Alexo20161220 collected $2.50 from pot
*** SUMMARY ***
Total pot $2.50 | Rake $0 
Seat 1: socito (small blind) folded before Flop
Seat 2: chinokevin13 (big blind) folded before Flop
Seat 3: mr.Jckpot folded before Flop (didn't bet)
Seat 4: BoyLoc0 folded before Flop (didn't bet)
Seat 5: henri789 folded before Flop (didn't bet)
Seat 6: Alexo20161220 (button) collected ($2.50)



PokerStars Hand #254372102022:  Hold'em No Limit ($0.50/$1.00 USD) - 2025/01/14 20:44:20 WET [2025/01/14 15:44:20 ET]
Table 'Media' 6-max Seat #1 is the button
Seat 1: socito ($112.28 in chips) 
Seat 2: chinokevin13 ($140.62 in chips) 
Seat 3: mr.Jckpot ($100 in chips) 
Seat 4: BoyLoc0 ($101.70 in chips) 
Seat 5: henri789 ($106.99 in chips) 
Seat 6: Alexo20161220 ($92.17 in chips) 
chinokevin13: posts small blind $0.50
mr.Jckpot: posts big blind $1
*** HOLE CARDS ***
BoyLoc0: folds 
henri789: folds 
Alexo20161220: calls $1
socito: raises $3.50 to $4.50
chinokevin13: folds 
mr.Jckpot: folds 
Alexo20161220: calls $3.50
*** FLOP *** [2c 8c Jc]
Alexo20161220: checks 
socito: bets $2.50
Alexo20161220: folds 
Uncalled bet ($2.50) returned to socito
socito collected $9.98 from pot
socito: doesn't show hand 
*** SUMMARY ***
Total pot $10.50 | Rake $0.52 
Board [2c 8c Jc]
Seat 1: socito (button) collected ($9.98)
Seat 2: chinokevin13 (small blind) folded before Flop
Seat 3: mr.Jckpot (big blind) folded before Flop
Seat 4: BoyLoc0 folded before Flop (didn't bet)
Seat 5: henri789 folded before Flop (didn't bet)
Seat 6: Alexo20161220 folded on the Flop



PokerStars Hand #254372113730:  Hold'em No Limit ($0.50/$1.00 USD) - 2025/01/14 20:44:57 WET [2025/01/14 15:44:57 ET]
Table 'Media' 6-max Seat #2 is the button
Seat 1: socito ($117.76 in chips) 
Seat 2: chinokevin13 ($140.12 in chips) 
Seat 3: mr.Jckpot ($100 in chips) 
Seat 4: BoyLoc0 ($101.70 in chips) 
Seat 5: henri789 ($106.99 in chips) 
Seat 6: Alexo20161220 ($87.67 in chips) 
mr.Jckpot: posts small blind $0.50
BoyLoc0: posts big blind $1
*** HOLE CARDS ***
henri789: folds 
Alexo20161220: folds 
socito: raises $1.50 to $2.50
chinokevin13: folds 
mr.Jckpot: folds 
BoyLoc0: folds 
Uncalled bet ($1.50) returned to socito
socito collected $2.50 from pot
socito: doesn't show hand 
*** SUMMARY ***
Total pot $2.50 | Rake $0 
Seat 1: socito collected ($2.50)
Seat 2: chinokevin13 (button) folded before Flop (didn't bet)
Seat 3: mr.Jckpot (small blind) folded before Flop
Seat 4: BoyLoc0 (big blind) folded before Flop
Seat 5: henri789 folded before Flop (didn't bet)
Seat 6: Alexo20161220 folded before Flop (didn't bet)



PokerStars Hand #254372120306:  Hold'em No Limit ($0.50/$1.00 USD) - 2025/01/14 20:45:18 WET [2025/01/14 15:45:18 ET]
Table 'Media' 6-max Seat #3 is the button
Seat 1: socito ($119.26 in chips) 
Seat 2: chinokevin13 ($140.12 in chips) 
Seat 3: mr.Jckpot ($100 in chips) 
Seat 4: BoyLoc0 ($100.70 in chips) 
Seat 5: henri789 ($106.99 in chips) 
Seat 6: Alexo20161220 ($87.67 in chips) 
BoyLoc0: posts small blind $0.50
henri789: posts big blind $1
*** HOLE CARDS ***
Alexo20161220: folds 
socito: folds 
chinokevin13: folds 
mr.Jckpot: raises $1.50 to $2.50
BoyLoc0: folds 
henri789: raises $9.50 to $12
mr.Jckpot: folds 
Uncalled bet ($9.50) returned to henri789
henri789 collected $5.50 from pot
henri789: doesn't show hand 
*** SUMMARY ***
Total pot $5.50 | Rake $0 
Seat 1: socito folded before Flop (didn't bet)
Seat 2: chinokevin13 folded before Flop (didn't bet)
Seat 3: mr.Jckpot (button) folded before Flop
Seat 4: BoyLoc0 (small blind) folded before Flop
Seat 5: henri789 (big blind) collected ($5.50)
Seat 6: Alexo20161220 folded before Flop (didn't bet)



PokerStars Hand #254372131718:  Hold'em No Limit ($0.50/$1.00 USD) - 2025/01/14 20:45:53 WET [2025/01/14 15:45:53 ET]
Table 'Media' 6-max Seat #4 is the button
Seat 1: socito ($119.26 in chips) 
Seat 2: chinokevin13 ($140.12 in chips) 
Seat 3: mr.Jckpot ($100 in chips) 
Seat 4: BoyLoc0 ($100.20 in chips) 
Seat 5: henri789 ($109.99 in chips) 
Seat 6: Alexo20161220 ($87.67 in chips) 
henri789: posts small blind $0.50
Alexo20161220: posts big blind $1
*** HOLE CARDS ***
socito: folds 
chinokevin13: folds 
mr.Jckpot: folds 
BoyLoc0: raises $1.50 to $2.50
henri789: folds 
Alexo20161220: calls $1.50
*** FLOP *** [Kc Js Jh]
Alexo20161220: checks 
BoyLoc0: checks 
*** TURN *** [Kc Js Jh] [As]
Alexo20161220: checks 
BoyLoc0: bets $3.92
Alexo20161220: calls $3.92
*** RIVER *** [Kc Js Jh As] [4h]
Alexo20161220: checks 
BoyLoc0: checks 
*** SHOW DOWN ***
Alexo20161220: shows [Jc 9s] (three of a kind, Jacks)
BoyLoc0: mucks hand 
Alexo20161220 collected $12.67 from pot
*** SUMMARY ***
Total pot $13.34 | Rake $0.67 
Board [Kc Js Jh As 4h]
Seat 1: socito folded before Flop (didn't bet)
Seat 2: chinokevin13 folded before Flop (didn't bet)
Seat 3: mr.Jckpot folded before Flop (didn't bet)
Seat 4: BoyLoc0 (button) mucked
Seat 5: henri789 (small blind) folded before Flop
Seat 6: Alexo20161220 (big blind) showed [Jc 9s] and won ($12.67) with three of a kind, Jacks



PokerStars Hand #254372141743:  Hold'em No Limit ($0.50/$1.00 USD) - 2025/01/14 20:46:25 WET [2025/01/14 15:46:25 ET]
Table 'Media' 6-max Seat #5 is the button
Seat 1: socito ($119.26 in chips) 
Seat 2: chinokevin13 ($140.12 in chips) 
Seat 3: mr.Jckpot ($100 in chips) 
Seat 5: henri789 ($109.49 in chips) 
Seat 6: Alexo20161220 ($93.92 in chips) 
Alexo20161220: posts small blind $0.50
socito: posts big blind $1
*** HOLE CARDS ***
chinokevin13: folds 
mr.Jckpot: folds 
henri789: folds 
Alexo20161220: folds 
Uncalled bet ($0.50) returned to socito
socito collected $1 from pot
socito: doesn't show hand 
kars0n joins the table at seat #4 
*** SUMMARY ***
Total pot $1 | Rake $0 
Seat 1: socito (big blind) collected ($1)
Seat 2: chinokevin13 folded before Flop (didn't bet)
Seat 3: mr.Jckpot folded before Flop (didn't bet)
Seat 5: henri789 (button) folded before Flop (didn't bet)
Seat 6: Alexo20161220 (small blind) folded before Flop



PokerStars Hand #254372146244:  Hold'em No Limit ($0.50/$1.00 USD) - 2025/01/14 20:46:40 WET [2025/01/14 15:46:40 ET]
Table 'Media' 6-max Seat #6 is the button
Seat 4: kars0n ($80 in chips) is sitting out
Seat 1: socito ($119.76 in chips) 
Seat 2: chinokevin13 ($140.12 in chips) 
Seat 3: mr.Jckpot ($100 in chips) 
Seat 5: henri789 ($109.49 in chips) 
Seat 6: Alexo20161220 ($93.42 in chips) 
socito: posts small blind $0.50
chinokevin13: posts big blind $1
kars0n: sits out 
*** HOLE CARDS ***
mr.Jckpot: folds 
henri789: folds 
Alexo20161220: raises $2 to $3
socito: raises $9 to $12
chinokevin13: folds 
Alexo20161220: folds 
Uncalled bet ($9) returned to socito
socito collected $7 from pot
socito: doesn't show hand 
*** SUMMARY ***
Total pot $7 | Rake $0 
Seat 4: kars0n
Seat 1: socito (small blind) collected ($7)
Seat 2: chinokevin13 (big blind) folded before Flop
Seat 3: mr.Jckpot folded before Flop (didn't bet)
Seat 5: henri789 folded before Flop (didn't bet)
Seat 6: Alexo20161220 (button) folded before Flop



PokerStars Hand #254372154548:  Hold'em No Limit ($0.50/$1.00 USD) - 2025/01/14 20:47:05 WET [2025/01/14 15:47:05 ET]
Table 'Media' 6-max Seat #1 is the button
Seat 4: kars0n ($100 in chips) is sitting out
Seat 1: socito ($123.76 in chips) 
Seat 2: chinokevin13 ($139.12 in chips) 
Seat 3: mr.Jckpot ($100 in chips) 
Seat 5: henri789 ($109.49 in chips) 
Seat 6: Alexo20161220 ($90.42 in chips) 
chinokevin13: posts small blind $0.50
mr.Jckpot: posts big blind $1
kars0n: sits out 
*** HOLE CARDS ***
henri789: folds 
Alexo20161220: folds 
socito: folds 
chinokevin13: raises $2 to $3
mr.Jckpot: calls $2
*** FLOP *** [3c 9c 2s]
chinokevin13: bets $1.88
mr.Jckpot: folds 
Uncalled bet ($1.88) returned to chinokevin13
chinokevin13 collected $5.70 from pot
chinokevin13: doesn't show hand 
*** SUMMARY ***
Total pot $6 | Rake $0.30 
Board [3c 9c 2s]
Seat 4: kars0n
Seat 1: socito (button) folded before Flop (didn't bet)
Seat 2: chinokevin13 (small blind) collected ($5.70)
Seat 3: mr.Jckpot (big blind) folded on the Flop
Seat 5: henri789 folded before Flop (didn't bet)
Seat 6: Alexo20161220 folded before Flop (didn't bet)



PokerStars Hand #254372166118:  Hold'em No Limit ($0.50/$1.00 USD) - 2025/01/14 20:47:42 WET [2025/01/14 15:47:42 ET]
Table 'Media' 6-max Seat #2 is the button
Seat 1: socito ($123.76 in chips) 
Seat 2: chinokevin13 ($141.82 in chips) 
Seat 3: mr.Jckpot ($100 in chips) 
Seat 4: kars0n ($100 in chips) 
Seat 5: henri789 ($109.49 in chips) 
Seat 6: Alexo20161220 ($90.42 in chips) 
mr.Jckpot: posts small blind $0.50
kars0n: posts big blind $1
*** HOLE CARDS ***
henri789: folds 
Alexo20161220: calls $1
socito: folds 
chinokevin13: raises $3 to $4
mr.Jckpot: folds 
kars0n: folds 
Alexo20161220: calls $3
*** FLOP *** [Qh 8c Ts]
Alexo20161220: checks 
chinokevin13: bets $2.98
Alexo20161220: calls $2.98
*** TURN *** [Qh 8c Ts] [2h]
Alexo20161220: checks 
chinokevin13: checks 
*** RIVER *** [Qh 8c Ts 2h] [4h]
Alexo20161220: bets $5
chinokevin13: folds 
Uncalled bet ($5) returned to Alexo20161220
Alexo20161220 collected $14.69 from pot
*** SUMMARY ***
Total pot $15.46 | Rake $0.77 
Board [Qh 8c Ts 2h 4h]
Seat 1: socito folded before Flop (didn't bet)
Seat 2: chinokevin13 (button) folded on the River
Seat 3: mr.Jckpot (small blind) folded before Flop
Seat 4: kars0n (big blind) folded before Flop
Seat 5: henri789 folded before Flop (didn't bet)
Seat 6: Alexo20161220 collected ($14.69)



PokerStars Hand #254372193474:  Hold'em No Limit ($0.50/$1.00 USD) - 2025/01/14 20:49:10 WET [2025/01/14 15:49:10 ET]
Table 'Media' 6-max Seat #3 is the button
Seat 1: socito ($123.76 in chips) 
Seat 2: chinokevin13 ($134.84 in chips) 
Seat 3: mr.Jckpot ($100 in chips) 
Seat 4: kars0n ($100 in chips) 
Seat 5: henri789 ($109.49 in chips) 
Seat 6: Alexo20161220 ($98.13 in chips) 
kars0n: posts small blind $0.50
henri789: posts big blind $1
*** HOLE CARDS ***
Alexo20161220: calls $1
socito: folds 
chinokevin13: folds 
mr.Jckpot: folds 
kars0n: raises $3.50 to $4.50
henri789: folds 
Alexo20161220: calls $3.50
*** FLOP *** [2d Kd Ah]
kars0n: bets $7.13
Alexo20161220: folds 
Uncalled bet ($7.13) returned to kars0n
kars0n collected $9.50 from pot
kars0n: doesn't show hand 
*** SUMMARY ***
Total pot $10 | Rake $0.50 
Board [2d Kd Ah]
Seat 1: socito folded before Flop (didn't bet)
Seat 2: chinokevin13 folded before Flop (didn't bet)
Seat 3: mr.Jckpot (button) folded before Flop (didn't bet)
Seat 4: kars0n (small blind) collected ($9.50)
Seat 5: henri789 (big blind) folded before Flop
Seat 6: Alexo20161220 folded on the Flop



PokerStars Hand #254372205070:  Hold'em No Limit ($0.50/$1.00 USD) - 2025/01/14 20:49:47 WET [2025/01/14 15:49:47 ET]
Table 'Media' 6-max Seat #4 is the button
Seat 1: socito ($123.76 in chips) 
Seat 2: chinokevin13 ($134.84 in chips) 
Seat 3: mr.Jckpot ($100 in chips) 
Seat 4: kars0n ($105 in chips) 
Seat 5: henri789 ($108.49 in chips) 
Seat 6: Alexo20161220 ($93.63 in chips) 
henri789: posts small blind $0.50
Alexo20161220: posts big blind $1
*** HOLE CARDS ***
socito: folds 
chinokevin13: raises $1.20 to $2.20
mr.Jckpot: folds 
kars0n: folds 
henri789: folds 
Alexo20161220: folds 
Uncalled bet ($1.20) returned to chinokevin13
chinokevin13 collected $2.50 from pot
chinokevin13: doesn't show hand 
*** SUMMARY ***
Total pot $2.50 | Rake $0 
Seat 1: socito folded before Flop (didn't bet)
Seat 2: chinokevin13 collected ($2.50)
Seat 3: mr.Jckpot folded before Flop (didn't bet)
Seat 4: kars0n (button) folded before Flop (didn't bet)
Seat 5: henri789 (small blind) folded before Flop
Seat 6: Alexo20161220 (big blind) folded before Flop



PokerStars Hand #254372210871:  Hold'em No Limit ($0.50/$1.00 USD) - 2025/01/14 20:50:06 WET [2025/01/14 15:50:06 ET]
Table 'Media' 6-max Seat #5 is the button
Seat 1: socito ($123.76 in chips) 
Seat 2: chinokevin13 ($136.34 in chips) 
Seat 3: mr.Jckpot ($100 in chips) 
Seat 4: kars0n ($105 in chips) 
Seat 5: henri789 ($107.99 in chips) 
Seat 6: Alexo20161220 ($92.63 in chips) 
Alexo20161220: posts small blind $0.50
socito: posts big blind $1
*** HOLE CARDS ***
chinokevin13: folds 
mr.Jckpot: folds 
kars0n: folds 
henri789: folds 
Alexo20161220: folds 
Uncalled bet ($0.50) returned to socito
socito collected $1 from pot
socito: doesn't show hand 
*** SUMMARY ***
Total pot $1 | Rake $0 
Seat 1: socito (big blind) collected ($1)
Seat 2: chinokevin13 folded before Flop (didn't bet)
Seat 3: mr.Jckpot folded before Flop (didn't bet)
Seat 4: kars0n folded before Flop (didn't bet)
Seat 5: henri789 (button) folded before Flop (didn't bet)
Seat 6: Alexo20161220 (small blind) folded before Flop



PokerStars Hand #254372215415:  Hold'em No Limit ($0.50/$1.00 USD) - 2025/01/14 20:50:21 WET [2025/01/14 15:50:21 ET]
Table 'Media' 6-max Seat #6 is the button
Seat 1: socito ($124.26 in chips) 
Seat 2: chinokevin13 ($136.34 in chips) 
Seat 3: mr.Jckpot ($100 in chips) 
Seat 4: kars0n ($105 in chips) 
Seat 5: henri789 ($107.99 in chips) 
Seat 6: Alexo20161220 ($92.13 in chips) 
socito: posts small blind $0.50
chinokevin13: posts big blind $1
*** HOLE CARDS ***
mr.Jckpot: folds 
kars0n: folds 
henri789: folds 
Alexo20161220: raises $5 to $6
socito: folds 
chinokevin13: folds 
Uncalled bet ($5) returned to Alexo20161220
Alexo20161220 collected $2.50 from pot
*** SUMMARY ***
Total pot $2.50 | Rake $0 
Seat 1: socito (small blind) folded before Flop
Seat 2: chinokevin13 (big blind) folded before Flop
Seat 3: mr.Jckpot folded before Flop (didn't bet)
Seat 4: kars0n folded before Flop (didn't bet)
Seat 5: henri789 folded before Flop (didn't bet)
Seat 6: Alexo20161220 (button) collected ($2.50)



PokerStars Hand #254372221752:  Hold'em No Limit ($0.50/$1.00 USD) - 2025/01/14 20:50:41 WET [2025/01/14 15:50:41 ET]
Table 'Media' 6-max Seat #1 is the button
Seat 1: socito ($123.76 in chips) 
Seat 2: chinokevin13 ($135.34 in chips) 
Seat 3: mr.Jckpot ($100 in chips) 
Seat 4: kars0n ($105 in chips) 
Seat 5: henri789 ($107.99 in chips) 
Seat 6: Alexo20161220 ($93.63 in chips) 
chinokevin13: posts small blind $0.50
mr.Jckpot: posts big blind $1
*** HOLE CARDS ***
kars0n: raises $1 to $2
henri789: raises $5 to $7
Alexo20161220: folds 
socito: folds 
chinokevin13: folds 
mr.Jckpot: folds 
kars0n: folds 
Uncalled bet ($5) returned to henri789
henri789 collected $5.50 from pot
henri789: doesn't show hand 
*** SUMMARY ***
Total pot $5.50 | Rake $0 
Seat 1: socito (button) folded before Flop (didn't bet)
Seat 2: chinokevin13 (small blind) folded before Flop
Seat 3: mr.Jckpot (big blind) folded before Flop
Seat 4: kars0n folded before Flop
Seat 5: henri789 collected ($5.50)
Seat 6: Alexo20161220 folded before Flop (didn't bet)



PokerStars Hand #254372227796:  Hold'em No Limit ($0.50/$1.00 USD) - 2025/01/14 20:51:00 WET [2025/01/14 15:51:00 ET]
Table 'Media' 6-max Seat #2 is the button
Seat 1: socito ($123.76 in chips) 
Seat 2: chinokevin13 ($134.84 in chips) 
Seat 3: mr.Jckpot ($100 in chips) 
Seat 4: kars0n ($103 in chips) 
Seat 5: henri789 ($111.49 in chips) 
Seat 6: Alexo20161220 ($93.63 in chips) 
mr.Jckpot: posts small blind $0.50
kars0n: posts big blind $1
*** HOLE CARDS ***
henri789: folds 
Alexo20161220: folds 
socito: folds 
chinokevin13: folds 
mr.Jckpot: folds 
Uncalled bet ($0.50) returned to kars0n
kars0n collected $1 from pot
kars0n: doesn't show hand 
*** SUMMARY ***
Total pot $1 | Rake $0 
Seat 1: socito folded before Flop (didn't bet)
Seat 2: chinokevin13 (button) folded before Flop (didn't bet)
Seat 3: mr.Jckpot (small blind) folded before Flop
Seat 4: kars0n (big blind) collected ($1)
Seat 5: henri789 folded before Flop (didn't bet)
Seat 6: Alexo20161220 folded before Flop (didn't bet)



PokerStars Hand #254372232288:  Hold'em No Limit ($0.50/$1.00 USD) - 2025/01/14 20:51:14 WET [2025/01/14 15:51:14 ET]
Table 'Media' 6-max Seat #3 is the button
Seat 1: socito ($123.76 in chips) 
Seat 2: chinokevin13 ($134.84 in chips) 
Seat 3: mr.Jckpot ($100 in chips) 
Seat 4: kars0n ($103.50 in chips) 
Seat 5: henri789 ($111.49 in chips) 
Seat 6: Alexo20161220 ($93.63 in chips) 
kars0n: posts small blind $0.50
henri789: posts big blind $1
*** HOLE CARDS ***
Alexo20161220: calls $1
socito: folds 
chinokevin13: folds 
mr.Jckpot: raises $2.50 to $3.50
kars0n: calls $3
henri789: folds 
Alexo20161220: calls $2.50
*** FLOP *** [3h Jc 4h]
kars0n: checks 
Alexo20161220: checks 
mr.Jckpot: bets $7.21
kars0n: folds 
Alexo20161220: folds 
Uncalled bet ($7.21) returned to mr.Jckpot
mr.Jckpot collected $10.92 from pot
mr.Jckpot: doesn't show hand 
*** SUMMARY ***
Total pot $11.50 | Rake $0.58 
Board [3h Jc 4h]
Seat 1: socito folded before Flop (didn't bet)
Seat 2: chinokevin13 folded before Flop (didn't bet)
Seat 3: mr.Jckpot (button) collected ($10.92)
Seat 4: kars0n (small blind) folded on the Flop
Seat 5: henri789 (big blind) folded before Flop
Seat 6: Alexo20161220 folded on the Flop



PokerStars Hand #254372244929:  Hold'em No Limit ($0.50/$1.00 USD) - 2025/01/14 20:51:54 WET [2025/01/14 15:51:54 ET]
Table 'Media' 6-max Seat #4 is the button
Seat 1: socito ($123.76 in chips) 
Seat 2: chinokevin13 ($134.84 in chips) 
Seat 3: mr.Jckpot ($107.42 in chips) 
Seat 4: kars0n ($100 in chips) 
Seat 5: henri789 ($110.49 in chips) 
Seat 6: Alexo20161220 ($90.13 in chips) 
henri789: posts small blind $0.50
Alexo20161220: posts big blind $1
*** HOLE CARDS ***
socito: raises $1.50 to $2.50
chinokevin13: folds 
mr.Jckpot: folds 
kars0n: folds 
henri789: folds 
Alexo20161220: calls $1.50
*** FLOP *** [8h 4c Qd]
Alexo20161220: checks 
socito: checks 
*** TURN *** [8h 4c Qd] [6s]
Alexo20161220: checks 
socito: checks 
*** RIVER *** [8h 4c Qd 6s] [5s]
Alexo20161220: checks 
socito: checks 
*** SHOW DOWN ***
Alexo20161220: shows [2h 2c] (a pair of Deuces)
socito: mucks hand 
Alexo20161220 collected $5.22 from pot
*** SUMMARY ***
Total pot $5.50 | Rake $0.28 
Board [8h 4c Qd 6s 5s]
Seat 1: socito mucked
Seat 2: chinokevin13 folded before Flop (didn't bet)
Seat 3: mr.Jckpot folded before Flop (didn't bet)
Seat 4: kars0n (button) folded before Flop (didn't bet)
Seat 5: henri789 (small blind) folded before Flop
Seat 6: Alexo20161220 (big blind) showed [2h 2c] and won ($5.22) with a pair of Deuces



PokerStars Hand #254372258211:  Hold'em No Limit ($0.50/$1.00 USD) - 2025/01/14 20:52:36 WET [2025/01/14 15:52:36 ET]
Table 'Media' 6-max Seat #5 is the button
Seat 1: socito ($121.26 in chips) 
Seat 2: chinokevin13 ($134.84 in chips) 
Seat 3: mr.Jckpot ($107.42 in chips) 
Seat 4: kars0n ($100 in chips) 
Seat 5: henri789 ($109.99 in chips) 
Seat 6: Alexo20161220 ($92.85 in chips) 
Alexo20161220: posts small blind $0.50
socito: posts big blind $1
*** HOLE CARDS ***
chinokevin13: folds 
mr.Jckpot: raises $1.50 to $2.50
kars0n: folds 
henri789: folds 
Alexo20161220: calls $2
socito: folds 
*** FLOP *** [4h 4c 7d]
Alexo20161220: checks 
mr.Jckpot: checks 
*** TURN *** [4h 4c 7d] [Kh]
Alexo20161220: checks 
mr.Jckpot: bets $3.76
Alexo20161220: raises $8.76 to $12.52
mr.Jckpot: folds 
Uncalled bet ($8.76) returned to Alexo20161220
Alexo20161220 collected $12.84 from pot
*** SUMMARY ***
Total pot $13.52 | Rake $0.68 
Board [4h 4c 7d Kh]
Seat 1: socito (big blind) folded before Flop
Seat 2: chinokevin13 folded before Flop (didn't bet)
Seat 3: mr.Jckpot folded on the Turn
Seat 4: kars0n folded before Flop (didn't bet)
Seat 5: henri789 (button) folded before Flop (didn't bet)
Seat 6: Alexo20161220 (small blind) collected ($12.84)



PokerStars Hand #254372268709:  Hold'em No Limit ($0.50/$1.00 USD) - 2025/01/14 20:53:09 WET [2025/01/14 15:53:09 ET]
Table 'Media' 6-max Seat #6 is the button
Seat 1: socito ($120.26 in chips) 
Seat 2: chinokevin13 ($134.84 in chips) 
Seat 3: mr.Jckpot ($101.16 in chips) 
Seat 4: kars0n ($100 in chips) 
Seat 5: henri789 ($109.99 in chips) 
Seat 6: Alexo20161220 ($99.43 in chips) 
socito: posts small blind $0.50
chinokevin13: posts big blind $1
*** HOLE CARDS ***
mr.Jckpot: folds 
kars0n: folds 
henri789: folds 
Alexo20161220: folds 
socito: raises $2 to $3
chinokevin13: raises $6 to $9
socito: folds 
Uncalled bet ($6) returned to chinokevin13
chinokevin13 collected $6 from pot
chinokevin13: doesn't show hand 
*** SUMMARY ***
Total pot $6 | Rake $0 
Seat 1: socito (small blind) folded before Flop
Seat 2: chinokevin13 (big blind) collected ($6)
Seat 3: mr.Jckpot folded before Flop (didn't bet)
Seat 4: kars0n folded before Flop (didn't bet)
Seat 5: henri789 folded before Flop (didn't bet)
Seat 6: Alexo20161220 (button) folded before Flop (didn't bet)



PokerStars Hand #254372281814:  Hold'em No Limit ($0.50/$1.00 USD) - 2025/01/14 20:53:51 WET [2025/01/14 15:53:51 ET]
Table 'Media' 6-max Seat #1 is the button
Seat 1: socito ($117.26 in chips) 
Seat 2: chinokevin13 ($137.84 in chips) 
Seat 3: mr.Jckpot ($101.16 in chips) 
Seat 4: kars0n ($100 in chips) 
Seat 5: henri789 ($109.99 in chips) 
Seat 6: Alexo20161220 ($99.43 in chips) 
chinokevin13: posts small blind $0.50
mr.Jckpot: posts big blind $1
*** HOLE CARDS ***
kars0n: folds 
henri789: folds 
Alexo20161220: folds 
socito: folds 
chinokevin13: raises $2 to $3
mr.Jckpot: folds 
Uncalled bet ($2) returned to chinokevin13
chinokevin13 collected $2 from pot
chinokevin13: doesn't show hand 
*** SUMMARY ***
Total pot $2 | Rake $0 
Seat 1: socito (button) folded before Flop (didn't bet)
Seat 2: chinokevin13 (small blind) collected ($2)
Seat 3: mr.Jckpot (big blind) folded before Flop
Seat 4: kars0n folded before Flop (didn't bet)
Seat 5: henri789 folded before Flop (didn't bet)
Seat 6: Alexo20161220 folded before Flop (didn't bet)



PokerStars Hand #254372289327:  Hold'em No Limit ($0.50/$1.00 USD) - 2025/01/14 20:54:16 WET [2025/01/14 15:54:16 ET]
Table 'Media' 6-max Seat #2 is the button
Seat 1: socito ($117.26 in chips) 
Seat 2: chinokevin13 ($138.84 in chips) 
Seat 3: mr.Jckpot ($100.16 in chips) 
Seat 4: kars0n ($100 in chips) 
Seat 5: henri789 ($109.99 in chips) 
Seat 6: Alexo20161220 ($99.43 in chips) 
mr.Jckpot: posts small blind $0.50
kars0n: posts big blind $1
*** HOLE CARDS ***
henri789: folds 
Alexo20161220: folds 
socito: folds 
chinokevin13: folds 
mr.Jckpot: folds 
Uncalled bet ($0.50) returned to kars0n
kars0n collected $1 from pot
kars0n: doesn't show hand 
*** SUMMARY ***
Total pot $1 | Rake $0 
Seat 1: socito folded before Flop (didn't bet)
Seat 2: chinokevin13 (button) folded before Flop (didn't bet)
Seat 3: mr.Jckpot (small blind) folded before Flop
Seat 4: kars0n (big blind) collected ($1)
Seat 5: henri789 folded before Flop (didn't bet)
Seat 6: Alexo20161220 folded before Flop (didn't bet)



PokerStars Hand #254372293808:  Hold'em No Limit ($0.50/$1.00 USD) - 2025/01/14 20:54:30 WET [2025/01/14 15:54:30 ET]
Table 'Media' 6-max Seat #3 is the button
Seat 1: socito ($117.26 in chips) 
Seat 2: chinokevin13 ($138.84 in chips) 
Seat 3: mr.Jckpot ($100 in chips) 
Seat 4: kars0n ($100.50 in chips) 
Seat 5: henri789 ($109.99 in chips) 
Seat 6: Alexo20161220 ($99.43 in chips) 
kars0n: posts small blind $0.50
henri789: posts big blind $1
*** HOLE CARDS ***
Alexo20161220: folds 
socito: folds 
chinokevin13: folds 
mr.Jckpot: folds 
kars0n: raises $2 to $3
henri789: folds 
Uncalled bet ($2) returned to kars0n
kars0n collected $2 from pot
kars0n: doesn't show hand 
*** SUMMARY ***
Total pot $2 | Rake $0 
Seat 1: socito folded before Flop (didn't bet)
Seat 2: chinokevin13 folded before Flop (didn't bet)
Seat 3: mr.Jckpot (button) folded before Flop (didn't bet)
Seat 4: kars0n (small blind) collected ($2)
Seat 5: henri789 (big blind) folded before Flop
Seat 6: Alexo20161220 folded before Flop (didn't bet)



PokerStars Hand #254372299273:  Hold'em No Limit ($0.50/$1.00 USD) - 2025/01/14 20:54:48 WET [2025/01/14 15:54:48 ET]
Table 'Media' 6-max Seat #4 is the button
Seat 1: socito ($117.26 in chips) 
Seat 2: chinokevin13 ($138.84 in chips) 
Seat 3: mr.Jckpot ($100 in chips) 
Seat 4: kars0n ($101.50 in chips) 
Seat 5: henri789 ($108.99 in chips) 
Seat 6: Alexo20161220 ($99.43 in chips) 
henri789: posts small blind $0.50
Alexo20161220: posts big blind $1
*** HOLE CARDS ***
socito: folds 
chinokevin13: folds 
mr.Jckpot: folds 
kars0n: folds 
henri789: raises $2 to $3
Alexo20161220: calls $2
*** FLOP *** [Th 4d 8c]
henri789: bets $1.71
Alexo20161220: calls $1.71
*** TURN *** [Th 4d 8c] [3c]
henri789: bets $6.71
Alexo20161220: calls $6.71
*** RIVER *** [Th 4d 8c 3c] [Td]
henri789: bets $16.28
Alexo20161220: folds 
Uncalled bet ($16.28) returned to henri789
henri789 collected $21.70 from pot
henri789: doesn't show hand 
*** SUMMARY ***
Total pot $22.84 | Rake $1.14 
Board [Th 4d 8c 3c Td]
Seat 1: socito folded before Flop (didn't bet)
Seat 2: chinokevin13 folded before Flop (didn't bet)
Seat 3: mr.Jckpot folded before Flop (didn't bet)
Seat 4: kars0n (button) folded before Flop (didn't bet)
Seat 5: henri789 (small blind) collected ($21.70)
Seat 6: Alexo20161220 (big blind) folded on the River



PokerStars Hand #254372315091:  Hold'em No Limit ($0.50/$1.00 USD) - 2025/01/14 20:55:50 WET [2025/01/14 15:55:50 ET]
Table 'Media' 6-max Seat #5 is the button
Seat 1: socito ($117.26 in chips) 
Seat 2: chinokevin13 ($138.84 in chips) 
Seat 3: mr.Jckpot ($100 in chips) 
Seat 4: kars0n ($101.50 in chips) 
Seat 5: henri789 ($119.27 in chips) 
Seat 6: Alexo20161220 ($88.01 in chips) 
Alexo20161220: posts small blind $0.50
socito: posts big blind $1
*** HOLE CARDS ***
chinokevin13: folds 
mr.Jckpot: folds 
kars0n: folds 
henri789: folds 
Alexo20161220: calls $0.50
socito: checks 
*** FLOP *** [4h 6s 7c]
Alexo20161220: checks 
socito: checks 
*** TURN *** [4h 6s 7c] [Ks]
Alexo20161220: checks 
socito: checks 
*** RIVER *** [4h 6s 7c Ks] [8c]
Alexo20161220: checks 
socito: checks 
*** SHOW DOWN ***
Alexo20161220: shows [Td Qh] (high card King)
socito: shows [Qs 4d] (a pair of Fours)
socito collected $1.90 from pot
*** SUMMARY ***
Total pot $2 | Rake $0.10 
Board [4h 6s 7c Ks 8c]
Seat 1: socito (big blind) showed [Qs 4d] and won ($1.90) with a pair of Fours
Seat 2: chinokevin13 folded before Flop (didn't bet)
Seat 3: mr.Jckpot folded before Flop (didn't bet)
Seat 4: kars0n folded before Flop (didn't bet)
Seat 5: henri789 (button) folded before Flop (didn't bet)
Seat 6: Alexo20161220 (small blind) showed [Td Qh] and lost with high card King



PokerStars Hand #254372322876:  Hold'em No Limit ($0.50/$1.00 USD) - 2025/01/14 20:56:26 WET [2025/01/14 15:56:26 ET]
Table 'Media' 6-max Seat #6 is the button
Seat 1: socito ($118.16 in chips) 
Seat 2: chinokevin13 ($138.84 in chips) 
Seat 3: mr.Jckpot ($100 in chips) 
Seat 4: kars0n ($101.50 in chips) 
Seat 5: henri789 ($119.27 in chips) 
Seat 6: Alexo20161220 ($87.01 in chips) 
socito: posts small blind $0.50
chinokevin13: posts big blind $1
*** HOLE CARDS ***
mr.Jckpot: raises $1.50 to $2.50
kars0n: folds 
henri789: folds 
Alexo20161220: calls $2.50
socito: folds 
chinokevin13: calls $1.50
*** FLOP *** [3c Qh 2h]
chinokevin13: checks 
mr.Jckpot: checks 
Alexo20161220: checks 
*** TURN *** [3c Qh 2h] [9h]
chinokevin13: checks 
mr.Jckpot: checks 
Alexo20161220: bets $5
chinokevin13: folds 
mr.Jckpot: folds 
Uncalled bet ($5) returned to Alexo20161220
Alexo20161220 collected $7.60 from pot
*** SUMMARY ***
Total pot $8 | Rake $0.40 
Board [3c Qh 2h 9h]
Seat 1: socito (small blind) folded before Flop
Seat 2: chinokevin13 (big blind) folded on the Turn
Seat 3: mr.Jckpot folded on the Turn
Seat 4: kars0n folded before Flop (didn't bet)
Seat 5: henri789 folded before Flop (didn't bet)
Seat 6: Alexo20161220 (button) collected ($7.60)



