PokerStars Hand #254375896728:  Hold'em No Limit ($0.50/$1.00 USD) - 2025/01/14 0:40:49 WET [2025/01/14 19:40:49 ET]
Table 'Alkalurops II' 6-max Seat #4 is the button
Seat 3: ptolejmus ($10 in chips) 
Seat 4: Checkraise_Lux ($100 in chips) 
Seat 5: Manifestorr ($100 in chips) 
Seat 6: nikalas22 ($100 in chips) 
Manifestorr: posts small blind $0.50
nikalas22: posts big blind $1
*** HOLE CARDS ***
ptolejmus: raises $9 to $10 and is all-in
Checkraise_Lux: folds 
Manifestorr: folds 
nikalas22: folds 
Uncalled bet ($9) returned to ptolejmus
ptolejmus collected $2.50 from pot
*** SUMMARY ***
Total pot $2.50 | Rake $0 
Seat 3: ptolejmus collected ($2.50)
Seat 4: Checkraise_Lux (button) folded before Flop (didn't bet)
Seat 5: Manifestorr (small blind) folded before Flop
Seat 6: nikalas22 (big blind) folded before Flop



PokerStars Hand #254375899021:  Hold'em No Limit ($0.50/$1.00 USD) - 2025/01/14 0:41:00 WET [2025/01/14 19:41:00 ET]
Table 'Alkalurops II' 6-max Seat #5 is the button
Seat 3: ptolejmus ($11.50 in chips) 
Seat 4: Checkraise_Lux ($100 in chips) 
Seat 5: Manifestorr ($100 in chips) 
Seat 6: nikalas22 ($100 in chips) 
nikalas22: posts small blind $0.50
ptolejmus: posts big blind $1
*** HOLE CARDS ***
Checkraise_Lux: folds 
Manifestorr: raises $1.20 to $2.20
nikalas22: folds 
ptolejmus: calls $1.20
*** FLOP *** [3d 5d 5s]
ptolejmus: checks 
Manifestorr: bets $97.80 and is all-in
ptolejmus: folds 
Uncalled bet ($97.80) returned to Manifestorr
Manifestorr collected $4.66 from pot
*** SUMMARY ***
Total pot $4.90 | Rake $0.24 
Board [3d 5d 5s]
Seat 3: ptolejmus (big blind) folded on the Flop
Seat 4: Checkraise_Lux folded before Flop (didn't bet)
Seat 5: Manifestorr (button) collected ($4.66)
Seat 6: nikalas22 (small blind) folded before Flop



PokerStars Hand #254375907388:  Hold'em No Limit ($0.50/$1.00 USD) - 2025/01/14 0:41:43 WET [2025/01/14 19:41:43 ET]
Table 'Alkalurops II' 6-max Seat #6 is the button
Seat 3: ptolejmus ($10 in chips) 
Seat 4: Checkraise_Lux ($100 in chips) 
Seat 5: Manifestorr ($102.46 in chips) 
Seat 6: nikalas22 ($100 in chips) 
ptolejmus: posts small blind $0.50
Checkraise_Lux: posts big blind $1
*** HOLE CARDS ***
Manifestorr: raises $1.20 to $2.20
nikalas22: folds 
nikalas22 leaves the table
nikalas22 joins the table at seat #2 
ptolejmus: raises $7.80 to $10 and is all-in
Checkraise_Lux: folds 
Manifestorr: calls $7.80
*** FIRST FLOP *** [Td Qc 6s]
*** FIRST TURN *** [Td Qc 6s] [Ac]
*** FIRST RIVER *** [Td Qc 6s Ac] [2c]
*** SECOND FLOP *** [6h Jh 2h]
*** SECOND TURN *** [6h Jh 2h] [Th]
*** SECOND RIVER *** [6h Jh 2h Th] [Kc]
*** FIRST SHOW DOWN ***
ptolejmus: shows [Ah 5c] (a pair of Aces)
Manifestorr: shows [Tc 9c] (a flush, Ace high)
Manifestorr collected $10 from pot
*** SECOND SHOW DOWN ***
ptolejmus: shows [Ah 5c] (a flush, Ace high)
Manifestorr: shows [Tc 9c] (a pair of Tens)
ptolejmus collected $10 from pot
*** SUMMARY ***
Total pot $21 | Rake $1 
Hand was run twice
FIRST Board [Td Qc 6s Ac 2c]
SECOND Board [6h Jh 2h Th Kc]
Seat 3: ptolejmus (small blind) showed [Ah 5c] and lost with a pair of Aces, and won ($10) with a flush, Ace high
Seat 4: Checkraise_Lux (big blind) folded before Flop
Seat 5: Manifestorr showed [Tc 9c] and won ($10) with a flush, Ace high, and lost with a pair of Tens
Seat 6: nikalas22 (button) folded before Flop (didn't bet)



PokerStars Hand #254375914082:  Hold'em No Limit ($0.50/$1.00 USD) - 2025/01/14 0:42:17 WET [2025/01/14 19:42:17 ET]
Table 'Alkalurops II' 6-max Seat #3 is the button
Seat 5: Manifestorr ($102.46 in chips) is sitting out
Seat 2: nikalas22 ($100 in chips) 
Seat 3: ptolejmus ($10 in chips) 
Seat 4: Checkraise_Lux ($100 in chips) 
Checkraise_Lux: posts small blind $0.50
Manifestorr: is sitting out 
nikalas22: posts big blind $1
*** HOLE CARDS ***
Manifestorr leaves the table
ptolejmus: folds 
Checkraise_Lux: raises $2 to $3
nikalas22: folds 
Uncalled bet ($2) returned to Checkraise_Lux
Checkraise_Lux collected $2 from pot
*** SUMMARY ***
Total pot $2 | Rake $0 
Seat 5: Manifestorr
Seat 2: nikalas22 (big blind) folded before Flop
Seat 3: ptolejmus (button) folded before Flop (didn't bet)
Seat 4: Checkraise_Lux (small blind) collected ($2)



PokerStars Hand #254375918495:  Hold'em No Limit ($0.50/$1.00 USD) - 2025/01/14 0:42:40 WET [2025/01/14 19:42:40 ET]
Table 'Alkalurops II' 6-max Seat #4 is the button
Seat 2: nikalas22 ($100 in chips) 
Seat 3: ptolejmus ($10 in chips) 
Seat 4: Checkraise_Lux ($101 in chips) 
nikalas22: posts small blind $0.50
ptolejmus: posts big blind $1
*** HOLE CARDS ***
Checkraise_Lux: raises $1.50 to $2.50
nikalas22: folds 
ptolejmus: raises $7.50 to $10 and is all-in
Checkraise_Lux: calls $7.50
*** FIRST FLOP *** [4c 7h 7d]
*** FIRST TURN *** [4c 7h 7d] [3s]
*** FIRST RIVER *** [4c 7h 7d 3s] [Jc]
*** SECOND FLOP *** [7s Qh 2d]
*** SECOND TURN *** [7s Qh 2d] [4d]
*** SECOND RIVER *** [7s Qh 2d 4d] [Js]
*** FIRST SHOW DOWN ***
ptolejmus: shows [5s Ad] (a pair of Sevens)
Checkraise_Lux: shows [Ah 9c] (a pair of Sevens - Ace+Jack+Nine kicker)
Checkraise_Lux collected $9.75 from pot
*** SECOND SHOW DOWN ***
ptolejmus: shows [5s Ad] (high card Ace)
Checkraise_Lux: shows [Ah 9c] (high card Ace - Queen+Jack+Nine kicker)
Checkraise_Lux collected $9.75 from pot
*** SUMMARY ***
Total pot $20.50 | Rake $1 
Hand was run twice
FIRST Board [4c 7h 7d 3s Jc]
SECOND Board [7s Qh 2d 4d Js]
Seat 2: nikalas22 (small blind) folded before Flop
Seat 3: ptolejmus (big blind) showed [5s Ad] and lost with a pair of Sevens, and lost with high card Ace
Seat 4: Checkraise_Lux (button) showed [Ah 9c] and won ($9.75) with a pair of Sevens, and won ($9.75) with high card Ace



PokerStars Hand #254375924965:  Hold'em No Limit ($0.50/$1.00 USD) - 2025/01/14 0:43:13 WET [2025/01/14 19:43:13 ET]
Table 'Alkalurops II' 6-max Seat #2 is the button
Seat 2: nikalas22 ($100 in chips) 
Seat 3: ptolejmus ($10 in chips) 
Seat 4: Checkraise_Lux ($110.50 in chips) 
ptolejmus: posts small blind $0.50
Checkraise_Lux: posts big blind $1
*** HOLE CARDS ***
nikalas22: folds 
ptolejmus: raises $1.50 to $2.50
Checkraise_Lux: folds 
Uncalled bet ($1.50) returned to ptolejmus
ptolejmus collected $2 from pot
*** SUMMARY ***
Total pot $2 | Rake $0 
Seat 2: nikalas22 (button) folded before Flop (didn't bet)
Seat 3: ptolejmus (small blind) collected ($2)
Seat 4: Checkraise_Lux (big blind) folded before Flop



PokerStars Hand #254375928196:  Hold'em No Limit ($0.50/$1.00 USD) - 2025/01/14 0:43:30 WET [2025/01/14 19:43:30 ET]
Table 'Alkalurops II' 6-max Seat #3 is the button
Seat 2: nikalas22 ($100 in chips) 
Seat 3: ptolejmus ($11 in chips) 
Seat 4: Checkraise_Lux ($109.50 in chips) 
Checkraise_Lux: posts small blind $0.50
nikalas22: posts big blind $1
*** HOLE CARDS ***
ptolejmus: raises $1 to $2
Checkraise_Lux: folds 
nikalas22: folds 
Uncalled bet ($1) returned to ptolejmus
ptolejmus collected $2.50 from pot
*** SUMMARY ***
Total pot $2.50 | Rake $0 
Seat 2: nikalas22 (big blind) folded before Flop
Seat 3: ptolejmus (button) collected ($2.50)
Seat 4: Checkraise_Lux (small blind) folded before Flop



PokerStars Hand #254375930419:  Hold'em No Limit ($0.50/$1.00 USD) - 2025/01/14 0:43:42 WET [2025/01/14 19:43:42 ET]
Table 'Alkalurops II' 6-max Seat #4 is the button
Seat 2: nikalas22 ($100 in chips) 
Seat 3: ptolejmus ($12.50 in chips) 
Seat 4: Checkraise_Lux ($109 in chips) 
nikalas22: posts small blind $0.50
ptolejmus: posts big blind $1
*** HOLE CARDS ***
Checkraise_Lux: folds 
nikalas22: folds 
Uncalled bet ($0.50) returned to ptolejmus
ptolejmus collected $1 from pot
*** SUMMARY ***
Total pot $1 | Rake $0 
Seat 2: nikalas22 (small blind) folded before Flop
Seat 3: ptolejmus (big blind) collected ($1)
Seat 4: Checkraise_Lux (button) folded before Flop (didn't bet)



PokerStars Hand #254375932136:  Hold'em No Limit ($0.50/$1.00 USD) - 2025/01/14 0:43:51 WET [2025/01/14 19:43:51 ET]
Table 'Alkalurops II' 6-max Seat #2 is the button
Seat 2: nikalas22 ($100 in chips) 
Seat 3: ptolejmus ($13 in chips) 
Seat 4: Checkraise_Lux ($109 in chips) 
ptolejmus: posts small blind $0.50
Checkraise_Lux: posts big blind $1
*** HOLE CARDS ***
nikalas22: folds 
ptolejmus: raises $1.50 to $2.50
Checkraise_Lux: folds 
Uncalled bet ($1.50) returned to ptolejmus
ptolejmus collected $2 from pot
*** SUMMARY ***
Total pot $2 | Rake $0 
Seat 2: nikalas22 (button) folded before Flop (didn't bet)
Seat 3: ptolejmus (small blind) collected ($2)
Seat 4: Checkraise_Lux (big blind) folded before Flop



PokerStars Hand #254375934528:  Hold'em No Limit ($0.50/$1.00 USD) - 2025/01/14 0:44:04 WET [2025/01/14 19:44:04 ET]
Table 'Alkalurops II' 6-max Seat #3 is the button
Seat 2: nikalas22 ($100 in chips) 
Seat 3: ptolejmus ($14 in chips) 
Seat 4: Checkraise_Lux ($108 in chips) 
Checkraise_Lux: posts small blind $0.50
nikalas22: posts big blind $1
*** HOLE CARDS ***
ptolejmus: folds 
Checkraise_Lux: raises $2 to $3
nikalas22: raises $6 to $9
Checkraise_Lux: calls $6
*** FLOP *** [5s Ts Qh]
Checkraise_Lux: checks 
nikalas22: bets $5.13
Checkraise_Lux: calls $5.13
*** TURN *** [5s Ts Qh] [Kd]
Checkraise_Lux: checks 
nikalas22: checks 
*** RIVER *** [5s Ts Qh Kd] [6c]
Checkraise_Lux: checks 
nikalas22: checks 
*** SHOW DOWN ***
Checkraise_Lux: shows [9c Tc] (a pair of Tens)
nikalas22: shows [8h Qs] (a pair of Queens)
nikalas22 collected $27.26 from pot
*** SUMMARY ***
Total pot $28.26 | Rake $1 
Board [5s Ts Qh Kd 6c]
Seat 2: nikalas22 (big blind) showed [8h Qs] and won ($27.26) with a pair of Queens
Seat 3: ptolejmus (button) folded before Flop (didn't bet)
Seat 4: Checkraise_Lux (small blind) showed [9c Tc] and lost with a pair of Tens



PokerStars Hand #254375942314:  Hold'em No Limit ($0.50/$1.00 USD) - 2025/01/14 0:44:44 WET [2025/01/14 19:44:44 ET]
Table 'Alkalurops II' 6-max Seat #4 is the button
Seat 2: nikalas22 ($113.13 in chips) 
Seat 3: ptolejmus ($14 in chips) 
Seat 4: Checkraise_Lux ($100 in chips) 
nikalas22: posts small blind $0.50
ptolejmus: posts big blind $1
*** HOLE CARDS ***
Checkraise_Lux: raises $1.50 to $2.50
nikalas22: folds 
ptolejmus: folds 
Uncalled bet ($1.50) returned to Checkraise_Lux
Checkraise_Lux collected $2.50 from pot
*** SUMMARY ***
Total pot $2.50 | Rake $0 
Seat 2: nikalas22 (small blind) folded before Flop
Seat 3: ptolejmus (big blind) folded before Flop
Seat 4: Checkraise_Lux (button) collected ($2.50)



PokerStars Hand #254375945052:  Hold'em No Limit ($0.50/$1.00 USD) - 2025/01/14 0:44:58 WET [2025/01/14 19:44:58 ET]
Table 'Alkalurops II' 6-max Seat #2 is the button
Seat 2: nikalas22 ($112.63 in chips) 
Seat 3: ptolejmus ($13 in chips) 
Seat 4: Checkraise_Lux ($101.50 in chips) 
ptolejmus: posts small blind $0.50
Checkraise_Lux: posts big blind $1
*** HOLE CARDS ***
nikalas22: raises $1.50 to $2.50
ptolejmus: folds 
Checkraise_Lux: raises $8.50 to $11
nikalas22: folds 
Uncalled bet ($8.50) returned to Checkraise_Lux
Checkraise_Lux collected $5.50 from pot
max7812915 joins the table at seat #6 
max7812915 is disconnected 
*** SUMMARY ***
Total pot $5.50 | Rake $0 
Seat 2: nikalas22 (button) folded before Flop
Seat 3: ptolejmus (small blind) folded before Flop
Seat 4: Checkraise_Lux (big blind) collected ($5.50)



PokerStars Hand #254375948499:  Hold'em No Limit ($0.50/$1.00 USD) - 2025/01/14 0:45:17 WET [2025/01/14 19:45:17 ET]
Table 'Alkalurops II' 6-max Seat #3 is the button
Seat 2: nikalas22 ($110.13 in chips) 
Seat 3: ptolejmus ($12.50 in chips) 
Seat 4: Checkraise_Lux ($104.50 in chips) 
Seat 6: max7812915 ($100 in chips) 
Checkraise_Lux: posts small blind $0.50
max7812915: posts big blind $1
*** HOLE CARDS ***
andutu34 joins the table at seat #5 
Espada Fish joins the table at seat #1 
nikalas22: folds 
ptolejmus: folds 
Checkraise_Lux: raises $2 to $3
max7812915: calls $2
*** FLOP *** [7c 8d Kc]
Checkraise_Lux: checks 
max7812915: bets $5.70
Checkraise_Lux: folds 
Uncalled bet ($5.70) returned to max7812915
max7812915 collected $5.70 from pot
max7812915: doesn't show hand 
*** SUMMARY ***
Total pot $6 | Rake $0.30 
Board [7c 8d Kc]
Seat 2: nikalas22 folded before Flop (didn't bet)
Seat 3: ptolejmus (button) folded before Flop (didn't bet)
Seat 4: Checkraise_Lux (small blind) folded on the Flop
Seat 6: max7812915 (big blind) collected ($5.70)



PokerStars Hand #254375952756:  Hold'em No Limit ($0.50/$1.00 USD) - 2025/01/14 0:45:39 WET [2025/01/14 19:45:39 ET]
Table 'Alkalurops II' 6-max Seat #4 is the button
Seat 5: andutu34 ($100 in chips) is sitting out
Seat 1: Espada Fish ($100 in chips) 
Seat 2: nikalas22 ($110.13 in chips) 
Seat 3: ptolejmus ($12.50 in chips) 
Seat 4: Checkraise_Lux ($101.50 in chips) 
Seat 6: max7812915 ($102.70 in chips) 
max7812915: posts small blind $0.50
Espada Fish: posts big blind $1
*** HOLE CARDS ***
nikalas22: folds 
ptolejmus: folds 
Checkraise_Lux: folds 
max7812915: calls $0.50
Espada Fish: raises $3 to $4
max7812915: calls $3
*** FLOP *** [Jc 8h 3c]
max7812915: checks 
Espada Fish: bets $3.80
max7812915: calls $3.80
*** TURN *** [Jc 8h 3c] [5h]
max7812915: checks 
Espada Fish: checks 
*** RIVER *** [Jc 8h 3c 5h] [Ad]
max7812915: bets $14.82
Espada Fish: folds 
Uncalled bet ($14.82) returned to max7812915
max7812915 collected $14.82 from pot
*** SUMMARY ***
Total pot $15.60 | Rake $0.78 
Board [Jc 8h 3c 5h Ad]
Seat 5: andutu34
Seat 1: Espada Fish (big blind) folded on the River
Seat 2: nikalas22 folded before Flop (didn't bet)
Seat 3: ptolejmus folded before Flop (didn't bet)
Seat 4: Checkraise_Lux (button) folded before Flop (didn't bet)
Seat 6: max7812915 (small blind) collected ($14.82)



PokerStars Hand #254375963065:  Hold'em No Limit ($0.50/$1.00 USD) - 2025/01/14 0:46:33 WET [2025/01/14 19:46:33 ET]
Table 'Alkalurops II' 6-max Seat #6 is the button
Seat 5: andutu34 ($100 in chips) is sitting out
Seat 1: Espada Fish ($100 in chips) 
Seat 2: nikalas22 ($110.13 in chips) 
Seat 3: ptolejmus ($12.50 in chips) 
Seat 4: Checkraise_Lux ($101.50 in chips) 
Seat 6: max7812915 ($109.72 in chips) 
Espada Fish: posts small blind $0.50
nikalas22: posts big blind $1
andutu34: sits out 
*** HOLE CARDS ***
ptolejmus: folds 
Checkraise_Lux: folds 
max7812915: calls $1
Espada Fish: folds 
nikalas22: checks 
*** FLOP *** [Qs Th 3h]
nikalas22: checks 
max7812915: bets $2.38
nikalas22: folds 
Uncalled bet ($2.38) returned to max7812915
max7812915 collected $2.38 from pot
max7812915: doesn't show hand 
*** SUMMARY ***
Total pot $2.50 | Rake $0.12 
Board [Qs Th 3h]
Seat 5: andutu34
Seat 1: Espada Fish (small blind) folded before Flop
Seat 2: nikalas22 (big blind) folded on the Flop
Seat 3: ptolejmus folded before Flop (didn't bet)
Seat 4: Checkraise_Lux folded before Flop (didn't bet)
Seat 6: max7812915 (button) collected ($2.38)



PokerStars Hand #254375969662:  Hold'em No Limit ($0.50/$1.00 USD) - 2025/01/14 0:47:08 WET [2025/01/14 19:47:08 ET]
Table 'Alkalurops II' 6-max Seat #1 is the button
Seat 5: andutu34 ($100 in chips) is sitting out
Seat 1: Espada Fish ($100 in chips) 
Seat 2: nikalas22 ($109.13 in chips) 
Seat 3: ptolejmus ($12.50 in chips) 
Seat 4: Checkraise_Lux ($101.50 in chips) 
Seat 6: max7812915 ($111.10 in chips) 
nikalas22: posts small blind $0.50
ptolejmus: posts big blind $1
andutu34: sits out 
*** HOLE CARDS ***
Checkraise_Lux: folds 
max7812915: calls $1
Espada Fish: folds 
nikalas22: folds 
ptolejmus: raises $11.50 to $12.50 and is all-in
max7812915: folds 
Uncalled bet ($11.50) returned to ptolejmus
ptolejmus collected $2.50 from pot
*** SUMMARY ***
Total pot $2.50 | Rake $0 
Seat 5: andutu34
Seat 1: Espada Fish (button) folded before Flop (didn't bet)
Seat 2: nikalas22 (small blind) folded before Flop
Seat 3: ptolejmus (big blind) collected ($2.50)
Seat 4: Checkraise_Lux folded before Flop (didn't bet)
Seat 6: max7812915 folded before Flop



PokerStars Hand #254375973509:  Hold'em No Limit ($0.50/$1.00 USD) - 2025/01/14 0:47:28 WET [2025/01/14 19:47:28 ET]
Table 'Alkalurops II' 6-max Seat #2 is the button
Seat 5: andutu34 ($100 in chips) is sitting out
Seat 1: Espada Fish ($100 in chips) 
Seat 2: nikalas22 ($108.63 in chips) 
Seat 3: ptolejmus ($14 in chips) 
Seat 4: Checkraise_Lux ($101.50 in chips) 
Seat 6: max7812915 ($110.10 in chips) 
ptolejmus: posts small blind $0.50
Checkraise_Lux: posts big blind $1
andutu34: sits out 
*** HOLE CARDS ***
max7812915: calls $1
Espada Fish: folds 
nikalas22: folds 
ptolejmus: calls $0.50
Checkraise_Lux: checks 
*** FLOP *** [Ad 8s Kc]
ptolejmus: checks 
Checkraise_Lux: checks 
max7812915: checks 
*** TURN *** [Ad 8s Kc] [Kh]
ptolejmus: bets $1.50
Checkraise_Lux: folds 
max7812915: folds 
Uncalled bet ($1.50) returned to ptolejmus
ptolejmus collected $2.85 from pot
*** SUMMARY ***
Total pot $3 | Rake $0.15 
Board [Ad 8s Kc Kh]
Seat 5: andutu34
Seat 1: Espada Fish folded before Flop (didn't bet)
Seat 2: nikalas22 (button) folded before Flop (didn't bet)
Seat 3: ptolejmus (small blind) collected ($2.85)
Seat 4: Checkraise_Lux (big blind) folded on the Turn
Seat 6: max7812915 folded on the Turn



PokerStars Hand #254375981331:  Hold'em No Limit ($0.50/$1.00 USD) - 2025/01/14 0:48:10 WET [2025/01/14 19:48:10 ET]
Table 'Alkalurops II' 6-max Seat #3 is the button
Seat 1: Espada Fish ($100 in chips) 
Seat 2: nikalas22 ($108.63 in chips) 
Seat 3: ptolejmus ($15.85 in chips) 
Seat 4: Checkraise_Lux ($100.50 in chips) 
Seat 5: andutu34 ($100 in chips) 
Seat 6: max7812915 ($109.10 in chips) 
Checkraise_Lux: posts small blind $0.50
andutu34: posts big blind $1
*** HOLE CARDS ***
max7812915: calls $1
Espada Fish: folds 
nikalas22: folds 
ptolejmus: folds 
Checkraise_Lux: folds 
andutu34: checks 
*** FLOP *** [Jc 4h 3c]
andutu34: checks 
max7812915: checks 
*** TURN *** [Jc 4h 3c] [3d]
andutu34: checks 
max7812915: checks 
*** RIVER *** [Jc 4h 3c 3d] [5d]
andutu34: bets $3.50
max7812915: calls $3.50
*** SHOW DOWN ***
andutu34: shows [Jd 5c] (two pair, Jacks and Fives)
max7812915: mucks hand 
andutu34 collected $9.02 from pot
*** SUMMARY ***
Total pot $9.50 | Rake $0.48 
Board [Jc 4h 3c 3d 5d]
Seat 1: Espada Fish folded before Flop (didn't bet)
Seat 2: nikalas22 folded before Flop (didn't bet)
Seat 3: ptolejmus (button) folded before Flop (didn't bet)
Seat 4: Checkraise_Lux (small blind) folded before Flop
Seat 5: andutu34 (big blind) showed [Jd 5c] and won ($9.02) with two pair, Jacks and Fives
Seat 6: max7812915 mucked



PokerStars Hand #254375990926:  Hold'em No Limit ($0.50/$1.00 USD) - 2025/01/14 0:49:01 WET [2025/01/14 19:49:01 ET]
Table 'Alkalurops II' 6-max Seat #4 is the button
Seat 1: Espada Fish ($100 in chips) 
Seat 2: nikalas22 ($108.63 in chips) 
Seat 3: ptolejmus ($15.85 in chips) 
Seat 4: Checkraise_Lux ($100 in chips) 
Seat 5: andutu34 ($104.52 in chips) 
Seat 6: max7812915 ($104.60 in chips) 
andutu34: posts small blind $0.50
max7812915: posts big blind $1
*** HOLE CARDS ***
Espada Fish: folds 
nikalas22: folds 
ptolejmus: folds 
Checkraise_Lux: folds 
andutu34: raises $2 to $3
max7812915: calls $2
*** FLOP *** [3d 5s 4h]
andutu34: checks 
max7812915: checks 
*** TURN *** [3d 5s 4h] [3s]
andutu34: checks 
max7812915: checks 
*** RIVER *** [3d 5s 4h 3s] [4s]
andutu34: checks 
max7812915: checks 
*** SHOW DOWN ***
andutu34: shows [Kc 9h] (two pair, Fours and Threes)
max7812915: shows [Ah Jd] (two pair, Fours and Threes - Ace kicker)
max7812915 collected $5.70 from pot
*** SUMMARY ***
Total pot $6 | Rake $0.30 
Board [3d 5s 4h 3s 4s]
Seat 1: Espada Fish folded before Flop (didn't bet)
Seat 2: nikalas22 folded before Flop (didn't bet)
Seat 3: ptolejmus folded before Flop (didn't bet)
Seat 4: Checkraise_Lux (button) folded before Flop (didn't bet)
Seat 5: andutu34 (small blind) showed [Kc 9h] and lost with two pair, Fours and Threes
Seat 6: max7812915 (big blind) showed [Ah Jd] and won ($5.70) with two pair, Fours and Threes



PokerStars Hand #254375998026:  Hold'em No Limit ($0.50/$1.00 USD) - 2025/01/14 0:49:39 WET [2025/01/14 19:49:39 ET]
Table 'Alkalurops II' 6-max Seat #5 is the button
Seat 1: Espada Fish ($100 in chips) is sitting out
Seat 2: nikalas22 ($108.63 in chips) is sitting out
Seat 3: ptolejmus ($15.85 in chips) 
Seat 4: Checkraise_Lux ($100 in chips) 
Seat 5: andutu34 ($101.52 in chips) 
Seat 6: max7812915 ($107.30 in chips) 
max7812915: posts small blind $0.50
Espada Fish has timed out
Espada Fish: is sitting out 
nikalas22: is sitting out 
ptolejmus: posts big blind $1
*** HOLE CARDS ***
Checkraise_Lux: raises $1.50 to $2.50
andutu34: calls $2.50
Espada Fish is disconnected 
max7812915: calls $2
ptolejmus: folds 
*** FLOP *** [9h 9d 2d]
max7812915: checks 
Checkraise_Lux: bets $3.04
andutu34: folds 
max7812915: folds 
Uncalled bet ($3.04) returned to Checkraise_Lux
Checkraise_Lux collected $8.08 from pot
*** SUMMARY ***
Total pot $8.50 | Rake $0.42 
Board [9h 9d 2d]
Seat 1: Espada Fish
Seat 2: nikalas22
Seat 3: ptolejmus (big blind) folded before Flop
Seat 4: Checkraise_Lux collected ($8.08)
Seat 5: andutu34 (button) folded on the Flop
Seat 6: max7812915 (small blind) folded on the Flop



PokerStars Hand #254376005762:  Hold'em No Limit ($0.50/$1.00 USD) - 2025/01/14 0:50:21 WET [2025/01/14 19:50:21 ET]
Table 'Alkalurops II' 6-max Seat #6 is the button
Seat 1: Espada Fish ($100 in chips) is sitting out
Seat 2: nikalas22 ($108.63 in chips) is sitting out
Seat 3: ptolejmus ($14.85 in chips) 
Seat 4: Checkraise_Lux ($105.58 in chips) 
Seat 5: andutu34 ($100 in chips) 
Seat 6: max7812915 ($104.80 in chips) 
ptolejmus: posts small blind $0.50
Checkraise_Lux: posts big blind $1
*** HOLE CARDS ***
andutu34: folds 
max7812915: folds 
ptolejmus: raises $1.25 to $2.25
Checkraise_Lux: folds 
Uncalled bet ($1.25) returned to ptolejmus
ptolejmus collected $2 from pot
*** SUMMARY ***
Total pot $2 | Rake $0 
Seat 1: Espada Fish
Seat 2: nikalas22
Seat 3: ptolejmus (small blind) collected ($2)
Seat 4: Checkraise_Lux (big blind) folded before Flop
Seat 5: andutu34 folded before Flop (didn't bet)
Seat 6: max7812915 (button) folded before Flop (didn't bet)



PokerStars Hand #254376009137:  Hold'em No Limit ($0.50/$1.00 USD) - 2025/01/14 0:50:40 WET [2025/01/14 19:50:40 ET]
Table 'Alkalurops II' 6-max Seat #3 is the button
Seat 1: Espada Fish ($100 in chips) is sitting out
Seat 2: nikalas22 ($108.63 in chips) is sitting out
Seat 3: ptolejmus ($15.85 in chips) 
Seat 4: Checkraise_Lux ($104.58 in chips) 
Seat 5: andutu34 ($100 in chips) 
Seat 6: max7812915 ($104.80 in chips) 
Checkraise_Lux: posts small blind $0.50
andutu34: posts big blind $1
Espada Fish: sits out 
*** HOLE CARDS ***
max7812915: calls $1
ptolejmus: folds 
Checkraise_Lux: raises $3 to $4
andutu34: folds 
max7812915: calls $3
*** FLOP *** [7s Js Jd]
Checkraise_Lux: bets $4
max7812915: calls $4
*** TURN *** [7s Js Jd] [Qd]
Checkraise_Lux: checks 
max7812915: checks 
*** RIVER *** [7s Js Jd Qd] [2h]
Checkraise_Lux: checks 
max7812915: checks 
*** SHOW DOWN ***
Checkraise_Lux: shows [Th As] (a pair of Jacks)
max7812915: shows [7c 8c] (two pair, Jacks and Sevens)
max7812915 collected $16.15 from pot
*** SUMMARY ***
Total pot $17 | Rake $0.85 
Board [7s Js Jd Qd 2h]
Seat 1: Espada Fish
Seat 2: nikalas22
Seat 3: ptolejmus (button) folded before Flop (didn't bet)
Seat 4: Checkraise_Lux (small blind) showed [Th As] and lost with a pair of Jacks
Seat 5: andutu34 (big blind) folded before Flop
Seat 6: max7812915 showed [7c 8c] and won ($16.15) with two pair, Jacks and Sevens



PokerStars Hand #254376014301:  Hold'em No Limit ($0.50/$1.00 USD) - 2025/01/14 0:51:09 WET [2025/01/14 19:51:09 ET]
Table 'Alkalurops II' 6-max Seat #4 is the button
Seat 1: Espada Fish ($100 in chips) is sitting out
Seat 2: nikalas22 ($108.63 in chips) is sitting out
Seat 3: ptolejmus ($15.85 in chips) 
Seat 4: Checkraise_Lux ($100 in chips) 
Seat 5: andutu34 ($100 in chips) 
Seat 6: max7812915 ($112.95 in chips) 
andutu34: posts small blind $0.50
max7812915: posts big blind $1
Espada Fish: sits out 
*** HOLE CARDS ***
ptolejmus: folds 
Checkraise_Lux: raises $1.50 to $2.50
andutu34: calls $2
max7812915: calls $1.50
*** FLOP *** [7s Ad 8c]
andutu34: checks 
max7812915: checks 
Checkraise_Lux: bets $2.56
andutu34: folds 
max7812915: calls $2.56
*** TURN *** [7s Ad 8c] [7d]
max7812915: checks 
Checkraise_Lux: checks 
*** RIVER *** [7s Ad 8c 7d] [Qd]
max7812915: bets $11.99
Checkraise_Lux: folds 
Uncalled bet ($11.99) returned to max7812915
max7812915 collected $11.99 from pot
max7812915: doesn't show hand 
*** SUMMARY ***
Total pot $12.62 | Rake $0.63 
Board [7s Ad 8c 7d Qd]
Seat 1: Espada Fish
Seat 2: nikalas22
Seat 3: ptolejmus folded before Flop (didn't bet)
Seat 4: Checkraise_Lux (button) folded on the River
Seat 5: andutu34 (small blind) folded on the Flop
Seat 6: max7812915 (big blind) collected ($11.99)



PokerStars Hand #254376023187:  Hold'em No Limit ($0.50/$1.00 USD) - 2025/01/14 0:51:58 WET [2025/01/14 19:51:58 ET]
Table 'Alkalurops II' 6-max Seat #5 is the button
Seat 2: nikalas22 ($108.63 in chips) is sitting out
Seat 1: Espada Fish ($100 in chips) 
Seat 3: ptolejmus ($15.85 in chips) 
Seat 4: Checkraise_Lux ($100 in chips) 
Seat 5: andutu34 ($100 in chips) 
Seat 6: max7812915 ($119.88 in chips) 
max7812915: posts small blind $0.50
Espada Fish: posts big blind $1
*** HOLE CARDS ***
ptolejmus: raises $1 to $2
Checkraise_Lux: folds 
andutu34: folds 
max7812915: calls $1.50
Espada Fish: folds 
*** FLOP *** [Ks Kh Jd]
max7812915: checks 
ptolejmus: bets $2.42
max7812915: raises $2.42 to $4.84
ptolejmus: folds 
Uncalled bet ($2.42) returned to max7812915
max7812915 collected $9.35 from pot
max7812915: doesn't show hand 
*** SUMMARY ***
Total pot $9.84 | Rake $0.49 
Board [Ks Kh Jd]
Seat 2: nikalas22
Seat 1: Espada Fish (big blind) folded before Flop
Seat 3: ptolejmus folded on the Flop
Seat 4: Checkraise_Lux folded before Flop (didn't bet)
Seat 5: andutu34 (button) folded before Flop (didn't bet)
Seat 6: max7812915 (small blind) collected ($9.35)



PokerStars Hand #254376031118:  Hold'em No Limit ($0.50/$1.00 USD) - 2025/01/14 0:52:41 WET [2025/01/14 19:52:41 ET]
Table 'Alkalurops II' 6-max Seat #6 is the button
Seat 2: nikalas22 ($108.63 in chips) is sitting out
Seat 1: Espada Fish ($100 in chips) 
Seat 3: ptolejmus ($11.43 in chips) 
Seat 4: Checkraise_Lux ($100 in chips) 
Seat 5: andutu34 ($100 in chips) 
Seat 6: max7812915 ($124.81 in chips) 
Espada Fish: posts small blind $0.50
ptolejmus: posts big blind $1
*** HOLE CARDS ***
Checkraise_Lux: folds 
andutu34: folds 
max7812915: calls $1
Espada Fish: folds 
ptolejmus: raises $10.43 to $11.43 and is all-in
max7812915: calls $10.43
*** FLOP *** [8c Ac Ts]
*** TURN *** [8c Ac Ts] [Qs]
*** RIVER *** [8c Ac Ts Qs] [Qd]
*** SHOW DOWN ***
ptolejmus: shows [Kc Ad] (two pair, Aces and Queens)
max7812915: shows [As 5c] (two pair, Aces and Queens - lower kicker)
ptolejmus collected $22.19 from pot
*** SUMMARY ***
Total pot $23.36 | Rake $1.17 
Board [8c Ac Ts Qs Qd]
Seat 2: nikalas22
Seat 1: Espada Fish (small blind) folded before Flop
Seat 3: ptolejmus (big blind) showed [Kc Ad] and won ($22.19) with two pair, Aces and Queens
Seat 4: Checkraise_Lux folded before Flop (didn't bet)
Seat 5: andutu34 folded before Flop (didn't bet)
Seat 6: max7812915 (button) showed [As 5c] and lost with two pair, Aces and Queens



PokerStars Hand #254376038436:  Hold'em No Limit ($0.50/$1.00 USD) - 2025/01/14 0:53:22 WET [2025/01/14 19:53:22 ET]
Table 'Alkalurops II' 6-max Seat #1 is the button
Seat 2: nikalas22 ($108.63 in chips) is sitting out
Seat 1: Espada Fish ($100 in chips) 
Seat 3: ptolejmus ($22.19 in chips) 
Seat 4: Checkraise_Lux ($100 in chips) 
Seat 5: andutu34 ($100 in chips) 
Seat 6: max7812915 ($113.38 in chips) 
ptolejmus: posts small blind $0.50
Checkraise_Lux: posts big blind $1
*** HOLE CARDS ***
andutu34: folds 
max7812915: calls $1
Espada Fish: folds 
ptolejmus: folds 
Checkraise_Lux: raises $2 to $3
max7812915: calls $2
*** FLOP *** [Qs Qh 3h]
Checkraise_Lux: checks 
max7812915: checks 
*** TURN *** [Qs Qh 3h] [Ac]
Checkraise_Lux: checks 
max7812915: checks 
*** RIVER *** [Qs Qh 3h Ac] [5c]
Checkraise_Lux: checks 
max7812915: checks 
*** SHOW DOWN ***
Checkraise_Lux: shows [Ks Js] (a pair of Queens)
max7812915: mucks hand 
Checkraise_Lux collected $6.18 from pot
*** SUMMARY ***
Total pot $6.50 | Rake $0.32 
Board [Qs Qh 3h Ac 5c]
Seat 2: nikalas22
Seat 1: Espada Fish (button) folded before Flop (didn't bet)
Seat 3: ptolejmus (small blind) folded before Flop
Seat 4: Checkraise_Lux (big blind) showed [Ks Js] and won ($6.18) with a pair of Queens
Seat 5: andutu34 folded before Flop (didn't bet)
Seat 6: max7812915 mucked



PokerStars Hand #254376044555:  Hold'em No Limit ($0.50/$1.00 USD) - 2025/01/14 0:53:55 WET [2025/01/14 19:53:55 ET]
Table 'Alkalurops II' 6-max Seat #3 is the button
Seat 2: nikalas22 ($108.63 in chips) is sitting out
Seat 1: Espada Fish ($100 in chips) 
Seat 3: ptolejmus ($21.69 in chips) 
Seat 4: Checkraise_Lux ($103.18 in chips) 
Seat 5: andutu34 ($100 in chips) 
Seat 6: max7812915 ($110.38 in chips) 
Checkraise_Lux: posts small blind $0.50
andutu34: posts big blind $1
nikalas22: sits out 
*** HOLE CARDS ***
max7812915: calls $1
Espada Fish: raises $2.50 to $3.50
ptolejmus: folds 
Checkraise_Lux: folds 
andutu34: calls $2.50
max7812915: folds 
*** FLOP *** [Qc 3c Ts]
andutu34: checks 
Espada Fish: checks 
*** TURN *** [Qc 3c Ts] [6d]
andutu34: bets $12.12
Espada Fish: folds 
Uncalled bet ($12.12) returned to andutu34
andutu34 collected $8.08 from pot
andutu34: doesn't show hand 
*** SUMMARY ***
Total pot $8.50 | Rake $0.42 
Board [Qc 3c Ts 6d]
Seat 2: nikalas22
Seat 1: Espada Fish folded on the Turn
Seat 3: ptolejmus (button) folded before Flop (didn't bet)
Seat 4: Checkraise_Lux (small blind) folded before Flop
Seat 5: andutu34 (big blind) collected ($8.08)
Seat 6: max7812915 folded before Flop



PokerStars Hand #254376052862:  Hold'em No Limit ($0.50/$1.00 USD) - 2025/01/14 0:54:41 WET [2025/01/14 19:54:41 ET]
Table 'Alkalurops II' 6-max Seat #4 is the button
Seat 2: nikalas22 ($108.63 in chips) is sitting out
Seat 1: Espada Fish ($100 in chips) 
Seat 3: ptolejmus ($21.69 in chips) 
Seat 4: Checkraise_Lux ($102.68 in chips) 
Seat 5: andutu34 ($104.58 in chips) 
Seat 6: max7812915 ($109.38 in chips) 
andutu34: posts small blind $0.50
max7812915: posts big blind $1
nikalas22: sits out 
*** HOLE CARDS ***
Espada Fish: folds 
ptolejmus: folds 
Checkraise_Lux: folds 
andutu34: folds 
Uncalled bet ($0.50) returned to max7812915
max7812915 collected $1 from pot
*** SUMMARY ***
Total pot $1 | Rake $0 
Seat 2: nikalas22
Seat 1: Espada Fish folded before Flop (didn't bet)
Seat 3: ptolejmus folded before Flop (didn't bet)
Seat 4: Checkraise_Lux (button) folded before Flop (didn't bet)
Seat 5: andutu34 (small blind) folded before Flop
Seat 6: max7812915 (big blind) collected ($1)



PokerStars Hand #254376054610:  Hold'em No Limit ($0.50/$1.00 USD) - 2025/01/14 0:54:51 WET [2025/01/14 19:54:51 ET]
Table 'Alkalurops II' 6-max Seat #5 is the button
Seat 2: nikalas22 ($108.63 in chips) is sitting out
Seat 1: Espada Fish ($100 in chips) 
Seat 3: ptolejmus ($21.69 in chips) 
Seat 4: Checkraise_Lux ($102.68 in chips) 
Seat 5: andutu34 ($104.08 in chips) 
Seat 6: max7812915 ($109.88 in chips) 
max7812915: posts small blind $0.50
Espada Fish: posts big blind $1
nikalas22: sits out 
*** HOLE CARDS ***
ptolejmus: folds 
Checkraise_Lux: folds 
andutu34: folds 
max7812915: calls $0.50
Espada Fish: raises $2.50 to $3.50
max7812915: calls $2.50
*** FLOP *** [7c Qd Kh]
max7812915: checks 
Espada Fish: bets $3.33
max7812915: folds 
Uncalled bet ($3.33) returned to Espada Fish
Espada Fish collected $6.65 from pot
Espada Fish: doesn't show hand 
*** SUMMARY ***
Total pot $7 | Rake $0.35 
Board [7c Qd Kh]
Seat 2: nikalas22
Seat 1: Espada Fish (big blind) collected ($6.65)
Seat 3: ptolejmus folded before Flop (didn't bet)
Seat 4: Checkraise_Lux folded before Flop (didn't bet)
Seat 5: andutu34 (button) folded before Flop (didn't bet)
Seat 6: max7812915 (small blind) folded on the Flop



PokerStars Hand #254376059309:  Hold'em No Limit ($0.50/$1.00 USD) - 2025/01/14 0:55:18 WET [2025/01/14 19:55:18 ET]
Table 'Alkalurops II' 6-max Seat #6 is the button
Seat 1: Espada Fish ($103.15 in chips) 
Seat 2: nikalas22 ($108.63 in chips) 
Seat 3: ptolejmus ($21.69 in chips) 
Seat 4: Checkraise_Lux ($102.68 in chips) 
Seat 5: andutu34 ($104.08 in chips) 
Seat 6: max7812915 ($106.38 in chips) 
Espada Fish: posts small blind $0.50
nikalas22: posts big blind $1
*** HOLE CARDS ***
ptolejmus: folds 
Checkraise_Lux: folds 
andutu34: folds 
max7812915: folds 
Espada Fish: folds 
Uncalled bet ($0.50) returned to nikalas22
nikalas22 collected $1 from pot
nikalas22: doesn't show hand 
*** SUMMARY ***
Total pot $1 | Rake $0 
Seat 1: Espada Fish (small blind) folded before Flop
Seat 2: nikalas22 (big blind) collected ($1)
Seat 3: ptolejmus folded before Flop (didn't bet)
Seat 4: Checkraise_Lux folded before Flop (didn't bet)
Seat 5: andutu34 folded before Flop (didn't bet)
Seat 6: max7812915 (button) folded before Flop (didn't bet)



PokerStars Hand #254376060931:  Hold'em No Limit ($0.50/$1.00 USD) - 2025/01/14 0:55:29 WET [2025/01/14 19:55:29 ET]
Table 'Alkalurops II' 6-max Seat #1 is the button
Seat 1: Espada Fish ($102.65 in chips) 
Seat 2: nikalas22 ($109.13 in chips) 
Seat 3: ptolejmus ($21.69 in chips) 
Seat 4: Checkraise_Lux ($102.68 in chips) 
Seat 5: andutu34 ($104.08 in chips) 
Seat 6: max7812915 ($106.38 in chips) 
nikalas22: posts small blind $0.50
ptolejmus: posts big blind $1
*** HOLE CARDS ***
Checkraise_Lux: folds 
andutu34: folds 
max7812915: folds 
Espada Fish: raises $1.50 to $2.50
nikalas22: raises $9.50 to $12
ptolejmus: folds 
Espada Fish: folds 
Uncalled bet ($9.50) returned to nikalas22
nikalas22 collected $6 from pot
nikalas22: doesn't show hand 
*** SUMMARY ***
Total pot $6 | Rake $0 
Seat 1: Espada Fish (button) folded before Flop
Seat 2: nikalas22 (small blind) collected ($6)
Seat 3: ptolejmus (big blind) folded before Flop
Seat 4: Checkraise_Lux folded before Flop (didn't bet)
Seat 5: andutu34 folded before Flop (didn't bet)
Seat 6: max7812915 folded before Flop (didn't bet)



PokerStars Hand #254376064519:  Hold'em No Limit ($0.50/$1.00 USD) - 2025/01/14 0:55:53 WET [2025/01/14 19:55:53 ET]
Table 'Alkalurops II' 6-max Seat #2 is the button
Seat 4: Checkraise_Lux ($102.68 in chips) is sitting out
Seat 1: Espada Fish ($100.15 in chips) 
Seat 2: nikalas22 ($112.63 in chips) 
Seat 3: ptolejmus ($20.69 in chips) 
Seat 5: andutu34 ($104.08 in chips) 
Seat 6: max7812915 ($106.38 in chips) 
ptolejmus: posts small blind $0.50
Checkraise_Lux: is sitting out 
andutu34: posts big blind $1
*** HOLE CARDS ***
max7812915: calls $1
Espada Fish: folds 
nikalas22: folds 
ptolejmus: folds 
andutu34: raises $3 to $4
max7812915: calls $3
*** FLOP *** [6h Qh Ah]
andutu34: bets $2.02
max7812915: raises $2.02 to $4.04
andutu34: calls $2.02
*** TURN *** [6h Qh Ah] [6s]
andutu34: checks 
max7812915: bets $15.75
andutu34: calls $15.75
*** RIVER *** [6h Qh Ah 6s] [9h]
andutu34: checks 
max7812915: checks 
*** SHOW DOWN ***
andutu34: shows [Jc Ad] (two pair, Aces and Sixes)
max7812915: shows [8d Ac] (two pair, Aces and Sixes)
andutu34 collected $22.84 from pot
max7812915 collected $22.84 from pot
*** SUMMARY ***
Total pot $48.08 | Rake $2.40 
Board [6h Qh Ah 6s 9h]
Seat 4: Checkraise_Lux
Seat 1: Espada Fish folded before Flop (didn't bet)
Seat 2: nikalas22 (button) folded before Flop (didn't bet)
Seat 3: ptolejmus (small blind) folded before Flop
Seat 5: andutu34 (big blind) showed [Jc Ad] and won ($22.84) with two pair, Aces and Sixes
Seat 6: max7812915 showed [8d Ac] and won ($22.84) with two pair, Aces and Sixes



PokerStars Hand #254376072200:  Hold'em No Limit ($0.50/$1.00 USD) - 2025/01/14 0:56:45 WET [2025/01/14 19:56:45 ET]
Table 'Alkalurops II' 6-max Seat #3 is the button
Seat 4: Checkraise_Lux ($102.68 in chips) is sitting out
Seat 1: Espada Fish ($100.15 in chips) 
Seat 2: nikalas22 ($112.63 in chips) 
Seat 3: ptolejmus ($20.19 in chips) 
Seat 5: andutu34 ($103.13 in chips) 
Seat 6: max7812915 ($105.43 in chips) 
andutu34: posts small blind $0.50
max7812915: posts big blind $1
*** HOLE CARDS ***
Espada Fish: folds 
nikalas22: raises $1.50 to $2.50
ptolejmus: raises $2.50 to $5
andutu34: folds 
max7812915: calls $4
nikalas22: folds 
*** FLOP *** [3h 5s Ts]
max7812915: checks 
ptolejmus: checks 
*** TURN *** [3h 5s Ts] [Ks]
max7812915: bets $12.35
ptolejmus: folds 
Uncalled bet ($12.35) returned to max7812915
max7812915 collected $12.35 from pot
max7812915: doesn't show hand 
*** SUMMARY ***
Total pot $13 | Rake $0.65 
Board [3h 5s Ts Ks]
Seat 4: Checkraise_Lux
Seat 1: Espada Fish folded before Flop (didn't bet)
Seat 2: nikalas22 folded before Flop
Seat 3: ptolejmus (button) folded on the Turn
Seat 5: andutu34 (small blind) folded before Flop
Seat 6: max7812915 (big blind) collected ($12.35)



PokerStars Hand #254376077692:  Hold'em No Limit ($0.50/$1.00 USD) - 2025/01/14 0:57:22 WET [2025/01/14 19:57:22 ET]
Table 'Alkalurops II' 6-max Seat #5 is the button
Seat 4: Checkraise_Lux ($102.68 in chips) is sitting out
Seat 1: Espada Fish ($100.15 in chips) 
Seat 2: nikalas22 ($110.13 in chips) 
Seat 3: ptolejmus ($15.19 in chips) 
Seat 5: andutu34 ($102.63 in chips) 
Seat 6: max7812915 ($112.78 in chips) 
max7812915: posts small blind $0.50
Espada Fish: posts big blind $1
Checkraise_Lux: sits out 
*** HOLE CARDS ***
nikalas22: folds 
ptolejmus: folds 
andutu34: folds 
max7812915: calls $0.50
Espada Fish: raises $2.50 to $3.50
max7812915: calls $2.50
*** FLOP *** [Jc Js Kd]
max7812915: checks 
Espada Fish: bets $2.19
max7812915: folds 
Uncalled bet ($2.19) returned to Espada Fish
Espada Fish collected $6.65 from pot
Espada Fish: doesn't show hand 
*** SUMMARY ***
Total pot $7 | Rake $0.35 
Board [Jc Js Kd]
Seat 4: Checkraise_Lux
Seat 1: Espada Fish (big blind) collected ($6.65)
Seat 2: nikalas22 folded before Flop (didn't bet)
Seat 3: ptolejmus folded before Flop (didn't bet)
Seat 5: andutu34 (button) folded before Flop (didn't bet)
Seat 6: max7812915 (small blind) folded on the Flop



PokerStars Hand #254376082224:  Hold'em No Limit ($0.50/$1.00 USD) - 2025/01/14 0:57:53 WET [2025/01/14 19:57:53 ET]
Table 'Alkalurops II' 6-max Seat #6 is the button
Seat 4: Checkraise_Lux ($102.68 in chips) is sitting out
Seat 1: Espada Fish ($103.30 in chips) 
Seat 2: nikalas22 ($110.13 in chips) 
Seat 3: ptolejmus ($15.19 in chips) 
Seat 5: andutu34 ($102.63 in chips) 
Seat 6: max7812915 ($109.28 in chips) 
Espada Fish: posts small blind $0.50
nikalas22: posts big blind $1
Checkraise_Lux: sits out 
*** HOLE CARDS ***
ptolejmus: folds 
andutu34: folds 
max7812915: calls $1
Espada Fish: raises $3 to $4
nikalas22: calls $3
max7812915: calls $3
*** FLOP *** [7s 8h 6d]
Espada Fish: checks 
nikalas22: checks 
max7812915: checks 
*** TURN *** [7s 8h 6d] [Qd]
Espada Fish: checks 
nikalas22: checks 
max7812915: checks 
*** RIVER *** [7s 8h 6d Qd] [Tc]
Espada Fish: bets $3.76
nikalas22: folds 
max7812915: folds 
Uncalled bet ($3.76) returned to Espada Fish
Espada Fish collected $11.40 from pot
Espada Fish: doesn't show hand 
*** SUMMARY ***
Total pot $12 | Rake $0.60 
Board [7s 8h 6d Qd Tc]
Seat 4: Checkraise_Lux
Seat 1: Espada Fish (small blind) collected ($11.40)
Seat 2: nikalas22 (big blind) folded on the River
Seat 3: ptolejmus folded before Flop (didn't bet)
Seat 5: andutu34 folded before Flop (didn't bet)
Seat 6: max7812915 (button) folded on the River



PokerStars Hand #254376089880:  Hold'em No Limit ($0.50/$1.00 USD) - 2025/01/14 0:58:46 WET [2025/01/14 19:58:46 ET]
Table 'Alkalurops II' 6-max Seat #1 is the button
Seat 4: Checkraise_Lux ($102.68 in chips) is sitting out
Seat 1: Espada Fish ($110.70 in chips) 
Seat 2: nikalas22 ($106.13 in chips) 
Seat 3: ptolejmus ($15.19 in chips) 
Seat 5: andutu34 ($102.63 in chips) 
Seat 6: max7812915 ($105.28 in chips) 
nikalas22: posts small blind $0.50
ptolejmus: posts big blind $1
Checkraise_Lux: sits out 
*** HOLE CARDS ***
andutu34: folds 
max7812915: calls $1
Espada Fish: folds 
nikalas22: folds 
ptolejmus: checks 
*** FLOP *** [6s 9s 7d]
ptolejmus: checks 
max7812915: checks 
*** TURN *** [6s 9s 7d] [Th]
ptolejmus: checks 
max7812915: checks 
*** RIVER *** [6s 9s 7d Th] [Ac]
ptolejmus: checks 
max7812915: checks 
*** SHOW DOWN ***
ptolejmus: shows [6c 2c] (a pair of Sixes)
max7812915: mucks hand 
ptolejmus collected $2.38 from pot
*** SUMMARY ***
Total pot $2.50 | Rake $0.12 
Board [6s 9s 7d Th Ac]
Seat 4: Checkraise_Lux
Seat 1: Espada Fish (button) folded before Flop (didn't bet)
Seat 2: nikalas22 (small blind) folded before Flop
Seat 3: ptolejmus (big blind) showed [6c 2c] and won ($2.38) with a pair of Sixes
Seat 5: andutu34 folded before Flop (didn't bet)
Seat 6: max7812915 mucked



PokerStars Hand #254376095105:  Hold'em No Limit ($0.50/$1.00 USD) - 2025/01/14 0:59:21 WET [2025/01/14 19:59:21 ET]
Table 'Alkalurops II' 6-max Seat #2 is the button
Seat 1: Espada Fish ($110.70 in chips) 
Seat 2: nikalas22 ($105.63 in chips) 
Seat 3: ptolejmus ($16.57 in chips) 
Seat 4: Checkraise_Lux ($102.68 in chips) 
Seat 5: andutu34 ($102.63 in chips) 
Seat 6: max7812915 ($104.28 in chips) 
ptolejmus: posts small blind $0.50
Checkraise_Lux: posts big blind $1
*** HOLE CARDS ***
andutu34: folds 
max7812915: folds 
Espada Fish: folds 
nikalas22: folds 
ptolejmus: raises $1.50 to $2.50
Checkraise_Lux: folds 
Uncalled bet ($1.50) returned to ptolejmus
ptolejmus collected $2 from pot
*** SUMMARY ***
Total pot $2 | Rake $0 
Seat 1: Espada Fish folded before Flop (didn't bet)
Seat 2: nikalas22 (button) folded before Flop (didn't bet)
Seat 3: ptolejmus (small blind) collected ($2)
Seat 4: Checkraise_Lux (big blind) folded before Flop
Seat 5: andutu34 folded before Flop (didn't bet)
Seat 6: max7812915 folded before Flop (didn't bet)



PokerStars Hand #254376097111:  Hold'em No Limit ($0.50/$1.00 USD) - 2025/01/14 0:59:35 WET [2025/01/14 19:59:35 ET]
Table 'Alkalurops II' 6-max Seat #3 is the button
Seat 1: Espada Fish ($110.70 in chips) 
Seat 2: nikalas22 ($105.63 in chips) 
Seat 3: ptolejmus ($17.57 in chips) 
Seat 4: Checkraise_Lux ($101.68 in chips) 
Seat 5: andutu34 ($102.63 in chips) 
Seat 6: max7812915 ($104.28 in chips) 
Checkraise_Lux: posts small blind $0.50
andutu34: posts big blind $1
*** HOLE CARDS ***
max7812915: calls $1
Espada Fish: folds 
nikalas22: folds 
ptolejmus: folds 
Checkraise_Lux: folds 
andutu34: checks 
*** FLOP *** [3d 4d 6c]
andutu34: checks 
max7812915: checks 
*** TURN *** [3d 4d 6c] [6d]
andutu34: bets $1.79
max7812915: folds 
Uncalled bet ($1.79) returned to andutu34
andutu34 collected $2.38 from pot
andutu34: doesn't show hand 
*** SUMMARY ***
Total pot $2.50 | Rake $0.12 
Board [3d 4d 6c 6d]
Seat 1: Espada Fish folded before Flop (didn't bet)
Seat 2: nikalas22 folded before Flop (didn't bet)
Seat 3: ptolejmus (button) folded before Flop (didn't bet)
Seat 4: Checkraise_Lux (small blind) folded before Flop
Seat 5: andutu34 (big blind) collected ($2.38)
Seat 6: max7812915 folded on the Turn



PokerStars Hand #254376100148:  Hold'em No Limit ($0.50/$1.00 USD) - 2025/01/14 0:59:56 WET [2025/01/14 19:59:56 ET]
Table 'Alkalurops II' 6-max Seat #4 is the button
Seat 1: Espada Fish ($110.70 in chips) 
Seat 2: nikalas22 ($105.63 in chips) 
Seat 3: ptolejmus ($17.57 in chips) 
Seat 4: Checkraise_Lux ($101.18 in chips) 
Seat 5: andutu34 ($104.01 in chips) 
Seat 6: max7812915 ($103.28 in chips) 
andutu34: posts small blind $0.50
max7812915: posts big blind $1
*** HOLE CARDS ***
Espada Fish: folds 
nikalas22: raises $1.50 to $2.50
ptolejmus: folds 
Checkraise_Lux: folds 
andutu34: folds 
max7812915: calls $1.50
*** FLOP *** [Td Qs 4c]
max7812915: checks 
nikalas22: bets $3.92
max7812915: folds 
Uncalled bet ($3.92) returned to nikalas22
nikalas22 collected $5.22 from pot
nikalas22: doesn't show hand 
*** SUMMARY ***
Total pot $5.50 | Rake $0.28 
Board [Td Qs 4c]
Seat 1: Espada Fish folded before Flop (didn't bet)
Seat 2: nikalas22 collected ($5.22)
Seat 3: ptolejmus folded before Flop (didn't bet)
Seat 4: Checkraise_Lux (button) folded before Flop (didn't bet)
Seat 5: andutu34 (small blind) folded before Flop
Seat 6: max7812915 (big blind) folded on the Flop



PokerStars Hand #254376103502:  Hold'em No Limit ($0.50/$1.00 USD) - 2025/01/14 1:00:17 WET [2025/01/14 20:00:17 ET]
Table 'Alkalurops II' 6-max Seat #5 is the button
Seat 1: Espada Fish ($110.70 in chips) 
Seat 2: nikalas22 ($108.35 in chips) 
Seat 3: ptolejmus ($17.57 in chips) 
Seat 4: Checkraise_Lux ($101.18 in chips) 
Seat 5: andutu34 ($103.51 in chips) 
Seat 6: max7812915 ($100.78 in chips) 
max7812915: posts small blind $0.50
Espada Fish: posts big blind $1
*** HOLE CARDS ***
nikalas22: folds 
ptolejmus: folds 
Checkraise_Lux: folds 
andutu34: folds 
max7812915: calls $0.50
Espada Fish: checks 
*** FLOP *** [4s 3c 3s]
max7812915: checks 
Espada Fish: checks 
*** TURN *** [4s 3c 3s] [Tc]
max7812915: checks 
Espada Fish: bets $1.43
max7812915: calls $1.43
*** RIVER *** [4s 3c 3s Tc] [9d]
max7812915: checks 
Espada Fish: bets $3.47
max7812915: folds 
Uncalled bet ($3.47) returned to Espada Fish
Espada Fish collected $4.62 from pot
Espada Fish: doesn't show hand 
*** SUMMARY ***
Total pot $4.86 | Rake $0.24 
Board [4s 3c 3s Tc 9d]
Seat 1: Espada Fish (big blind) collected ($4.62)
Seat 2: nikalas22 folded before Flop (didn't bet)
Seat 3: ptolejmus folded before Flop (didn't bet)
Seat 4: Checkraise_Lux folded before Flop (didn't bet)
Seat 5: andutu34 (button) folded before Flop (didn't bet)
Seat 6: max7812915 (small blind) folded on the River



PokerStars Hand #254376111683:  Hold'em No Limit ($0.50/$1.00 USD) - 2025/01/14 1:01:08 WET [2025/01/14 20:01:08 ET]
Table 'Alkalurops II' 6-max Seat #6 is the button
Seat 1: Espada Fish ($112.89 in chips) 
Seat 2: nikalas22 ($108.35 in chips) 
Seat 3: ptolejmus ($17.57 in chips) 
Seat 4: Checkraise_Lux ($101.18 in chips) 
Seat 5: andutu34 ($103.51 in chips) 
Seat 6: max7812915 ($98.35 in chips) 
Espada Fish: posts small blind $0.50
nikalas22: posts big blind $1
*** HOLE CARDS ***
ptolejmus: folds 
Checkraise_Lux: folds 
andutu34: raises $1.30 to $2.30
max7812915: calls $2.30
Espada Fish: folds 
nikalas22: folds 
*** FLOP *** [9s Kc 5s]
andutu34: bets $1.91
max7812915: folds 
Uncalled bet ($1.91) returned to andutu34
andutu34 collected $5.80 from pot
andutu34: doesn't show hand 
*** SUMMARY ***
Total pot $6.10 | Rake $0.30 
Board [9s Kc 5s]
Seat 1: Espada Fish (small blind) folded before Flop
Seat 2: nikalas22 (big blind) folded before Flop
Seat 3: ptolejmus folded before Flop (didn't bet)
Seat 4: Checkraise_Lux folded before Flop (didn't bet)
Seat 5: andutu34 collected ($5.80)
Seat 6: max7812915 (button) folded on the Flop



PokerStars Hand #254376115554:  Hold'em No Limit ($0.50/$1.00 USD) - 2025/01/14 1:01:30 WET [2025/01/14 20:01:30 ET]
Table 'Alkalurops II' 6-max Seat #1 is the button
Seat 1: Espada Fish ($112.39 in chips) 
Seat 2: nikalas22 ($107.35 in chips) 
Seat 3: ptolejmus ($17.57 in chips) 
Seat 4: Checkraise_Lux ($101.18 in chips) 
Seat 5: andutu34 ($107.01 in chips) 
Seat 6: max7812915 ($96.05 in chips) 
nikalas22: posts small blind $0.50
ptolejmus: posts big blind $1
*** HOLE CARDS ***
Checkraise_Lux: folds 
andutu34: folds 
max7812915: calls $1
Espada Fish: folds 
nikalas22: folds 
ptolejmus: checks 
*** FLOP *** [Qd Tc 8s]
ptolejmus: bets $1
max7812915: calls $1
*** TURN *** [Qd Tc 8s] [Js]
ptolejmus: checks 
max7812915: checks 
*** RIVER *** [Qd Tc 8s Js] [6h]
ptolejmus: bets $1
max7812915: calls $1
*** SHOW DOWN ***
ptolejmus: shows [Qs 2d] (a pair of Queens)
max7812915: mucks hand 
ptolejmus collected $6.18 from pot
*** SUMMARY ***
Total pot $6.50 | Rake $0.32 
Board [Qd Tc 8s Js 6h]
Seat 1: Espada Fish (button) folded before Flop (didn't bet)
Seat 2: nikalas22 (small blind) folded before Flop
Seat 3: ptolejmus (big blind) showed [Qs 2d] and won ($6.18) with a pair of Queens
Seat 4: Checkraise_Lux folded before Flop (didn't bet)
Seat 5: andutu34 folded before Flop (didn't bet)
Seat 6: max7812915 mucked



PokerStars Hand #254376122479:  Hold'em No Limit ($0.50/$1.00 USD) - 2025/01/14 1:02:09 WET [2025/01/14 20:02:09 ET]
Table 'Alkalurops II' 6-max Seat #2 is the button
Seat 1: Espada Fish ($112.39 in chips) 
Seat 2: nikalas22 ($106.85 in chips) 
Seat 3: ptolejmus ($20.75 in chips) 
Seat 4: Checkraise_Lux ($101.18 in chips) 
Seat 5: andutu34 ($107.01 in chips) 
Seat 6: max7812915 ($93.05 in chips) 
ptolejmus: posts small blind $0.50
Checkraise_Lux: posts big blind $1
*** HOLE CARDS ***
andutu34: raises $1 to $2
max7812915: folds 
Espada Fish: folds 
nikalas22: folds 
ptolejmus: folds 
Checkraise_Lux: folds 
Uncalled bet ($1) returned to andutu34
andutu34 collected $2.50 from pot
andutu34: doesn't show hand 
*** SUMMARY ***
Total pot $2.50 | Rake $0 
Seat 1: Espada Fish folded before Flop (didn't bet)
Seat 2: nikalas22 (button) folded before Flop (didn't bet)
Seat 3: ptolejmus (small blind) folded before Flop
Seat 4: Checkraise_Lux (big blind) folded before Flop
Seat 5: andutu34 collected ($2.50)
Seat 6: max7812915 folded before Flop (didn't bet)



PokerStars Hand #254376125369:  Hold'em No Limit ($0.50/$1.00 USD) - 2025/01/14 1:02:26 WET [2025/01/14 20:02:26 ET]
Table 'Alkalurops II' 6-max Seat #3 is the button
Seat 1: Espada Fish ($112.39 in chips) 
Seat 2: nikalas22 ($106.85 in chips) 
Seat 3: ptolejmus ($20.25 in chips) 
Seat 4: Checkraise_Lux ($100.18 in chips) 
Seat 5: andutu34 ($108.51 in chips) 
Seat 6: max7812915 ($93.05 in chips) 
Checkraise_Lux: posts small blind $0.50
andutu34: posts big blind $1
*** HOLE CARDS ***
max7812915: calls $1
Espada Fish: folds 
nikalas22: raises $3.50 to $4.50
ptolejmus: folds 
Checkraise_Lux: folds 
andutu34: folds 
max7812915: calls $3.50
*** FLOP *** [Qh 2d 9s]
max7812915: checks 
nikalas22: bets $7.49
max7812915: folds 
Uncalled bet ($7.49) returned to nikalas22
nikalas22 collected $9.98 from pot
nikalas22: doesn't show hand 
*** SUMMARY ***
Total pot $10.50 | Rake $0.52 
Board [Qh 2d 9s]
Seat 1: Espada Fish folded before Flop (didn't bet)
Seat 2: nikalas22 collected ($9.98)
Seat 3: ptolejmus (button) folded before Flop (didn't bet)
Seat 4: Checkraise_Lux (small blind) folded before Flop
Seat 5: andutu34 (big blind) folded before Flop
Seat 6: max7812915 folded on the Flop



PokerStars Hand #254376129532:  Hold'em No Limit ($0.50/$1.00 USD) - 2025/01/14 1:02:49 WET [2025/01/14 20:02:49 ET]
Table 'Alkalurops II' 6-max Seat #4 is the button
Seat 1: Espada Fish ($112.39 in chips) 
Seat 2: nikalas22 ($112.33 in chips) 
Seat 3: ptolejmus ($20.25 in chips) 
Seat 4: Checkraise_Lux ($100 in chips) 
Seat 5: andutu34 ($107.51 in chips) 
Seat 6: max7812915 ($88.55 in chips) 
andutu34: posts small blind $0.50
max7812915: posts big blind $1
*** HOLE CARDS ***
Espada Fish: folds 
nikalas22: folds 
ptolejmus: raises $1 to $2
Checkraise_Lux: folds 
andutu34: folds 
max7812915: folds 
Uncalled bet ($1) returned to ptolejmus
ptolejmus collected $2.50 from pot
*** SUMMARY ***
Total pot $2.50 | Rake $0 
Seat 1: Espada Fish folded before Flop (didn't bet)
Seat 2: nikalas22 folded before Flop (didn't bet)
Seat 3: ptolejmus collected ($2.50)
Seat 4: Checkraise_Lux (button) folded before Flop (didn't bet)
Seat 5: andutu34 (small blind) folded before Flop
Seat 6: max7812915 (big blind) folded before Flop



PokerStars Hand #254376132389:  Hold'em No Limit ($0.50/$1.00 USD) - 2025/01/14 1:03:05 WET [2025/01/14 20:03:05 ET]
Table 'Alkalurops II' 6-max Seat #5 is the button
Seat 1: Espada Fish ($112.39 in chips) 
Seat 2: nikalas22 ($112.33 in chips) 
Seat 3: ptolejmus ($21.75 in chips) 
Seat 4: Checkraise_Lux ($100 in chips) 
Seat 5: andutu34 ($107.01 in chips) 
Seat 6: max7812915 ($87.55 in chips) 
max7812915: posts small blind $0.50
Espada Fish: posts big blind $1
*** HOLE CARDS ***
nikalas22: folds 
ptolejmus: raises $1 to $2
Checkraise_Lux: folds 
andutu34: folds 
max7812915: folds 
Espada Fish: folds 
Uncalled bet ($1) returned to ptolejmus
ptolejmus collected $2.50 from pot
*** SUMMARY ***
Total pot $2.50 | Rake $0 
Seat 1: Espada Fish (big blind) folded before Flop
Seat 2: nikalas22 folded before Flop (didn't bet)
Seat 3: ptolejmus collected ($2.50)
Seat 4: Checkraise_Lux folded before Flop (didn't bet)
Seat 5: andutu34 (button) folded before Flop (didn't bet)
Seat 6: max7812915 (small blind) folded before Flop



PokerStars Hand #254376136597:  Hold'em No Limit ($0.50/$1.00 USD) - 2025/01/14 1:03:28 WET [2025/01/14 20:03:28 ET]
Table 'Alkalurops II' 6-max Seat #6 is the button
Seat 1: Espada Fish ($111.39 in chips) 
Seat 2: nikalas22 ($112.33 in chips) 
Seat 3: ptolejmus ($23.25 in chips) 
Seat 4: Checkraise_Lux ($100 in chips) 
Seat 5: andutu34 ($107.01 in chips) 
Seat 6: max7812915 ($87.05 in chips) 
Espada Fish: posts small blind $0.50
nikalas22: posts big blind $1
*** HOLE CARDS ***
ptolejmus: raises $1 to $2
Checkraise_Lux: folds 
andutu34: raises $3.50 to $5.50
max7812915: calls $5.50
Espada Fish: folds 
nikalas22: folds 
ptolejmus: calls $3.50
*** FLOP *** [2s 5d 8c]
ptolejmus: checks 
andutu34: bets $8.55
max7812915: calls $8.55
ptolejmus: folds 
*** TURN *** [2s 5d 8c] [7s]
andutu34: checks 
max7812915: bets $33.34
andutu34: raises $59.62 to $92.96 and is all-in
max7812915: calls $39.66 and is all-in
Uncalled bet ($19.96) returned to andutu34
*** RIVER *** [2s 5d 8c 7s] [7c]
*** SHOW DOWN ***
andutu34: shows [Kc Kd] (two pair, Kings and Sevens)
max7812915: shows [Ah As] (two pair, Aces and Sevens)
max7812915 collected $178.60 from pot
*** SUMMARY ***
Total pot $181.10 | Rake $2.50 
Board [2s 5d 8c 7s 7c]
Seat 1: Espada Fish (small blind) folded before Flop
Seat 2: nikalas22 (big blind) folded before Flop
Seat 3: ptolejmus folded on the Flop
Seat 4: Checkraise_Lux folded before Flop (didn't bet)
Seat 5: andutu34 showed [Kc Kd] and lost with two pair, Kings and Sevens
Seat 6: max7812915 (button) showed [Ah As] and won ($178.60) with two pair, Aces and Sevens



PokerStars Hand #254376146203:  Hold'em No Limit ($0.50/$1.00 USD) - 2025/01/14 1:04:22 WET [2025/01/14 20:04:22 ET]
Table 'Alkalurops II' 6-max Seat #1 is the button
Seat 1: Espada Fish ($110.89 in chips) 
Seat 2: nikalas22 ($111.33 in chips) 
Seat 3: ptolejmus ($17.75 in chips) 
Seat 4: Checkraise_Lux ($100 in chips) 
Seat 5: andutu34 ($100 in chips) 
Seat 6: max7812915 ($178.60 in chips) 
nikalas22: posts small blind $0.50
ptolejmus: posts big blind $1
*** HOLE CARDS ***
Checkraise_Lux: folds 
andutu34: raises $1 to $2
max7812915: folds 
Espada Fish: folds 
nikalas22: folds 
ptolejmus: folds 
Uncalled bet ($1) returned to andutu34
andutu34 collected $2.50 from pot
andutu34: doesn't show hand 
*** SUMMARY ***
Total pot $2.50 | Rake $0 
Seat 1: Espada Fish (button) folded before Flop (didn't bet)
Seat 2: nikalas22 (small blind) folded before Flop
Seat 3: ptolejmus (big blind) folded before Flop
Seat 4: Checkraise_Lux folded before Flop (didn't bet)
Seat 5: andutu34 collected ($2.50)
Seat 6: max7812915 folded before Flop (didn't bet)



PokerStars Hand #254376150051:  Hold'em No Limit ($0.50/$1.00 USD) - 2025/01/14 1:04:44 WET [2025/01/14 20:04:44 ET]
Table 'Alkalurops II' 6-max Seat #2 is the button
Seat 1: Espada Fish ($110.89 in chips) 
Seat 2: nikalas22 ($110.83 in chips) 
Seat 3: ptolejmus ($16.75 in chips) 
Seat 4: Checkraise_Lux ($100 in chips) 
Seat 5: andutu34 ($101.50 in chips) 
Seat 6: max7812915 ($178.60 in chips) 
ptolejmus: posts small blind $0.50
Checkraise_Lux: posts big blind $1
*** HOLE CARDS ***
andutu34: raises $1 to $2
max7812915: calls $2
Espada Fish: folds 
nikalas22: folds 
ptolejmus: folds 
Checkraise_Lux: folds 
*** FLOP *** [6s Qs 8s]
andutu34: checks 
max7812915: checks 
*** TURN *** [6s Qs 8s] [Qd]
andutu34: checks 
max7812915: checks 
*** RIVER *** [6s Qs 8s Qd] [9d]
andutu34: bets $3.92
max7812915: calls $3.92
*** SHOW DOWN ***
andutu34: shows [Th Kd] (a pair of Queens)
max7812915: shows [7s Ac] (a pair of Queens - Ace kicker)
max7812915 collected $12.67 from pot
*** SUMMARY ***
Total pot $13.34 | Rake $0.67 
Board [6s Qs 8s Qd 9d]
Seat 1: Espada Fish folded before Flop (didn't bet)
Seat 2: nikalas22 (button) folded before Flop (didn't bet)
Seat 3: ptolejmus (small blind) folded before Flop
Seat 4: Checkraise_Lux (big blind) folded before Flop
Seat 5: andutu34 showed [Th Kd] and lost with a pair of Queens
Seat 6: max7812915 showed [7s Ac] and won ($12.67) with a pair of Queens



PokerStars Hand #254376156420:  Hold'em No Limit ($0.50/$1.00 USD) - 2025/01/14 1:05:19 WET [2025/01/14 20:05:19 ET]
Table 'Alkalurops II' 6-max Seat #3 is the button
Seat 1: Espada Fish ($110.89 in chips) 
Seat 2: nikalas22 ($110.83 in chips) 
Seat 3: ptolejmus ($16.25 in chips) 
Seat 4: Checkraise_Lux ($100 in chips) 
Seat 5: andutu34 ($100 in chips) 
Seat 6: max7812915 ($185.35 in chips) 
Checkraise_Lux: posts small blind $0.50
andutu34: posts big blind $1
*** HOLE CARDS ***
max7812915: calls $1
Espada Fish: raises $4.50 to $5.50
nikalas22: folds 
ptolejmus: folds 
Checkraise_Lux: folds 
andutu34: calls $4.50
max7812915: folds 
*** FLOP *** [9c 6h 2h]
andutu34: checks 
Espada Fish: bets $8.91
andutu34: calls $8.91
*** TURN *** [9c 6h 2h] [4d]
andutu34: checks 
Espada Fish: checks 
*** RIVER *** [9c 6h 2h 4d] [Ks]
andutu34: checks 
Espada Fish: bets $17.28
andutu34: calls $17.28
*** SHOW DOWN ***
Espada Fish: shows [Ah Kc] (a pair of Kings)
andutu34: mucks hand 
Espada Fish collected $62.38 from pot
*** SUMMARY ***
Total pot $64.88 | Rake $2.50 
Board [9c 6h 2h 4d Ks]
Seat 1: Espada Fish showed [Ah Kc] and won ($62.38) with a pair of Kings
Seat 2: nikalas22 folded before Flop (didn't bet)
Seat 3: ptolejmus (button) folded before Flop (didn't bet)
Seat 4: Checkraise_Lux (small blind) folded before Flop
Seat 5: andutu34 (big blind) mucked
Seat 6: max7812915 folded before Flop



PokerStars Hand #254376169482:  Hold'em No Limit ($0.50/$1.00 USD) - 2025/01/14 1:06:33 WET [2025/01/14 20:06:33 ET]
Table 'Alkalurops II' 6-max Seat #4 is the button
Seat 1: Espada Fish ($141.58 in chips) 
Seat 2: nikalas22 ($110.83 in chips) 
Seat 3: ptolejmus ($16.25 in chips) 
Seat 4: Checkraise_Lux ($100 in chips) 
Seat 5: andutu34 ($100 in chips) 
Seat 6: max7812915 ($184.35 in chips) 
andutu34: posts small blind $0.50
max7812915: posts big blind $1
*** HOLE CARDS ***
Espada Fish: folds 
nikalas22: folds 
ptolejmus: raises $1 to $2
Checkraise_Lux: raises $4 to $6
andutu34: folds 
max7812915: folds 
ptolejmus: folds 
Uncalled bet ($4) returned to Checkraise_Lux
Checkraise_Lux collected $5.50 from pot
*** SUMMARY ***
Total pot $5.50 | Rake $0 
Seat 1: Espada Fish folded before Flop (didn't bet)
Seat 2: nikalas22 folded before Flop (didn't bet)
Seat 3: ptolejmus folded before Flop
Seat 4: Checkraise_Lux (button) collected ($5.50)
Seat 5: andutu34 (small blind) folded before Flop
Seat 6: max7812915 (big blind) folded before Flop



PokerStars Hand #254376174214:  Hold'em No Limit ($0.50/$1.00 USD) - 2025/01/14 1:07:00 WET [2025/01/14 20:07:00 ET]
Table 'Alkalurops II' 6-max Seat #5 is the button
Seat 1: Espada Fish ($141.58 in chips) 
Seat 2: nikalas22 ($110.83 in chips) 
Seat 3: ptolejmus ($14.25 in chips) 
Seat 4: Checkraise_Lux ($103.50 in chips) 
Seat 5: andutu34 ($100 in chips) 
Seat 6: max7812915 ($183.35 in chips) 
max7812915: posts small blind $0.50
Espada Fish: posts big blind $1
*** HOLE CARDS ***
nikalas22: folds 
ptolejmus: folds 
Checkraise_Lux: folds 
andutu34: raises $1.49 to $2.49
max7812915: folds 
Espada Fish: folds 
Uncalled bet ($1.49) returned to andutu34
andutu34 collected $2.50 from pot
andutu34: doesn't show hand 
*** SUMMARY ***
Total pot $2.50 | Rake $0 
Seat 1: Espada Fish (big blind) folded before Flop
Seat 2: nikalas22 folded before Flop (didn't bet)
Seat 3: ptolejmus folded before Flop (didn't bet)
Seat 4: Checkraise_Lux folded before Flop (didn't bet)
Seat 5: andutu34 (button) collected ($2.50)
Seat 6: max7812915 (small blind) folded before Flop



PokerStars Hand #254376176416:  Hold'em No Limit ($0.50/$1.00 USD) - 2025/01/14 1:07:12 WET [2025/01/14 20:07:12 ET]
Table 'Alkalurops II' 6-max Seat #6 is the button
Seat 1: Espada Fish ($140.58 in chips) 
Seat 2: nikalas22 ($110.83 in chips) 
Seat 3: ptolejmus ($14.25 in chips) 
Seat 4: Checkraise_Lux ($103.50 in chips) 
Seat 5: andutu34 ($101.50 in chips) 
Seat 6: max7812915 ($182.85 in chips) 
Espada Fish: posts small blind $0.50
nikalas22: posts big blind $1
*** HOLE CARDS ***
ptolejmus: raises $1 to $2
Checkraise_Lux: folds 
andutu34: folds 
max7812915: folds 
Espada Fish: folds 
nikalas22: folds 
Uncalled bet ($1) returned to ptolejmus
ptolejmus collected $2.50 from pot
*** SUMMARY ***
Total pot $2.50 | Rake $0 
Seat 1: Espada Fish (small blind) folded before Flop
Seat 2: nikalas22 (big blind) folded before Flop
Seat 3: ptolejmus collected ($2.50)
Seat 4: Checkraise_Lux folded before Flop (didn't bet)
Seat 5: andutu34 folded before Flop (didn't bet)
Seat 6: max7812915 (button) folded before Flop (didn't bet)



PokerStars Hand #254376178745:  Hold'em No Limit ($0.50/$1.00 USD) - 2025/01/14 1:07:25 WET [2025/01/14 20:07:25 ET]
Table 'Alkalurops II' 6-max Seat #1 is the button
Seat 1: Espada Fish ($140.08 in chips) 
Seat 2: nikalas22 ($109.83 in chips) 
Seat 3: ptolejmus ($15.75 in chips) 
Seat 4: Checkraise_Lux ($103.50 in chips) 
Seat 5: andutu34 ($101.50 in chips) 
Seat 6: max7812915 ($182.85 in chips) 
nikalas22: posts small blind $0.50
ptolejmus: posts big blind $1
*** HOLE CARDS ***
Checkraise_Lux: folds 
andutu34: folds 
max7812915: folds 
Espada Fish: folds 
nikalas22: folds 
Uncalled bet ($0.50) returned to ptolejmus
ptolejmus collected $1 from pot
*** SUMMARY ***
Total pot $1 | Rake $0 
Seat 1: Espada Fish (button) folded before Flop (didn't bet)
Seat 2: nikalas22 (small blind) folded before Flop
Seat 3: ptolejmus (big blind) collected ($1)
Seat 4: Checkraise_Lux folded before Flop (didn't bet)
Seat 5: andutu34 folded before Flop (didn't bet)
Seat 6: max7812915 folded before Flop (didn't bet)



PokerStars Hand #254376180647:  Hold'em No Limit ($0.50/$1.00 USD) - 2025/01/14 1:07:35 WET [2025/01/14 20:07:35 ET]
Table 'Alkalurops II' 6-max Seat #2 is the button
Seat 1: Espada Fish ($140.08 in chips) 
Seat 2: nikalas22 ($109.33 in chips) 
Seat 3: ptolejmus ($16.25 in chips) 
Seat 4: Checkraise_Lux ($103.50 in chips) 
Seat 5: andutu34 ($101.50 in chips) 
Seat 6: max7812915 ($182.85 in chips) 
ptolejmus: posts small blind $0.50
Checkraise_Lux: posts big blind $1
*** HOLE CARDS ***
andutu34: folds 
max7812915: calls $1
Espada Fish: folds 
nikalas22: folds 
ptolejmus: folds 
Checkraise_Lux: checks 
*** FLOP *** [7s Js Td]
Checkraise_Lux: checks 
max7812915: checks 
*** TURN *** [7s Js Td] [5d]
Checkraise_Lux: checks 
max7812915: checks 
*** RIVER *** [7s Js Td 5d] [4s]
Checkraise_Lux: bets $2.38
max7812915: calls $2.38
*** SHOW DOWN ***
Checkraise_Lux: shows [8d 6s] (a straight, Four to Eight)
max7812915: mucks hand 
Checkraise_Lux collected $6.90 from pot
*** SUMMARY ***
Total pot $7.26 | Rake $0.36 
Board [7s Js Td 5d 4s]
Seat 1: Espada Fish folded before Flop (didn't bet)
Seat 2: nikalas22 (button) folded before Flop (didn't bet)
Seat 3: ptolejmus (small blind) folded before Flop
Seat 4: Checkraise_Lux (big blind) showed [8d 6s] and won ($6.90) with a straight, Four to Eight
Seat 5: andutu34 folded before Flop (didn't bet)
Seat 6: max7812915 mucked



PokerStars Hand #254376185962:  Hold'em No Limit ($0.50/$1.00 USD) - 2025/01/14 1:08:05 WET [2025/01/14 20:08:05 ET]
Table 'Alkalurops II' 6-max Seat #3 is the button
Seat 1: Espada Fish ($140.08 in chips) 
Seat 2: nikalas22 ($109.33 in chips) 
Seat 3: ptolejmus ($15.75 in chips) 
Seat 4: Checkraise_Lux ($107.02 in chips) 
Seat 5: andutu34 ($101.50 in chips) 
Seat 6: max7812915 ($179.47 in chips) 
Checkraise_Lux: posts small blind $0.50
andutu34: posts big blind $1
*** HOLE CARDS ***
max7812915: folds 
Espada Fish: raises $1.20 to $2.20
nikalas22: folds 
ptolejmus: folds 
Checkraise_Lux: folds 
andutu34: folds 
Uncalled bet ($1.20) returned to Espada Fish
Espada Fish collected $2.50 from pot
Espada Fish: doesn't show hand 
*** SUMMARY ***
Total pot $2.50 | Rake $0 
Seat 1: Espada Fish collected ($2.50)
Seat 2: nikalas22 folded before Flop (didn't bet)
Seat 3: ptolejmus (button) folded before Flop (didn't bet)
Seat 4: Checkraise_Lux (small blind) folded before Flop
Seat 5: andutu34 (big blind) folded before Flop
Seat 6: max7812915 folded before Flop (didn't bet)



PokerStars Hand #254376188906:  Hold'em No Limit ($0.50/$1.00 USD) - 2025/01/14 1:08:22 WET [2025/01/14 20:08:22 ET]
Table 'Alkalurops II' 6-max Seat #4 is the button
Seat 1: Espada Fish ($141.58 in chips) 
Seat 2: nikalas22 ($109.33 in chips) 
Seat 3: ptolejmus ($15.75 in chips) 
Seat 4: Checkraise_Lux ($106.52 in chips) 
Seat 5: andutu34 ($100.50 in chips) 
Seat 6: max7812915 ($179.47 in chips) 
andutu34: posts small blind $0.50
max7812915: posts big blind $1
*** HOLE CARDS ***
Espada Fish: folds 
nikalas22: folds 
ptolejmus: folds 
Checkraise_Lux: raises $1.50 to $2.50
andutu34: folds 
max7812915: calls $1.50
*** FLOP *** [7h 3d Qc]
max7812915: checks 
Checkraise_Lux: bets $2.61
max7812915: folds 
Uncalled bet ($2.61) returned to Checkraise_Lux
Checkraise_Lux collected $5.22 from pot
*** SUMMARY ***
Total pot $5.50 | Rake $0.28 
Board [7h 3d Qc]
Seat 1: Espada Fish folded before Flop (didn't bet)
Seat 2: nikalas22 folded before Flop (didn't bet)
Seat 3: ptolejmus folded before Flop (didn't bet)
Seat 4: Checkraise_Lux (button) collected ($5.22)
Seat 5: andutu34 (small blind) folded before Flop
Seat 6: max7812915 (big blind) folded on the Flop



PokerStars Hand #254376192724:  Hold'em No Limit ($0.50/$1.00 USD) - 2025/01/14 1:08:44 WET [2025/01/14 20:08:44 ET]
Table 'Alkalurops II' 6-max Seat #5 is the button
Seat 1: Espada Fish ($141.58 in chips) 
Seat 2: nikalas22 ($109.33 in chips) 
Seat 3: ptolejmus ($15.75 in chips) 
Seat 4: Checkraise_Lux ($109.24 in chips) 
Seat 5: andutu34 ($100 in chips) 
Seat 6: max7812915 ($176.97 in chips) 
max7812915: posts small blind $0.50
Espada Fish: posts big blind $1
*** HOLE CARDS ***
nikalas22: raises $1.50 to $2.50
ptolejmus: folds 
Checkraise_Lux: folds 
andutu34: folds 
max7812915: calls $2
Espada Fish: folds 
*** FLOP *** [Ks Qd Qh]
max7812915: checks 
nikalas22: bets $1.71
max7812915: folds 
Uncalled bet ($1.71) returned to nikalas22
nikalas22 collected $5.70 from pot
nikalas22: doesn't show hand 
*** SUMMARY ***
Total pot $6 | Rake $0.30 
Board [Ks Qd Qh]
Seat 1: Espada Fish (big blind) folded before Flop
Seat 2: nikalas22 collected ($5.70)
Seat 3: ptolejmus folded before Flop (didn't bet)
Seat 4: Checkraise_Lux folded before Flop (didn't bet)
Seat 5: andutu34 (button) folded before Flop (didn't bet)
Seat 6: max7812915 (small blind) folded on the Flop



PokerStars Hand #254376196529:  Hold'em No Limit ($0.50/$1.00 USD) - 2025/01/14 1:09:06 WET [2025/01/14 20:09:06 ET]
Table 'Alkalurops II' 6-max Seat #6 is the button
Seat 1: Espada Fish ($140.58 in chips) 
Seat 2: nikalas22 ($112.53 in chips) 
Seat 3: ptolejmus ($15.75 in chips) 
Seat 4: Checkraise_Lux ($109.24 in chips) 
Seat 5: andutu34 ($100 in chips) 
Seat 6: max7812915 ($174.47 in chips) 
Espada Fish: posts small blind $0.50
nikalas22: posts big blind $1
*** HOLE CARDS ***
ptolejmus: raises $1 to $2
Checkraise_Lux has timed out
Checkraise_Lux: folds 
andutu34: folds 
max7812915: calls $2
Espada Fish: folds 
nikalas22: folds 
*** FLOP *** [7h Kd 5h]
ptolejmus: bets $1.41
max7812915: calls $1.41
*** TURN *** [7h Kd 5h] [3c]
ptolejmus: bets $4.03
max7812915: calls $4.03
*** RIVER *** [7h Kd 5h 3c] [Th]
ptolejmus: bets $8.31 and is all-in
max7812915: calls $8.31
*** SHOW DOWN ***
ptolejmus: shows [Ks Ad] (a pair of Kings)
max7812915: shows [2h 8h] (a flush, Ten high)
max7812915 collected $31.35 from pot
*** SUMMARY ***
Total pot $33 | Rake $1.65 
Board [7h Kd 5h 3c Th]
Seat 1: Espada Fish (small blind) folded before Flop
Seat 2: nikalas22 (big blind) folded before Flop
Seat 3: ptolejmus showed [Ks Ad] and lost with a pair of Kings
Seat 4: Checkraise_Lux folded before Flop (didn't bet)
Seat 5: andutu34 folded before Flop (didn't bet)
Seat 6: max7812915 (button) showed [2h 8h] and won ($31.35) with a flush, Ten high



PokerStars Hand #254376207731:  Hold'em No Limit ($0.50/$1.00 USD) - 2025/01/14 1:10:09 WET [2025/01/14 20:10:09 ET]
Table 'Alkalurops II' 6-max Seat #1 is the button
Seat 1: Espada Fish ($140.08 in chips) 
Seat 2: nikalas22 ($111.53 in chips) 
Seat 3: ptolejmus ($10 in chips) 
Seat 4: Checkraise_Lux ($109.24 in chips) 
Seat 5: andutu34 ($100 in chips) 
Seat 6: max7812915 ($190.07 in chips) 
nikalas22: posts small blind $0.50
ptolejmus: posts big blind $1
*** HOLE CARDS ***
Checkraise_Lux: folds 
andutu34: folds 
max7812915: calls $1
Espada Fish: raises $2.50 to $3.50
nikalas22: folds 
ptolejmus: raises $6.50 to $10 and is all-in
max7812915: folds 
Espada Fish: calls $6.50
*** FLOP *** [3h 4d 7s]
*** TURN *** [3h 4d 7s] [8c]
*** RIVER *** [3h 4d 7s 8c] [Jc]
*** SHOW DOWN ***
ptolejmus: shows [Kc 9c] (high card King)
Espada Fish: shows [Kd Tc] (high card King - Jack+Ten kicker)
Espada Fish cashed out the hand for $13.74 | Cash Out Fee $0.28
*** SUMMARY ***
Total pot $21.50 | Rake $1.08 
Board [3h 4d 7s 8c Jc]
Seat 1: Espada Fish (button) showed [Kd Tc] and won ($20.42) with high card King (pot not awarded as player cashed out)
Seat 2: nikalas22 (small blind) folded before Flop
Seat 3: ptolejmus (big blind) showed [Kc 9c] and lost with high card King
Seat 4: Checkraise_Lux folded before Flop (didn't bet)
Seat 5: andutu34 folded before Flop (didn't bet)
Seat 6: max7812915 folded before Flop



PokerStars Hand #254376214591:  Hold'em No Limit ($0.50/$1.00 USD) - 2025/01/14 1:10:48 WET [2025/01/14 20:10:48 ET]
Table 'Alkalurops II' 6-max Seat #2 is the button
Seat 1: Espada Fish ($143.82 in chips) 
Seat 2: nikalas22 ($111.03 in chips) 
Seat 3: ptolejmus ($10 in chips) 
Seat 4: Checkraise_Lux ($109.24 in chips) 
Seat 5: andutu34 ($100 in chips) 
Seat 6: max7812915 ($189.07 in chips) 
ptolejmus: posts small blind $0.50
Checkraise_Lux: posts big blind $1
*** HOLE CARDS ***
andutu34: folds 
max7812915: calls $1
Espada Fish: folds 
nikalas22: folds 
ptolejmus: calls $0.50
Checkraise_Lux: checks 
*** FLOP *** [Qs Ad Js]
ptolejmus: checks 
Checkraise_Lux: checks 
max7812915: checks 
*** TURN *** [Qs Ad Js] [3c]
ptolejmus: checks 
Checkraise_Lux: checks 
max7812915: checks 
*** RIVER *** [Qs Ad Js 3c] [5c]
ptolejmus: checks 
Checkraise_Lux: checks 
max7812915: bets $2.85
ptolejmus: folds 
Checkraise_Lux: folds 
Uncalled bet ($2.85) returned to max7812915
max7812915 collected $2.85 from pot
*** SUMMARY ***
Total pot $3 | Rake $0.15 
Board [Qs Ad Js 3c 5c]
Seat 1: Espada Fish folded before Flop (didn't bet)
Seat 2: nikalas22 (button) folded before Flop (didn't bet)
Seat 3: ptolejmus (small blind) folded on the River
Seat 4: Checkraise_Lux (big blind) folded on the River
Seat 5: andutu34 folded before Flop (didn't bet)
Seat 6: max7812915 collected ($2.85)



PokerStars Hand #254376223107:  Hold'em No Limit ($0.50/$1.00 USD) - 2025/01/14 1:11:37 WET [2025/01/14 20:11:37 ET]
Table 'Alkalurops II' 6-max Seat #3 is the button
Seat 1: Espada Fish ($143.82 in chips) 
Seat 2: nikalas22 ($111.03 in chips) 
Seat 3: ptolejmus ($10 in chips) 
Seat 4: Checkraise_Lux ($108.24 in chips) 
Seat 5: andutu34 ($100 in chips) 
Seat 6: max7812915 ($190.92 in chips) 
Checkraise_Lux: posts small blind $0.50
andutu34: posts big blind $1
*** HOLE CARDS ***
max7812915: calls $1
Espada Fish: folds 
nikalas22: folds 
ptolejmus: folds 
Checkraise_Lux: folds 
andutu34: checks 
*** FLOP *** [Jd 5s 6c]
andutu34: checks 
max7812915: checks 
*** TURN *** [Jd 5s 6c] [2c]
andutu34: checks 
max7812915: bets $2.38
andutu34: calls $2.38
*** RIVER *** [Jd 5s 6c 2c] [8h]
andutu34: checks 
max7812915: bets $6.90
andutu34: folds 
Uncalled bet ($6.90) returned to max7812915
max7812915 collected $6.90 from pot
max7812915: doesn't show hand 
*** SUMMARY ***
Total pot $7.26 | Rake $0.36 
Board [Jd 5s 6c 2c 8h]
Seat 1: Espada Fish folded before Flop (didn't bet)
Seat 2: nikalas22 folded before Flop (didn't bet)
Seat 3: ptolejmus (button) folded before Flop (didn't bet)
Seat 4: Checkraise_Lux (small blind) folded before Flop
Seat 5: andutu34 (big blind) folded on the River
Seat 6: max7812915 collected ($6.90)



PokerStars Hand #254376231564:  Hold'em No Limit ($0.50/$1.00 USD) - 2025/01/14 1:12:25 WET [2025/01/14 20:12:25 ET]
Table 'Alkalurops II' 6-max Seat #4 is the button
Seat 1: Espada Fish ($143.82 in chips) 
Seat 2: nikalas22 ($111.03 in chips) 
Seat 3: ptolejmus ($10 in chips) 
Seat 4: Checkraise_Lux ($107.74 in chips) 
Seat 5: andutu34 ($100 in chips) 
Seat 6: max7812915 ($194.44 in chips) 
andutu34: posts small blind $0.50
max7812915: posts big blind $1
*** HOLE CARDS ***
Espada Fish: folds 
nikalas22: raises $1.50 to $2.50
ptolejmus: folds 
Checkraise_Lux: folds 
andutu34: folds 
max7812915: calls $1.50
*** FLOP *** [Ah 6s Ac]
max7812915: checks 
nikalas22: bets $1.57
max7812915: calls $1.57
*** TURN *** [Ah 6s Ac] [2h]
max7812915: checks 
nikalas22: bets $12.32
max7812915: raises $12.32 to $24.64
nikalas22: calls $12.32
*** RIVER *** [Ah 6s Ac 2h] [Jc]
max7812915: bets $55.42
nikalas22: calls $55.42
*** SHOW DOWN ***
max7812915: shows [Ad 4d] (three of a kind, Aces)
nikalas22: shows [Qd As] (three of a kind, Aces - Queen kicker)
nikalas22 collected $166.26 from pot
*** SUMMARY ***
Total pot $168.76 | Rake $2.50 
Board [Ah 6s Ac 2h Jc]
Seat 1: Espada Fish folded before Flop (didn't bet)
Seat 2: nikalas22 showed [Qd As] and won ($166.26) with three of a kind, Aces
Seat 3: ptolejmus folded before Flop (didn't bet)
Seat 4: Checkraise_Lux (button) folded before Flop (didn't bet)
Seat 5: andutu34 (small blind) folded before Flop
Seat 6: max7812915 (big blind) showed [Ad 4d] and lost with three of a kind, Aces



PokerStars Hand #254376238360:  Hold'em No Limit ($0.50/$1.00 USD) - 2025/01/14 1:13:04 WET [2025/01/14 20:13:04 ET]
Table 'Alkalurops II' 6-max Seat #5 is the button
Seat 1: Espada Fish ($143.82 in chips) 
Seat 2: nikalas22 ($193.16 in chips) 
Seat 3: ptolejmus ($10 in chips) 
Seat 4: Checkraise_Lux ($107.74 in chips) 
Seat 5: andutu34 ($100 in chips) 
Seat 6: max7812915 ($110.31 in chips) 
max7812915: posts small blind $0.50
Espada Fish: posts big blind $1
*** HOLE CARDS ***
nikalas22: folds 
ptolejmus: raises $1 to $2
Checkraise_Lux: folds 
andutu34: folds 
max7812915: calls $1.50
Espada Fish: folds 
*** FLOP *** [2c 6d Js]
max7812915: checks 
ptolejmus: bets $1.28
max7812915: calls $1.28
*** TURN *** [2c 6d Js] [9s]
max7812915: checks 
ptolejmus: bets $1.94
max7812915: calls $1.94
*** RIVER *** [2c 6d Js 9s] [7c]
max7812915: checks 
ptolejmus: bets $4.78 and is all-in
max7812915: folds 
Uncalled bet ($4.78) returned to ptolejmus
ptolejmus collected $10.87 from pot
*** SUMMARY ***
Total pot $11.44 | Rake $0.57 
Board [2c 6d Js 9s 7c]
Seat 1: Espada Fish (big blind) folded before Flop
Seat 2: nikalas22 folded before Flop (didn't bet)
Seat 3: ptolejmus collected ($10.87)
Seat 4: Checkraise_Lux folded before Flop (didn't bet)
Seat 5: andutu34 (button) folded before Flop (didn't bet)
Seat 6: max7812915 (small blind) folded on the River



PokerStars Hand #254376248743:  Hold'em No Limit ($0.50/$1.00 USD) - 2025/01/14 1:14:04 WET [2025/01/14 20:14:04 ET]
Table 'Alkalurops II' 6-max Seat #6 is the button
Seat 1: Espada Fish ($142.82 in chips) 
Seat 2: nikalas22 ($193.16 in chips) 
Seat 3: ptolejmus ($15.65 in chips) 
Seat 4: Checkraise_Lux ($107.74 in chips) 
Seat 5: andutu34 ($100 in chips) 
Seat 6: max7812915 ($105.09 in chips) 
Espada Fish: posts small blind $0.50
nikalas22: posts big blind $1
*** HOLE CARDS ***
ptolejmus: folds 
Checkraise_Lux has timed out
Checkraise_Lux: folds 
andutu34: folds 
max7812915: folds 
max7812915 leaves the table
andutu34 leaves the table
Espada Fish: folds 
Uncalled bet ($0.50) returned to nikalas22
nikalas22 collected $1 from pot
nikalas22: doesn't show hand 
*** SUMMARY ***
Total pot $1 | Rake $0 
Seat 1: Espada Fish (small blind) folded before Flop
Seat 2: nikalas22 (big blind) collected ($1)
Seat 3: ptolejmus folded before Flop (didn't bet)
Seat 4: Checkraise_Lux folded before Flop (didn't bet)
Seat 5: andutu34 folded before Flop (didn't bet)
Seat 6: max7812915 (button) folded before Flop (didn't bet)



PokerStars Hand #254376252461:  Hold'em No Limit ($0.50/$1.00 USD) - 2025/01/14 1:14:26 WET [2025/01/14 20:14:26 ET]
Table 'Alkalurops II' 6-max Seat #1 is the button
Seat 2: nikalas22 ($193.66 in chips) is sitting out
Seat 1: Espada Fish ($142.32 in chips) 
Seat 3: ptolejmus ($15.65 in chips) 
Seat 4: Checkraise_Lux ($107.74 in chips) 
ptolejmus: posts small blind $0.50
Checkraise_Lux: posts big blind $1
*** HOLE CARDS ***
nikalas22 leaves the table
Espada Fish: folds 
Espada Fish leaves the table
ptolejmus: raises $14.65 to $15.65 and is all-in
Mr_Dick666 joins the table at seat #5 
Checkraise_Lux: folds 
Uncalled bet ($14.65) returned to ptolejmus
ptolejmus collected $2 from pot
*** SUMMARY ***
Total pot $2 | Rake $0 
Seat 2: nikalas22
Seat 1: Espada Fish (button) folded before Flop (didn't bet)
Seat 3: ptolejmus (small blind) collected ($2)
Seat 4: Checkraise_Lux (big blind) folded before Flop



PokerStars Hand #254376256286:  Hold'em No Limit ($0.50/$1.00 USD) - 2025/01/14 1:14:48 WET [2025/01/14 20:14:48 ET]
Table 'Alkalurops II' 6-max Seat #3 is the button
Seat 3: ptolejmus ($16.65 in chips) 
Seat 4: Checkraise_Lux ($106.74 in chips) 
Seat 5: Mr_Dick666 ($100 in chips) 
Checkraise_Lux: posts small blind $0.50
Mr_Dick666: posts big blind $1
*** HOLE CARDS ***
Jasond689 joins the table at seat #6 
Jasond689 is disconnected 
ptolejmus: folds 
ru_ruu_ru joins the table at seat #1 
equilibrium_tv joins the table at seat #2 
Checkraise_Lux: raises $2 to $3
Mr_Dick666: raises $6 to $9
Checkraise_Lux: calls $6
*** FLOP *** [Ac Ts 7d]
Checkraise_Lux: checks 
Mr_Dick666: bets $5.64
Checkraise_Lux: calls $5.64
*** TURN *** [Ac Ts 7d] [Jc]
Checkraise_Lux: checks 
Mr_Dick666: checks 
*** RIVER *** [Ac Ts 7d Jc] [Ah]
Checkraise_Lux: checks 
Mr_Dick666: checks 
*** SHOW DOWN ***
Checkraise_Lux: shows [As 2s] (three of a kind, Aces)
Mr_Dick666: mucks hand 
Checkraise_Lux collected $28.28 from pot
*** SUMMARY ***
Total pot $29.28 | Rake $1 
Board [Ac Ts 7d Jc Ah]
Seat 3: ptolejmus (button) folded before Flop (didn't bet)
Seat 4: Checkraise_Lux (small blind) showed [As 2s] and won ($28.28) with three of a kind, Aces
Seat 5: Mr_Dick666 (big blind) mucked



PokerStars Hand #254376265906:  Hold'em No Limit ($0.50/$1.00 USD) - 2025/01/14 1:15:43 WET [2025/01/14 20:15:43 ET]
Table 'Alkalurops II' 6-max Seat #4 is the button
Seat 1: ru_ruu_ru ($100 in chips) is sitting out
Seat 2: equilibrium_tv ($10 in chips) is sitting out
Seat 3: ptolejmus ($16.65 in chips) 
Seat 4: Checkraise_Lux ($120.38 in chips) 
Seat 5: Mr_Dick666 ($100 in chips) 
Seat 6: Jasond689 ($27.19 in chips) 
Mr_Dick666: posts small blind $0.50
Jasond689: posts big blind $1
ru_ruu_ru: sits out 
equilibrium_tv: sits out 
*** HOLE CARDS ***
ptolejmus: folds 
Checkraise_Lux: folds 
Mr_Dick666: raises $2 to $3
Jasond689: calls $2
*** FLOP *** [Kd Tc 6h]
Mr_Dick666: checks 
Jasond689: bets $5.70
Mr_Dick666: folds 
Uncalled bet ($5.70) returned to Jasond689
Jasond689 collected $5.70 from pot
*** SUMMARY ***
Total pot $6 | Rake $0.30 
Board [Kd Tc 6h]
Seat 1: ru_ruu_ru
Seat 2: equilibrium_tv
Seat 3: ptolejmus folded before Flop (didn't bet)
Seat 4: Checkraise_Lux (button) folded before Flop (didn't bet)
Seat 5: Mr_Dick666 (small blind) folded on the Flop
Seat 6: Jasond689 (big blind) collected ($5.70)



PokerStars Hand #254376270708:  Hold'em No Limit ($0.50/$1.00 USD) - 2025/01/14 1:16:11 WET [2025/01/14 20:16:11 ET]
Table 'Alkalurops II' 6-max Seat #5 is the button
Seat 2: equilibrium_tv ($10 in chips) is sitting out
Seat 1: ru_ruu_ru ($100 in chips) 
Seat 3: ptolejmus ($16.65 in chips) 
Seat 4: Checkraise_Lux ($120.38 in chips) 
Seat 5: Mr_Dick666 ($100 in chips) 
Seat 6: Jasond689 ($29.89 in chips) 
Jasond689: posts small blind $0.50
ru_ruu_ru: posts big blind $1
equilibrium_tv: sits out 
*** HOLE CARDS ***
ptolejmus: folds 
Checkraise_Lux: folds 
Mr_Dick666: folds 
Jasond689: calls $0.50
ru_ruu_ru: raises $3 to $4
Jasond689: calls $3
*** FLOP *** [3h Jc 4s]
Jasond689: checks 
ru_ruu_ru: bets $3.80
Jasond689: folds 
Uncalled bet ($3.80) returned to ru_ruu_ru
ru_ruu_ru collected $7.60 from pot
ru_ruu_ru: doesn't show hand 
*** SUMMARY ***
Total pot $8 | Rake $0.40 
Board [3h Jc 4s]
Seat 2: equilibrium_tv
Seat 1: ru_ruu_ru (big blind) collected ($7.60)
Seat 3: ptolejmus folded before Flop (didn't bet)
Seat 4: Checkraise_Lux folded before Flop (didn't bet)
Seat 5: Mr_Dick666 (button) folded before Flop (didn't bet)
Seat 6: Jasond689 (small blind) folded on the Flop



PokerStars Hand #254376276278:  Hold'em No Limit ($0.50/$1.00 USD) - 2025/01/14 1:16:43 WET [2025/01/14 20:16:43 ET]
Table 'Alkalurops II' 6-max Seat #6 is the button
Seat 1: ru_ruu_ru ($103.60 in chips) 
Seat 2: equilibrium_tv ($10 in chips) 
Seat 3: ptolejmus ($16.65 in chips) 
Seat 4: Checkraise_Lux ($120.38 in chips) 
Seat 5: Mr_Dick666 ($100 in chips) 
Seat 6: Jasond689 ($25.89 in chips) 
ru_ruu_ru: posts small blind $0.50
equilibrium_tv: posts big blind $1
*** HOLE CARDS ***
ptolejmus: folds 
Checkraise_Lux: folds 
Mr_Dick666: folds 
Jasond689: folds 
ru_ruu_ru: folds 
Uncalled bet ($0.50) returned to equilibrium_tv
equilibrium_tv collected $1 from pot
*** SUMMARY ***
Total pot $1 | Rake $0 
Seat 1: ru_ruu_ru (small blind) folded before Flop
Seat 2: equilibrium_tv (big blind) collected ($1)
Seat 3: ptolejmus folded before Flop (didn't bet)
Seat 4: Checkraise_Lux folded before Flop (didn't bet)
Seat 5: Mr_Dick666 folded before Flop (didn't bet)
Seat 6: Jasond689 (button) folded before Flop (didn't bet)



PokerStars Hand #254376279169:  Hold'em No Limit ($0.50/$1.00 USD) - 2025/01/14 1:17:00 WET [2025/01/14 20:17:00 ET]
Table 'Alkalurops II' 6-max Seat #1 is the button
Seat 1: ru_ruu_ru ($103.10 in chips) 
Seat 2: equilibrium_tv ($10.50 in chips) 
Seat 3: ptolejmus ($16.65 in chips) 
Seat 4: Checkraise_Lux ($120.38 in chips) 
Seat 5: Mr_Dick666 ($100 in chips) 
Seat 6: Jasond689 ($25.89 in chips) 
equilibrium_tv: posts small blind $0.50
ptolejmus: posts big blind $1
*** HOLE CARDS ***
Checkraise_Lux: folds 
Mr_Dick666: folds 
Jasond689: raises $1 to $2
ru_ruu_ru: folds 
equilibrium_tv: folds 
ptolejmus: folds 
Uncalled bet ($1) returned to Jasond689
Jasond689 collected $2.50 from pot
*** SUMMARY ***
Total pot $2.50 | Rake $0 
Seat 1: ru_ruu_ru (button) folded before Flop (didn't bet)
Seat 2: equilibrium_tv (small blind) folded before Flop
Seat 3: ptolejmus (big blind) folded before Flop
Seat 4: Checkraise_Lux folded before Flop (didn't bet)
Seat 5: Mr_Dick666 folded before Flop (didn't bet)
Seat 6: Jasond689 collected ($2.50)



PokerStars Hand #254376282819:  Hold'em No Limit ($0.50/$1.00 USD) - 2025/01/14 1:17:21 WET [2025/01/14 20:17:21 ET]
Table 'Alkalurops II' 6-max Seat #2 is the button
Seat 1: ru_ruu_ru ($103.10 in chips) 
Seat 2: equilibrium_tv ($10 in chips) 
Seat 3: ptolejmus ($15.65 in chips) 
Seat 4: Checkraise_Lux ($120.38 in chips) 
Seat 5: Mr_Dick666 ($100 in chips) 
Seat 6: Jasond689 ($27.39 in chips) 
ptolejmus: posts small blind $0.50
Checkraise_Lux: posts big blind $1
*** HOLE CARDS ***
Mr_Dick666: folds 
Jasond689: calls $1
ru_ruu_ru: raises $7 to $8
equilibrium_tv: folds 
ptolejmus: folds 
Checkraise_Lux: folds 
Jasond689: folds 
Uncalled bet ($7) returned to ru_ruu_ru
ru_ruu_ru collected $3.50 from pot
ru_ruu_ru: doesn't show hand 
*** SUMMARY ***
Total pot $3.50 | Rake $0 
Seat 1: ru_ruu_ru collected ($3.50)
Seat 2: equilibrium_tv (button) folded before Flop (didn't bet)
Seat 3: ptolejmus (small blind) folded before Flop
Seat 4: Checkraise_Lux (big blind) folded before Flop
Seat 5: Mr_Dick666 folded before Flop (didn't bet)
Seat 6: Jasond689 folded before Flop



PokerStars Hand #254376285753:  Hold'em No Limit ($0.50/$1.00 USD) - 2025/01/14 1:17:38 WET [2025/01/14 20:17:38 ET]
Table 'Alkalurops II' 6-max Seat #3 is the button
Seat 1: ru_ruu_ru ($105.60 in chips) 
Seat 2: equilibrium_tv ($10 in chips) 
Seat 3: ptolejmus ($15.15 in chips) 
Seat 4: Checkraise_Lux ($119.38 in chips) 
Seat 5: Mr_Dick666 ($100 in chips) 
Seat 6: Jasond689 ($26.39 in chips) 
Checkraise_Lux: posts small blind $0.50
Mr_Dick666: posts big blind $1
*** HOLE CARDS ***
Jasond689: folds 
ru_ruu_ru: folds 
equilibrium_tv: folds 
ptolejmus: raises $1 to $2
Checkraise_Lux: raises $8 to $10
Mr_Dick666: folds 
ptolejmus: folds 
Uncalled bet ($8) returned to Checkraise_Lux
Checkraise_Lux collected $5 from pot
*** SUMMARY ***
Total pot $5 | Rake $0 
Seat 1: ru_ruu_ru folded before Flop (didn't bet)
Seat 2: equilibrium_tv folded before Flop (didn't bet)
Seat 3: ptolejmus (button) folded before Flop
Seat 4: Checkraise_Lux (small blind) collected ($5)
Seat 5: Mr_Dick666 (big blind) folded before Flop
Seat 6: Jasond689 folded before Flop (didn't bet)



PokerStars Hand #254376290299:  Hold'em No Limit ($0.50/$1.00 USD) - 2025/01/14 1:18:04 WET [2025/01/14 20:18:04 ET]
Table 'Alkalurops II' 6-max Seat #4 is the button
Seat 1: ru_ruu_ru ($105.60 in chips) 
Seat 2: equilibrium_tv ($10 in chips) 
Seat 3: ptolejmus ($13.15 in chips) 
Seat 4: Checkraise_Lux ($122.38 in chips) 
Seat 5: Mr_Dick666 ($100 in chips) 
Seat 6: Jasond689 ($26.39 in chips) 
Mr_Dick666: posts small blind $0.50
Jasond689: posts big blind $1
*** HOLE CARDS ***
ru_ruu_ru: folds 
equilibrium_tv: folds 
ptolejmus: folds 
Checkraise_Lux: folds 
Mr_Dick666: folds 
Uncalled bet ($0.50) returned to Jasond689
Jasond689 collected $1 from pot
*** SUMMARY ***
Total pot $1 | Rake $0 
Seat 1: ru_ruu_ru folded before Flop (didn't bet)
Seat 2: equilibrium_tv folded before Flop (didn't bet)
Seat 3: ptolejmus folded before Flop (didn't bet)
Seat 4: Checkraise_Lux (button) folded before Flop (didn't bet)
Seat 5: Mr_Dick666 (small blind) folded before Flop
Seat 6: Jasond689 (big blind) collected ($1)



PokerStars Hand #254376292152:  Hold'em No Limit ($0.50/$1.00 USD) - 2025/01/14 1:18:15 WET [2025/01/14 20:18:15 ET]
Table 'Alkalurops II' 6-max Seat #5 is the button
Seat 1: ru_ruu_ru ($105.60 in chips) 
Seat 2: equilibrium_tv ($10 in chips) 
Seat 3: ptolejmus ($13.15 in chips) 
Seat 4: Checkraise_Lux ($122.38 in chips) 
Seat 5: Mr_Dick666 ($100 in chips) 
Seat 6: Jasond689 ($26.89 in chips) 
Jasond689: posts small blind $0.50
ru_ruu_ru: posts big blind $1
*** HOLE CARDS ***
equilibrium_tv: folds 
ptolejmus: folds 
Checkraise_Lux: raises $1.50 to $2.50
Mr_Dick666: calls $2.50
Jasond689: folds 
ru_ruu_ru: folds 
*** FLOP *** [6s Jd 6d]
Checkraise_Lux: bets $2
Mr_Dick666: calls $2
*** TURN *** [6s Jd 6d] [2s]
Checkraise_Lux: bets $7.50
Mr_Dick666: calls $7.50
*** RIVER *** [6s Jd 6d 2s] [4d]
Checkraise_Lux: checks 
Mr_Dick666: checks 
*** SHOW DOWN ***
Checkraise_Lux: shows [Qc Kc] (a pair of Sixes)
Mr_Dick666: shows [7s 7h] (two pair, Sevens and Sixes)
Mr_Dick666 collected $24.22 from pot
*** SUMMARY ***
Total pot $25.50 | Rake $1.28 
Board [6s Jd 6d 2s 4d]
Seat 1: ru_ruu_ru (big blind) folded before Flop
Seat 2: equilibrium_tv folded before Flop (didn't bet)
Seat 3: ptolejmus folded before Flop (didn't bet)
Seat 4: Checkraise_Lux showed [Qc Kc] and lost with a pair of Sixes
Seat 5: Mr_Dick666 (button) showed [7s 7h] and won ($24.22) with two pair, Sevens and Sixes
Seat 6: Jasond689 (small blind) folded before Flop



PokerStars Hand #254376302302:  Hold'em No Limit ($0.50/$1.00 USD) - 2025/01/14 1:19:13 WET [2025/01/14 20:19:13 ET]
Table 'Alkalurops II' 6-max Seat #6 is the button
Seat 2: equilibrium_tv ($10 in chips) is sitting out
Seat 1: ru_ruu_ru ($104.60 in chips) 
Seat 3: ptolejmus ($13.15 in chips) 
Seat 4: Checkraise_Lux ($110.38 in chips) 
Seat 5: Mr_Dick666 ($112.22 in chips) 
Seat 6: Jasond689 ($26.39 in chips) 
ru_ruu_ru: posts small blind $0.50
equilibrium_tv: is sitting out 
ptolejmus: posts big blind $1
*** HOLE CARDS ***
Checkraise_Lux: folds 
Mr_Dick666: folds 
equilibrium_tv leaves the table
Jasond689: raises $1 to $2
Checkraise_Lux leaves the table
XneferX joins the table at seat #2 
ru_ruu_ru: calls $1.50
ptolejmus: folds 
*** FLOP *** [3h Kc 7s]
ru_ruu_ru: checks 
rostickkin joins the table at seat #4 
Jasond689: bets $2.38
ru_ruu_ru: calls $2.38
*** TURN *** [3h Kc 7s] [5h]
ru_ruu_ru: checks 
Jasond689: checks 
*** RIVER *** [3h Kc 7s 5h] [As]
ru_ruu_ru: bets $3.06
Jasond689: calls $3.06
*** SHOW DOWN ***
ru_ruu_ru: shows [Js Ks] (a pair of Kings)
Jasond689: mucks hand 
ru_ruu_ru collected $15.09 from pot
*** SUMMARY ***
Total pot $15.88 | Rake $0.79 
Board [3h Kc 7s 5h As]
Seat 2: equilibrium_tv
Seat 1: ru_ruu_ru (small blind) showed [Js Ks] and won ($15.09) with a pair of Kings
Seat 3: ptolejmus (big blind) folded before Flop
Seat 4: Checkraise_Lux folded before Flop (didn't bet)
Seat 5: Mr_Dick666 folded before Flop (didn't bet)
Seat 6: Jasond689 (button) mucked



PokerStars Hand #254376310772:  Hold'em No Limit ($0.50/$1.00 USD) - 2025/01/14 1:20:02 WET [2025/01/14 20:20:02 ET]
Table 'Alkalurops II' 6-max Seat #1 is the button
Seat 2: XneferX ($100 in chips) is sitting out
Seat 1: ru_ruu_ru ($112.25 in chips) 
Seat 3: ptolejmus ($12.15 in chips) 
Seat 4: rostickkin ($100 in chips) 
Seat 5: Mr_Dick666 ($112.22 in chips) 
Seat 6: Jasond689 ($18.95 in chips) 
ptolejmus: posts small blind $0.50
rostickkin: posts big blind $1
*** HOLE CARDS ***
Mr_Dick666: folds 
Jasond689: calls $1
ru_ruu_ru: folds 
ptolejmus: folds 
rostickkin: checks 
*** FLOP *** [Qh Jd 5d]
rostickkin: checks 
Jasond689: bets $1
rostickkin: folds 
Uncalled bet ($1) returned to Jasond689
Jasond689 collected $2.38 from pot
*** SUMMARY ***
Total pot $2.50 | Rake $0.12 
Board [Qh Jd 5d]
Seat 2: XneferX
Seat 1: ru_ruu_ru (button) folded before Flop (didn't bet)
Seat 3: ptolejmus (small blind) folded before Flop
Seat 4: rostickkin (big blind) folded on the Flop
Seat 5: Mr_Dick666 folded before Flop (didn't bet)
Seat 6: Jasond689 collected ($2.38)



PokerStars Hand #254376314553:  Hold'em No Limit ($0.50/$1.00 USD) - 2025/01/14 1:20:23 WET [2025/01/14 20:20:23 ET]
Table 'Alkalurops II' 6-max Seat #3 is the button
Seat 2: XneferX ($100 in chips) is sitting out
Seat 1: ru_ruu_ru ($112.25 in chips) 
Seat 3: ptolejmus ($11.65 in chips) 
Seat 4: rostickkin ($100 in chips) 
Seat 5: Mr_Dick666 ($112.22 in chips) 
Seat 6: Jasond689 ($20.33 in chips) 
rostickkin: posts small blind $0.50
Mr_Dick666: posts big blind $1
XneferX: sits out 
*** HOLE CARDS ***
Jasond689: raises $1 to $2
ru_ruu_ru: folds 
ptolejmus: folds 
rostickkin: folds 
Mr_Dick666: calls $1
*** FLOP *** [8s 8d 3d]
Mr_Dick666: checks 
Jasond689: bets $1
Mr_Dick666: raises $3 to $4
Jasond689: calls $3
*** TURN *** [8s 8d 3d] [5h]
Mr_Dick666: checks 
Jasond689: checks 
*** RIVER *** [8s 8d 3d 5h] [2h]
Mr_Dick666: checks 
Jasond689: bets $3
Mr_Dick666: calls $3
*** SHOW DOWN ***
Jasond689: shows [Kd Qs] (a pair of Eights)
Mr_Dick666: shows [Jc Ah] (a pair of Eights - Ace kicker)
Mr_Dick666 collected $17.58 from pot
*** SUMMARY ***
Total pot $18.50 | Rake $0.92 
Board [8s 8d 3d 5h 2h]
Seat 2: XneferX
Seat 1: ru_ruu_ru folded before Flop (didn't bet)
Seat 3: ptolejmus (button) folded before Flop (didn't bet)
Seat 4: rostickkin (small blind) folded before Flop
Seat 5: Mr_Dick666 (big blind) showed [Jc Ah] and won ($17.58) with a pair of Eights
Seat 6: Jasond689 showed [Kd Qs] and lost with a pair of Eights



PokerStars Hand #254376323220:  Hold'em No Limit ($0.50/$1.00 USD) - 2025/01/14 1:21:13 WET [2025/01/14 20:21:13 ET]
Table 'Alkalurops II' 6-max Seat #4 is the button
Seat 2: XneferX ($100 in chips) is sitting out
Seat 1: ru_ruu_ru ($112.25 in chips) 
Seat 3: ptolejmus ($11.65 in chips) 
Seat 4: rostickkin ($100 in chips) 
Seat 5: Mr_Dick666 ($120.80 in chips) 
Seat 6: Jasond689 ($11.33 in chips) 
Mr_Dick666: posts small blind $0.50
Jasond689: posts big blind $1
XneferX: sits out 
*** HOLE CARDS ***
ru_ruu_ru: folds 
ptolejmus: folds 
rostickkin: folds 
Mr_Dick666: folds 
Uncalled bet ($0.50) returned to Jasond689
Jasond689 collected $1 from pot
*** SUMMARY ***
Total pot $1 | Rake $0 
Seat 2: XneferX
Seat 1: ru_ruu_ru folded before Flop (didn't bet)
Seat 3: ptolejmus folded before Flop (didn't bet)
Seat 4: rostickkin (button) folded before Flop (didn't bet)
Seat 5: Mr_Dick666 (small blind) folded before Flop
Seat 6: Jasond689 (big blind) collected ($1)



PokerStars Hand #254376326054:  Hold'em No Limit ($0.50/$1.00 USD) - 2025/01/14 1:21:29 WET [2025/01/14 20:21:29 ET]
Table 'Alkalurops II' 6-max Seat #5 is the button
Seat 2: XneferX ($100 in chips) is sitting out
Seat 1: ru_ruu_ru ($112.25 in chips) 
Seat 3: ptolejmus ($11.65 in chips) 
Seat 4: rostickkin ($100 in chips) 
Seat 5: Mr_Dick666 ($120.30 in chips) 
Seat 6: Jasond689 ($11.83 in chips) 
Jasond689: posts small blind $0.50
ru_ruu_ru: posts big blind $1
XneferX: sits out 
*** HOLE CARDS ***
ptolejmus: folds 
rostickkin: raises $1.50 to $2.50
Mr_Dick666: calls $2.50
Jasond689: calls $2
ru_ruu_ru: folds 
*** FLOP *** [2c 9h 7d]
Jasond689: bets $9.33 and is all-in
rostickkin: folds 
Mr_Dick666: calls $9.33
*** TURN *** [2c 9h 7d] [4d]
*** RIVER *** [2c 9h 7d 4d] [7h]
*** SHOW DOWN ***
Jasond689: shows [Ts Qs] (a pair of Sevens)
Mr_Dick666: shows [9d Ad] (two pair, Nines and Sevens)
Mr_Dick666 collected $25.80 from pot
*** SUMMARY ***
Total pot $27.16 | Rake $1.36 
Board [2c 9h 7d 4d 7h]
Seat 2: XneferX
Seat 1: ru_ruu_ru (big blind) folded before Flop
Seat 3: ptolejmus folded before Flop (didn't bet)
Seat 4: rostickkin folded on the Flop
Seat 5: Mr_Dick666 (button) showed [9d Ad] and won ($25.80) with two pair, Nines and Sevens
Seat 6: Jasond689 (small blind) showed [Ts Qs] and lost with a pair of Sevens



PokerStars Hand #254376332822:  Hold'em No Limit ($0.50/$1.00 USD) - 2025/01/14 1:22:07 WET [2025/01/14 20:22:07 ET]
Table 'Alkalurops II' 6-max Seat #1 is the button
Seat 2: XneferX ($100 in chips) is sitting out
Seat 6: Jasond689 ($0 in chips) is sitting out
Seat 1: ru_ruu_ru ($111.25 in chips) 
Seat 3: ptolejmus ($11.65 in chips) 
Seat 4: rostickkin ($100 in chips) 
Seat 5: Mr_Dick666 ($134.27 in chips) 
ptolejmus: posts small blind $0.50
rostickkin: posts big blind $1
*** HOLE CARDS ***
Mr_Dick666: folds 
ru_ruu_ru: raises $1.50 to $2.50
ptolejmus: folds 
rostickkin: raises $9.50 to $12
ru_ruu_ru: folds 
Uncalled bet ($9.50) returned to rostickkin
rostickkin collected $5.50 from pot
rostickkin: doesn't show hand 
*** SUMMARY ***
Total pot $5.50 | Rake $0 
Seat 2: XneferX
Seat 6: Jasond689
Seat 1: ru_ruu_ru (button) folded before Flop
Seat 3: ptolejmus (small blind) folded before Flop
Seat 4: rostickkin (big blind) collected ($5.50)
Seat 5: Mr_Dick666 folded before Flop (didn't bet)



PokerStars Hand #254376336619:  Hold'em No Limit ($0.50/$1.00 USD) - 2025/01/14 1:22:29 WET [2025/01/14 20:22:29 ET]
Table 'Alkalurops II' 6-max Seat #3 is the button
Seat 2: XneferX ($100 in chips) is sitting out
Seat 6: Jasond689 ($0 in chips) is sitting out
Seat 1: ru_ruu_ru ($108.75 in chips) 
Seat 3: ptolejmus ($11.15 in chips) 
Seat 4: rostickkin ($103 in chips) 
Seat 5: Mr_Dick666 ($134.27 in chips) 
rostickkin: posts small blind $0.50
Mr_Dick666: posts big blind $1
XneferX: sits out 
*** HOLE CARDS ***
ru_ruu_ru: folds 
ptolejmus: raises $10.15 to $11.15 and is all-in
rostickkin: folds 
Mr_Dick666: folds 
Uncalled bet ($10.15) returned to ptolejmus
ptolejmus collected $2.50 from pot
*** SUMMARY ***
Total pot $2.50 | Rake $0 
Seat 2: XneferX
Seat 6: Jasond689
Seat 1: ru_ruu_ru folded before Flop (didn't bet)
Seat 3: ptolejmus (button) collected ($2.50)
Seat 4: rostickkin (small blind) folded before Flop
Seat 5: Mr_Dick666 (big blind) folded before Flop



PokerStars Hand #254376340005:  Hold'em No Limit ($0.50/$1.00 USD) - 2025/01/14 1:22:48 WET [2025/01/14 20:22:48 ET]
Table 'Alkalurops II' 6-max Seat #4 is the button
Seat 2: XneferX ($100 in chips) is sitting out
Seat 6: Jasond689 ($0 in chips) is sitting out
Seat 1: ru_ruu_ru ($108.75 in chips) 
Seat 3: ptolejmus ($12.65 in chips) 
Seat 4: rostickkin ($102.50 in chips) 
Seat 5: Mr_Dick666 ($133.27 in chips) 
Mr_Dick666: posts small blind $0.50
ru_ruu_ru: posts big blind $1
XneferX: sits out 
*** HOLE CARDS ***
ptolejmus: raises $1 to $2
rostickkin: folds 
Mr_Dick666: folds 
ru_ruu_ru: folds 
Uncalled bet ($1) returned to ptolejmus
ptolejmus collected $2.50 from pot
*** SUMMARY ***
Total pot $2.50 | Rake $0 
Seat 2: XneferX
Seat 6: Jasond689
Seat 1: ru_ruu_ru (big blind) folded before Flop
Seat 3: ptolejmus collected ($2.50)
Seat 4: rostickkin (button) folded before Flop (didn't bet)
Seat 5: Mr_Dick666 (small blind) folded before Flop



PokerStars Hand #254376342803:  Hold'em No Limit ($0.50/$1.00 USD) - 2025/01/14 1:23:04 WET [2025/01/14 20:23:04 ET]
Table 'Alkalurops II' 6-max Seat #5 is the button
Seat 6: Jasond689 ($0 in chips) is sitting out
Seat 1: ru_ruu_ru ($107.75 in chips) 
Seat 2: XneferX ($100 in chips) 
Seat 3: ptolejmus ($14.15 in chips) 
Seat 4: rostickkin ($102.50 in chips) 
Seat 5: Mr_Dick666 ($132.77 in chips) 
ru_ruu_ru: posts small blind $0.50
XneferX: posts big blind $1
*** HOLE CARDS ***
ptolejmus: folds 
rostickkin: folds 
Mr_Dick666: folds 
ru_ruu_ru: raises $2 to $3
XneferX: folds 
Uncalled bet ($2) returned to ru_ruu_ru
ru_ruu_ru collected $2 from pot
ru_ruu_ru: doesn't show hand 
*** SUMMARY ***
Total pot $2 | Rake $0 
Seat 6: Jasond689
Seat 1: ru_ruu_ru (small blind) collected ($2)
Seat 2: XneferX (big blind) folded before Flop
Seat 3: ptolejmus folded before Flop (didn't bet)
Seat 4: rostickkin folded before Flop (didn't bet)
Seat 5: Mr_Dick666 (button) folded before Flop (didn't bet)



PokerStars Hand #254376348229:  Hold'em No Limit ($0.50/$1.00 USD) - 2025/01/14 1:23:34 WET [2025/01/14 20:23:34 ET]
Table 'Alkalurops II' 6-max Seat #1 is the button
Seat 6: Jasond689 ($0 in chips) is sitting out
Seat 1: ru_ruu_ru ($108.75 in chips) 
Seat 2: XneferX ($100 in chips) 
Seat 3: ptolejmus ($14.15 in chips) 
Seat 4: rostickkin ($102.50 in chips) 
Seat 5: Mr_Dick666 ($132.77 in chips) 
XneferX: posts small blind $0.50
ptolejmus: posts big blind $1
*** HOLE CARDS ***
rostickkin: folds 
Mr_Dick666: folds 
ru_ruu_ru: folds 
XneferX: raises $2 to $3
ptolejmus: folds 
Uncalled bet ($2) returned to XneferX
XneferX collected $2 from pot
XneferX: doesn't show hand 
*** SUMMARY ***
Total pot $2 | Rake $0 
Seat 6: Jasond689
Seat 1: ru_ruu_ru (button) folded before Flop (didn't bet)
Seat 2: XneferX (small blind) collected ($2)
Seat 3: ptolejmus (big blind) folded before Flop
Seat 4: rostickkin folded before Flop (didn't bet)
Seat 5: Mr_Dick666 folded before Flop (didn't bet)



PokerStars Hand #254376352687:  Hold'em No Limit ($0.50/$1.00 USD) - 2025/01/14 1:24:00 WET [2025/01/14 20:24:00 ET]
Table 'Alkalurops II' 6-max Seat #2 is the button
Seat 6: Jasond689 ($0 in chips) is sitting out
Seat 1: ru_ruu_ru ($108.75 in chips) 
Seat 2: XneferX ($101 in chips) 
Seat 3: ptolejmus ($13.15 in chips) 
Seat 4: rostickkin ($102.50 in chips) 
Seat 5: Mr_Dick666 ($132.77 in chips) 
ptolejmus: posts small blind $0.50
rostickkin: posts big blind $1
*** HOLE CARDS ***
Mr_Dick666: folds 
ru_ruu_ru: folds 
XneferX: raises $1.77 to $2.77
ptolejmus: folds 
Jasond689 is disconnected 
rostickkin: folds 
Uncalled bet ($1.77) returned to XneferX
XneferX collected $2.50 from pot
XneferX: doesn't show hand 
*** SUMMARY ***
Total pot $2.50 | Rake $0 
Seat 6: Jasond689
Seat 1: ru_ruu_ru folded before Flop (didn't bet)
Seat 2: XneferX (button) collected ($2.50)
Seat 3: ptolejmus (small blind) folded before Flop
Seat 4: rostickkin (big blind) folded before Flop
Seat 5: Mr_Dick666 folded before Flop (didn't bet)



PokerStars Hand #254376356453:  Hold'em No Limit ($0.50/$1.00 USD) - 2025/01/14 1:24:21 WET [2025/01/14 20:24:21 ET]
Table 'Alkalurops II' 6-max Seat #3 is the button
Seat 6: Jasond689 ($0 in chips) is sitting out
Seat 1: ru_ruu_ru ($108.75 in chips) 
Seat 2: XneferX ($102.50 in chips) 
Seat 3: ptolejmus ($12.65 in chips) 
Seat 4: rostickkin ($101.50 in chips) 
Seat 5: Mr_Dick666 ($132.77 in chips) 
rostickkin: posts small blind $0.50
Mr_Dick666: posts big blind $1
*** HOLE CARDS ***
ru_ruu_ru: raises $1.20 to $2.20
XneferX: raises $4.80 to $7
ptolejmus: raises $5.65 to $12.65 and is all-in
rostickkin: folds 
Mr_Dick666: folds 
ru_ruu_ru: raises $96.10 to $108.75 and is all-in
XneferX: folds 
Uncalled bet ($96.10) returned to ru_ruu_ru
*** FLOP *** [7c 2h 9c]
*** TURN *** [7c 2h 9c] [Kd]
*** RIVER *** [7c 2h 9c Kd] [Qc]
*** SHOW DOWN ***
ru_ruu_ru: shows [Ah Kh] (a pair of Kings)
ptolejmus: shows [Jc Js] (a pair of Jacks)
ru_ruu_ru collected $32.11 from pot
*** SUMMARY ***
Total pot $33.80 | Rake $1.69 
Board [7c 2h 9c Kd Qc]
Seat 6: Jasond689
Seat 1: ru_ruu_ru showed [Ah Kh] and won ($32.11) with a pair of Kings
Seat 2: XneferX folded before Flop
Seat 3: ptolejmus (button) showed [Jc Js] and lost with a pair of Jacks
Seat 4: rostickkin (small blind) folded before Flop
Seat 5: Mr_Dick666 (big blind) folded before Flop



PokerStars Hand #254376364279:  Hold'em No Limit ($0.50/$1.00 USD) - 2025/01/14 1:25:06 WET [2025/01/14 20:25:06 ET]
Table 'Alkalurops II' 6-max Seat #4 is the button
Seat 6: Jasond689 ($0 in chips) is sitting out
Seat 1: ru_ruu_ru ($128.21 in chips) 
Seat 2: XneferX ($100 in chips) 
Seat 3: ptolejmus ($10 in chips) 
Seat 4: rostickkin ($101 in chips) 
Seat 5: Mr_Dick666 ($131.77 in chips) 
Mr_Dick666: posts small blind $0.50
ru_ruu_ru: posts big blind $1
*** HOLE CARDS ***
XneferX: raises $1.10 to $2.10
ptolejmus: folds 
rostickkin: raises $5.40 to $7.50
Mr_Dick666: folds 
ru_ruu_ru: folds 
XneferX: folds 
Uncalled bet ($5.40) returned to rostickkin
rostickkin collected $5.70 from pot
rostickkin: doesn't show hand 
*** SUMMARY ***
Total pot $5.70 | Rake $0 
Seat 6: Jasond689
Seat 1: ru_ruu_ru (big blind) folded before Flop
Seat 2: XneferX folded before Flop
Seat 3: ptolejmus folded before Flop (didn't bet)
Seat 4: rostickkin (button) collected ($5.70)
Seat 5: Mr_Dick666 (small blind) folded before Flop



PokerStars Hand #254376370240:  Hold'em No Limit ($0.50/$1.00 USD) - 2025/01/14 1:25:39 WET [2025/01/14 20:25:39 ET]
Table 'Alkalurops II' 6-max Seat #5 is the button
Seat 6: Jasond689 ($0 in chips) is sitting out
Seat 1: ru_ruu_ru ($127.21 in chips) 
Seat 2: XneferX ($100 in chips) 
Seat 3: ptolejmus ($10 in chips) 
Seat 4: rostickkin ($104.60 in chips) 
Seat 5: Mr_Dick666 ($131.27 in chips) 
ru_ruu_ru: posts small blind $0.50
XneferX: posts big blind $1
*** HOLE CARDS ***
ptolejmus: folds 
rostickkin: folds 
Mr_Dick666: folds 
ru_ruu_ru: folds 
Uncalled bet ($0.50) returned to XneferX
XneferX collected $1 from pot
XneferX: doesn't show hand 
*** SUMMARY ***
Total pot $1 | Rake $0 
Seat 6: Jasond689
Seat 1: ru_ruu_ru (small blind) folded before Flop
Seat 2: XneferX (big blind) collected ($1)
Seat 3: ptolejmus folded before Flop (didn't bet)
Seat 4: rostickkin folded before Flop (didn't bet)
Seat 5: Mr_Dick666 (button) folded before Flop (didn't bet)



PokerStars Hand #254376372259:  Hold'em No Limit ($0.50/$1.00 USD) - 2025/01/14 1:25:50 WET [2025/01/14 20:25:50 ET]
Table 'Alkalurops II' 6-max Seat #1 is the button
Seat 6: Jasond689 ($0 in chips) is sitting out
Seat 1: ru_ruu_ru ($126.71 in chips) 
Seat 2: XneferX ($100.50 in chips) 
Seat 3: ptolejmus ($10 in chips) 
Seat 4: rostickkin ($104.60 in chips) 
Seat 5: Mr_Dick666 ($131.27 in chips) 
XneferX: posts small blind $0.50
ptolejmus: posts big blind $1
*** HOLE CARDS ***
rostickkin: folds 
Mr_Dick666: raises $1.50 to $2.50
ru_ruu_ru: folds 
XneferX: folds 
ptolejmus: folds 
Uncalled bet ($1.50) returned to Mr_Dick666
Mr_Dick666 collected $2.50 from pot
Mr_Dick666: doesn't show hand 
*** SUMMARY ***
Total pot $2.50 | Rake $0 
Seat 6: Jasond689
Seat 1: ru_ruu_ru (button) folded before Flop (didn't bet)
Seat 2: XneferX (small blind) folded before Flop
Seat 3: ptolejmus (big blind) folded before Flop
Seat 4: rostickkin folded before Flop (didn't bet)
Seat 5: Mr_Dick666 collected ($2.50)



PokerStars Hand #254376378139:  Hold'em No Limit ($0.50/$1.00 USD) - 2025/01/14 1:26:23 WET [2025/01/14 20:26:23 ET]
Table 'Alkalurops II' 6-max Seat #2 is the button
Seat 4: rostickkin ($104.60 in chips) is sitting out
Seat 5: Mr_Dick666 ($132.77 in chips) is sitting out
Seat 6: Jasond689 ($0 in chips) is sitting out
Seat 1: ru_ruu_ru ($126.71 in chips) 
Seat 2: XneferX ($100 in chips) 
Seat 3: ptolejmus ($10 in chips) 
ptolejmus: posts small blind $0.50
rostickkin: is sitting out 
Mr_Dick666: is sitting out 
ru_ruu_ru: posts big blind $1
*** HOLE CARDS ***
XneferX: raises $1.77 to $2.77
Mr_Dick666 leaves the table
rostickkin leaves the table
ptolejmus: folds 
ru_ruu_ru: raises $9.23 to $12
XneferX: calls $9.23
*** FLOP *** [8h 7d 5d]
ru_ruu_ru: checks 
XneferX: bets $11.99
ru_ruu_ru: folds 
Uncalled bet ($11.99) returned to XneferX
XneferX collected $23.50 from pot
XneferX: doesn't show hand 
*** SUMMARY ***
Total pot $24.50 | Rake $1 
Board [8h 7d 5d]
Seat 4: rostickkin
Seat 5: Mr_Dick666
Seat 6: Jasond689
Seat 1: ru_ruu_ru (big blind) folded on the Flop
Seat 2: XneferX (button) collected ($23.50)
Seat 3: ptolejmus (small blind) folded before Flop



PokerStars Hand #254376407106:  Hold'em No Limit ($0.50/$1.00 USD) - 2025/01/14 1:29:05 WET [2025/01/14 20:29:05 ET]
Table 'Alkalurops II' 6-max Seat #3 is the button
Seat 6: Jasond689 ($0 in chips) is sitting out
Seat 1: whizzkid49 ($72.72 in chips) 
Seat 2: rostickkin ($104.60 in chips) 
Seat 3: AlexEliseev7 ($100 in chips) 
Seat 4: equilibrium_tv ($10 in chips) 
Seat 5: ReVeu710 ($100 in chips) 
equilibrium_tv: posts small blind $0.50
ReVeu710: posts big blind $1
*** HOLE CARDS ***
whizzkid49: raises $1 to $2
rostickkin: folds 
AlexEliseev7: folds 
equilibrium_tv: raises $8 to $10 and is all-in
ReVeu710: folds 
whizzkid49: calls $8
whizzkid49 has timed out
*** FLOP *** [5d Jc 6d]
*** TURN *** [5d Jc 6d] [7h]
*** RIVER *** [5d Jc 6d 7h] [Qd]
*** SHOW DOWN ***
equilibrium_tv: shows [6c Ac] (a pair of Sixes)
whizzkid49: shows [Tc Kd] (high card King)
equilibrium_tv collected $19.95 from pot
*** SUMMARY ***
Total pot $21 | Rake $1.05 
Board [5d Jc 6d 7h Qd]
Seat 6: Jasond689
Seat 1: whizzkid49 showed [Tc Kd] and lost with high card King
Seat 2: rostickkin folded before Flop (didn't bet)
Seat 3: AlexEliseev7 (button) folded before Flop (didn't bet)
Seat 4: equilibrium_tv (small blind) showed [6c Ac] and won ($19.95) with a pair of Sixes
Seat 5: ReVeu710 (big blind) folded before Flop



PokerStars Hand #254376415120:  Hold'em No Limit ($0.50/$1.00 USD) - 2025/01/14 1:29:50 WET [2025/01/14 20:29:50 ET]
Table 'Alkalurops II' 6-max Seat #4 is the button
Seat 6: Jasond689 ($0 in chips) is sitting out
Seat 1: whizzkid49 ($62.72 in chips) 
Seat 2: rostickkin ($104.60 in chips) 
Seat 3: AlexEliseev7 ($100 in chips) 
Seat 4: equilibrium_tv ($19.95 in chips) 
Seat 5: ReVeu710 ($100 in chips) 
ReVeu710: posts small blind $0.50
whizzkid49: posts big blind $1
*** HOLE CARDS ***
rostickkin: raises $1.20 to $2.20
AlexEliseev7: folds 
equilibrium_tv: folds 
ReVeu710: folds 
whizzkid49: folds 
Uncalled bet ($1.20) returned to rostickkin
rostickkin collected $2.50 from pot
rostickkin: doesn't show hand 
*** SUMMARY ***
Total pot $2.50 | Rake $0 
Seat 6: Jasond689
Seat 1: whizzkid49 (big blind) folded before Flop
Seat 2: rostickkin collected ($2.50)
Seat 3: AlexEliseev7 folded before Flop (didn't bet)
Seat 4: equilibrium_tv (button) folded before Flop (didn't bet)
Seat 5: ReVeu710 (small blind) folded before Flop



PokerStars Hand #254376417654:  Hold'em No Limit ($0.50/$1.00 USD) - 2025/01/14 1:30:04 WET [2025/01/14 20:30:04 ET]
Table 'Alkalurops II' 6-max Seat #5 is the button
Seat 6: Jasond689 ($0 in chips) is sitting out
Seat 1: whizzkid49 ($61.72 in chips) 
Seat 2: rostickkin ($106.10 in chips) 
Seat 3: AlexEliseev7 ($100 in chips) 
Seat 4: equilibrium_tv ($19.95 in chips) 
Seat 5: ReVeu710 ($100 in chips) 
whizzkid49: posts small blind $0.50
rostickkin: posts big blind $1
*** HOLE CARDS ***
AlexEliseev7: folds 
equilibrium_tv: folds 
ReVeu710: raises $1.50 to $2.50
whizzkid49: calls $2
rostickkin: folds 
*** FLOP *** [8s 8c 6s]
whizzkid49: checks 
ReVeu710: bets $1.43
whizzkid49: calls $1.43
*** TURN *** [8s 8c 6s] [6h]
whizzkid49: checks 
ReVeu710: bets $4.55
whizzkid49: calls $4.55
*** RIVER *** [8s 8c 6s 6h] [Jc]
whizzkid49: checks 
ReVeu710: checks 
*** SHOW DOWN ***
whizzkid49: shows [Ah 4c] (two pair, Eights and Sixes)
ReVeu710: shows [Ac Qs] (two pair, Eights and Sixes)
whizzkid49 collected $8.53 from pot
ReVeu710 collected $8.53 from pot
*** SUMMARY ***
Total pot $17.96 | Rake $0.90 
Board [8s 8c 6s 6h Jc]
Seat 6: Jasond689
Seat 1: whizzkid49 (small blind) showed [Ah 4c] and won ($8.53) with two pair, Eights and Sixes
Seat 2: rostickkin (big blind) folded before Flop
Seat 3: AlexEliseev7 folded before Flop (didn't bet)
Seat 4: equilibrium_tv folded before Flop (didn't bet)
Seat 5: ReVeu710 (button) showed [Ac Qs] and won ($8.53) with two pair, Eights and Sixes



PokerStars Hand #254376427267:  Hold'em No Limit ($0.50/$1.00 USD) - 2025/01/14 1:30:59 WET [2025/01/14 20:30:59 ET]
Table 'Alkalurops II' 6-max Seat #1 is the button
Seat 6: Jasond689 ($0 in chips) is sitting out
Seat 1: whizzkid49 ($61.77 in chips) 
Seat 2: rostickkin ($105.10 in chips) 
Seat 3: AlexEliseev7 ($100 in chips) 
Seat 4: equilibrium_tv ($19.95 in chips) 
Seat 5: ReVeu710 ($100.05 in chips) 
rostickkin: posts small blind $0.50
AlexEliseev7: posts big blind $1
*** HOLE CARDS ***
equilibrium_tv: folds 
ReVeu710: folds 
whizzkid49: raises $1 to $2
rostickkin: folds 
AlexEliseev7: folds 
Uncalled bet ($1) returned to whizzkid49
whizzkid49 collected $2.50 from pot
*** SUMMARY ***
Total pot $2.50 | Rake $0 
Seat 6: Jasond689
Seat 1: whizzkid49 (button) collected ($2.50)
Seat 2: rostickkin (small blind) folded before Flop
Seat 3: AlexEliseev7 (big blind) folded before Flop
Seat 4: equilibrium_tv folded before Flop (didn't bet)
Seat 5: ReVeu710 folded before Flop (didn't bet)



PokerStars Hand #254376430857:  Hold'em No Limit ($0.50/$1.00 USD) - 2025/01/14 1:31:19 WET [2025/01/14 20:31:19 ET]
Table 'Alkalurops II' 6-max Seat #2 is the button
Seat 6: Jasond689 ($0 in chips) is sitting out
Seat 1: whizzkid49 ($63.27 in chips) 
Seat 2: rostickkin ($104.60 in chips) 
Seat 3: AlexEliseev7 ($100 in chips) 
Seat 4: equilibrium_tv ($19.95 in chips) 
Seat 5: ReVeu710 ($100.05 in chips) 
AlexEliseev7: posts small blind $0.50
equilibrium_tv: posts big blind $1
*** HOLE CARDS ***
ReVeu710: raises $1 to $2
whizzkid49: folds 
rostickkin: folds 
AlexEliseev7: folds 
equilibrium_tv: folds 
Uncalled bet ($1) returned to ReVeu710
ReVeu710 collected $2.50 from pot
ReVeu710: doesn't show hand 
*** SUMMARY ***
Total pot $2.50 | Rake $0 
Seat 6: Jasond689
Seat 1: whizzkid49 folded before Flop (didn't bet)
Seat 2: rostickkin (button) folded before Flop (didn't bet)
Seat 3: AlexEliseev7 (small blind) folded before Flop
Seat 4: equilibrium_tv (big blind) folded before Flop
Seat 5: ReVeu710 collected ($2.50)



PokerStars Hand #254376433401:  Hold'em No Limit ($0.50/$1.00 USD) - 2025/01/14 1:31:33 WET [2025/01/14 20:31:33 ET]
Table 'Alkalurops II' 6-max Seat #3 is the button
Seat 6: Jasond689 ($0 in chips) is sitting out
Seat 1: whizzkid49 ($63.27 in chips) 
Seat 2: rostickkin ($104.60 in chips) 
Seat 3: AlexEliseev7 ($100 in chips) 
Seat 4: equilibrium_tv ($18.95 in chips) 
Seat 5: ReVeu710 ($101.55 in chips) 
equilibrium_tv: posts small blind $0.50
ReVeu710: posts big blind $1
*** HOLE CARDS ***
whizzkid49: raises $1 to $2
rostickkin: folds 
AlexEliseev7: folds 
equilibrium_tv: folds 
ReVeu710: folds 
Uncalled bet ($1) returned to whizzkid49
whizzkid49 collected $2.50 from pot
*** SUMMARY ***
Total pot $2.50 | Rake $0 
Seat 6: Jasond689
Seat 1: whizzkid49 collected ($2.50)
Seat 2: rostickkin folded before Flop (didn't bet)
Seat 3: AlexEliseev7 (button) folded before Flop (didn't bet)
Seat 4: equilibrium_tv (small blind) folded before Flop
Seat 5: ReVeu710 (big blind) folded before Flop



PokerStars Hand #254376435585:  Hold'em No Limit ($0.50/$1.00 USD) - 2025/01/14 1:31:45 WET [2025/01/14 20:31:45 ET]
Table 'Alkalurops II' 6-max Seat #4 is the button
Seat 6: Jasond689 ($0 in chips) is sitting out
Seat 1: whizzkid49 ($64.77 in chips) 
Seat 2: rostickkin ($104.60 in chips) 
Seat 3: AlexEliseev7 ($100 in chips) 
Seat 4: equilibrium_tv ($18.45 in chips) 
Seat 5: ReVeu710 ($100.55 in chips) 
ReVeu710: posts small blind $0.50
whizzkid49: posts big blind $1
*** HOLE CARDS ***
rostickkin: folds 
AlexEliseev7: raises $1.50 to $2.50
equilibrium_tv: folds 
ReVeu710: folds 
whizzkid49: calls $1.50
*** FLOP *** [Ac 7c 4d]
whizzkid49: checks 
AlexEliseev7: checks 
*** TURN *** [Ac 7c 4d] [Tc]
whizzkid49: bets $2.61
AlexEliseev7: calls $2.61
*** RIVER *** [Ac 7c 4d Tc] [9h]
whizzkid49: bets $5.09
AlexEliseev7: folds 
Uncalled bet ($5.09) returned to whizzkid49
whizzkid49 collected $10.18 from pot
*** SUMMARY ***
Total pot $10.72 | Rake $0.54 
Board [Ac 7c 4d Tc 9h]
Seat 6: Jasond689
Seat 1: whizzkid49 (big blind) collected ($10.18)
Seat 2: rostickkin folded before Flop (didn't bet)
Seat 3: AlexEliseev7 folded on the River
Seat 4: equilibrium_tv (button) folded before Flop (didn't bet)
Seat 5: ReVeu710 (small blind) folded before Flop



PokerStars Hand #254376446519:  Hold'em No Limit ($0.50/$1.00 USD) - 2025/01/14 1:32:47 WET [2025/01/14 20:32:47 ET]
Table 'Alkalurops II' 6-max Seat #5 is the button
Seat 6: Jasond689 ($0 in chips) is sitting out
Seat 1: whizzkid49 ($69.84 in chips) 
Seat 2: rostickkin ($104.60 in chips) 
Seat 3: AlexEliseev7 ($100 in chips) 
Seat 4: equilibrium_tv ($18.45 in chips) 
Seat 5: ReVeu710 ($100.05 in chips) 
whizzkid49: posts small blind $0.50
rostickkin: posts big blind $1
*** HOLE CARDS ***
AlexEliseev7: folds 
equilibrium_tv: folds 
ReVeu710: raises $1.50 to $2.50
whizzkid49: folds 
rostickkin: calls $1.50
*** FLOP *** [9h Jc Kd]
rostickkin: checks 
ReVeu710: bets $1.30
rostickkin: calls $1.30
*** TURN *** [9h Jc Kd] [3s]
rostickkin: checks 
ReVeu710: checks 
*** RIVER *** [9h Jc Kd 3s] [2s]
rostickkin: bets $5.85
ReVeu710: folds 
Uncalled bet ($5.85) returned to rostickkin
rostickkin collected $7.70 from pot
rostickkin: doesn't show hand 
*** SUMMARY ***
Total pot $8.10 | Rake $0.40 
Board [9h Jc Kd 3s 2s]
Seat 6: Jasond689
Seat 1: whizzkid49 (small blind) folded before Flop
Seat 2: rostickkin (big blind) collected ($7.70)
Seat 3: AlexEliseev7 folded before Flop (didn't bet)
Seat 4: equilibrium_tv folded before Flop (didn't bet)
Seat 5: ReVeu710 (button) folded on the River



PokerStars Hand #254376456115:  Hold'em No Limit ($0.50/$1.00 USD) - 2025/01/14 1:33:42 WET [2025/01/14 20:33:42 ET]
Table 'Alkalurops II' 6-max Seat #1 is the button
Seat 6: Jasond689 ($0 in chips) is sitting out
Seat 1: whizzkid49 ($69.34 in chips) 
Seat 2: rostickkin ($108.50 in chips) 
Seat 3: AlexEliseev7 ($100 in chips) 
Seat 4: equilibrium_tv ($18.45 in chips) 
Seat 5: ReVeu710 ($100 in chips) 
rostickkin: posts small blind $0.50
AlexEliseev7: posts big blind $1
*** HOLE CARDS ***
equilibrium_tv: folds 
ReVeu710: folds 
whizzkid49: folds 
rostickkin: raises $2 to $3
AlexEliseev7: folds 
Uncalled bet ($2) returned to rostickkin
rostickkin collected $2 from pot
rostickkin: doesn't show hand 
*** SUMMARY ***
Total pot $2 | Rake $0 
Seat 6: Jasond689
Seat 1: whizzkid49 (button) folded before Flop (didn't bet)
Seat 2: rostickkin (small blind) collected ($2)
Seat 3: AlexEliseev7 (big blind) folded before Flop
Seat 4: equilibrium_tv folded before Flop (didn't bet)
Seat 5: ReVeu710 folded before Flop (didn't bet)



PokerStars Hand #254376461349:  Hold'em No Limit ($0.50/$1.00 USD) - 2025/01/14 1:34:12 WET [2025/01/14 20:34:12 ET]
Table 'Alkalurops II' 6-max Seat #2 is the button
Seat 4: equilibrium_tv ($18.45 in chips) is sitting out
Seat 6: Jasond689 ($0 in chips) is sitting out
Seat 1: whizzkid49 ($69.34 in chips) 
Seat 2: rostickkin ($109.50 in chips) 
Seat 3: AlexEliseev7 ($100 in chips) 
Seat 5: ReVeu710 ($100 in chips) 
AlexEliseev7: posts small blind $0.50
equilibrium_tv: is sitting out 
equilibrium_tv leaves the table
ReVeu710: posts big blind $1
*** HOLE CARDS ***
Jasond689 leaves the table
whizzkid49: raises $1 to $2
rostickkin: folds 
ptolejmus joins the table at seat #6 
AlexEliseev7: raises $9 to $11
ReVeu710: folds 
whizzkid49: folds 
Uncalled bet ($9) returned to AlexEliseev7
AlexEliseev7 collected $5 from pot
AlexEliseev7: doesn't show hand 
*** SUMMARY ***
Total pot $5 | Rake $0 
Seat 4: equilibrium_tv
Seat 6: Jasond689
Seat 1: whizzkid49 folded before Flop
Seat 2: rostickkin (button) folded before Flop (didn't bet)
Seat 3: AlexEliseev7 (small blind) collected ($5)
Seat 5: ReVeu710 (big blind) folded before Flop



PokerStars Hand #254376465691:  Hold'em No Limit ($0.50/$1.00 USD) - 2025/01/14 1:34:37 WET [2025/01/14 20:34:37 ET]
Table 'Alkalurops II' 6-max Seat #3 is the button
Seat 1: whizzkid49 ($67.34 in chips) 
Seat 2: rostickkin ($109.50 in chips) 
Seat 3: AlexEliseev7 ($103 in chips) 
Seat 5: ReVeu710 ($100 in chips) 
Seat 6: ptolejmus ($10 in chips) 
ReVeu710: posts small blind $0.50
ptolejmus: posts big blind $1
*** HOLE CARDS ***
nikalas22 joins the table at seat #4 
whizzkid49: raises $1 to $2
rostickkin: folds 
AlexEliseev7: raises $4 to $6
ReVeu710: folds 
ptolejmus: folds 
whizzkid49: raises $13.50 to $19.50
AlexEliseev7: folds 
Uncalled bet ($13.50) returned to whizzkid49
whizzkid49 collected $13.50 from pot
*** SUMMARY ***
Total pot $13.50 | Rake $0 
Seat 1: whizzkid49 collected ($13.50)
Seat 2: rostickkin folded before Flop (didn't bet)
Seat 3: AlexEliseev7 (button) folded before Flop
Seat 5: ReVeu710 (small blind) folded before Flop
Seat 6: ptolejmus (big blind) folded before Flop



PokerStars Hand #254376471903:  Hold'em No Limit ($0.50/$1.00 USD) - 2025/01/14 1:35:13 WET [2025/01/14 20:35:13 ET]
Table 'Alkalurops II' 6-max Seat #5 is the button
Seat 4: nikalas22 ($193.66 in chips) is sitting out
Seat 1: whizzkid49 ($74.84 in chips) 
Seat 2: rostickkin ($109.50 in chips) 
Seat 3: AlexEliseev7 ($100 in chips) 
Seat 5: ReVeu710 ($100 in chips) 
Seat 6: ptolejmus ($10 in chips) 
ptolejmus: posts small blind $0.50
whizzkid49: posts big blind $1
nikalas22: sits out 
*** HOLE CARDS ***
rostickkin: folds 
AlexEliseev7: raises $1.50 to $2.50
ReVeu710: folds 
ptolejmus: folds 
whizzkid49: calls $1.50
*** FLOP *** [Ts 7c 6d]
whizzkid49: checks 
AlexEliseev7: bets $1.72
whizzkid49: calls $1.72
*** TURN *** [Ts 7c 6d] [Jd]
whizzkid49: checks 
AlexEliseev7: bets $6.62
whizzkid49: folds 
Uncalled bet ($6.62) returned to AlexEliseev7
AlexEliseev7 collected $8.49 from pot
AlexEliseev7: doesn't show hand 
*** SUMMARY ***
Total pot $8.94 | Rake $0.45 
Board [Ts 7c 6d Jd]
Seat 4: nikalas22
Seat 1: whizzkid49 (big blind) folded on the Turn
Seat 2: rostickkin folded before Flop (didn't bet)
Seat 3: AlexEliseev7 collected ($8.49)
Seat 5: ReVeu710 (button) folded before Flop (didn't bet)
Seat 6: ptolejmus (small blind) folded before Flop



PokerStars Hand #254376481074:  Hold'em No Limit ($0.50/$1.00 USD) - 2025/01/14 1:36:05 WET [2025/01/14 20:36:05 ET]
Table 'Alkalurops II' 6-max Seat #6 is the button
Seat 4: nikalas22 ($193.66 in chips) is sitting out
Seat 1: whizzkid49 ($70.62 in chips) 
Seat 2: rostickkin ($109.50 in chips) 
Seat 3: AlexEliseev7 ($104.27 in chips) 
Seat 5: ReVeu710 ($100 in chips) 
Seat 6: ptolejmus ($10 in chips) 
whizzkid49: posts small blind $0.50
rostickkin: posts big blind $1
nikalas22: sits out 
*** HOLE CARDS ***
AlexEliseev7: folds 
ReVeu710: folds 
ptolejmus: folds 
whizzkid49: folds 
Uncalled bet ($0.50) returned to rostickkin
rostickkin collected $1 from pot
rostickkin: doesn't show hand 
*** SUMMARY ***
Total pot $1 | Rake $0 
Seat 4: nikalas22
Seat 1: whizzkid49 (small blind) folded before Flop
Seat 2: rostickkin (big blind) collected ($1)
Seat 3: AlexEliseev7 folded before Flop (didn't bet)
Seat 5: ReVeu710 folded before Flop (didn't bet)
Seat 6: ptolejmus (button) folded before Flop (didn't bet)



PokerStars Hand #254376483643:  Hold'em No Limit ($0.50/$1.00 USD) - 2025/01/14 1:36:20 WET [2025/01/14 20:36:20 ET]
Table 'Alkalurops II' 6-max Seat #1 is the button
Seat 4: nikalas22 ($193.66 in chips) is sitting out
Seat 1: whizzkid49 ($70.12 in chips) 
Seat 2: rostickkin ($110 in chips) 
Seat 3: AlexEliseev7 ($104.27 in chips) 
Seat 5: ReVeu710 ($100 in chips) 
Seat 6: ptolejmus ($10 in chips) 
rostickkin: posts small blind $0.50
AlexEliseev7: posts big blind $1
nikalas22: sits out 
*** HOLE CARDS ***
ReVeu710: folds 
ptolejmus: folds 
whizzkid49: folds 
rostickkin: raises $2 to $3
AlexEliseev7: calls $2
*** FLOP *** [Qh 3h Qd]
rostickkin: bets $1.94
AlexEliseev7: raises $4.69 to $6.63
rostickkin: calls $4.69
*** TURN *** [Qh 3h Qd] [6c]
rostickkin: checks 
AlexEliseev7: checks 
*** RIVER *** [Qh 3h Qd 6c] [9c]
rostickkin: checks 
AlexEliseev7: checks 
*** SHOW DOWN ***
rostickkin: shows [Ah 4d] (a pair of Queens)
AlexEliseev7: shows [3s Ks] (two pair, Queens and Threes)
AlexEliseev7 collected $18.30 from pot
*** SUMMARY ***
Total pot $19.26 | Rake $0.96 
Board [Qh 3h Qd 6c 9c]
Seat 4: nikalas22
Seat 1: whizzkid49 (button) folded before Flop (didn't bet)
Seat 2: rostickkin (small blind) showed [Ah 4d] and lost with a pair of Queens
Seat 3: AlexEliseev7 (big blind) showed [3s Ks] and won ($18.30) with two pair, Queens and Threes
Seat 5: ReVeu710 folded before Flop (didn't bet)
Seat 6: ptolejmus folded before Flop (didn't bet)



PokerStars Hand #254376497452:  Hold'em No Limit ($0.50/$1.00 USD) - 2025/01/14 1:37:39 WET [2025/01/14 20:37:39 ET]
Table 'Alkalurops II' 6-max Seat #2 is the button
Seat 1: whizzkid49 ($70.12 in chips) 
Seat 2: rostickkin ($100.37 in chips) 
Seat 3: AlexEliseev7 ($112.94 in chips) 
Seat 4: nikalas22 ($193.66 in chips) 
Seat 5: ReVeu710 ($100 in chips) 
Seat 6: ptolejmus ($10 in chips) 
AlexEliseev7: posts small blind $0.50
nikalas22: posts big blind $1
*** HOLE CARDS ***
ReVeu710: folds 
ptolejmus: raises $9 to $10 and is all-in
whizzkid49: folds 
rostickkin: folds 
AlexEliseev7: folds 
nikalas22: folds 
Uncalled bet ($9) returned to ptolejmus
ptolejmus collected $2.50 from pot
*** SUMMARY ***
Total pot $2.50 | Rake $0 
Seat 1: whizzkid49 folded before Flop (didn't bet)
Seat 2: rostickkin (button) folded before Flop (didn't bet)
Seat 3: AlexEliseev7 (small blind) folded before Flop
Seat 4: nikalas22 (big blind) folded before Flop
Seat 5: ReVeu710 folded before Flop (didn't bet)
Seat 6: ptolejmus collected ($2.50)



PokerStars Hand #254376500161:  Hold'em No Limit ($0.50/$1.00 USD) - 2025/01/14 1:37:54 WET [2025/01/14 20:37:54 ET]
Table 'Alkalurops II' 6-max Seat #3 is the button
Seat 1: whizzkid49 ($70.12 in chips) 
Seat 2: rostickkin ($100.37 in chips) 
Seat 3: AlexEliseev7 ($112.44 in chips) 
Seat 4: nikalas22 ($192.66 in chips) 
Seat 5: ReVeu710 ($100 in chips) 
Seat 6: ptolejmus ($11.50 in chips) 
nikalas22: posts small blind $0.50
ReVeu710: posts big blind $1
*** HOLE CARDS ***
ptolejmus: folds 
whizzkid49: folds 
rostickkin: folds 
AlexEliseev7: folds 
nikalas22: folds 
Uncalled bet ($0.50) returned to ReVeu710
ReVeu710 collected $1 from pot
ReVeu710: doesn't show hand 
*** SUMMARY ***
Total pot $1 | Rake $0 
Seat 1: whizzkid49 folded before Flop (didn't bet)
Seat 2: rostickkin folded before Flop (didn't bet)
Seat 3: AlexEliseev7 (button) folded before Flop (didn't bet)
Seat 4: nikalas22 (small blind) folded before Flop
Seat 5: ReVeu710 (big blind) collected ($1)
Seat 6: ptolejmus folded before Flop (didn't bet)



PokerStars Hand #254376502410:  Hold'em No Limit ($0.50/$1.00 USD) - 2025/01/14 1:38:07 WET [2025/01/14 20:38:07 ET]
Table 'Alkalurops II' 6-max Seat #4 is the button
Seat 1: whizzkid49 ($70.12 in chips) 
Seat 2: rostickkin ($100.37 in chips) 
Seat 3: AlexEliseev7 ($112.44 in chips) 
Seat 4: nikalas22 ($192.16 in chips) 
Seat 5: ReVeu710 ($100.50 in chips) 
Seat 6: ptolejmus ($11.50 in chips) 
ReVeu710: posts small blind $0.50
ptolejmus: posts big blind $1
*** HOLE CARDS ***
whizzkid49: raises $1 to $2
rostickkin: folds 
AlexEliseev7: raises $4.50 to $6.50
nikalas22: folds 
ReVeu710: folds 
ptolejmus: folds 
whizzkid49: calls $4.50
*** FLOP *** [Kd 2c Kc]
whizzkid49: checks 
AlexEliseev7: bets $4.55
whizzkid49: folds 
Uncalled bet ($4.55) returned to AlexEliseev7
AlexEliseev7 collected $13.78 from pot
AlexEliseev7: doesn't show hand 
*** SUMMARY ***
Total pot $14.50 | Rake $0.72 
Board [Kd 2c Kc]
Seat 1: whizzkid49 folded on the Flop
Seat 2: rostickkin folded before Flop (didn't bet)
Seat 3: AlexEliseev7 collected ($13.78)
Seat 4: nikalas22 (button) folded before Flop (didn't bet)
Seat 5: ReVeu710 (small blind) folded before Flop
Seat 6: ptolejmus (big blind) folded before Flop



PokerStars Hand #254376510356:  Hold'em No Limit ($0.50/$1.00 USD) - 2025/01/14 1:38:53 WET [2025/01/14 20:38:53 ET]
Table 'Alkalurops II' 6-max Seat #5 is the button
Seat 1: whizzkid49 ($63.62 in chips) 
Seat 2: rostickkin ($100.37 in chips) 
Seat 3: AlexEliseev7 ($119.72 in chips) 
Seat 4: nikalas22 ($192.16 in chips) 
Seat 5: ReVeu710 ($100 in chips) 
Seat 6: ptolejmus ($10.50 in chips) 
ptolejmus: posts small blind $0.50
whizzkid49: posts big blind $1
*** HOLE CARDS ***
rostickkin: folds 
AlexEliseev7: folds 
nikalas22: folds 
ReVeu710: folds 
ptolejmus: raises $9.50 to $10.50 and is all-in
whizzkid49: calls $9.50
*** FLOP *** [Jh 8h 5h]
*** TURN *** [Jh 8h 5h] [9s]
*** RIVER *** [Jh 8h 5h 9s] [7h]
*** SHOW DOWN ***
ptolejmus: shows [8d Ah] (a flush, Ace high)
whizzkid49: shows [Ad 3c] (high card Ace)
ptolejmus collected $19.95 from pot
*** SUMMARY ***
Total pot $21 | Rake $1.05 
Board [Jh 8h 5h 9s 7h]
Seat 1: whizzkid49 (big blind) showed [Ad 3c] and lost with high card Ace
Seat 2: rostickkin folded before Flop (didn't bet)
Seat 3: AlexEliseev7 folded before Flop (didn't bet)
Seat 4: nikalas22 folded before Flop (didn't bet)
Seat 5: ReVeu710 (button) folded before Flop (didn't bet)
Seat 6: ptolejmus (small blind) showed [8d Ah] and won ($19.95) with a flush, Ace high



PokerStars Hand #254376515565:  Hold'em No Limit ($0.50/$1.00 USD) - 2025/01/14 1:39:23 WET [2025/01/14 20:39:23 ET]
Table 'Alkalurops II' 6-max Seat #6 is the button
Seat 1: whizzkid49 ($53.12 in chips) 
Seat 2: rostickkin ($100.37 in chips) 
Seat 3: AlexEliseev7 ($119.72 in chips) 
Seat 4: nikalas22 ($192.16 in chips) 
Seat 5: ReVeu710 ($100 in chips) 
Seat 6: ptolejmus ($19.95 in chips) 
whizzkid49: posts small blind $0.50
rostickkin: posts big blind $1
*** HOLE CARDS ***
AlexEliseev7: folds 
nikalas22: folds 
ReVeu710: folds 
ptolejmus: folds 
whizzkid49: raises $1 to $2
rostickkin: calls $1
*** FLOP *** [3s 5d 4d]
whizzkid49: checks 
rostickkin: bets $1.94
whizzkid49: calls $1.94
*** TURN *** [3s 5d 4d] [Ah]
whizzkid49: checks 
rostickkin: bets $3.82
whizzkid49: calls $3.82
*** RIVER *** [3s 5d 4d Ah] [7s]
whizzkid49: checks 
rostickkin: bets $11.20
whizzkid49: calls $11.20
*** SHOW DOWN ***
rostickkin: shows [8d 3d] (a pair of Threes)
whizzkid49: shows [2s Kc] (a straight, Ace to Five)
whizzkid49 collected $36.02 from pot
*** SUMMARY ***
Total pot $37.92 | Rake $1.90 
Board [3s 5d 4d Ah 7s]
Seat 1: whizzkid49 (small blind) showed [2s Kc] and won ($36.02) with a straight, Ace to Five
Seat 2: rostickkin (big blind) showed [8d 3d] and lost with a pair of Threes
Seat 3: AlexEliseev7 folded before Flop (didn't bet)
Seat 4: nikalas22 folded before Flop (didn't bet)
Seat 5: ReVeu710 folded before Flop (didn't bet)
Seat 6: ptolejmus (button) folded before Flop (didn't bet)



PokerStars Hand #254376527652:  Hold'em No Limit ($0.50/$1.00 USD) - 2025/01/14 1:40:32 WET [2025/01/14 20:40:32 ET]
Table 'Alkalurops II' 6-max Seat #1 is the button
Seat 1: whizzkid49 ($70.18 in chips) 
Seat 2: rostickkin ($100 in chips) 
Seat 3: AlexEliseev7 ($119.72 in chips) 
Seat 4: nikalas22 ($192.16 in chips) 
Seat 5: ReVeu710 ($100 in chips) 
Seat 6: ptolejmus ($19.95 in chips) 
rostickkin: posts small blind $0.50
AlexEliseev7: posts big blind $1
*** HOLE CARDS ***
nikalas22: folds 
ReVeu710: folds 
ptolejmus: folds 
whizzkid49: folds 
rostickkin: folds 
Uncalled bet ($0.50) returned to AlexEliseev7
AlexEliseev7 collected $1 from pot
AlexEliseev7: doesn't show hand 
*** SUMMARY ***
Total pot $1 | Rake $0 
Seat 1: whizzkid49 (button) folded before Flop (didn't bet)
Seat 2: rostickkin (small blind) folded before Flop
Seat 3: AlexEliseev7 (big blind) collected ($1)
Seat 4: nikalas22 folded before Flop (didn't bet)
Seat 5: ReVeu710 folded before Flop (didn't bet)
Seat 6: ptolejmus folded before Flop (didn't bet)



PokerStars Hand #254376532499:  Hold'em No Limit ($0.50/$1.00 USD) - 2025/01/14 1:41:00 WET [2025/01/14 20:41:00 ET]
Table 'Alkalurops II' 6-max Seat #2 is the button
Seat 4: nikalas22 ($192.16 in chips) is sitting out
Seat 1: whizzkid49 ($70.18 in chips) 
Seat 2: rostickkin ($100 in chips) 
Seat 3: AlexEliseev7 ($120.22 in chips) 
Seat 5: ReVeu710 ($100 in chips) 
Seat 6: ptolejmus ($19.95 in chips) 
AlexEliseev7: posts small blind $0.50
nikalas22: is sitting out 
ReVeu710: posts big blind $1
*** HOLE CARDS ***
ptolejmus: folds 
nikalas22 leaves the table
whizzkid49: folds 
rostickkin: folds 
AlexEliseev7: folds 
Uncalled bet ($0.50) returned to ReVeu710
ReVeu710 collected $1 from pot
ReVeu710: doesn't show hand 
*** SUMMARY ***
Total pot $1 | Rake $0 
Seat 4: nikalas22
Seat 1: whizzkid49 folded before Flop (didn't bet)
Seat 2: rostickkin (button) folded before Flop (didn't bet)
Seat 3: AlexEliseev7 (small blind) folded before Flop
Seat 5: ReVeu710 (big blind) collected ($1)
Seat 6: ptolejmus folded before Flop (didn't bet)



PokerStars Hand #254376534677:  Hold'em No Limit ($0.50/$1.00 USD) - 2025/01/14 1:41:12 WET [2025/01/14 20:41:12 ET]
Table 'Alkalurops II' 6-max Seat #3 is the button
Seat 1: whizzkid49 ($70.18 in chips) 
Seat 2: rostickkin ($100 in chips) 
Seat 3: AlexEliseev7 ($119.72 in chips) 
Seat 5: ReVeu710 ($100.50 in chips) 
Seat 6: ptolejmus ($19.95 in chips) 
ReVeu710: posts small blind $0.50
ptolejmus: posts big blind $1
*** HOLE CARDS ***
whizzkid49: folds 
rostickkin: folds 
AlexEliseev7: raises $1.50 to $2.50
ReVeu710: folds 
ptolejmus: folds 
Uncalled bet ($1.50) returned to AlexEliseev7
AlexEliseev7 collected $2.50 from pot
AlexEliseev7: doesn't show hand 
*** SUMMARY ***
Total pot $2.50 | Rake $0 
Seat 1: whizzkid49 folded before Flop (didn't bet)
Seat 2: rostickkin folded before Flop (didn't bet)
Seat 3: AlexEliseev7 (button) collected ($2.50)
Seat 5: ReVeu710 (small blind) folded before Flop
Seat 6: ptolejmus (big blind) folded before Flop



PokerStars Hand #254376539065:  Hold'em No Limit ($0.50/$1.00 USD) - 2025/01/14 1:41:37 WET [2025/01/14 20:41:37 ET]
Table 'Alkalurops II' 6-max Seat #5 is the button
Seat 1: whizzkid49 ($70.18 in chips) 
Seat 2: rostickkin ($100 in chips) 
Seat 3: AlexEliseev7 ($121.22 in chips) 
Seat 5: ReVeu710 ($100 in chips) 
Seat 6: ptolejmus ($18.95 in chips) 
ptolejmus: posts small blind $0.50
whizzkid49: posts big blind $1
*** HOLE CARDS ***
rostickkin: folds 
AlexEliseev7: folds 
shootingGRID joins the table at seat #4 
ReVeu710: folds 
ptolejmus: folds 
Uncalled bet ($0.50) returned to whizzkid49
whizzkid49 collected $1 from pot
*** SUMMARY ***
Total pot $1 | Rake $0 
Seat 1: whizzkid49 (big blind) collected ($1)
Seat 2: rostickkin folded before Flop (didn't bet)
Seat 3: AlexEliseev7 folded before Flop (didn't bet)
Seat 5: ReVeu710 (button) folded before Flop (didn't bet)
Seat 6: ptolejmus (small blind) folded before Flop



PokerStars Hand #254376541764:  Hold'em No Limit ($0.50/$1.00 USD) - 2025/01/14 1:41:53 WET [2025/01/14 20:41:53 ET]
Table 'Alkalurops II' 6-max Seat #6 is the button
Seat 4: shootingGRID ($100 in chips) is sitting out
Seat 1: whizzkid49 ($70.68 in chips) 
Seat 2: rostickkin ($100 in chips) 
Seat 3: AlexEliseev7 ($121.22 in chips) 
Seat 5: ReVeu710 ($100 in chips) 
Seat 6: ptolejmus ($18.45 in chips) 
whizzkid49: posts small blind $0.50
rostickkin: posts big blind $1
shootingGRID: sits out 
*** HOLE CARDS ***
AlexEliseev7: folds 
ReVeu710: folds 
ptolejmus: folds 
whizzkid49: folds 
Uncalled bet ($0.50) returned to rostickkin
rostickkin collected $1 from pot
rostickkin: doesn't show hand 
*** SUMMARY ***
Total pot $1 | Rake $0 
Seat 4: shootingGRID
Seat 1: whizzkid49 (small blind) folded before Flop
Seat 2: rostickkin (big blind) collected ($1)
Seat 3: AlexEliseev7 folded before Flop (didn't bet)
Seat 5: ReVeu710 folded before Flop (didn't bet)
Seat 6: ptolejmus (button) folded before Flop (didn't bet)



PokerStars Hand #254376543948:  Hold'em No Limit ($0.50/$1.00 USD) - 2025/01/14 1:42:06 WET [2025/01/14 20:42:06 ET]
Table 'Alkalurops II' 6-max Seat #1 is the button
Seat 4: shootingGRID ($100 in chips) is sitting out
Seat 1: whizzkid49 ($70.18 in chips) 
Seat 2: rostickkin ($100.50 in chips) 
Seat 3: AlexEliseev7 ($121.22 in chips) 
Seat 5: ReVeu710 ($100 in chips) 
Seat 6: ptolejmus ($18.45 in chips) 
rostickkin: posts small blind $0.50
AlexEliseev7: posts big blind $1
shootingGRID: sits out 
*** HOLE CARDS ***
ReVeu710: raises $1 to $2
ptolejmus: folds 
whizzkid49: calls $2
rostickkin: folds 
AlexEliseev7: calls $1
*** FLOP *** [6s 8c 5s]
AlexEliseev7: checks 
ReVeu710: checks 
whizzkid49: checks 
*** TURN *** [6s 8c 5s] [Kd]
AlexEliseev7: checks 
ReVeu710: checks 
whizzkid49: checks 
*** RIVER *** [6s 8c 5s Kd] [7s]
AlexEliseev7: checks 
ReVeu710: checks 
whizzkid49: checks 
*** SHOW DOWN ***
AlexEliseev7: shows [Jc 9d] (a straight, Five to Nine)
ReVeu710: mucks hand 
whizzkid49: mucks hand 
AlexEliseev7 collected $6.18 from pot
*** SUMMARY ***
Total pot $6.50 | Rake $0.32 
Board [6s 8c 5s Kd 7s]
Seat 4: shootingGRID
Seat 1: whizzkid49 (button) mucked
Seat 2: rostickkin (small blind) folded before Flop
Seat 3: AlexEliseev7 (big blind) showed [Jc 9d] and won ($6.18) with a straight, Five to Nine
Seat 5: ReVeu710 mucked
Seat 6: ptolejmus folded before Flop (didn't bet)



PokerStars Hand #254376553785:  Hold'em No Limit ($0.50/$1.00 USD) - 2025/01/14 1:43:03 WET [2025/01/14 20:43:03 ET]
Table 'Alkalurops II' 6-max Seat #2 is the button
Seat 1: whizzkid49 ($68.18 in chips) 
Seat 2: rostickkin ($100 in chips) 
Seat 3: AlexEliseev7 ($125.40 in chips) 
Seat 4: shootingGRID ($100 in chips) 
Seat 5: ReVeu710 ($100 in chips) 
Seat 6: ptolejmus ($18.45 in chips) 
AlexEliseev7: posts small blind $0.50
shootingGRID: posts big blind $1
*** HOLE CARDS ***
ReVeu710: raises $1 to $2
ptolejmus: folds 
whizzkid49: folds 
rostickkin: raises $5.50 to $7.50
AlexEliseev7: folds 
shootingGRID: folds 
ReVeu710: calls $5.50
*** FLOP *** [5s 7s 4c]
ReVeu710: checks 
rostickkin: checks 
*** TURN *** [5s 7s 4c] [4d]
ReVeu710: bets $12.07
rostickkin: folds 
Uncalled bet ($12.07) returned to ReVeu710
ReVeu710 collected $15.68 from pot
ReVeu710: doesn't show hand 
*** SUMMARY ***
Total pot $16.50 | Rake $0.82 
Board [5s 7s 4c 4d]
Seat 1: whizzkid49 folded before Flop (didn't bet)
Seat 2: rostickkin (button) folded on the Turn
Seat 3: AlexEliseev7 (small blind) folded before Flop
Seat 4: shootingGRID (big blind) folded before Flop
Seat 5: ReVeu710 collected ($15.68)
Seat 6: ptolejmus folded before Flop (didn't bet)



PokerStars Hand #254376564402:  Hold'em No Limit ($0.50/$1.00 USD) - 2025/01/14 1:44:05 WET [2025/01/14 20:44:05 ET]
Table 'Alkalurops II' 6-max Seat #3 is the button
Seat 1: whizzkid49 ($68.18 in chips) 
Seat 2: rostickkin ($100 in chips) 
Seat 3: AlexEliseev7 ($124.90 in chips) 
Seat 4: shootingGRID ($100 in chips) 
Seat 5: ReVeu710 ($108.18 in chips) 
Seat 6: ptolejmus ($18.45 in chips) 
shootingGRID: posts small blind $0.50
ReVeu710: posts big blind $1
*** HOLE CARDS ***
ptolejmus: raises $1 to $2
whizzkid49: folds 
rostickkin: raises $4 to $6
AlexEliseev7: folds 
shootingGRID: folds 
ReVeu710: folds 
ptolejmus: folds 
Uncalled bet ($4) returned to rostickkin
rostickkin collected $5.50 from pot
rostickkin: doesn't show hand 
*** SUMMARY ***
Total pot $5.50 | Rake $0 
Seat 1: whizzkid49 folded before Flop (didn't bet)
Seat 2: rostickkin collected ($5.50)
Seat 3: AlexEliseev7 (button) folded before Flop (didn't bet)
Seat 4: shootingGRID (small blind) folded before Flop
Seat 5: ReVeu710 (big blind) folded before Flop
Seat 6: ptolejmus folded before Flop



PokerStars Hand #254376569236:  Hold'em No Limit ($0.50/$1.00 USD) - 2025/01/14 1:44:34 WET [2025/01/14 20:44:34 ET]
Table 'Alkalurops II' 6-max Seat #4 is the button
Seat 1: whizzkid49 ($68.18 in chips) 
Seat 2: rostickkin ($103.50 in chips) 
Seat 3: AlexEliseev7 ($124.90 in chips) 
Seat 4: shootingGRID ($100 in chips) 
Seat 5: ReVeu710 ($107.18 in chips) 
Seat 6: ptolejmus ($16.45 in chips) 
ReVeu710: posts small blind $0.50
ptolejmus: posts big blind $1
*** HOLE CARDS ***
whizzkid49: raises $1 to $2
rostickkin: folds 
AlexEliseev7: folds 
shootingGRID: folds 
ReVeu710: folds 
ptolejmus: folds 
Uncalled bet ($1) returned to whizzkid49
whizzkid49 collected $2.50 from pot
*** SUMMARY ***
Total pot $2.50 | Rake $0 
Seat 1: whizzkid49 collected ($2.50)
Seat 2: rostickkin folded before Flop (didn't bet)
Seat 3: AlexEliseev7 folded before Flop (didn't bet)
Seat 4: shootingGRID (button) folded before Flop (didn't bet)
Seat 5: ReVeu710 (small blind) folded before Flop
Seat 6: ptolejmus (big blind) folded before Flop



PokerStars Hand #254376572770:  Hold'em No Limit ($0.50/$1.00 USD) - 2025/01/14 1:44:54 WET [2025/01/14 20:44:54 ET]
Table 'Alkalurops II' 6-max Seat #5 is the button
Seat 1: whizzkid49 ($69.68 in chips) 
Seat 2: rostickkin ($103.50 in chips) 
Seat 3: AlexEliseev7 ($124.90 in chips) 
Seat 4: shootingGRID ($100 in chips) 
Seat 5: ReVeu710 ($106.68 in chips) 
Seat 6: ptolejmus ($15.45 in chips) 
ptolejmus: posts small blind $0.50
whizzkid49: posts big blind $1
*** HOLE CARDS ***
rostickkin: raises $1.20 to $2.20
AlexEliseev7: folds 
shootingGRID: folds 
ReVeu710: calls $2.20
ptolejmus: folds 
whizzkid49: folds 
*** FLOP *** [3s Kc 7d]
rostickkin: checks 
ReVeu710: bets $3.02
rostickkin: calls $3.02
*** TURN *** [3s Kc 7d] [6h]
rostickkin: checks 
ReVeu710: checks 
*** RIVER *** [3s Kc 7d 6h] [Ah]
rostickkin: bets $8.62
ReVeu710: raises $26.51 to $35.13
rostickkin: raises $63.15 to $98.28 and is all-in
ReVeu710: calls $63.15
*** SHOW DOWN ***
rostickkin: shows [7s 7h] (three of a kind, Sevens)
ReVeu710: shows [5d 4d] (a straight, Three to Seven)
ReVeu710 collected $206 from pot
*** SUMMARY ***
Total pot $208.50 | Rake $2.50 
Board [3s Kc 7d 6h Ah]
Seat 1: whizzkid49 (big blind) folded before Flop
Seat 2: rostickkin showed [7s 7h] and lost with three of a kind, Sevens
Seat 3: AlexEliseev7 folded before Flop (didn't bet)
Seat 4: shootingGRID folded before Flop (didn't bet)
Seat 5: ReVeu710 (button) showed [5d 4d] and won ($206) with a straight, Three to Seven
Seat 6: ptolejmus (small blind) folded before Flop



PokerStars Hand #254376590607:  Hold'em No Limit ($0.50/$1.00 USD) - 2025/01/14 1:46:39 WET [2025/01/14 20:46:39 ET]
Table 'Alkalurops II' 6-max Seat #6 is the button
Seat 1: whizzkid49 ($68.68 in chips) 
Seat 2: rostickkin ($100 in chips) 
Seat 3: AlexEliseev7 ($124.90 in chips) 
Seat 4: shootingGRID ($100 in chips) 
Seat 5: ReVeu710 ($209.18 in chips) 
Seat 6: ptolejmus ($14.95 in chips) 
whizzkid49: posts small blind $0.50
rostickkin: posts big blind $1
*** HOLE CARDS ***
AlexEliseev7: raises $1.50 to $2.50
shootingGRID: folds 
ReVeu710: folds 
ptolejmus: folds 
whizzkid49: folds 
rostickkin: folds 
Uncalled bet ($1.50) returned to AlexEliseev7
AlexEliseev7 collected $2.50 from pot
AlexEliseev7: doesn't show hand 
*** SUMMARY ***
Total pot $2.50 | Rake $0 
Seat 1: whizzkid49 (small blind) folded before Flop
Seat 2: rostickkin (big blind) folded before Flop
Seat 3: AlexEliseev7 collected ($2.50)
Seat 4: shootingGRID folded before Flop (didn't bet)
Seat 5: ReVeu710 folded before Flop (didn't bet)
Seat 6: ptolejmus (button) folded before Flop (didn't bet)



PokerStars Hand #254376596035:  Hold'em No Limit ($0.50/$1.00 USD) - 2025/01/14 1:47:11 WET [2025/01/14 20:47:11 ET]
Table 'Alkalurops II' 6-max Seat #1 is the button
Seat 1: whizzkid49 ($68.18 in chips) 
Seat 2: rostickkin ($100 in chips) 
Seat 3: AlexEliseev7 ($126.40 in chips) 
Seat 4: shootingGRID ($100 in chips) 
Seat 5: ReVeu710 ($209.18 in chips) 
Seat 6: ptolejmus ($14.95 in chips) 
rostickkin: posts small blind $0.50
AlexEliseev7: posts big blind $1
*** HOLE CARDS ***
shootingGRID: folds 
ReVeu710: folds 
ptolejmus: folds 
whizzkid49: raises $1 to $2
rostickkin: folds 
AlexEliseev7: calls $1
*** FLOP *** [Th 4d 9s]
AlexEliseev7: checks 
whizzkid49: checks 
*** TURN *** [Th 4d 9s] [Ad]
AlexEliseev7: bets $1.41
whizzkid49: calls $1.41
*** RIVER *** [Th 4d 9s Ad] [Tc]
AlexEliseev7: bets $2.29
whizzkid49: folds 
Uncalled bet ($2.29) returned to AlexEliseev7
AlexEliseev7 collected $6.95 from pot
AlexEliseev7: doesn't show hand 
*** SUMMARY ***
Total pot $7.32 | Rake $0.37 
Board [Th 4d 9s Ad Tc]
Seat 1: whizzkid49 (button) folded on the River
Seat 2: rostickkin (small blind) folded before Flop
Seat 3: AlexEliseev7 (big blind) collected ($6.95)
Seat 4: shootingGRID folded before Flop (didn't bet)
Seat 5: ReVeu710 folded before Flop (didn't bet)
Seat 6: ptolejmus folded before Flop (didn't bet)



PokerStars Hand #254376604401:  Hold'em No Limit ($0.50/$1.00 USD) - 2025/01/14 1:48:01 WET [2025/01/14 20:48:01 ET]
Table 'Alkalurops II' 6-max Seat #2 is the button
Seat 1: whizzkid49 ($64.77 in chips) 
Seat 2: rostickkin ($100 in chips) 
Seat 3: AlexEliseev7 ($129.94 in chips) 
Seat 4: shootingGRID ($100 in chips) 
Seat 5: ReVeu710 ($209.18 in chips) 
Seat 6: ptolejmus ($14.95 in chips) 
AlexEliseev7: posts small blind $0.50
shootingGRID: posts big blind $1
*** HOLE CARDS ***
ReVeu710: folds 
ptolejmus: folds 
whizzkid49: raises $1 to $2
rostickkin: folds 
AlexEliseev7: folds 
shootingGRID: calls $1
*** FLOP *** [2c Ks 3c]
shootingGRID: checks 
whizzkid49: bets $2.14
shootingGRID: folds 
Uncalled bet ($2.14) returned to whizzkid49
whizzkid49 collected $4.28 from pot
*** SUMMARY ***
Total pot $4.50 | Rake $0.22 
Board [2c Ks 3c]
Seat 1: whizzkid49 collected ($4.28)
Seat 2: rostickkin (button) folded before Flop (didn't bet)
Seat 3: AlexEliseev7 (small blind) folded before Flop
Seat 4: shootingGRID (big blind) folded on the Flop
Seat 5: ReVeu710 folded before Flop (didn't bet)
Seat 6: ptolejmus folded before Flop (didn't bet)



PokerStars Hand #254376614365:  Hold'em No Limit ($0.50/$1.00 USD) - 2025/01/14 1:49:00 WET [2025/01/14 20:49:00 ET]
Table 'Alkalurops II' 6-max Seat #3 is the button
Seat 1: whizzkid49 ($67.05 in chips) 
Seat 2: rostickkin ($100 in chips) 
Seat 3: AlexEliseev7 ($129.44 in chips) 
Seat 4: shootingGRID ($100 in chips) 
Seat 5: ReVeu710 ($209.18 in chips) 
Seat 6: ptolejmus ($14.95 in chips) 
shootingGRID: posts small blind $0.50
ReVeu710: posts big blind $1
*** HOLE CARDS ***
ptolejmus: folds 
whizzkid49: folds 
rostickkin: raises $1.50 to $2.50
AlexEliseev7: folds 
shootingGRID: folds 
ReVeu710: folds 
Uncalled bet ($1.50) returned to rostickkin
rostickkin collected $2.50 from pot
rostickkin: doesn't show hand 
*** SUMMARY ***
Total pot $2.50 | Rake $0 
Seat 1: whizzkid49 folded before Flop (didn't bet)
Seat 2: rostickkin collected ($2.50)
Seat 3: AlexEliseev7 (button) folded before Flop (didn't bet)
Seat 4: shootingGRID (small blind) folded before Flop
Seat 5: ReVeu710 (big blind) folded before Flop
Seat 6: ptolejmus folded before Flop (didn't bet)



PokerStars Hand #254376618324:  Hold'em No Limit ($0.50/$1.00 USD) - 2025/01/14 1:49:24 WET [2025/01/14 20:49:24 ET]
Table 'Alkalurops II' 6-max Seat #4 is the button
Seat 1: whizzkid49 ($67.05 in chips) 
Seat 2: rostickkin ($101.50 in chips) 
Seat 3: AlexEliseev7 ($129.44 in chips) 
Seat 4: shootingGRID ($100 in chips) 
Seat 5: ReVeu710 ($208.18 in chips) 
Seat 6: ptolejmus ($14.95 in chips) 
ReVeu710: posts small blind $0.50
ptolejmus: posts big blind $1
*** HOLE CARDS ***
whizzkid49: folds 
rostickkin: raises $1.20 to $2.20
AlexEliseev7: folds 
shootingGRID: folds 
ReVeu710: raises $8.80 to $11
ptolejmus: folds 
rostickkin: calls $8.80
*** FLOP *** [5d 3s 7c]
ReVeu710: bets $13.33
rostickkin: raises $77.17 to $90.50 and is all-in
ReVeu710: folds 
Uncalled bet ($77.17) returned to rostickkin
rostickkin collected $47.18 from pot
rostickkin: doesn't show hand 
*** SUMMARY ***
Total pot $49.66 | Rake $2.48 
Board [5d 3s 7c]
Seat 1: whizzkid49 folded before Flop (didn't bet)
Seat 2: rostickkin collected ($47.18)
Seat 3: AlexEliseev7 folded before Flop (didn't bet)
Seat 4: shootingGRID (button) folded before Flop (didn't bet)
Seat 5: ReVeu710 (small blind) folded on the Flop
Seat 6: ptolejmus (big blind) folded before Flop



PokerStars Hand #254376630981:  Hold'em No Limit ($0.50/$1.00 USD) - 2025/01/14 1:50:39 WET [2025/01/14 20:50:39 ET]
Table 'Alkalurops II' 6-max Seat #5 is the button
Seat 1: whizzkid49 ($67.05 in chips) 
Seat 2: rostickkin ($124.35 in chips) 
Seat 3: AlexEliseev7 ($129.44 in chips) 
Seat 4: shootingGRID ($100 in chips) 
Seat 5: ReVeu710 ($183.85 in chips) 
Seat 6: ptolejmus ($13.95 in chips) 
ptolejmus: posts small blind $0.50
whizzkid49: posts big blind $1
*** HOLE CARDS ***
rostickkin: raises $1.20 to $2.20
AlexEliseev7: folds 
shootingGRID: folds 
ReVeu710: folds 
ptolejmus: folds 
whizzkid49: calls $1.20
*** FLOP *** [9h 2c Ah]
whizzkid49: checks 
rostickkin: bets $1.58
whizzkid49: folds 
Uncalled bet ($1.58) returned to rostickkin
rostickkin collected $4.66 from pot
rostickkin: doesn't show hand 
*** SUMMARY ***
Total pot $4.90 | Rake $0.24 
Board [9h 2c Ah]
Seat 1: whizzkid49 (big blind) folded on the Flop
Seat 2: rostickkin collected ($4.66)
Seat 3: AlexEliseev7 folded before Flop (didn't bet)
Seat 4: shootingGRID folded before Flop (didn't bet)
Seat 5: ReVeu710 (button) folded before Flop (didn't bet)
Seat 6: ptolejmus (small blind) folded before Flop



PokerStars Hand #254376635244:  Hold'em No Limit ($0.50/$1.00 USD) - 2025/01/14 1:51:05 WET [2025/01/14 20:51:05 ET]
Table 'Alkalurops II' 6-max Seat #6 is the button
Seat 1: whizzkid49 ($64.85 in chips) 
Seat 2: rostickkin ($126.81 in chips) 
Seat 3: AlexEliseev7 ($129.44 in chips) 
Seat 4: shootingGRID ($100 in chips) 
Seat 5: ReVeu710 ($183.85 in chips) 
Seat 6: ptolejmus ($13.45 in chips) 
whizzkid49: posts small blind $0.50
rostickkin: posts big blind $1
*** HOLE CARDS ***
AlexEliseev7: folds 
shootingGRID: folds 
ReVeu710: raises $1.30 to $2.30
ptolejmus: folds 
whizzkid49: folds 
rostickkin: folds 
Uncalled bet ($1.30) returned to ReVeu710
ReVeu710 collected $2.50 from pot
ReVeu710: doesn't show hand 
*** SUMMARY ***
Total pot $2.50 | Rake $0 
Seat 1: whizzkid49 (small blind) folded before Flop
Seat 2: rostickkin (big blind) folded before Flop
Seat 3: AlexEliseev7 folded before Flop (didn't bet)
Seat 4: shootingGRID folded before Flop (didn't bet)
Seat 5: ReVeu710 collected ($2.50)
Seat 6: ptolejmus (button) folded before Flop (didn't bet)



PokerStars Hand #254376637629:  Hold'em No Limit ($0.50/$1.00 USD) - 2025/01/14 1:51:19 WET [2025/01/14 20:51:19 ET]
Table 'Alkalurops II' 6-max Seat #1 is the button
Seat 1: whizzkid49 ($64.35 in chips) 
Seat 2: rostickkin ($125.81 in chips) 
Seat 3: AlexEliseev7 ($129.44 in chips) 
Seat 4: shootingGRID ($100 in chips) 
Seat 5: ReVeu710 ($185.35 in chips) 
Seat 6: ptolejmus ($13.45 in chips) 
rostickkin: posts small blind $0.50
AlexEliseev7: posts big blind $1
*** HOLE CARDS ***
shootingGRID: folds 
ReVeu710: folds 
ptolejmus: raises $1 to $2
whizzkid49: calls $2
rostickkin: folds 
AlexEliseev7: folds 
*** FLOP *** [3c 9s 7s]
ptolejmus: checks 
whizzkid49: checks 
*** TURN *** [3c 9s 7s] [4s]
ptolejmus: checks 
whizzkid49: checks 
*** RIVER *** [3c 9s 7s 4s] [Kh]
ptolejmus: checks 
whizzkid49: bets $5.22
ptolejmus: raises $6.23 to $11.45 and is all-in
whizzkid49: calls $6.23
*** SHOW DOWN ***
ptolejmus: shows [5s As] (a flush, Ace high)
whizzkid49: shows [2s Ks] (a flush, King high)
ptolejmus collected $26.98 from pot
*** SUMMARY ***
Total pot $28.40 | Rake $1.42 
Board [3c 9s 7s 4s Kh]
Seat 1: whizzkid49 (button) showed [2s Ks] and lost with a flush, King high
Seat 2: rostickkin (small blind) folded before Flop
Seat 3: AlexEliseev7 (big blind) folded before Flop
Seat 4: shootingGRID folded before Flop (didn't bet)
Seat 5: ReVeu710 folded before Flop (didn't bet)
Seat 6: ptolejmus showed [5s As] and won ($26.98) with a flush, Ace high



PokerStars Hand #254376652507:  Hold'em No Limit ($0.50/$1.00 USD) - 2025/01/14 1:52:48 WET [2025/01/14 20:52:48 ET]
Table 'Alkalurops II' 6-max Seat #2 is the button
Seat 1: whizzkid49 ($50.90 in chips) 
Seat 2: rostickkin ($125.31 in chips) 
Seat 3: AlexEliseev7 ($128.44 in chips) 
Seat 4: shootingGRID ($100 in chips) 
Seat 5: ReVeu710 ($185.35 in chips) 
Seat 6: ptolejmus ($26.98 in chips) 
AlexEliseev7: posts small blind $0.50
shootingGRID: posts big blind $1
*** HOLE CARDS ***
ReVeu710: folds 
ptolejmus: folds 
ReVeu710 leaves the table
whizzkid49: raises $1 to $2
rostickkin: folds 
AlexEliseev7: raises $5 to $7
shootingGRID: folds 
whizzkid49: calls $5
*** FLOP *** [Jd 4c Th]
ffac joins the table at seat #5 
AlexEliseev7: checks 
whizzkid49: checks 
*** TURN *** [Jd 4c Th] [3h]
AlexEliseev7: checks 
whizzkid49: checks 
*** RIVER *** [Jd 4c Th 3h] [5d]
AlexEliseev7: bets $4
whizzkid49: folds 
Uncalled bet ($4) returned to AlexEliseev7
AlexEliseev7 collected $14.25 from pot
AlexEliseev7: doesn't show hand 
*** SUMMARY ***
Total pot $15 | Rake $0.75 
Board [Jd 4c Th 3h 5d]
Seat 1: whizzkid49 folded on the River
Seat 2: rostickkin (button) folded before Flop (didn't bet)
Seat 3: AlexEliseev7 (small blind) collected ($14.25)
Seat 4: shootingGRID (big blind) folded before Flop
Seat 5: ReVeu710 folded before Flop (didn't bet)
Seat 6: ptolejmus folded before Flop (didn't bet)



PokerStars Hand #254376664557:  Hold'em No Limit ($0.50/$1.00 USD) - 2025/01/14 1:54:01 WET [2025/01/14 20:54:01 ET]
Table 'Alkalurops II' 6-max Seat #3 is the button
Seat 1: whizzkid49 ($43.90 in chips) 
Seat 2: rostickkin ($125.31 in chips) 
Seat 3: AlexEliseev7 ($135.69 in chips) 
Seat 4: shootingGRID ($100 in chips) 
Seat 5: ffac ($100 in chips) 
Seat 6: ptolejmus ($26.98 in chips) 
shootingGRID: posts small blind $0.50
ffac: posts big blind $1
*** HOLE CARDS ***
ptolejmus: folds 
whizzkid49: raises $1 to $2
rostickkin: raises $6 to $8
ptolejmus leaves the table
AlexEliseev7: folds 
shootingGRID: folds 
ffac: folds 
whizzkid49: calls $6
*** FLOP *** [9d 6d 6s]
whizzkid49: checks 
rostickkin: bets $4.32
pr0tecto joins the table at seat #6 
whizzkid49: calls $4.32
*** TURN *** [9d 6d 6s] [Ac]
whizzkid49: checks 
rostickkin: bets $6.46
whizzkid49: raises $25.12 to $31.58 and is all-in
rostickkin: calls $25.12
*** RIVER *** [9d 6d 6s Ac] [8c]
*** SHOW DOWN ***
whizzkid49: shows [Kh 6h] (three of a kind, Sixes)
rostickkin: shows [9c 9s] (a full house, Nines full of Sixes)
rostickkin collected $86.80 from pot
*** SUMMARY ***
Total pot $89.30 | Rake $2.50 
Board [9d 6d 6s Ac 8c]
Seat 1: whizzkid49 showed [Kh 6h] and lost with three of a kind, Sixes
Seat 2: rostickkin showed [9c 9s] and won ($86.80) with a full house, Nines full of Sixes
Seat 3: AlexEliseev7 (button) folded before Flop (didn't bet)
Seat 4: shootingGRID (small blind) folded before Flop
Seat 5: ffac (big blind) folded before Flop
Seat 6: ptolejmus folded before Flop (didn't bet)



PokerStars Hand #254376676883:  Hold'em No Limit ($0.50/$1.00 USD) - 2025/01/14 1:55:17 WET [2025/01/14 20:55:17 ET]
Table 'Alkalurops II' 6-max Seat #4 is the button
Seat 1: whizzkid49 ($0 in chips) is sitting out
Seat 2: rostickkin ($168.21 in chips) 
Seat 3: AlexEliseev7 ($135.69 in chips) 
Seat 4: shootingGRID ($100 in chips) 
Seat 5: ffac ($100 in chips) 
Seat 6: pr0tecto ($100 in chips) 
ffac: posts small blind $0.50
pr0tecto: posts big blind $1
*** HOLE CARDS ***
rostickkin: folds 
AlexEliseev7: folds 
shootingGRID: raises $1.50 to $2.50
ffac: raises $9.50 to $12
pr0tecto: folds 
shootingGRID: folds 
Uncalled bet ($9.50) returned to ffac
ffac collected $6 from pot
ffac: doesn't show hand 
*** SUMMARY ***
Total pot $6 | Rake $0 
Seat 1: whizzkid49
Seat 2: rostickkin folded before Flop (didn't bet)
Seat 3: AlexEliseev7 folded before Flop (didn't bet)
Seat 4: shootingGRID (button) folded before Flop
Seat 5: ffac (small blind) collected ($6)
Seat 6: pr0tecto (big blind) folded before Flop



PokerStars Hand #254376682209:  Hold'em No Limit ($0.50/$1.00 USD) - 2025/01/14 1:55:58 WET [2025/01/14 20:55:58 ET]
Table 'Alkalurops II' 6-max Seat #5 is the button
Seat 1: whizzkid49 ($0 in chips) is sitting out
Seat 2: rostickkin ($168.21 in chips) 
Seat 3: AlexEliseev7 ($135.69 in chips) 
Seat 4: shootingGRID ($100 in chips) 
Seat 5: ffac ($103.50 in chips) 
Seat 6: pr0tecto ($99 in chips) 
pr0tecto: posts small blind $0.50
rostickkin: posts big blind $1
*** HOLE CARDS ***
AlexEliseev7: folds 
shootingGRID: folds 
ffac: folds 
pr0tecto: raises $1.24 to $2.24
rostickkin: raises $6.76 to $9
pr0tecto: folds 
Uncalled bet ($6.76) returned to rostickkin
rostickkin collected $4.48 from pot
rostickkin: doesn't show hand 
*** SUMMARY ***
Total pot $4.48 | Rake $0 
Seat 1: whizzkid49
Seat 2: rostickkin (big blind) collected ($4.48)
Seat 3: AlexEliseev7 folded before Flop (didn't bet)
Seat 4: shootingGRID folded before Flop (didn't bet)
Seat 5: ffac (button) folded before Flop (didn't bet)
Seat 6: pr0tecto (small blind) folded before Flop



PokerStars Hand #254376685464:  Hold'em No Limit ($0.50/$1.00 USD) - 2025/01/14 1:56:24 WET [2025/01/14 20:56:24 ET]
Table 'Alkalurops II' 6-max Seat #6 is the button
Seat 1: whizzkid49 ($0 in chips) is sitting out
Seat 2: rostickkin ($170.45 in chips) 
Seat 3: AlexEliseev7 ($135.69 in chips) 
Seat 4: shootingGRID ($100 in chips) 
Seat 5: ffac ($103.50 in chips) 
Seat 6: pr0tecto ($100 in chips) 
rostickkin: posts small blind $0.50
AlexEliseev7: posts big blind $1
*** HOLE CARDS ***
shootingGRID: folds 
ffac: folds 
pr0tecto: folds 
rostickkin: raises $2 to $3
AlexEliseev7: folds 
Uncalled bet ($2) returned to rostickkin
rostickkin collected $2 from pot
rostickkin: doesn't show hand 
*** SUMMARY ***
Total pot $2 | Rake $0 
Seat 1: whizzkid49
Seat 2: rostickkin (small blind) collected ($2)
Seat 3: AlexEliseev7 (big blind) folded before Flop
Seat 4: shootingGRID folded before Flop (didn't bet)
Seat 5: ffac folded before Flop (didn't bet)
Seat 6: pr0tecto (button) folded before Flop (didn't bet)



PokerStars Hand #254376688272:  Hold'em No Limit ($0.50/$1.00 USD) - 2025/01/14 1:56:46 WET [2025/01/14 20:56:46 ET]
Table 'Alkalurops II' 6-max Seat #2 is the button
Seat 1: whizzkid49 ($0 in chips) is sitting out
Seat 2: rostickkin ($171.45 in chips) 
Seat 3: AlexEliseev7 ($134.69 in chips) 
Seat 4: shootingGRID ($100 in chips) 
Seat 5: ffac ($103.50 in chips) 
Seat 6: pr0tecto ($100 in chips) 
AlexEliseev7: posts small blind $0.50
shootingGRID: posts big blind $1
*** HOLE CARDS ***
ffac: raises $1.04 to $2.04
pr0tecto: folds 
rostickkin: folds 
AlexEliseev7: folds 
shootingGRID: folds 
Uncalled bet ($1.04) returned to ffac
ffac collected $2.50 from pot
ffac: doesn't show hand 
*** SUMMARY ***
Total pot $2.50 | Rake $0 
Seat 1: whizzkid49
Seat 2: rostickkin (button) folded before Flop (didn't bet)
Seat 3: AlexEliseev7 (small blind) folded before Flop
Seat 4: shootingGRID (big blind) folded before Flop
Seat 5: ffac collected ($2.50)
Seat 6: pr0tecto folded before Flop (didn't bet)



PokerStars Hand #254376690243:  Hold'em No Limit ($0.50/$1.00 USD) - 2025/01/14 1:57:01 WET [2025/01/14 20:57:01 ET]
Table 'Alkalurops II' 6-max Seat #3 is the button
Seat 1: whizzkid49 ($0 in chips) is sitting out
Seat 2: rostickkin ($171.45 in chips) 
Seat 3: AlexEliseev7 ($134.19 in chips) 
Seat 4: shootingGRID ($100 in chips) 
Seat 5: ffac ($105 in chips) 
Seat 6: pr0tecto ($100 in chips) 
shootingGRID: posts small blind $0.50
ffac: posts big blind $1
*** HOLE CARDS ***
pr0tecto: folds 
rostickkin: folds 
AlexEliseev7: folds 
shootingGRID: folds 
Uncalled bet ($0.50) returned to ffac
ffac collected $1 from pot
ffac: doesn't show hand 
whizzkid49 is disconnected 
*** SUMMARY ***
Total pot $1 | Rake $0 
Seat 1: whizzkid49
Seat 2: rostickkin folded before Flop (didn't bet)
Seat 3: AlexEliseev7 (button) folded before Flop (didn't bet)
Seat 4: shootingGRID (small blind) folded before Flop
Seat 5: ffac (big blind) collected ($1)
Seat 6: pr0tecto folded before Flop (didn't bet)



PokerStars Hand #254376691623:  Hold'em No Limit ($0.50/$1.00 USD) - 2025/01/14 1:57:12 WET [2025/01/14 20:57:12 ET]
Table 'Alkalurops II' 6-max Seat #4 is the button
Seat 1: whizzkid49 ($0 in chips) is sitting out
Seat 6: pr0tecto ($100 in chips) is sitting out
Seat 2: rostickkin ($171.45 in chips) 
Seat 3: AlexEliseev7 ($134.19 in chips) 
Seat 4: shootingGRID ($100 in chips) 
Seat 5: ffac ($105.50 in chips) 
ffac: posts small blind $0.50
pr0tecto: is sitting out 
rostickkin: posts big blind $1
*** HOLE CARDS ***
AlexEliseev7: folds 
pr0tecto leaves the table
BumHuntKing joins the table at seat #6 
shootingGRID: raises $1.50 to $2.50
BumHuntKing leaves the table
ffac: raises $9.50 to $12
rostickkin: folds 
shootingGRID: folds 
Uncalled bet ($9.50) returned to ffac
ffac collected $6 from pot
ffac: doesn't show hand 
*** SUMMARY ***
Total pot $6 | Rake $0 
Seat 1: whizzkid49
Seat 6: pr0tecto
Seat 2: rostickkin (big blind) folded before Flop
Seat 3: AlexEliseev7 folded before Flop (didn't bet)
Seat 4: shootingGRID (button) folded before Flop
Seat 5: ffac (small blind) collected ($6)



PokerStars Hand #254376697382:  Hold'em No Limit ($0.50/$1.00 USD) - 2025/01/14 1:57:56 WET [2025/01/14 20:57:56 ET]
Table 'Alkalurops II' 6-max Seat #5 is the button
Seat 1: whizzkid49 ($0 in chips) is sitting out
Seat 3: AlexEliseev7 ($134.19 in chips) is sitting out
Seat 2: rostickkin ($170.45 in chips) 
Seat 4: shootingGRID ($100 in chips) 
Seat 5: ffac ($109 in chips) 
rostickkin: posts small blind $0.50
AlexEliseev7: is sitting out 
shootingGRID: posts big blind $1
*** HOLE CARDS ***
ffac: folds 
AlexEliseev7 leaves the table
rostickkin: raises $2 to $3
shootingGRID: folds 
Uncalled bet ($2) returned to rostickkin
rostickkin collected $2 from pot
rostickkin: doesn't show hand 
*** SUMMARY ***
Total pot $2 | Rake $0 
Seat 1: whizzkid49
Seat 3: AlexEliseev7
Seat 2: rostickkin (small blind) collected ($2)
Seat 4: shootingGRID (big blind) folded before Flop
Seat 5: ffac (button) folded before Flop (didn't bet)



PokerStars Hand #254376700090:  Hold'em No Limit ($0.50/$1.00 USD) - 2025/01/14 1:58:17 WET [2025/01/14 20:58:17 ET]
Table 'Alkalurops II' 6-max Seat #2 is the button
Seat 1: whizzkid49 ($0 in chips) is sitting out
Seat 2: rostickkin ($171.45 in chips) 
Seat 4: shootingGRID ($100 in chips) 
Seat 5: ffac ($109 in chips) 
shootingGRID: posts small blind $0.50
ffac: posts big blind $1
*** HOLE CARDS ***
rostickkin: folds 
shootingGRID: folds 
Uncalled bet ($0.50) returned to ffac
ffac collected $1 from pot
ffac: doesn't show hand 
*** SUMMARY ***
Total pot $1 | Rake $0 
Seat 1: whizzkid49
Seat 2: rostickkin (button) folded before Flop (didn't bet)
Seat 4: shootingGRID (small blind) folded before Flop
Seat 5: ffac (big blind) collected ($1)



PokerStars Hand #254376701120:  Hold'em No Limit ($0.50/$1.00 USD) - 2025/01/14 1:58:25 WET [2025/01/14 20:58:25 ET]
Table 'Alkalurops II' 6-max Seat #5 is the button
Seat 1: whizzkid49 ($0 in chips) is sitting out
Seat 2: rostickkin ($171.45 in chips) is sitting out
Seat 4: shootingGRID ($100 in chips) 
Seat 5: ffac ($109.50 in chips) 
ffac: posts small blind $0.50
rostickkin: is sitting out 
shootingGRID: posts big blind $1
*** HOLE CARDS ***
rostickkin leaves the table
ffac: folds 
Uncalled bet ($0.50) returned to shootingGRID
shootingGRID collected $1 from pot
*** SUMMARY ***
Total pot $1 | Rake $0 
Seat 1: whizzkid49
Seat 2: rostickkin
Seat 4: shootingGRID (big blind) collected ($1)
Seat 5: ffac (button) (small blind) folded before Flop



PokerStars Hand #254376703123:  Hold'em No Limit ($0.50/$1.00 USD) - 2025/01/14 1:58:41 WET [2025/01/14 20:58:41 ET]
Table 'Alkalurops II' 6-max Seat #4 is the button
Seat 1: whizzkid49 ($0 in chips) is sitting out
Seat 4: shootingGRID ($100.50 in chips) 
Seat 5: ffac ($109 in chips) 
shootingGRID: posts small blind $0.50
ffac: posts big blind $1
*** HOLE CARDS ***
shootingGRID: raises $2 to $3
ffac: folds 
Uncalled bet ($2) returned to shootingGRID
shootingGRID collected $2 from pot
ffac leaves the table
*** SUMMARY ***
Total pot $2 | Rake $0 
Seat 1: whizzkid49
Seat 4: shootingGRID (button) (small blind) collected ($2)
Seat 5: ffac (big blind) folded before Flop



