PokerStars Hand #254362320824:  Hold'em No Limit ($0.50/$1.00 USD) - 2025/01/14 5:32:04 WET [2025/01/14 0:32:04 ET]
Table 'Puck III' 6-max Seat #5 is the button
Seat 3: ptolejmus ($10 in chips) 
Seat 5: AMRIK_K ($19 in chips) 
Seat 6: B1GBankroll ($112.69 in chips) 
B1GBankroll: posts small blind $0.50
ptolejmus: posts big blind $1
*** HOLE CARDS ***
AMRIK_K: raises $1 to $2
B1GBankroll: folds 
ptolejmus: folds 
Uncalled bet ($1) returned to AMRIK_K
AMRIK_K collected $2.50 from pot
*** SUMMARY ***
Total pot $2.50 | Rake $0 
Seat 3: ptolejmus (big blind) folded before Flop
Seat 5: AMRIK_K (button) collected ($2.50)
Seat 6: B1GBankroll (small blind) folded before Flop



PokerStars Hand #254362321863:  Hold'em No Limit ($0.50/$1.00 USD) - 2025/01/14 5:32:16 WET [2025/01/14 0:32:16 ET]
Table 'Puck III' 6-max Seat #6 is the button
Seat 3: ptolejmus ($10 in chips) 
Seat 5: AMRIK_K ($20.50 in chips) 
Seat 6: B1GBankroll ($112.19 in chips) 
ptolejmus: posts small blind $0.50
AMRIK_K: posts big blind $1
*** HOLE CARDS ***
B1GBankroll: folds 
chirva007 joins the table at seat #1 
ptolejmus: calls $0.50
AMRIK_K: raises $1 to $2
ptolejmus: calls $1
*** FLOP *** [5s 9c 3d]
ptolejmus: checks 
AMRIK_K: bets $3.80
ptolejmus: raises $4.20 to $8 and is all-in
AMRIK_K: calls $4.20
*** TURN *** [5s 9c 3d] [3h]
*** RIVER *** [5s 9c 3d 3h] [Kc]
*** SHOW DOWN ***
ptolejmus: shows [5d 8d] (two pair, Fives and Threes)
AMRIK_K: shows [Td Th] (two pair, Tens and Threes)
AMRIK_K collected $19 from pot
*** SUMMARY ***
Total pot $20 | Rake $1 
Board [5s 9c 3d 3h Kc]
Seat 3: ptolejmus (small blind) showed [5d 8d] and lost with two pair, Fives and Threes
Seat 5: AMRIK_K (big blind) showed [Td Th] and won ($19) with two pair, Tens and Threes
Seat 6: B1GBankroll (button) folded before Flop (didn't bet)



PokerStars Hand #254362325758:  Hold'em No Limit ($0.50/$1.00 USD) - 2025/01/14 5:33:04 WET [2025/01/14 0:33:04 ET]
Table 'Puck III' 6-max Seat #3 is the button
Seat 1: chirva007 ($132.45 in chips) is sitting out
Seat 3: ptolejmus ($10 in chips) 
Seat 5: AMRIK_K ($29.50 in chips) 
Seat 6: B1GBankroll ($112.19 in chips) 
AMRIK_K: posts small blind $0.50
B1GBankroll: posts big blind $1
chirva007: sits out 
*** HOLE CARDS ***
ptolejmus: folds 
AMRIK_K: calls $0.50
rostickkin joins the table at seat #2 
B1GBankroll: raises $2.50 to $3.50
AMRIK_K: calls $2.50
*** FLOP *** [Td Js 3c]
AMRIK_K: checks 
B1GBankroll: checks 
*** TURN *** [Td Js 3c] [7c]
AMRIK_K: checks 
B1GBankroll: bets $3.26
AMRIK_K: calls $3.26
*** RIVER *** [Td Js 3c 7c] [9h]
AMRIK_K: checks 
B1GBankroll: checks 
*** SHOW DOWN ***
AMRIK_K: shows [Ac 2c] (high card Ace)
B1GBankroll: shows [Tc Qc] (a pair of Tens)
B1GBankroll collected $12.84 from pot
*** SUMMARY ***
Total pot $13.52 | Rake $0.68 
Board [Td Js 3c 7c 9h]
Seat 1: chirva007
Seat 3: ptolejmus (button) folded before Flop (didn't bet)
Seat 5: AMRIK_K (small blind) showed [Ac 2c] and lost with high card Ace
Seat 6: B1GBankroll (big blind) showed [Tc Qc] and won ($12.84) with a pair of Tens



PokerStars Hand #254362329125:  Hold'em No Limit ($0.50/$1.00 USD) - 2025/01/14 5:33:46 WET [2025/01/14 0:33:46 ET]
Table 'Puck III' 6-max Seat #5 is the button
Seat 2: rostickkin ($113.47 in chips) is sitting out
Seat 1: chirva007 ($132.45 in chips) 
Seat 3: ptolejmus ($10 in chips) 
Seat 5: AMRIK_K ($22.74 in chips) 
Seat 6: B1GBankroll ($118.27 in chips) 
B1GBankroll: posts small blind $0.50
chirva007: posts big blind $1
rostickkin: sits out 
*** HOLE CARDS ***
ptolejmus: folds 
AMRIK_K: raises $1 to $2
B1GBankroll: raises $6 to $8
chirva007: folds 
AMRIK_K: folds 
Uncalled bet ($6) returned to B1GBankroll
B1GBankroll collected $5 from pot
B1GBankroll: doesn't show hand 
*** SUMMARY ***
Total pot $5 | Rake $0 
Seat 2: rostickkin
Seat 1: chirva007 (big blind) folded before Flop
Seat 3: ptolejmus folded before Flop (didn't bet)
Seat 5: AMRIK_K (button) folded before Flop
Seat 6: B1GBankroll (small blind) collected ($5)



PokerStars Hand #254362331035:  Hold'em No Limit ($0.50/$1.00 USD) - 2025/01/14 5:34:10 WET [2025/01/14 0:34:10 ET]
Table 'Puck III' 6-max Seat #6 is the button
Seat 1: chirva007 ($131.45 in chips) 
Seat 2: rostickkin ($113.47 in chips) 
Seat 3: ptolejmus ($10 in chips) 
Seat 5: AMRIK_K ($20.74 in chips) 
Seat 6: B1GBankroll ($121.27 in chips) 
chirva007: posts small blind $0.50
rostickkin: posts big blind $1
*** HOLE CARDS ***
ptolejmus: raises $1 to $2
AMRIK_K: calls $2
B1GBankroll: folds 
chirva007: folds 
rostickkin: folds 
*** FLOP *** [5h Ts 8d]
ptolejmus: bets $8 and is all-in
AMRIK_K: calls $8
*** TURN *** [5h Ts 8d] [8c]
*** RIVER *** [5h Ts 8d 8c] [Qs]
*** SHOW DOWN ***
ptolejmus: shows [Th Kc] (two pair, Tens and Eights)
AMRIK_K: shows [5c 7h] (two pair, Eights and Fives)
ptolejmus collected $20.42 from pot
*** SUMMARY ***
Total pot $21.50 | Rake $1.08 
Board [5h Ts 8d 8c Qs]
Seat 1: chirva007 (small blind) folded before Flop
Seat 2: rostickkin (big blind) folded before Flop
Seat 3: ptolejmus showed [Th Kc] and won ($20.42) with two pair, Tens and Eights
Seat 5: AMRIK_K showed [5c 7h] and lost with two pair, Eights and Fives
Seat 6: B1GBankroll (button) folded before Flop (didn't bet)



PokerStars Hand #254362334281:  Hold'em No Limit ($0.50/$1.00 USD) - 2025/01/14 5:34:51 WET [2025/01/14 0:34:51 ET]
Table 'Puck III' 6-max Seat #1 is the button
Seat 1: chirva007 ($130.95 in chips) 
Seat 2: rostickkin ($112.47 in chips) 
Seat 3: ptolejmus ($20.42 in chips) 
Seat 5: AMRIK_K ($10.74 in chips) 
Seat 6: B1GBankroll ($121.27 in chips) 
rostickkin: posts small blind $0.50
ptolejmus: posts big blind $1
*** HOLE CARDS ***
AMRIK_K: raises $9.74 to $10.74 and is all-in
B1GBankroll: folds 
chirva007: folds 
rostickkin: folds 
ptolejmus: calls $9.74
*** FLOP *** [9h 6c 6d]
*** TURN *** [9h 6c 6d] [3c]
*** RIVER *** [9h 6c 6d 3c] [Ad]
*** SHOW DOWN ***
ptolejmus: shows [As Ks] (two pair, Aces and Sixes)
AMRIK_K: shows [4h Ah] (two pair, Aces and Sixes - lower kicker)
ptolejmus collected $20.88 from pot
*** SUMMARY ***
Total pot $21.98 | Rake $1.10 
Board [9h 6c 6d 3c Ad]
Seat 1: chirva007 (button) folded before Flop (didn't bet)
Seat 2: rostickkin (small blind) folded before Flop
Seat 3: ptolejmus (big blind) showed [As Ks] and won ($20.88) with two pair, Aces and Sixes
Seat 5: AMRIK_K showed [4h Ah] and lost with two pair, Aces and Sixes
Seat 6: B1GBankroll folded before Flop (didn't bet)



PokerStars Hand #254362335919:  Hold'em No Limit ($0.50/$1.00 USD) - 2025/01/14 5:35:11 WET [2025/01/14 0:35:11 ET]
Table 'Puck III' 6-max Seat #2 is the button
Seat 5: AMRIK_K ($0 in chips) is sitting out
Seat 1: chirva007 ($130.95 in chips) 
Seat 2: rostickkin ($111.97 in chips) 
Seat 3: ptolejmus ($30.56 in chips) 
Seat 6: B1GBankroll ($121.27 in chips) 
ptolejmus: posts small blind $0.50
B1GBankroll: posts big blind $1
*** HOLE CARDS ***
chirva007: folds 
rostickkin: raises $1.50 to $2.50
ptolejmus: folds 
AMRIK_K leaves the table
B1GBankroll: folds 
Uncalled bet ($1.50) returned to rostickkin
rostickkin collected $2.50 from pot
rostickkin: doesn't show hand 
*** SUMMARY ***
Total pot $2.50 | Rake $0 
Seat 5: AMRIK_K
Seat 1: chirva007 folded before Flop (didn't bet)
Seat 2: rostickkin (button) collected ($2.50)
Seat 3: ptolejmus (small blind) folded before Flop
Seat 6: B1GBankroll (big blind) folded before Flop



PokerStars Hand #254362337299:  Hold'em No Limit ($0.50/$1.00 USD) - 2025/01/14 5:35:29 WET [2025/01/14 0:35:29 ET]
Table 'Puck III' 6-max Seat #3 is the button
Seat 1: chirva007 ($130.95 in chips) 
Seat 2: rostickkin ($113.47 in chips) 
Seat 3: ptolejmus ($30.06 in chips) 
Seat 6: B1GBankroll ($120.27 in chips) 
B1GBankroll: posts small blind $0.50
chirva007: posts big blind $1
*** HOLE CARDS ***
rostickkin: folds 
ptolejmus: raises $1 to $2
B1GBankroll: folds 
chirva007: calls $1
*** FLOP *** [Kd 6h Qs]
chirva007: checks 
ptolejmus: bets $1.16
chirva007: raises $122.84 to $124
ptolejmus: folds 
Uncalled bet ($122.84) returned to chirva007
chirva007 collected $6.48 from pot
chirva007: doesn't show hand 
*** SUMMARY ***
Total pot $6.82 | Rake $0.34 
Board [Kd 6h Qs]
Seat 1: chirva007 (big blind) collected ($6.48)
Seat 2: rostickkin folded before Flop (didn't bet)
Seat 3: ptolejmus (button) folded on the Flop
Seat 6: B1GBankroll (small blind) folded before Flop



PokerStars Hand #254362168242:  Hold'em No Limit ($0.50/$1.00 USD) - 2025/01/14 5:01:56 WET [2025/01/14 0:01:56 ET]
Table 'Puck III' 6-max Seat #4 is the button
Seat 1: An1an1 ($100 in chips) is sitting out
Seat 2: ptolejmus ($10 in chips) 
Seat 3: chirva007 ($100 in chips) 
Seat 4: SAKISS2023 ($10.02 in chips) 
Seat 5: rostickkin ($107.97 in chips) 
Seat 6: B1GBankroll ($111.19 in chips) 
rostickkin: posts small blind $0.50
B1GBankroll: posts big blind $1
An1an1: sits out 
*** HOLE CARDS ***
ptolejmus: folds 
chirva007: raises $1.50 to $2.50
SAKISS2023: raises $7.52 to $10.02 and is all-in
rostickkin: folds 
B1GBankroll: folds 
chirva007: calls $7.52
*** FLOP *** [8c Kc 2d]
*** TURN *** [8c Kc 2d] [4h]
*** RIVER *** [8c Kc 2d 4h] [Jd]
*** SHOW DOWN ***
chirva007: shows [7s 6s] (high card King)
SAKISS2023: shows [Kh As] (a pair of Kings)
SAKISS2023 collected $20.46 from pot
*** SUMMARY ***
Total pot $21.54 | Rake $1.08 
Board [8c Kc 2d 4h Jd]
Seat 1: An1an1
Seat 2: ptolejmus folded before Flop (didn't bet)
Seat 3: chirva007 showed [7s 6s] and lost with high card King
Seat 4: SAKISS2023 (button) showed [Kh As] and won ($20.46) with a pair of Kings
Seat 5: rostickkin (small blind) folded before Flop
Seat 6: B1GBankroll (big blind) folded before Flop



PokerStars Hand #254362170545:  Hold'em No Limit ($0.50/$1.00 USD) - 2025/01/14 5:02:23 WET [2025/01/14 0:02:23 ET]
Table 'Puck III' 6-max Seat #5 is the button
Seat 1: An1an1 ($100 in chips) 
Seat 2: ptolejmus ($10 in chips) 
Seat 3: chirva007 ($100 in chips) 
Seat 4: SAKISS2023 ($20.46 in chips) 
Seat 5: rostickkin ($107.47 in chips) 
Seat 6: B1GBankroll ($110.19 in chips) 
B1GBankroll: posts small blind $0.50
An1an1: posts big blind $1
*** HOLE CARDS ***
ptolejmus: folds 
chirva007: folds 
SAKISS2023: raises $2.50 to $3.50
rostickkin: folds 
B1GBankroll: folds 
An1an1: folds 
Uncalled bet ($2.50) returned to SAKISS2023
SAKISS2023 collected $2.50 from pot
*** SUMMARY ***
Total pot $2.50 | Rake $0 
Seat 1: An1an1 (big blind) folded before Flop
Seat 2: ptolejmus folded before Flop (didn't bet)
Seat 3: chirva007 folded before Flop (didn't bet)
Seat 4: SAKISS2023 collected ($2.50)
Seat 5: rostickkin (button) folded before Flop (didn't bet)
Seat 6: B1GBankroll (small blind) folded before Flop



PokerStars Hand #254362171732:  Hold'em No Limit ($0.50/$1.00 USD) - 2025/01/14 5:02:37 WET [2025/01/14 0:02:37 ET]
Table 'Puck III' 6-max Seat #6 is the button
Seat 1: An1an1 ($100 in chips) 
Seat 2: ptolejmus ($10 in chips) 
Seat 3: chirva007 ($100 in chips) 
Seat 4: SAKISS2023 ($21.96 in chips) 
Seat 5: rostickkin ($107.47 in chips) 
Seat 6: B1GBankroll ($109.69 in chips) 
An1an1: posts small blind $0.50
ptolejmus: posts big blind $1
*** HOLE CARDS ***
chirva007: raises $1.50 to $2.50
SAKISS2023: calls $2.50
rostickkin: raises $7.50 to $10
B1GBankroll: folds 
An1an1: folds 
ptolejmus: folds 
chirva007: folds 
SAKISS2023: folds 
Uncalled bet ($7.50) returned to rostickkin
rostickkin collected $9 from pot
rostickkin: doesn't show hand 
*** SUMMARY ***
Total pot $9 | Rake $0 
Seat 1: An1an1 (small blind) folded before Flop
Seat 2: ptolejmus (big blind) folded before Flop
Seat 3: chirva007 folded before Flop
Seat 4: SAKISS2023 folded before Flop
Seat 5: rostickkin collected ($9)
Seat 6: B1GBankroll (button) folded before Flop (didn't bet)



PokerStars Hand #254362173386:  Hold'em No Limit ($0.50/$1.00 USD) - 2025/01/14 5:02:57 WET [2025/01/14 0:02:57 ET]
Table 'Puck III' 6-max Seat #1 is the button
Seat 1: An1an1 ($100 in chips) 
Seat 2: ptolejmus ($10 in chips) 
Seat 3: chirva007 ($100 in chips) 
Seat 4: SAKISS2023 ($19.46 in chips) 
Seat 5: rostickkin ($113.97 in chips) 
Seat 6: B1GBankroll ($109.69 in chips) 
ptolejmus: posts small blind $0.50
chirva007: posts big blind $1
*** HOLE CARDS ***
SAKISS2023: calls $1
rostickkin: folds 
B1GBankroll has timed out
B1GBankroll: folds 
An1an1: folds 
ptolejmus: folds 
chirva007: checks 
*** FLOP *** [Ks Qs 6c]
chirva007: bets $2.02
SAKISS2023: calls $2.02
*** TURN *** [Ks Qs 6c] [Tc]
chirva007: bets $47
SAKISS2023: calls $16.44 and is all-in
Uncalled bet ($30.56) returned to chirva007
*** RIVER *** [Ks Qs 6c Tc] [Ac]
*** SHOW DOWN ***
chirva007: shows [6s Qh] (two pair, Queens and Sixes)
SAKISS2023: shows [Jc Js] (a straight, Ten to Ace)
SAKISS2023 collected $37.45 from pot
*** SUMMARY ***
Total pot $39.42 | Rake $1.97 
Board [Ks Qs 6c Tc Ac]
Seat 1: An1an1 (button) folded before Flop (didn't bet)
Seat 2: ptolejmus (small blind) folded before Flop
Seat 3: chirva007 (big blind) showed [6s Qh] and lost with two pair, Queens and Sixes
Seat 4: SAKISS2023 showed [Jc Js] and won ($37.45) with a straight, Ten to Ace
Seat 5: rostickkin folded before Flop (didn't bet)
Seat 6: B1GBankroll folded before Flop (didn't bet)



PokerStars Hand #254362177812:  Hold'em No Limit ($0.50/$1.00 USD) - 2025/01/14 5:03:50 WET [2025/01/14 0:03:50 ET]
Table 'Puck III' 6-max Seat #2 is the button
Seat 6: B1GBankroll ($109.69 in chips) is sitting out
Seat 1: An1an1 ($100 in chips) 
Seat 2: ptolejmus ($10 in chips) 
Seat 3: chirva007 ($100 in chips) 
Seat 4: SAKISS2023 ($37.45 in chips) 
Seat 5: rostickkin ($113.97 in chips) 
chirva007: posts small blind $0.50
SAKISS2023: posts big blind $1
*** HOLE CARDS ***
rostickkin: folds 
An1an1: folds 
ptolejmus: folds 
chirva007: raises $2 to $3
SAKISS2023: calls $2
*** FLOP *** [8c 5d Kc]
chirva007: bets $2.85
SAKISS2023: calls $2.85
*** TURN *** [8c 5d Kc] [Kh]
chirva007: bets $9.45
SAKISS2023: calls $9.45
*** RIVER *** [8c 5d Kc Kh] [2d]
chirva007: bets $29.07
SAKISS2023: calls $22.15 and is all-in
Uncalled bet ($6.92) returned to chirva007
*** SHOW DOWN ***
chirva007: shows [Td Tc] (two pair, Kings and Tens)
SAKISS2023: shows [8s Ac] (two pair, Kings and Eights)
chirva007 collected $72.40 from pot
*** SUMMARY ***
Total pot $74.90 | Rake $2.50 
Board [8c 5d Kc Kh 2d]
Seat 6: B1GBankroll
Seat 1: An1an1 folded before Flop (didn't bet)
Seat 2: ptolejmus (button) folded before Flop (didn't bet)
Seat 3: chirva007 (small blind) showed [Td Tc] and won ($72.40) with two pair, Kings and Tens
Seat 4: SAKISS2023 (big blind) showed [8s Ac] and lost with two pair, Kings and Eights
Seat 5: rostickkin folded before Flop (didn't bet)



PokerStars Hand #254362180406:  Hold'em No Limit ($0.50/$1.00 USD) - 2025/01/14 5:04:20 WET [2025/01/14 0:04:20 ET]
Table 'Puck III' 6-max Seat #3 is the button
Seat 4: SAKISS2023 ($0 in chips) is sitting out
Seat 1: An1an1 ($100 in chips) 
Seat 2: ptolejmus ($10 in chips) 
Seat 3: chirva007 ($134.95 in chips) 
Seat 5: rostickkin ($113.97 in chips) 
Seat 6: B1GBankroll ($109.69 in chips) 
rostickkin: posts small blind $0.50
B1GBankroll: posts big blind $1
*** HOLE CARDS ***
SAKISS2023 leaves the table
An1an1: folds 
ptolejmus: folds 
An1an1 leaves the table
chirva007: raises $1.50 to $2.50
rostickkin: folds 
B1GBankroll: raises $8.75 to $11.25
chirva007: folds 
Uncalled bet ($8.75) returned to B1GBankroll
B1GBankroll collected $5.50 from pot
B1GBankroll: doesn't show hand 
*** SUMMARY ***
Total pot $5.50 | Rake $0 
Seat 4: SAKISS2023
Seat 1: An1an1 folded before Flop (didn't bet)
Seat 2: ptolejmus folded before Flop (didn't bet)
Seat 3: chirva007 (button) folded before Flop
Seat 5: rostickkin (small blind) folded before Flop
Seat 6: B1GBankroll (big blind) collected ($5.50)



