PokerStars Hand #254366887313:  Hold'em No Limit ($0.50/$1.00 USD) - 2025/01/14 15:16:03 WET [2025/01/14 10:16:03 ET]
Table 'Liberatrix III' 6-max Seat #1 is the button
Seat 1: Gfoer ($100 in chips) 
Seat 2: v.sting ($100 in chips) 
Seat 3: MAO_DZEDYN_S ($100 in chips) 
Seat 6: TonisAndreaxxx ($17.34 in chips) 
v.sting: posts small blind $0.50
MAO_DZEDYN_S: posts big blind $1
*** HOLE CARDS ***
TonisAndreaxxx: folds 
Gfoer: raises $1 to $2
v.sting: folds 
MAO_DZEDYN_S: folds 
Uncalled bet ($1) returned to Gfoer
Gfoer collected $2.50 from pot
Gfoer: doesn't show hand 
*** SUMMARY ***
Total pot $2.50 | Rake $0 
Seat 1: Gfoer (button) collected ($2.50)
Seat 2: v.sting (small blind) folded before Flop
Seat 3: MAO_DZEDYN_S (big blind) folded before Flop
Seat 6: TonisAndreaxxx folded before Flop (didn't bet)



PokerStars Hand #254366890303:  Hold'em No Limit ($0.50/$1.00 USD) - 2025/01/14 15:16:18 WET [2025/01/14 10:16:18 ET]
Table 'Liberatrix III' 6-max Seat #2 is the button
Seat 1: Gfoer ($101.50 in chips) 
Seat 2: v.sting ($100 in chips) 
Seat 3: MAO_DZEDYN_S ($100 in chips) 
Seat 6: TonisAndreaxxx ($17.34 in chips) 
MAO_DZEDYN_S: posts small blind $0.50
TonisAndreaxxx: posts big blind $1
*** HOLE CARDS ***
Gfoer: folds 
v.sting: raises $1.10 to $2.10
MAO_DZEDYN_S: folds 
TonisAndreaxxx: calls $1.10
*** FLOP *** [2c 6h Jd]
TonisAndreaxxx: bets $15.24 and is all-in
v.sting: calls $15.24
*** TURN *** [2c 6h Jd] [As]
*** RIVER *** [2c 6h Jd As] [9h]
*** SHOW DOWN ***
TonisAndreaxxx: shows [4h 6d] (a pair of Sixes)
v.sting: shows [Js Kc] (a pair of Jacks)
v.sting collected $34.18 from pot
*** SUMMARY ***
Total pot $35.18 | Rake $1 
Board [2c 6h Jd As 9h]
Seat 1: Gfoer folded before Flop (didn't bet)
Seat 2: v.sting (button) showed [Js Kc] and won ($34.18) with a pair of Jacks
Seat 3: MAO_DZEDYN_S (small blind) folded before Flop
Seat 6: TonisAndreaxxx (big blind) showed [4h 6d] and lost with a pair of Sixes



PokerStars Hand #254366896172:  Hold'em No Limit ($0.50/$1.00 USD) - 2025/01/14 15:16:47 WET [2025/01/14 10:16:47 ET]
Table 'Liberatrix III' 6-max Seat #1 is the button
Seat 2: v.sting ($116.84 in chips) is sitting out
Seat 6: TonisAndreaxxx ($0 in chips) is sitting out
Seat 1: Gfoer ($101.50 in chips) 
Seat 3: MAO_DZEDYN_S ($100 in chips) 
Gfoer: posts small blind $0.50
v.sting: is sitting out 
MAO_DZEDYN_S: posts big blind $1
*** HOLE CARDS ***
Gfoer: folds 
Uncalled bet ($0.50) returned to MAO_DZEDYN_S
MAO_DZEDYN_S collected $1 from pot
MAO_DZEDYN_S: doesn't show hand 
*** SUMMARY ***
Total pot $1 | Rake $0 
Seat 2: v.sting
Seat 6: TonisAndreaxxx
Seat 1: Gfoer (button) (small blind) folded before Flop
Seat 3: MAO_DZEDYN_S (big blind) collected ($1)



PokerStars Hand #254366897391:  Hold'em No Limit ($0.50/$1.00 USD) - 2025/01/14 15:16:53 WET [2025/01/14 10:16:53 ET]
Table 'Liberatrix III' 6-max Seat #1 is the button
Seat 2: v.sting ($116.84 in chips) is sitting out
Seat 1: Gfoer ($101 in chips) 
Seat 3: MAO_DZEDYN_S ($100.50 in chips) 
Seat 6: TonisAndreaxxx ($35.88 in chips) 
MAO_DZEDYN_S: posts small blind $0.50
TonisAndreaxxx: posts big blind $1
*** HOLE CARDS ***
Gfoer: raises $2 to $3
MAO_DZEDYN_S: folds 
TonisAndreaxxx: folds 
Uncalled bet ($2) returned to Gfoer
Gfoer collected $2.50 from pot
Gfoer: doesn't show hand 
*** SUMMARY ***
Total pot $2.50 | Rake $0 
Seat 2: v.sting
Seat 1: Gfoer (button) collected ($2.50)
Seat 3: MAO_DZEDYN_S (small blind) folded before Flop
Seat 6: TonisAndreaxxx (big blind) folded before Flop



PokerStars Hand #254366901459:  Hold'em No Limit ($0.50/$1.00 USD) - 2025/01/14 15:17:13 WET [2025/01/14 10:17:13 ET]
Table 'Liberatrix III' 6-max Seat #3 is the button
Seat 2: v.sting ($116.84 in chips) is sitting out
Seat 1: Gfoer ($102.50 in chips) 
Seat 3: MAO_DZEDYN_S ($100 in chips) 
Seat 6: TonisAndreaxxx ($34.88 in chips) 
TonisAndreaxxx: posts small blind $0.50
Gfoer: posts big blind $1
v.sting: sits out 
*** HOLE CARDS ***
MAO_DZEDYN_S: folds 
TonisAndreaxxx: calls $0.50
Gfoer: checks 
*** FLOP *** [Jd 6s Kc]
TonisAndreaxxx: checks 
Gfoer: checks 
*** TURN *** [Jd 6s Kc] [9d]
TonisAndreaxxx: bets $1
Gfoer: folds 
Uncalled bet ($1) returned to TonisAndreaxxx
TonisAndreaxxx collected $1.90 from pot
*** SUMMARY ***
Total pot $2 | Rake $0.10 
Board [Jd 6s Kc 9d]
Seat 2: v.sting
Seat 1: Gfoer (big blind) folded on the Turn
Seat 3: MAO_DZEDYN_S (button) folded before Flop (didn't bet)
Seat 6: TonisAndreaxxx (small blind) collected ($1.90)



PokerStars Hand #254366909509:  Hold'em No Limit ($0.50/$1.00 USD) - 2025/01/14 15:17:52 WET [2025/01/14 10:17:52 ET]
Table 'Liberatrix III' 6-max Seat #6 is the button
Seat 1: Gfoer ($101.50 in chips) 
Seat 2: v.sting ($116.84 in chips) 
Seat 3: MAO_DZEDYN_S ($100 in chips) 
Seat 6: TonisAndreaxxx ($35.78 in chips) 
Gfoer: posts small blind $0.50
v.sting: posts big blind $1
*** HOLE CARDS ***
MAO_DZEDYN_S: folds 
TonisAndreaxxx: raises $1 to $2
Gfoer: raises $12 to $14
v.sting: folds 
TonisAndreaxxx: calls $12
*** FLOP *** [4c Jh Js]
Gfoer: bets $23
TonisAndreaxxx: calls $21.78 and is all-in
Uncalled bet ($1.22) returned to Gfoer
*** TURN *** [4c Jh Js] [5s]
*** RIVER *** [4c Jh Js 5s] [7d]
*** SHOW DOWN ***
Gfoer: shows [Qs Ks] (a pair of Jacks)
TonisAndreaxxx: shows [Kh Ac] (a pair of Jacks - Ace kicker)
TonisAndreaxxx cashed out the hand for $56.95 | Cash Out Fee $1.16
*** SUMMARY ***
Total pot $72.56 | Rake $1 
Board [4c Jh Js 5s 7d]
Seat 1: Gfoer (small blind) showed [Qs Ks] and lost with a pair of Jacks
Seat 2: v.sting (big blind) folded before Flop
Seat 3: MAO_DZEDYN_S folded before Flop (didn't bet)
Seat 6: TonisAndreaxxx (button) showed [Kh Ac] and won ($71.56) with a pair of Jacks (pot not awarded as player cashed out)



PokerStars Hand #254366917676:  Hold'em No Limit ($0.50/$1.00 USD) - 2025/01/14 15:18:33 WET [2025/01/14 10:18:33 ET]
Table 'Liberatrix III' 6-max Seat #1 is the button
Seat 1: Gfoer ($100 in chips) 
Seat 2: v.sting ($115.84 in chips) 
Seat 3: MAO_DZEDYN_S ($100 in chips) 
Seat 6: TonisAndreaxxx ($56.95 in chips) 
v.sting: posts small blind $0.50
MAO_DZEDYN_S: posts big blind $1
*** HOLE CARDS ***
tintin641 joins the table at seat #4 
TonisAndreaxxx: calls $1
Gfoer: folds 
v.sting: folds 
MAO_DZEDYN_S: checks 
*** FLOP *** [Qs Ac 7h]
gig.gyty joins the table at seat #5 
MAO_DZEDYN_S: checks 
TonisAndreaxxx: bets $3
MAO_DZEDYN_S: folds 
Uncalled bet ($3) returned to TonisAndreaxxx
TonisAndreaxxx collected $2.38 from pot
*** SUMMARY ***
Total pot $2.50 | Rake $0.12 
Board [Qs Ac 7h]
Seat 1: Gfoer (button) folded before Flop (didn't bet)
Seat 2: v.sting (small blind) folded before Flop
Seat 3: MAO_DZEDYN_S (big blind) folded on the Flop
Seat 6: TonisAndreaxxx collected ($2.38)



PokerStars Hand #254366928775:  Hold'em No Limit ($0.50/$1.00 USD) - 2025/01/14 15:19:28 WET [2025/01/14 10:19:28 ET]
Table 'Liberatrix III' 6-max Seat #2 is the button
Seat 5: gig.gyty ($100 in chips) is sitting out
Seat 1: Gfoer ($100 in chips) 
Seat 2: v.sting ($115.34 in chips) 
Seat 3: MAO_DZEDYN_S ($100 in chips) 
Seat 4: tintin641 ($100 in chips) 
Seat 6: TonisAndreaxxx ($58.33 in chips) 
MAO_DZEDYN_S: posts small blind $0.50
tintin641: posts big blind $1
gig.gyty: sits out 
*** HOLE CARDS ***
TonisAndreaxxx: raises $2 to $3
Gfoer: folds 
v.sting: folds 
MAO_DZEDYN_S: folds 
tintin641: raises $7 to $10
TonisAndreaxxx: calls $7
*** FLOP *** [Td 6h 7s]
tintin641: bets $6.43
TonisAndreaxxx: raises $6.43 to $12.86
tintin641: raises $77.14 to $90 and is all-in
TonisAndreaxxx: folds 
Uncalled bet ($77.14) returned to tintin641
tintin641 collected $43.91 from pot
tintin641: doesn't show hand 
*** SUMMARY ***
Total pot $46.22 | Rake $2.31 
Board [Td 6h 7s]
Seat 5: gig.gyty
Seat 1: Gfoer folded before Flop (didn't bet)
Seat 2: v.sting (button) folded before Flop (didn't bet)
Seat 3: MAO_DZEDYN_S (small blind) folded before Flop
Seat 4: tintin641 (big blind) collected ($43.91)
Seat 6: TonisAndreaxxx folded on the Flop



PokerStars Hand #254366943634:  Hold'em No Limit ($0.50/$1.00 USD) - 2025/01/14 15:20:40 WET [2025/01/14 10:20:40 ET]
Table 'Liberatrix III' 6-max Seat #3 is the button
Seat 1: Gfoer ($100 in chips) 
Seat 2: v.sting ($115.34 in chips) 
Seat 3: MAO_DZEDYN_S ($100 in chips) 
Seat 4: tintin641 ($121.05 in chips) 
Seat 5: gig.gyty ($100 in chips) 
Seat 6: TonisAndreaxxx ($35.47 in chips) 
tintin641: posts small blind $0.50
gig.gyty: posts big blind $1
*** HOLE CARDS ***
TonisAndreaxxx: calls $1
Gfoer: folds 
v.sting: folds 
MAO_DZEDYN_S: folds 
tintin641: folds 
gig.gyty: raises $3 to $4
TonisAndreaxxx: calls $3
*** FLOP *** [2s Th 9h]
gig.gyty: checks 
TonisAndreaxxx: bets $3
gig.gyty: folds 
Uncalled bet ($3) returned to TonisAndreaxxx
TonisAndreaxxx collected $8.08 from pot
*** SUMMARY ***
Total pot $8.50 | Rake $0.42 
Board [2s Th 9h]
Seat 1: Gfoer folded before Flop (didn't bet)
Seat 2: v.sting folded before Flop (didn't bet)
Seat 3: MAO_DZEDYN_S (button) folded before Flop (didn't bet)
Seat 4: tintin641 (small blind) folded before Flop
Seat 5: gig.gyty (big blind) folded on the Flop
Seat 6: TonisAndreaxxx collected ($8.08)



PokerStars Hand #254366950649:  Hold'em No Limit ($0.50/$1.00 USD) - 2025/01/14 15:21:15 WET [2025/01/14 10:21:15 ET]
Table 'Liberatrix III' 6-max Seat #4 is the button
Seat 1: Gfoer ($100 in chips) 
Seat 2: v.sting ($115.34 in chips) 
Seat 3: MAO_DZEDYN_S ($100 in chips) 
Seat 4: tintin641 ($120.55 in chips) 
Seat 5: gig.gyty ($100 in chips) 
Seat 6: TonisAndreaxxx ($39.55 in chips) 
gig.gyty: posts small blind $0.50
TonisAndreaxxx: posts big blind $1
*** HOLE CARDS ***
Gfoer: raises $1.20 to $2.20
v.sting: folds 
MAO_DZEDYN_S: folds 
tintin641: folds 
gig.gyty: folds 
TonisAndreaxxx: calls $1.20
*** FLOP *** [9c 2h Qd]
TonisAndreaxxx: checks 
Gfoer: bets $1.55
TonisAndreaxxx: calls $1.55
*** TURN *** [9c 2h Qd] [Ks]
TonisAndreaxxx: checks 
Gfoer: checks 
*** RIVER *** [9c 2h Qd Ks] [8d]
TonisAndreaxxx: bets $1
Gfoer: calls $1
*** SHOW DOWN ***
TonisAndreaxxx: shows [Kd 5d] (a pair of Kings)
Gfoer: mucks hand 
TonisAndreaxxx collected $9.50 from pot
*** SUMMARY ***
Total pot $10 | Rake $0.50 
Board [9c 2h Qd Ks 8d]
Seat 1: Gfoer mucked
Seat 2: v.sting folded before Flop (didn't bet)
Seat 3: MAO_DZEDYN_S folded before Flop (didn't bet)
Seat 4: tintin641 (button) folded before Flop (didn't bet)
Seat 5: gig.gyty (small blind) folded before Flop
Seat 6: TonisAndreaxxx (big blind) showed [Kd 5d] and won ($9.50) with a pair of Kings



PokerStars Hand #254366961364:  Hold'em No Limit ($0.50/$1.00 USD) - 2025/01/14 15:22:07 WET [2025/01/14 10:22:07 ET]
Table 'Liberatrix III' 6-max Seat #5 is the button
Seat 1: Gfoer ($100 in chips) 
Seat 2: v.sting ($115.34 in chips) 
Seat 3: MAO_DZEDYN_S ($100 in chips) 
Seat 4: tintin641 ($120.55 in chips) 
Seat 5: gig.gyty ($100 in chips) 
Seat 6: TonisAndreaxxx ($44.30 in chips) 
TonisAndreaxxx: posts small blind $0.50
Gfoer: posts big blind $1
*** HOLE CARDS ***
v.sting: folds 
MAO_DZEDYN_S: raises $1.25 to $2.25
tintin641: folds 
gig.gyty: folds 
TonisAndreaxxx: folds 
Gfoer: folds 
Uncalled bet ($1.25) returned to MAO_DZEDYN_S
MAO_DZEDYN_S collected $2.50 from pot
MAO_DZEDYN_S: doesn't show hand 
*** SUMMARY ***
Total pot $2.50 | Rake $0 
Seat 1: Gfoer (big blind) folded before Flop
Seat 2: v.sting folded before Flop (didn't bet)
Seat 3: MAO_DZEDYN_S collected ($2.50)
Seat 4: tintin641 folded before Flop (didn't bet)
Seat 5: gig.gyty (button) folded before Flop (didn't bet)
Seat 6: TonisAndreaxxx (small blind) folded before Flop



PokerStars Hand #254366965021:  Hold'em No Limit ($0.50/$1.00 USD) - 2025/01/14 15:22:25 WET [2025/01/14 10:22:25 ET]
Table 'Liberatrix III' 6-max Seat #6 is the button
Seat 1: Gfoer ($100 in chips) 
Seat 2: v.sting ($115.34 in chips) 
Seat 3: MAO_DZEDYN_S ($101.50 in chips) 
Seat 4: tintin641 ($120.55 in chips) 
Seat 5: gig.gyty ($100 in chips) 
Seat 6: TonisAndreaxxx ($43.80 in chips) 
Gfoer: posts small blind $0.50
v.sting: posts big blind $1
*** HOLE CARDS ***
MAO_DZEDYN_S: folds 
tintin641: folds 
gig.gyty: folds 
TonisAndreaxxx: folds 
Gfoer: raises $1.50 to $2.50
v.sting: folds 
Uncalled bet ($1.50) returned to Gfoer
Gfoer collected $2 from pot
Gfoer: doesn't show hand 
*** SUMMARY ***
Total pot $2 | Rake $0 
Seat 1: Gfoer (small blind) collected ($2)
Seat 2: v.sting (big blind) folded before Flop
Seat 3: MAO_DZEDYN_S folded before Flop (didn't bet)
Seat 4: tintin641 folded before Flop (didn't bet)
Seat 5: gig.gyty folded before Flop (didn't bet)
Seat 6: TonisAndreaxxx (button) folded before Flop (didn't bet)



PokerStars Hand #254366968644:  Hold'em No Limit ($0.50/$1.00 USD) - 2025/01/14 15:22:42 WET [2025/01/14 10:22:42 ET]
Table 'Liberatrix III' 6-max Seat #1 is the button
Seat 1: Gfoer ($101 in chips) 
Seat 2: v.sting ($114.34 in chips) 
Seat 3: MAO_DZEDYN_S ($101.50 in chips) 
Seat 4: tintin641 ($120.55 in chips) 
Seat 5: gig.gyty ($100 in chips) 
Seat 6: TonisAndreaxxx ($43.80 in chips) 
v.sting: posts small blind $0.50
MAO_DZEDYN_S: posts big blind $1
*** HOLE CARDS ***
tintin641: folds 
gig.gyty: folds 
TonisAndreaxxx: calls $1
Gfoer: raises $4 to $5
v.sting: folds 
MAO_DZEDYN_S: folds 
TonisAndreaxxx: folds 
Uncalled bet ($4) returned to Gfoer
Gfoer collected $3.50 from pot
Gfoer: doesn't show hand 
*** SUMMARY ***
Total pot $3.50 | Rake $0 
Seat 1: Gfoer (button) collected ($3.50)
Seat 2: v.sting (small blind) folded before Flop
Seat 3: MAO_DZEDYN_S (big blind) folded before Flop
Seat 4: tintin641 folded before Flop (didn't bet)
Seat 5: gig.gyty folded before Flop (didn't bet)
Seat 6: TonisAndreaxxx folded before Flop



PokerStars Hand #254366974970:  Hold'em No Limit ($0.50/$1.00 USD) - 2025/01/14 15:23:13 WET [2025/01/14 10:23:13 ET]
Table 'Liberatrix III' 6-max Seat #2 is the button
Seat 1: Gfoer ($103.50 in chips) 
Seat 2: v.sting ($113.84 in chips) 
Seat 3: MAO_DZEDYN_S ($100.50 in chips) 
Seat 4: tintin641 ($120.55 in chips) 
Seat 5: gig.gyty ($100 in chips) 
Seat 6: TonisAndreaxxx ($42.80 in chips) 
MAO_DZEDYN_S: posts small blind $0.50
tintin641: posts big blind $1
*** HOLE CARDS ***
gig.gyty: folds 
TonisAndreaxxx: calls $1
Gfoer: folds 
v.sting: folds 
MAO_DZEDYN_S: raises $3 to $4
tintin641: calls $3
TonisAndreaxxx: folds 
*** FLOP *** [3s 7s 5h]
MAO_DZEDYN_S: checks 
tintin641: checks 
*** TURN *** [3s 7s 5h] [7d]
MAO_DZEDYN_S: checks 
tintin641: checks 
*** RIVER *** [3s 7s 5h 7d] [Ad]
MAO_DZEDYN_S: checks 
tintin641: bets $12.83
MAO_DZEDYN_S: folds 
Uncalled bet ($12.83) returned to tintin641
tintin641 collected $8.55 from pot
tintin641: doesn't show hand 
*** SUMMARY ***
Total pot $9 | Rake $0.45 
Board [3s 7s 5h 7d Ad]
Seat 1: Gfoer folded before Flop (didn't bet)
Seat 2: v.sting (button) folded before Flop (didn't bet)
Seat 3: MAO_DZEDYN_S (small blind) folded on the River
Seat 4: tintin641 (big blind) collected ($8.55)
Seat 5: gig.gyty folded before Flop (didn't bet)
Seat 6: TonisAndreaxxx folded before Flop



PokerStars Hand #254367002976:  Hold'em No Limit ($0.50/$1.00 USD) - 2025/01/14 15:25:27 WET [2025/01/14 10:25:27 ET]
Table 'Liberatrix III' 6-max Seat #3 is the button
Seat 1: Gfoer ($103.50 in chips) 
Seat 2: v.sting ($113.84 in chips) 
Seat 3: MAO_DZEDYN_S ($100 in chips) 
Seat 4: tintin641 ($125.10 in chips) 
Seat 5: gig.gyty ($100 in chips) 
Seat 6: TonisAndreaxxx ($41.80 in chips) 
tintin641: posts small blind $0.50
gig.gyty: posts big blind $1
*** HOLE CARDS ***
TonisAndreaxxx: calls $1
Gfoer: folds 
v.sting: folds 
MAO_DZEDYN_S: folds 
tintin641: folds 
gig.gyty: checks 
*** FLOP *** [6s Js Qc]
gig.gyty: checks 
TonisAndreaxxx: bets $1
gig.gyty: calls $1
*** TURN *** [6s Js Qc] [8c]
gig.gyty: checks 
TonisAndreaxxx: bets $1
gig.gyty: folds 
Uncalled bet ($1) returned to TonisAndreaxxx
TonisAndreaxxx collected $4.28 from pot
*** SUMMARY ***
Total pot $4.50 | Rake $0.22 
Board [6s Js Qc 8c]
Seat 1: Gfoer folded before Flop (didn't bet)
Seat 2: v.sting folded before Flop (didn't bet)
Seat 3: MAO_DZEDYN_S (button) folded before Flop (didn't bet)
Seat 4: tintin641 (small blind) folded before Flop
Seat 5: gig.gyty (big blind) folded on the Turn
Seat 6: TonisAndreaxxx collected ($4.28)



PokerStars Hand #254367010814:  Hold'em No Limit ($0.50/$1.00 USD) - 2025/01/14 15:26:04 WET [2025/01/14 10:26:04 ET]
Table 'Liberatrix III' 6-max Seat #4 is the button
Seat 1: Gfoer ($103.50 in chips) 
Seat 2: v.sting ($113.84 in chips) 
Seat 3: MAO_DZEDYN_S ($100 in chips) 
Seat 4: tintin641 ($124.60 in chips) 
Seat 5: gig.gyty ($100 in chips) 
Seat 6: TonisAndreaxxx ($44.08 in chips) 
gig.gyty: posts small blind $0.50
TonisAndreaxxx: posts big blind $1
*** HOLE CARDS ***
Gfoer: folds 
v.sting: raises $1.50 to $2.50
MAO_DZEDYN_S: folds 
tintin641: folds 
gig.gyty: calls $2
TonisAndreaxxx: calls $1.50
*** FLOP *** [As Th 8h]
gig.gyty: checks 
TonisAndreaxxx: bets $2
v.sting: raises $7.45 to $9.45
gig.gyty: folds 
TonisAndreaxxx: calls $7.45
*** TURN *** [As Th 8h] [4h]
TonisAndreaxxx: bets $8.54
v.sting: raises $29.96 to $38.50
TonisAndreaxxx: folds 
Uncalled bet ($29.96) returned to v.sting
v.sting collected $41.31 from pot
v.sting: doesn't show hand 
*** SUMMARY ***
Total pot $43.48 | Rake $2.17 
Board [As Th 8h 4h]
Seat 1: Gfoer folded before Flop (didn't bet)
Seat 2: v.sting collected ($41.31)
Seat 3: MAO_DZEDYN_S folded before Flop (didn't bet)
Seat 4: tintin641 (button) folded before Flop (didn't bet)
Seat 5: gig.gyty (small blind) folded on the Flop
Seat 6: TonisAndreaxxx (big blind) folded on the Turn



PokerStars Hand #254367022695:  Hold'em No Limit ($0.50/$1.00 USD) - 2025/01/14 15:27:00 WET [2025/01/14 10:27:00 ET]
Table 'Liberatrix III' 6-max Seat #5 is the button
Seat 1: Gfoer ($103.50 in chips) 
Seat 2: v.sting ($134.66 in chips) 
Seat 3: MAO_DZEDYN_S ($100 in chips) 
Seat 4: tintin641 ($124.60 in chips) 
Seat 5: gig.gyty ($100 in chips) 
Seat 6: TonisAndreaxxx ($23.59 in chips) 
TonisAndreaxxx: posts small blind $0.50
Gfoer: posts big blind $1
*** HOLE CARDS ***
v.sting: folds 
MAO_DZEDYN_S: folds 
tintin641: folds 
gig.gyty: folds 
TonisAndreaxxx: calls $0.50
Gfoer: checks 
*** FLOP *** [7d 9s 8d]
TonisAndreaxxx: checks 
Gfoer: checks 
*** TURN *** [7d 9s 8d] [7h]
TonisAndreaxxx: bets $1
Gfoer: folds 
Uncalled bet ($1) returned to TonisAndreaxxx
TonisAndreaxxx collected $1.90 from pot
*** SUMMARY ***
Total pot $2 | Rake $0.10 
Board [7d 9s 8d 7h]
Seat 1: Gfoer (big blind) folded on the Turn
Seat 2: v.sting folded before Flop (didn't bet)
Seat 3: MAO_DZEDYN_S folded before Flop (didn't bet)
Seat 4: tintin641 folded before Flop (didn't bet)
Seat 5: gig.gyty (button) folded before Flop (didn't bet)
Seat 6: TonisAndreaxxx (small blind) collected ($1.90)



PokerStars Hand #254367032904:  Hold'em No Limit ($0.50/$1.00 USD) - 2025/01/14 15:27:49 WET [2025/01/14 10:27:49 ET]
Table 'Liberatrix III' 6-max Seat #6 is the button
Seat 1: Gfoer ($102.50 in chips) 
Seat 2: v.sting ($134.66 in chips) 
Seat 3: MAO_DZEDYN_S ($100 in chips) 
Seat 4: tintin641 ($124.60 in chips) 
Seat 5: gig.gyty ($100 in chips) 
Seat 6: TonisAndreaxxx ($24.49 in chips) 
Gfoer: posts small blind $0.50
v.sting: posts big blind $1
*** HOLE CARDS ***
MAO_DZEDYN_S: folds 
tintin641: raises $1.50 to $2.50
gig.gyty: folds 
TonisAndreaxxx: folds 
Gfoer: folds 
v.sting: folds 
Uncalled bet ($1.50) returned to tintin641
tintin641 collected $2.50 from pot
tintin641: doesn't show hand 
*** SUMMARY ***
Total pot $2.50 | Rake $0 
Seat 1: Gfoer (small blind) folded before Flop
Seat 2: v.sting (big blind) folded before Flop
Seat 3: MAO_DZEDYN_S folded before Flop (didn't bet)
Seat 4: tintin641 collected ($2.50)
Seat 5: gig.gyty folded before Flop (didn't bet)
Seat 6: TonisAndreaxxx (button) folded before Flop (didn't bet)



PokerStars Hand #254367040114:  Hold'em No Limit ($0.50/$1.00 USD) - 2025/01/14 15:28:23 WET [2025/01/14 10:28:23 ET]
Table 'Liberatrix III' 6-max Seat #1 is the button
Seat 1: Gfoer ($102 in chips) 
Seat 2: v.sting ($133.66 in chips) 
Seat 3: MAO_DZEDYN_S ($100 in chips) 
Seat 4: tintin641 ($126.10 in chips) 
Seat 5: gig.gyty ($100 in chips) 
Seat 6: TonisAndreaxxx ($24.49 in chips) 
v.sting: posts small blind $0.50
MAO_DZEDYN_S: posts big blind $1
*** HOLE CARDS ***
tintin641: folds 
gig.gyty: folds 
TonisAndreaxxx: calls $1
Gfoer: raises $4 to $5
v.sting: folds 
MAO_DZEDYN_S: folds 
TonisAndreaxxx: folds 
Uncalled bet ($4) returned to Gfoer
Gfoer collected $3.50 from pot
Gfoer: doesn't show hand 
*** SUMMARY ***
Total pot $3.50 | Rake $0 
Seat 1: Gfoer (button) collected ($3.50)
Seat 2: v.sting (small blind) folded before Flop
Seat 3: MAO_DZEDYN_S (big blind) folded before Flop
Seat 4: tintin641 folded before Flop (didn't bet)
Seat 5: gig.gyty folded before Flop (didn't bet)
Seat 6: TonisAndreaxxx folded before Flop



PokerStars Hand #254367050557:  Hold'em No Limit ($0.50/$1.00 USD) - 2025/01/14 15:29:13 WET [2025/01/14 10:29:13 ET]
Table 'Liberatrix III' 6-max Seat #2 is the button
Seat 1: Gfoer ($104.50 in chips) 
Seat 2: v.sting ($133.16 in chips) 
Seat 3: MAO_DZEDYN_S ($100 in chips) 
Seat 4: tintin641 ($126.10 in chips) 
Seat 5: gig.gyty ($100 in chips) 
Seat 6: TonisAndreaxxx ($23.49 in chips) 
MAO_DZEDYN_S: posts small blind $0.50
tintin641: posts big blind $1
*** HOLE CARDS ***
gig.gyty: folds 
TonisAndreaxxx is disconnected 
TonisAndreaxxx is connected 
TonisAndreaxxx: raises $1 to $2
Gfoer: folds 
v.sting: folds 
MAO_DZEDYN_S: folds 
tintin641: calls $1
*** FLOP *** [7c Kd Kh]
tintin641: checks 
TonisAndreaxxx: bets $2
tintin641: folds 
Uncalled bet ($2) returned to TonisAndreaxxx
TonisAndreaxxx collected $4.28 from pot
*** SUMMARY ***
Total pot $4.50 | Rake $0.22 
Board [7c Kd Kh]
Seat 1: Gfoer folded before Flop (didn't bet)
Seat 2: v.sting (button) folded before Flop (didn't bet)
Seat 3: MAO_DZEDYN_S (small blind) folded before Flop
Seat 4: tintin641 (big blind) folded on the Flop
Seat 5: gig.gyty folded before Flop (didn't bet)
Seat 6: TonisAndreaxxx collected ($4.28)



PokerStars Hand #254367062583:  Hold'em No Limit ($0.50/$1.00 USD) - 2025/01/14 15:30:09 WET [2025/01/14 10:30:09 ET]
Table 'Liberatrix III' 6-max Seat #3 is the button
Seat 1: Gfoer ($104.50 in chips) 
Seat 2: v.sting ($133.16 in chips) 
Seat 3: MAO_DZEDYN_S ($100 in chips) 
Seat 4: tintin641 ($124.10 in chips) 
Seat 5: gig.gyty ($100 in chips) 
Seat 6: TonisAndreaxxx ($25.77 in chips) 
tintin641: posts small blind $0.50
gig.gyty: posts big blind $1
*** HOLE CARDS ***
TonisAndreaxxx: calls $1
Gfoer: folds 
v.sting: folds 
MAO_DZEDYN_S: raises $2 to $3
tintin641: folds 
gig.gyty: folds 
TonisAndreaxxx: calls $2
*** FLOP *** [Jd 2h 8s]
TonisAndreaxxx: checks 
MAO_DZEDYN_S: bets $2.45
TonisAndreaxxx: calls $2.45
*** TURN *** [Jd 2h 8s] [Qh]
TonisAndreaxxx: bets $1
MAO_DZEDYN_S: raises $6.90 to $7.90
TonisAndreaxxx: raises $12.42 to $20.32 and is all-in
MAO_DZEDYN_S: calls $12.42
*** RIVER *** [Jd 2h 8s Qh] [4h]
*** SHOW DOWN ***
TonisAndreaxxx: shows [Qs 9h] (a pair of Queens)
MAO_DZEDYN_S: shows [Jc Qc] (two pair, Queens and Jacks)
MAO_DZEDYN_S collected $50.54 from pot
*** SUMMARY ***
Total pot $53.04 | Rake $2.50 
Board [Jd 2h 8s Qh 4h]
Seat 1: Gfoer folded before Flop (didn't bet)
Seat 2: v.sting folded before Flop (didn't bet)
Seat 3: MAO_DZEDYN_S (button) showed [Jc Qc] and won ($50.54) with two pair, Queens and Jacks
Seat 4: tintin641 (small blind) folded before Flop
Seat 5: gig.gyty (big blind) folded before Flop
Seat 6: TonisAndreaxxx showed [Qs 9h] and lost with a pair of Queens



PokerStars Hand #254367081822:  Hold'em No Limit ($0.50/$1.00 USD) - 2025/01/14 15:31:39 WET [2025/01/14 10:31:39 ET]
Table 'Liberatrix III' 6-max Seat #4 is the button
Seat 6: TonisAndreaxxx ($0 in chips) is sitting out
Seat 1: Gfoer ($104.50 in chips) 
Seat 2: v.sting ($133.16 in chips) 
Seat 3: MAO_DZEDYN_S ($124.77 in chips) 
Seat 4: tintin641 ($123.60 in chips) 
Seat 5: gig.gyty ($100 in chips) 
gig.gyty: posts small blind $0.50
Gfoer: posts big blind $1
*** HOLE CARDS ***
v.sting: folds 
MAO_DZEDYN_S: raises $1.25 to $2.25
tintin641: folds 
gig.gyty: folds 
Gfoer: raises $10.25 to $12.50
MAO_DZEDYN_S: calls $10.25
*** FLOP *** [5d 2s 8d]
Gfoer: bets $8.07
MAO_DZEDYN_S: calls $8.07
*** TURN *** [5d 2s 8d] [4c]
Gfoer: checks 
MAO_DZEDYN_S: bets $12.66
Gfoer: calls $12.66
*** RIVER *** [5d 2s 8d 4c] [6s]
Gfoer: checks 
MAO_DZEDYN_S: checks 
*** SHOW DOWN ***
Gfoer: shows [Qs 5s] (a pair of Fives)
MAO_DZEDYN_S: mucks hand 
Gfoer collected $64.46 from pot
*** SUMMARY ***
Total pot $66.96 | Rake $2.50 
Board [5d 2s 8d 4c 6s]
Seat 6: TonisAndreaxxx
Seat 1: Gfoer (big blind) showed [Qs 5s] and won ($64.46) with a pair of Fives
Seat 2: v.sting folded before Flop (didn't bet)
Seat 3: MAO_DZEDYN_S mucked
Seat 4: tintin641 (button) folded before Flop (didn't bet)
Seat 5: gig.gyty (small blind) folded before Flop



PokerStars Hand #254367111657:  Hold'em No Limit ($0.50/$1.00 USD) - 2025/01/14 15:33:59 WET [2025/01/14 10:33:59 ET]
Table 'Liberatrix III' 6-max Seat #5 is the button
Seat 6: TonisAndreaxxx ($0 in chips) is sitting out
Seat 1: Gfoer ($135.73 in chips) 
Seat 2: v.sting ($133.16 in chips) 
Seat 3: MAO_DZEDYN_S ($100 in chips) 
Seat 4: tintin641 ($123.60 in chips) 
Seat 5: gig.gyty ($100 in chips) 
Gfoer: posts small blind $0.50
v.sting: posts big blind $1
*** HOLE CARDS ***
MAO_DZEDYN_S: folds 
tintin641: folds 
gig.gyty: raises $1.50 to $2.50
Gfoer: raises $10 to $12.50
v.sting: folds 
gig.gyty: folds 
Uncalled bet ($10) returned to Gfoer
MAO_DZEDYN_S leaves the table
Gfoer collected $6 from pot
Gfoer: doesn't show hand 
*** SUMMARY ***
Total pot $6 | Rake $0 
Seat 6: TonisAndreaxxx
Seat 1: Gfoer (small blind) collected ($6)
Seat 2: v.sting (big blind) folded before Flop
Seat 3: MAO_DZEDYN_S folded before Flop (didn't bet)
Seat 4: tintin641 folded before Flop (didn't bet)
Seat 5: gig.gyty (button) folded before Flop



PokerStars Hand #254367119652:  Hold'em No Limit ($0.50/$1.00 USD) - 2025/01/14 15:34:36 WET [2025/01/14 10:34:36 ET]
Table 'Liberatrix III' 6-max Seat #1 is the button
Seat 6: TonisAndreaxxx ($0 in chips) is sitting out
Seat 1: Gfoer ($139.23 in chips) 
Seat 2: v.sting ($132.16 in chips) 
Seat 4: tintin641 ($123.60 in chips) 
Seat 5: gig.gyty ($100 in chips) 
v.sting: posts small blind $0.50
tintin641: posts big blind $1
*** HOLE CARDS ***
gig.gyty: raises $1.25 to $2.25
Gfoer: raises $6.25 to $8.50
v.sting: folds 
tintin641: folds 
TonisAndreaxxx is disconnected 
gig.gyty: folds 
Uncalled bet ($6.25) returned to Gfoer
Gfoer collected $6 from pot
Gfoer: doesn't show hand 
*** SUMMARY ***
Total pot $6 | Rake $0 
Seat 6: TonisAndreaxxx
Seat 1: Gfoer (button) collected ($6)
Seat 2: v.sting (small blind) folded before Flop
Seat 4: tintin641 (big blind) folded before Flop
Seat 5: gig.gyty folded before Flop



PokerStars Hand #254367124712:  Hold'em No Limit ($0.50/$1.00 USD) - 2025/01/14 15:34:59 WET [2025/01/14 10:34:59 ET]
Table 'Liberatrix III' 6-max Seat #2 is the button
Seat 6: TonisAndreaxxx ($0 in chips) is sitting out
Seat 1: Gfoer ($142.98 in chips) 
Seat 2: v.sting ($131.66 in chips) 
Seat 4: tintin641 ($122.60 in chips) 
Seat 5: gig.gyty ($100 in chips) 
tintin641: posts small blind $0.50
gig.gyty: posts big blind $1
*** HOLE CARDS ***
Gfoer: raises $1.20 to $2.20
v.sting: folds 
tintin641: folds 
gig.gyty: raises $8.80 to $11
TonisAndreaxxx is disconnected 
Gfoer: folds 
Uncalled bet ($8.80) returned to gig.gyty
gig.gyty collected $4.90 from pot
gig.gyty: doesn't show hand 
*** SUMMARY ***
Total pot $4.90 | Rake $0 
Seat 6: TonisAndreaxxx
Seat 1: Gfoer folded before Flop
Seat 2: v.sting (button) folded before Flop (didn't bet)
Seat 4: tintin641 (small blind) folded before Flop
Seat 5: gig.gyty (big blind) collected ($4.90)



PokerStars Hand #254367131039:  Hold'em No Limit ($0.50/$1.00 USD) - 2025/01/14 15:35:28 WET [2025/01/14 10:35:28 ET]
Table 'Liberatrix III' 6-max Seat #5 is the button
Seat 1: Gfoer ($140.78 in chips) is sitting out
Seat 2: v.sting ($131.66 in chips) is sitting out
Seat 6: TonisAndreaxxx ($0 in chips) is sitting out
Seat 4: tintin641 ($122.10 in chips) 
Seat 5: gig.gyty ($102.70 in chips) 
gig.gyty: posts small blind $0.50
Gfoer: is sitting out 
v.sting: is sitting out 
tintin641: posts big blind $1
*** HOLE CARDS ***
Gfoer leaves the table
gig.gyty: raises $1.50 to $2.50
tintin641: calls $1.50
*** FLOP *** [6h 3s 9s]
tintin641: checks 
gig.gyty: bets $3.66
tintin641: folds 
Uncalled bet ($3.66) returned to gig.gyty
gig.gyty collected $4.75 from pot
gig.gyty: doesn't show hand 
*** SUMMARY ***
Total pot $5 | Rake $0.25 
Board [6h 3s 9s]
Seat 1: Gfoer
Seat 2: v.sting
Seat 6: TonisAndreaxxx
Seat 4: tintin641 (big blind) folded on the Flop
Seat 5: gig.gyty (button) (small blind) collected ($4.75)



