PokerStars Hand #254363170449:  Hold'em No Limit ($0.50/$1.00 USD) - 2025/01/14 8:48:08 WET [2025/01/14 3:48:08 ET]
Table 'Carlova III' 6-max Seat #1 is the button
Seat 2: Dimastrisch ($100 in chips) is sitting out
Seat 1: Lidas585 ($110.40 in chips) 
Seat 3: BadenBadenPH ($94.03 in chips) 
Seat 4: antey89 ($100 in chips) 
Seat 5: Pon4uk.ua ($100 in chips) 
Seat 6: JoeBlack_MS ($124.28 in chips) 
BadenBadenPH: posts small blind $0.50
antey89: posts big blind $1
*** HOLE CARDS ***
Pon4uk.ua: folds 
JoeBlack_MS: folds 
Lidas585: folds 
BadenBadenPH: raises $1.50 to $2.50
antey89: folds 
Uncalled bet ($1.50) returned to BadenBadenPH
BadenBadenPH collected $2 from pot
*** SUMMARY ***
Total pot $2 | Rake $0 
Seat 2: Dimastrisch
Seat 1: Lidas585 (button) folded before Flop (didn't bet)
Seat 3: BadenBadenPH (small blind) collected ($2)
Seat 4: antey89 (big blind) folded before Flop
Seat 5: Pon4uk.ua folded before Flop (didn't bet)
Seat 6: JoeBlack_MS folded before Flop (didn't bet)



PokerStars Hand #254363171703:  Hold'em No Limit ($0.50/$1.00 USD) - 2025/01/14 8:48:24 WET [2025/01/14 3:48:24 ET]
Table 'Carlova III' 6-max Seat #3 is the button
Seat 2: Dimastrisch ($100 in chips) is sitting out
Seat 1: Lidas585 ($110.40 in chips) 
Seat 3: BadenBadenPH ($95.03 in chips) 
Seat 4: antey89 ($100 in chips) 
Seat 5: Pon4uk.ua ($100 in chips) 
Seat 6: JoeBlack_MS ($124.28 in chips) 
antey89: posts small blind $0.50
Pon4uk.ua: posts big blind $1
Dimastrisch: sits out 
*** HOLE CARDS ***
JoeBlack_MS: folds 
Lidas585: folds 
BadenBadenPH: folds 
antey89: folds 
Uncalled bet ($0.50) returned to Pon4uk.ua
Pon4uk.ua collected $1 from pot
Pon4uk.ua: doesn't show hand 
*** SUMMARY ***
Total pot $1 | Rake $0 
Seat 2: Dimastrisch
Seat 1: Lidas585 folded before Flop (didn't bet)
Seat 3: BadenBadenPH (button) folded before Flop (didn't bet)
Seat 4: antey89 (small blind) folded before Flop
Seat 5: Pon4uk.ua (big blind) collected ($1)
Seat 6: JoeBlack_MS folded before Flop (didn't bet)



PokerStars Hand #254363173072:  Hold'em No Limit ($0.50/$1.00 USD) - 2025/01/14 8:48:40 WET [2025/01/14 3:48:40 ET]
Table 'Carlova III' 6-max Seat #4 is the button
Seat 2: Dimastrisch ($100 in chips) is sitting out
Seat 1: Lidas585 ($110.40 in chips) 
Seat 3: BadenBadenPH ($95.03 in chips) 
Seat 4: antey89 ($100 in chips) 
Seat 5: Pon4uk.ua ($100.50 in chips) 
Seat 6: JoeBlack_MS ($124.28 in chips) 
Pon4uk.ua: posts small blind $0.50
JoeBlack_MS: posts big blind $1
Dimastrisch: sits out 
*** HOLE CARDS ***
Lidas585: folds 
BadenBadenPH: folds 
antey89: folds 
Pon4uk.ua: raises $1.75 to $2.75
JoeBlack_MS: folds 
Uncalled bet ($1.75) returned to Pon4uk.ua
Pon4uk.ua collected $2 from pot
Pon4uk.ua: doesn't show hand 
*** SUMMARY ***
Total pot $2 | Rake $0 
Seat 2: Dimastrisch
Seat 1: Lidas585 folded before Flop (didn't bet)
Seat 3: BadenBadenPH folded before Flop (didn't bet)
Seat 4: antey89 (button) folded before Flop (didn't bet)
Seat 5: Pon4uk.ua (small blind) collected ($2)
Seat 6: JoeBlack_MS (big blind) folded before Flop



PokerStars Hand #254363174995:  Hold'em No Limit ($0.50/$1.00 USD) - 2025/01/14 8:49:04 WET [2025/01/14 3:49:04 ET]
Table 'Carlova III' 6-max Seat #5 is the button
Seat 2: Dimastrisch ($100 in chips) is sitting out
Seat 1: Lidas585 ($110.40 in chips) 
Seat 3: BadenBadenPH ($95.03 in chips) 
Seat 4: antey89 ($100 in chips) 
Seat 5: Pon4uk.ua ($101.50 in chips) 
Seat 6: JoeBlack_MS ($123.28 in chips) 
JoeBlack_MS: posts small blind $0.50
Lidas585: posts big blind $1
Dimastrisch: sits out 
*** HOLE CARDS ***
BadenBadenPH: folds 
antey89: folds 
Pon4uk.ua: folds 
JoeBlack_MS: folds 
Uncalled bet ($0.50) returned to Lidas585
Lidas585 collected $1 from pot
Lidas585: doesn't show hand 
*** SUMMARY ***
Total pot $1 | Rake $0 
Seat 2: Dimastrisch
Seat 1: Lidas585 (big blind) collected ($1)
Seat 3: BadenBadenPH folded before Flop (didn't bet)
Seat 4: antey89 folded before Flop (didn't bet)
Seat 5: Pon4uk.ua (button) folded before Flop (didn't bet)
Seat 6: JoeBlack_MS (small blind) folded before Flop



PokerStars Hand #254363176155:  Hold'em No Limit ($0.50/$1.00 USD) - 2025/01/14 8:49:19 WET [2025/01/14 3:49:19 ET]
Table 'Carlova III' 6-max Seat #6 is the button
Seat 1: Lidas585 ($110.90 in chips) 
Seat 2: Dimastrisch ($100 in chips) 
Seat 3: BadenBadenPH ($95.03 in chips) 
Seat 4: antey89 ($100 in chips) 
Seat 5: Pon4uk.ua ($101.50 in chips) 
Seat 6: JoeBlack_MS ($122.78 in chips) 
Lidas585: posts small blind $0.50
Dimastrisch: posts big blind $1
*** HOLE CARDS ***
BadenBadenPH: folds 
antey89: folds 
Pon4uk.ua: folds 
JoeBlack_MS: folds 
Lidas585: raises $2 to $3
Dimastrisch: calls $2
*** FLOP *** [2s 5d Ah]
Lidas585: checks 
Dimastrisch: checks 
*** TURN *** [2s 5d Ah] [4c]
Lidas585: checks 
Dimastrisch: bets $1.43
Lidas585: calls $1.43
*** RIVER *** [2s 5d Ah 4c] [Kc]
Lidas585: checks 
Dimastrisch: checks 
*** SHOW DOWN ***
Lidas585: shows [5h Th] (a pair of Fives)
Dimastrisch: shows [Ks Tc] (a pair of Kings)
Dimastrisch collected $8.42 from pot
*** SUMMARY ***
Total pot $8.86 | Rake $0.44 
Board [2s 5d Ah 4c Kc]
Seat 1: Lidas585 (small blind) showed [5h Th] and lost with a pair of Fives
Seat 2: Dimastrisch (big blind) showed [Ks Tc] and won ($8.42) with a pair of Kings
Seat 3: BadenBadenPH folded before Flop (didn't bet)
Seat 4: antey89 folded before Flop (didn't bet)
Seat 5: Pon4uk.ua folded before Flop (didn't bet)
Seat 6: JoeBlack_MS (button) folded before Flop (didn't bet)



PokerStars Hand #254363183051:  Hold'em No Limit ($0.50/$1.00 USD) - 2025/01/14 8:50:41 WET [2025/01/14 3:50:41 ET]
Table 'Carlova III' 6-max Seat #1 is the button
Seat 1: Lidas585 ($106.47 in chips) 
Seat 2: Dimastrisch ($103.99 in chips) 
Seat 3: BadenBadenPH ($95.03 in chips) 
Seat 4: antey89 ($100 in chips) 
Seat 5: Pon4uk.ua ($101.50 in chips) 
Seat 6: JoeBlack_MS ($122.78 in chips) 
Dimastrisch: posts small blind $0.50
BadenBadenPH: posts big blind $1
*** HOLE CARDS ***
antey89: raises $1.10 to $2.10
Pon4uk.ua: folds 
JoeBlack_MS: folds 
Lidas585: folds 
Dimastrisch: raises $8.90 to $11
BadenBadenPH: folds 
antey89: folds 
Uncalled bet ($8.90) returned to Dimastrisch
Dimastrisch collected $5.20 from pot
Dimastrisch: doesn't show hand 
*** SUMMARY ***
Total pot $5.20 | Rake $0 
Seat 1: Lidas585 (button) folded before Flop (didn't bet)
Seat 2: Dimastrisch (small blind) collected ($5.20)
Seat 3: BadenBadenPH (big blind) folded before Flop
Seat 4: antey89 folded before Flop
Seat 5: Pon4uk.ua folded before Flop (didn't bet)
Seat 6: JoeBlack_MS folded before Flop (didn't bet)



PokerStars Hand #254363185806:  Hold'em No Limit ($0.50/$1.00 USD) - 2025/01/14 8:51:13 WET [2025/01/14 3:51:13 ET]
Table 'Carlova III' 6-max Seat #2 is the button
Seat 1: Lidas585 ($106.47 in chips) 
Seat 2: Dimastrisch ($107.09 in chips) 
Seat 3: BadenBadenPH ($94.03 in chips) 
Seat 4: antey89 ($100 in chips) 
Seat 5: Pon4uk.ua ($101.50 in chips) 
Seat 6: JoeBlack_MS ($122.78 in chips) 
BadenBadenPH: posts small blind $0.50
antey89: posts big blind $1
*** HOLE CARDS ***
Pon4uk.ua: folds 
JoeBlack_MS: folds 
Lidas585: raises $1.30 to $2.30
Dimastrisch: raises $5.20 to $7.50
BadenBadenPH: folds 
antey89: folds 
Lidas585: folds 
Uncalled bet ($5.20) returned to Dimastrisch
Dimastrisch collected $6.10 from pot
Dimastrisch: doesn't show hand 
*** SUMMARY ***
Total pot $6.10 | Rake $0 
Seat 1: Lidas585 folded before Flop
Seat 2: Dimastrisch (button) collected ($6.10)
Seat 3: BadenBadenPH (small blind) folded before Flop
Seat 4: antey89 (big blind) folded before Flop
Seat 5: Pon4uk.ua folded before Flop (didn't bet)
Seat 6: JoeBlack_MS folded before Flop (didn't bet)



PokerStars Hand #254363189157:  Hold'em No Limit ($0.50/$1.00 USD) - 2025/01/14 8:51:54 WET [2025/01/14 3:51:54 ET]
Table 'Carlova III' 6-max Seat #3 is the button
Seat 1: Lidas585 ($104.17 in chips) 
Seat 2: Dimastrisch ($110.89 in chips) 
Seat 3: BadenBadenPH ($93.53 in chips) 
Seat 4: antey89 ($100 in chips) 
Seat 5: Pon4uk.ua ($101.50 in chips) 
Seat 6: JoeBlack_MS ($122.78 in chips) 
antey89: posts small blind $0.50
Pon4uk.ua: posts big blind $1
*** HOLE CARDS ***
JoeBlack_MS: folds 
Lidas585: raises $1.10 to $2.10
Dimastrisch: folds 
BadenBadenPH: folds 
antey89: folds 
Pon4uk.ua: calls $1.10
*** FLOP *** [Ah Jh 8h]
Pon4uk.ua: checks 
Lidas585: bets $1.11
Pon4uk.ua: folds 
Uncalled bet ($1.11) returned to Lidas585
Lidas585 collected $4.46 from pot
Lidas585: doesn't show hand 
*** SUMMARY ***
Total pot $4.70 | Rake $0.24 
Board [Ah Jh 8h]
Seat 1: Lidas585 collected ($4.46)
Seat 2: Dimastrisch folded before Flop (didn't bet)
Seat 3: BadenBadenPH (button) folded before Flop (didn't bet)
Seat 4: antey89 (small blind) folded before Flop
Seat 5: Pon4uk.ua (big blind) folded on the Flop
Seat 6: JoeBlack_MS folded before Flop (didn't bet)



PokerStars Hand #254363191802:  Hold'em No Limit ($0.50/$1.00 USD) - 2025/01/14 8:52:26 WET [2025/01/14 3:52:26 ET]
Table 'Carlova III' 6-max Seat #4 is the button
Seat 1: Lidas585 ($106.53 in chips) 
Seat 2: Dimastrisch ($110.89 in chips) 
Seat 3: BadenBadenPH ($93.53 in chips) 
Seat 4: antey89 ($100 in chips) 
Seat 5: Pon4uk.ua ($100 in chips) 
Seat 6: JoeBlack_MS ($122.78 in chips) 
Pon4uk.ua: posts small blind $0.50
JoeBlack_MS: posts big blind $1
*** HOLE CARDS ***
Lidas585: folds 
Dimastrisch: folds 
BadenBadenPH: folds 
antey89: folds 
Pon4uk.ua: raises $1.75 to $2.75
JoeBlack_MS: calls $1.75
*** FLOP *** [Tc 9c 6c]
Pon4uk.ua: bets $1.72
JoeBlack_MS: calls $1.72
*** TURN *** [Tc 9c 6c] [4s]
Pon4uk.ua: bets $13.16
BadenBadenPH is disconnected 
JoeBlack_MS: folds 
Uncalled bet ($13.16) returned to Pon4uk.ua
Pon4uk.ua collected $8.49 from pot
Pon4uk.ua: doesn't show hand 
*** SUMMARY ***
Total pot $8.94 | Rake $0.45 
Board [Tc 9c 6c 4s]
Seat 1: Lidas585 folded before Flop (didn't bet)
Seat 2: Dimastrisch folded before Flop (didn't bet)
Seat 3: BadenBadenPH folded before Flop (didn't bet)
Seat 4: antey89 (button) folded before Flop (didn't bet)
Seat 5: Pon4uk.ua (small blind) collected ($8.49)
Seat 6: JoeBlack_MS (big blind) folded on the Turn



PokerStars Hand #254363198004:  Hold'em No Limit ($0.50/$1.00 USD) - 2025/01/14 8:53:40 WET [2025/01/14 3:53:40 ET]
Table 'Carlova III' 6-max Seat #5 is the button
Seat 3: BadenBadenPH ($93.53 in chips) is sitting out
Seat 1: Lidas585 ($106.53 in chips) 
Seat 2: Dimastrisch ($110.89 in chips) 
Seat 4: antey89 ($100 in chips) 
Seat 5: Pon4uk.ua ($104.02 in chips) 
Seat 6: JoeBlack_MS ($118.31 in chips) 
JoeBlack_MS: posts small blind $0.50
Lidas585: posts big blind $1
*** HOLE CARDS ***
Dimastrisch: folds 
antey89: folds 
Pon4uk.ua: raises $1.50 to $2.50
JoeBlack_MS: folds 
BadenBadenPH is disconnected 
Lidas585: folds 
Uncalled bet ($1.50) returned to Pon4uk.ua
Pon4uk.ua collected $2.50 from pot
Pon4uk.ua: doesn't show hand 
*** SUMMARY ***
Total pot $2.50 | Rake $0 
Seat 3: BadenBadenPH
Seat 1: Lidas585 (big blind) folded before Flop
Seat 2: Dimastrisch folded before Flop (didn't bet)
Seat 4: antey89 folded before Flop (didn't bet)
Seat 5: Pon4uk.ua (button) collected ($2.50)
Seat 6: JoeBlack_MS (small blind) folded before Flop



PokerStars Hand #254363200456:  Hold'em No Limit ($0.50/$1.00 USD) - 2025/01/14 8:54:10 WET [2025/01/14 3:54:10 ET]
Table 'Carlova III' 6-max Seat #6 is the button
Seat 3: BadenBadenPH ($93.53 in chips) is sitting out
Seat 1: Lidas585 ($105.53 in chips) 
Seat 2: Dimastrisch ($110.89 in chips) 
Seat 4: antey89 ($100 in chips) 
Seat 5: Pon4uk.ua ($105.52 in chips) 
Seat 6: JoeBlack_MS ($117.81 in chips) 
Lidas585: posts small blind $0.50
Dimastrisch: posts big blind $1
*** HOLE CARDS ***
antey89: folds 
Pon4uk.ua: folds 
JoeBlack_MS: raises $1.50 to $2.50
Lidas585: folds 
Dimastrisch: folds 
Uncalled bet ($1.50) returned to JoeBlack_MS
JoeBlack_MS collected $2.50 from pot
JoeBlack_MS: doesn't show hand 
*** SUMMARY ***
Total pot $2.50 | Rake $0 
Seat 3: BadenBadenPH
Seat 1: Lidas585 (small blind) folded before Flop
Seat 2: Dimastrisch (big blind) folded before Flop
Seat 4: antey89 folded before Flop (didn't bet)
Seat 5: Pon4uk.ua folded before Flop (didn't bet)
Seat 6: JoeBlack_MS (button) collected ($2.50)



PokerStars Hand #254363204007:  Hold'em No Limit ($0.50/$1.00 USD) - 2025/01/14 8:54:53 WET [2025/01/14 3:54:53 ET]
Table 'Carlova III' 6-max Seat #1 is the button
Seat 3: BadenBadenPH ($93.53 in chips) is sitting out
Seat 1: Lidas585 ($105.03 in chips) 
Seat 2: Dimastrisch ($109.89 in chips) 
Seat 4: antey89 ($100 in chips) 
Seat 5: Pon4uk.ua ($105.52 in chips) 
Seat 6: JoeBlack_MS ($119.31 in chips) 
Dimastrisch: posts small blind $0.50
antey89: posts big blind $1
*** HOLE CARDS ***
Pon4uk.ua: folds 
JoeBlack_MS: folds 
Pon4uk.ua leaves the table
Lidas585: raises $1.30 to $2.30
Dimastrisch: folds 
antey89: folds 
Uncalled bet ($1.30) returned to Lidas585
Lidas585 collected $2.50 from pot
Lidas585: doesn't show hand 
*** SUMMARY ***
Total pot $2.50 | Rake $0 
Seat 3: BadenBadenPH
Seat 1: Lidas585 (button) collected ($2.50)
Seat 2: Dimastrisch (small blind) folded before Flop
Seat 4: antey89 (big blind) folded before Flop
Seat 5: Pon4uk.ua folded before Flop (didn't bet)
Seat 6: JoeBlack_MS folded before Flop (didn't bet)



PokerStars Hand #254363206041:  Hold'em No Limit ($0.50/$1.00 USD) - 2025/01/14 8:55:18 WET [2025/01/14 3:55:18 ET]
Table 'Carlova III' 6-max Seat #2 is the button
Seat 3: BadenBadenPH ($93.53 in chips) is sitting out
Seat 1: Lidas585 ($106.53 in chips) 
Seat 2: Dimastrisch ($109.39 in chips) 
Seat 4: antey89 ($100 in chips) 
Seat 6: JoeBlack_MS ($119.31 in chips) 
antey89: posts small blind $0.50
JoeBlack_MS: posts big blind $1
*** HOLE CARDS ***
Lidas585: folds 
Dimastrisch: raises $1.50 to $2.50
antey89: folds 
JoeBlack_MS: folds 
Uncalled bet ($1.50) returned to Dimastrisch
Dimastrisch collected $2.50 from pot
Dimastrisch: doesn't show hand 
AlexEliseev7 joins the table at seat #5 
*** SUMMARY ***
Total pot $2.50 | Rake $0 
Seat 3: BadenBadenPH
Seat 1: Lidas585 folded before Flop (didn't bet)
Seat 2: Dimastrisch (button) collected ($2.50)
Seat 4: antey89 (small blind) folded before Flop
Seat 6: JoeBlack_MS (big blind) folded before Flop



PokerStars Hand #254363207153:  Hold'em No Limit ($0.50/$1.00 USD) - 2025/01/14 8:55:34 WET [2025/01/14 3:55:34 ET]
Table 'Carlova III' 6-max Seat #4 is the button
Seat 3: BadenBadenPH ($93.53 in chips) is sitting out
Seat 5: AlexEliseev7 ($100 in chips) is sitting out
Seat 1: Lidas585 ($106.53 in chips) 
Seat 2: Dimastrisch ($110.89 in chips) 
Seat 4: antey89 ($100 in chips) 
Seat 6: JoeBlack_MS ($118.31 in chips) 
JoeBlack_MS: posts small blind $0.50
Lidas585: posts big blind $1
*** HOLE CARDS ***
Dimastrisch: folds 
antey89: raises $1.30 to $2.30
JoeBlack_MS: folds 
Lidas585: calls $1.30
*** FLOP *** [8s Kc 4h]
Lidas585: checks 
antey89: bets $1.60
Lidas585: calls $1.60
*** TURN *** [8s Kc 4h] [Jc]
Lidas585: checks 
antey89: bets $12.50
Lidas585: folds 
Uncalled bet ($12.50) returned to antey89
antey89 collected $7.88 from pot
antey89: doesn't show hand 
*** SUMMARY ***
Total pot $8.30 | Rake $0.42 
Board [8s Kc 4h Jc]
Seat 3: BadenBadenPH
Seat 5: AlexEliseev7
Seat 1: Lidas585 (big blind) folded on the Turn
Seat 2: Dimastrisch folded before Flop (didn't bet)
Seat 4: antey89 (button) collected ($7.88)
Seat 6: JoeBlack_MS (small blind) folded before Flop



PokerStars Hand #254363213262:  Hold'em No Limit ($0.50/$1.00 USD) - 2025/01/14 8:56:56 WET [2025/01/14 3:56:56 ET]
Table 'Carlova III' 6-max Seat #6 is the button
Seat 3: BadenBadenPH ($93.53 in chips) is sitting out
Seat 5: AlexEliseev7 ($100 in chips) is sitting out
Seat 1: Lidas585 ($102.63 in chips) 
Seat 2: Dimastrisch ($110.89 in chips) 
Seat 4: antey89 ($103.98 in chips) 
Seat 6: JoeBlack_MS ($117.81 in chips) 
Lidas585: posts small blind $0.50
Dimastrisch: posts big blind $1
AlexEliseev7: sits out 
*** HOLE CARDS ***
antey89: raises $1.10 to $2.10
JoeBlack_MS: folds 
Lidas585: folds 
Dimastrisch: folds 
Uncalled bet ($1.10) returned to antey89
antey89 collected $2.50 from pot
antey89: doesn't show hand 
*** SUMMARY ***
Total pot $2.50 | Rake $0 
Seat 3: BadenBadenPH
Seat 5: AlexEliseev7
Seat 1: Lidas585 (small blind) folded before Flop
Seat 2: Dimastrisch (big blind) folded before Flop
Seat 4: antey89 collected ($2.50)
Seat 6: JoeBlack_MS (button) folded before Flop (didn't bet)



PokerStars Hand #254363215337:  Hold'em No Limit ($0.50/$1.00 USD) - 2025/01/14 8:57:25 WET [2025/01/14 3:57:25 ET]
Table 'Carlova III' 6-max Seat #1 is the button
Seat 3: BadenBadenPH ($93.53 in chips) is sitting out
Seat 5: AlexEliseev7 ($100 in chips) is sitting out
Seat 1: Lidas585 ($102.13 in chips) 
Seat 2: Dimastrisch ($109.89 in chips) 
Seat 4: antey89 ($105.48 in chips) 
Seat 6: JoeBlack_MS ($117.81 in chips) 
Dimastrisch: posts small blind $0.50
antey89: posts big blind $1
AlexEliseev7: sits out 
*** HOLE CARDS ***
JoeBlack_MS: folds 
Lidas585: folds 
Dimastrisch: folds 
Uncalled bet ($0.50) returned to antey89
antey89 collected $1 from pot
antey89: doesn't show hand 
*** SUMMARY ***
Total pot $1 | Rake $0 
Seat 3: BadenBadenPH
Seat 5: AlexEliseev7
Seat 1: Lidas585 (button) folded before Flop (didn't bet)
Seat 2: Dimastrisch (small blind) folded before Flop
Seat 4: antey89 (big blind) collected ($1)
Seat 6: JoeBlack_MS folded before Flop (didn't bet)



PokerStars Hand #254363216423:  Hold'em No Limit ($0.50/$1.00 USD) - 2025/01/14 8:57:39 WET [2025/01/14 3:57:39 ET]
Table 'Carlova III' 6-max Seat #2 is the button
Seat 3: BadenBadenPH ($93.53 in chips) is sitting out
Seat 1: Lidas585 ($102.13 in chips) 
Seat 2: Dimastrisch ($109.39 in chips) 
Seat 4: antey89 ($105.98 in chips) 
Seat 5: AlexEliseev7 ($100 in chips) 
Seat 6: JoeBlack_MS ($117.81 in chips) 
antey89: posts small blind $0.50
AlexEliseev7: posts big blind $1
*** HOLE CARDS ***
JoeBlack_MS: raises $1 to $2
Lidas585: folds 
Dimastrisch: folds 
antey89: raises $8.50 to $10.50
AlexEliseev7: folds 
JoeBlack_MS: calls $8.50
*** FLOP *** [7d 6h Kc]
antey89: bets $6.90
JoeBlack_MS: folds 
Uncalled bet ($6.90) returned to antey89
antey89 collected $20.90 from pot
antey89: doesn't show hand 
*** SUMMARY ***
Total pot $22 | Rake $1.10 
Board [7d 6h Kc]
Seat 3: BadenBadenPH
Seat 1: Lidas585 folded before Flop (didn't bet)
Seat 2: Dimastrisch (button) folded before Flop (didn't bet)
Seat 4: antey89 (small blind) collected ($20.90)
Seat 5: AlexEliseev7 (big blind) folded before Flop
Seat 6: JoeBlack_MS folded on the Flop



PokerStars Hand #254363222837:  Hold'em No Limit ($0.50/$1.00 USD) - 2025/01/14 8:59:05 WET [2025/01/14 3:59:05 ET]
Table 'Carlova III' 6-max Seat #4 is the button
Seat 3: BadenBadenPH ($93.53 in chips) is sitting out
Seat 1: Lidas585 ($102.13 in chips) 
Seat 2: Dimastrisch ($109.39 in chips) 
Seat 4: antey89 ($116.38 in chips) 
Seat 5: AlexEliseev7 ($100 in chips) 
Seat 6: JoeBlack_MS ($107.31 in chips) 
AlexEliseev7: posts small blind $0.50
JoeBlack_MS: posts big blind $1
*** HOLE CARDS ***
Lidas585: folds 
Dimastrisch: raises $1.50 to $2.50
antey89: folds 
AlexEliseev7: folds 
JoeBlack_MS: folds 
Uncalled bet ($1.50) returned to Dimastrisch
Dimastrisch collected $2.50 from pot
Dimastrisch: doesn't show hand 
*** SUMMARY ***
Total pot $2.50 | Rake $0 
Seat 3: BadenBadenPH
Seat 1: Lidas585 folded before Flop (didn't bet)
Seat 2: Dimastrisch collected ($2.50)
Seat 4: antey89 (button) folded before Flop (didn't bet)
Seat 5: AlexEliseev7 (small blind) folded before Flop
Seat 6: JoeBlack_MS (big blind) folded before Flop



PokerStars Hand #254363224378:  Hold'em No Limit ($0.50/$1.00 USD) - 2025/01/14 8:59:26 WET [2025/01/14 3:59:26 ET]
Table 'Carlova III' 6-max Seat #5 is the button
Seat 3: BadenBadenPH ($93.53 in chips) is sitting out
Seat 1: Lidas585 ($102.13 in chips) 
Seat 2: Dimastrisch ($110.89 in chips) 
Seat 4: antey89 ($116.38 in chips) 
Seat 5: AlexEliseev7 ($100 in chips) 
Seat 6: JoeBlack_MS ($106.31 in chips) 
JoeBlack_MS: posts small blind $0.50
Lidas585: posts big blind $1
*** HOLE CARDS ***
Dimastrisch: folds 
antey89: raises $1.10 to $2.10
AlexEliseev7: folds 
JoeBlack_MS: folds 
Lidas585: calls $1.10
*** FLOP *** [2c 3c 4h]
Lidas585: checks 
antey89: bets $1.47
Lidas585: calls $1.47
*** TURN *** [2c 3c 4h] [6d]
BadenBadenPH is disconnected 
Lidas585: bets $2.40
antey89: raises $8.10 to $10.50
Lidas585: calls $8.10
*** RIVER *** [2c 3c 4h 6d] [5s]
Lidas585: checks 
antey89: checks 
*** SHOW DOWN ***
Lidas585: shows [3s 3h] (a straight, Deuce to Six)
antey89: shows [5h 6h] (a straight, Deuce to Six)
Lidas585 collected $13.61 from pot
antey89 collected $13.60 from pot
*** SUMMARY ***
Total pot $28.64 | Rake $1.43 
Board [2c 3c 4h 6d 5s]
Seat 3: BadenBadenPH
Seat 1: Lidas585 (big blind) showed [3s 3h] and won ($13.61) with a straight, Deuce to Six
Seat 2: Dimastrisch folded before Flop (didn't bet)
Seat 4: antey89 showed [5h 6h] and won ($13.60) with a straight, Deuce to Six
Seat 5: AlexEliseev7 (button) folded before Flop (didn't bet)
Seat 6: JoeBlack_MS (small blind) folded before Flop



PokerStars Hand #254363233925:  Hold'em No Limit ($0.50/$1.00 USD) - 2025/01/14 9:01:27 WET [2025/01/14 4:01:27 ET]
Table 'Carlova III' 6-max Seat #6 is the button
Seat 2: Dimastrisch ($110.89 in chips) is sitting out
Seat 1: Lidas585 ($101.67 in chips) 
Seat 3: BadenBadenPH ($93.53 in chips) 
Seat 4: antey89 ($115.91 in chips) 
Seat 5: AlexEliseev7 ($100 in chips) 
Seat 6: JoeBlack_MS ($105.81 in chips) 
Lidas585: posts small blind $0.50
Dimastrisch: is sitting out 
BadenBadenPH: posts big blind $1
*** HOLE CARDS ***
antey89: folds 
AlexEliseev7: folds 
Dimastrisch leaves the table
JoeBlack_MS: raises $1.50 to $2.50
Lidas585: folds 
BadenBadenPH: folds 
Uncalled bet ($1.50) returned to JoeBlack_MS
JoeBlack_MS collected $2.50 from pot
JoeBlack_MS: doesn't show hand 
*** SUMMARY ***
Total pot $2.50 | Rake $0 
Seat 2: Dimastrisch
Seat 1: Lidas585 (small blind) folded before Flop
Seat 3: BadenBadenPH (big blind) folded before Flop
Seat 4: antey89 folded before Flop (didn't bet)
Seat 5: AlexEliseev7 folded before Flop (didn't bet)
Seat 6: JoeBlack_MS (button) collected ($2.50)



PokerStars Hand #254363235491:  Hold'em No Limit ($0.50/$1.00 USD) - 2025/01/14 9:01:45 WET [2025/01/14 4:01:45 ET]
Table 'Carlova III' 6-max Seat #1 is the button
Seat 1: Lidas585 ($101.17 in chips) 
Seat 3: BadenBadenPH ($92.53 in chips) 
Seat 4: antey89 ($115.91 in chips) 
Seat 5: AlexEliseev7 ($100 in chips) 
Seat 6: JoeBlack_MS ($107.31 in chips) 
BadenBadenPH: posts small blind $0.50
antey89: posts big blind $1
*** HOLE CARDS ***
AlexEliseev7: folds 
JoeBlack_MS: folds 
Lidas585: raises $1.30 to $2.30
BadenBadenPH: folds 
antey89: folds 
Uncalled bet ($1.30) returned to Lidas585
Lidas585 collected $2.50 from pot
Lidas585: doesn't show hand 
*** SUMMARY ***
Total pot $2.50 | Rake $0 
Seat 1: Lidas585 (button) collected ($2.50)
Seat 3: BadenBadenPH (small blind) folded before Flop
Seat 4: antey89 (big blind) folded before Flop
Seat 5: AlexEliseev7 folded before Flop (didn't bet)
Seat 6: JoeBlack_MS folded before Flop (didn't bet)



PokerStars Hand #254363237240:  Hold'em No Limit ($0.50/$1.00 USD) - 2025/01/14 9:02:05 WET [2025/01/14 4:02:05 ET]
Table 'Carlova III' 6-max Seat #3 is the button
Seat 1: Lidas585 ($102.67 in chips) 
Seat 3: BadenBadenPH ($92.03 in chips) 
Seat 4: antey89 ($114.91 in chips) 
Seat 5: AlexEliseev7 ($100 in chips) 
Seat 6: JoeBlack_MS ($107.31 in chips) 
antey89: posts small blind $0.50
AlexEliseev7: posts big blind $1
*** HOLE CARDS ***
JoeBlack_MS: raises $1 to $2
Lidas585 has timed out
Lidas585: folds 
BadenBadenPH: folds 
antey89: folds 
AlexEliseev7: folds 
Uncalled bet ($1) returned to JoeBlack_MS
JoeBlack_MS collected $2.50 from pot
JoeBlack_MS: doesn't show hand 
*** SUMMARY ***
Total pot $2.50 | Rake $0 
Seat 1: Lidas585 folded before Flop (didn't bet)
Seat 3: BadenBadenPH (button) folded before Flop (didn't bet)
Seat 4: antey89 (small blind) folded before Flop
Seat 5: AlexEliseev7 (big blind) folded before Flop
Seat 6: JoeBlack_MS collected ($2.50)



PokerStars Hand #254363240096:  Hold'em No Limit ($0.50/$1.00 USD) - 2025/01/14 9:02:39 WET [2025/01/14 4:02:39 ET]
Table 'Carlova III' 6-max Seat #4 is the button
Seat 1: Lidas585 ($102.67 in chips) 
Seat 3: BadenBadenPH ($92.03 in chips) 
Seat 4: antey89 ($114.41 in chips) 
Seat 5: AlexEliseev7 ($100 in chips) 
Seat 6: JoeBlack_MS ($108.81 in chips) 
AlexEliseev7: posts small blind $0.50
JoeBlack_MS: posts big blind $1
*** HOLE CARDS ***
Lidas585: folds 
BadenBadenPH: folds 
antey89: raises $1.30 to $2.30
AlexEliseev7: raises $9.70 to $12
JoeBlack_MS: folds 
antey89: folds 
Uncalled bet ($9.70) returned to AlexEliseev7
AlexEliseev7 collected $5.60 from pot
AlexEliseev7: doesn't show hand 
*** SUMMARY ***
Total pot $5.60 | Rake $0 
Seat 1: Lidas585 folded before Flop (didn't bet)
Seat 3: BadenBadenPH folded before Flop (didn't bet)
Seat 4: antey89 (button) folded before Flop
Seat 5: AlexEliseev7 (small blind) collected ($5.60)
Seat 6: JoeBlack_MS (big blind) folded before Flop



PokerStars Hand #254363243308:  Hold'em No Limit ($0.50/$1.00 USD) - 2025/01/14 9:03:15 WET [2025/01/14 4:03:15 ET]
Table 'Carlova III' 6-max Seat #5 is the button
Seat 1: Lidas585 ($102.67 in chips) 
Seat 3: BadenBadenPH ($92.03 in chips) 
Seat 4: antey89 ($112.11 in chips) 
Seat 5: AlexEliseev7 ($103.30 in chips) 
Seat 6: JoeBlack_MS ($107.81 in chips) 
JoeBlack_MS: posts small blind $0.50
Lidas585: posts big blind $1
*** HOLE CARDS ***
BadenBadenPH: folds 
antey89: folds 
AlexEliseev7: raises $1.50 to $2.50
JoeBlack_MS: folds 
Lidas585: folds 
Uncalled bet ($1.50) returned to AlexEliseev7
AlexEliseev7 collected $2.50 from pot
AlexEliseev7: doesn't show hand 
*** SUMMARY ***
Total pot $2.50 | Rake $0 
Seat 1: Lidas585 (big blind) folded before Flop
Seat 3: BadenBadenPH folded before Flop (didn't bet)
Seat 4: antey89 folded before Flop (didn't bet)
Seat 5: AlexEliseev7 (button) collected ($2.50)
Seat 6: JoeBlack_MS (small blind) folded before Flop



PokerStars Hand #254363245376:  Hold'em No Limit ($0.50/$1.00 USD) - 2025/01/14 9:03:39 WET [2025/01/14 4:03:39 ET]
Table 'Carlova III' 6-max Seat #6 is the button
Seat 1: Lidas585 ($101.67 in chips) 
Seat 3: BadenBadenPH ($92.03 in chips) 
Seat 4: antey89 ($112.11 in chips) 
Seat 5: AlexEliseev7 ($104.80 in chips) 
Seat 6: JoeBlack_MS ($107.31 in chips) 
Lidas585: posts small blind $0.50
BadenBadenPH: posts big blind $1
*** HOLE CARDS ***
antey89: folds 
AlexEliseev7: folds 
JoeBlack_MS: raises $1.50 to $2.50
Lidas585: raises $8 to $10.50
BadenBadenPH: calls $9.50
JoeBlack_MS: folds 
*** FLOP *** [7s Ts Jd]
MaRKiToScoK joins the table at seat #2 
Lidas585: checks 
BadenBadenPH: bets $11.16
Lidas585: calls $11.16
*** TURN *** [7s Ts Jd] [5h]
Lidas585: checks 
BadenBadenPH: bets $30.77
MaRKiToScoK leaves the table
Lidas585: folds 
Uncalled bet ($30.77) returned to BadenBadenPH
BadenBadenPH collected $42.96 from pot
*** SUMMARY ***
Total pot $45.82 | Rake $2.86 
Board [7s Ts Jd 5h]
Seat 1: Lidas585 (small blind) folded on the Turn
Seat 3: BadenBadenPH (big blind) collected ($42.96)
Seat 4: antey89 folded before Flop (didn't bet)
Seat 5: AlexEliseev7 folded before Flop (didn't bet)
Seat 6: JoeBlack_MS (button) folded before Flop



PokerStars Hand #254363253472:  Hold'em No Limit ($0.50/$1.00 USD) - 2025/01/14 9:05:13 WET [2025/01/14 4:05:13 ET]
Table 'Carlova III' 6-max Seat #1 is the button
Seat 1: Lidas585 ($100 in chips) 
Seat 3: BadenBadenPH ($113.33 in chips) 
Seat 4: antey89 ($112.11 in chips) 
Seat 5: AlexEliseev7 ($104.80 in chips) 
Seat 6: JoeBlack_MS ($104.81 in chips) 
BadenBadenPH: posts small blind $0.50
antey89: posts big blind $1
*** HOLE CARDS ***
AlexEliseev7: folds 
JoeBlack_MS: folds 
Lidas585: folds 
BadenBadenPH: raises $1.50 to $2.50
antey89: folds 
Uncalled bet ($1.50) returned to BadenBadenPH
BadenBadenPH collected $2 from pot
*** SUMMARY ***
Total pot $2 | Rake $0 
Seat 1: Lidas585 (button) folded before Flop (didn't bet)
Seat 3: BadenBadenPH (small blind) collected ($2)
Seat 4: antey89 (big blind) folded before Flop
Seat 5: AlexEliseev7 folded before Flop (didn't bet)
Seat 6: JoeBlack_MS folded before Flop (didn't bet)



PokerStars Hand #254363255385:  Hold'em No Limit ($0.50/$1.00 USD) - 2025/01/14 9:05:35 WET [2025/01/14 4:05:35 ET]
Table 'Carlova III' 6-max Seat #3 is the button
Seat 1: Lidas585 ($100 in chips) 
Seat 3: BadenBadenPH ($114.33 in chips) 
Seat 4: antey89 ($111.11 in chips) 
Seat 5: AlexEliseev7 ($104.80 in chips) 
Seat 6: JoeBlack_MS ($104.81 in chips) 
antey89: posts small blind $0.50
AlexEliseev7: posts big blind $1
*** HOLE CARDS ***
JoeBlack_MS: folds 
Lidas585: folds 
BadenBadenPH: folds 
antey89: folds 
Uncalled bet ($0.50) returned to AlexEliseev7
AlexEliseev7 collected $1 from pot
AlexEliseev7: doesn't show hand 
*** SUMMARY ***
Total pot $1 | Rake $0 
Seat 1: Lidas585 folded before Flop (didn't bet)
Seat 3: BadenBadenPH (button) folded before Flop (didn't bet)
Seat 4: antey89 (small blind) folded before Flop
Seat 5: AlexEliseev7 (big blind) collected ($1)
Seat 6: JoeBlack_MS folded before Flop (didn't bet)



PokerStars Hand #254363257242:  Hold'em No Limit ($0.50/$1.00 USD) - 2025/01/14 9:05:57 WET [2025/01/14 4:05:57 ET]
Table 'Carlova III' 6-max Seat #4 is the button
Seat 1: Lidas585 ($100 in chips) 
Seat 3: BadenBadenPH ($114.33 in chips) 
Seat 4: antey89 ($110.61 in chips) 
Seat 5: AlexEliseev7 ($105.30 in chips) 
Seat 6: JoeBlack_MS ($104.81 in chips) 
AlexEliseev7: posts small blind $0.50
JoeBlack_MS: posts big blind $1
*** HOLE CARDS ***
Lidas585 has timed out
Lidas585: folds 
BadenBadenPH: raises $1.50 to $2.50
antey89: folds 
AlexEliseev7: raises $8.50 to $11
JoeBlack_MS: folds 
BadenBadenPH: calls $8.50
*** FLOP *** [5s 5c 6s]
AlexEliseev7: bets $7.21
BadenBadenPH: raises $14.14 to $21.35
AlexEliseev7: raises $72.95 to $94.30 and is all-in
BadenBadenPH: folds 
Uncalled bet ($72.95) returned to AlexEliseev7
AlexEliseev7 collected $63.20 from pot
AlexEliseev7: doesn't show hand 
*** SUMMARY ***
Total pot $65.70 | Rake $2.50 
Board [5s 5c 6s]
Seat 1: Lidas585 folded before Flop (didn't bet)
Seat 3: BadenBadenPH folded on the Flop
Seat 4: antey89 (button) folded before Flop (didn't bet)
Seat 5: AlexEliseev7 (small blind) collected ($63.20)
Seat 6: JoeBlack_MS (big blind) folded before Flop



PokerStars Hand #254363266018:  Hold'em No Limit ($0.50/$1.00 USD) - 2025/01/14 9:07:38 WET [2025/01/14 4:07:38 ET]
Table 'Carlova III' 6-max Seat #5 is the button
Seat 1: Lidas585 ($100 in chips) 
Seat 3: BadenBadenPH ($81.98 in chips) 
Seat 4: antey89 ($110.61 in chips) 
Seat 5: AlexEliseev7 ($136.15 in chips) 
Seat 6: JoeBlack_MS ($103.81 in chips) 
JoeBlack_MS: posts small blind $0.50
Lidas585: posts big blind $1
*** HOLE CARDS ***
BadenBadenPH: raises $1.50 to $2.50
antey89: folds 
AlexEliseev7: folds 
Cougars001 joins the table at seat #2 
JoeBlack_MS: folds 
Lidas585: folds 
Uncalled bet ($1.50) returned to BadenBadenPH
BadenBadenPH collected $2.50 from pot
*** SUMMARY ***
Total pot $2.50 | Rake $0 
Seat 1: Lidas585 (big blind) folded before Flop
Seat 3: BadenBadenPH collected ($2.50)
Seat 4: antey89 folded before Flop (didn't bet)
Seat 5: AlexEliseev7 (button) folded before Flop (didn't bet)
Seat 6: JoeBlack_MS (small blind) folded before Flop



PokerStars Hand #254363268083:  Hold'em No Limit ($0.50/$1.00 USD) - 2025/01/14 9:08:01 WET [2025/01/14 4:08:01 ET]
Table 'Carlova III' 6-max Seat #6 is the button
Seat 1: Lidas585 ($100 in chips) 
Seat 2: Cougars001 ($100 in chips) 
Seat 3: BadenBadenPH ($83.48 in chips) 
Seat 4: antey89 ($110.61 in chips) 
Seat 5: AlexEliseev7 ($136.15 in chips) 
Seat 6: JoeBlack_MS ($103.31 in chips) 
Lidas585: posts small blind $0.50
Cougars001: posts big blind $1
*** HOLE CARDS ***
BadenBadenPH: folds 
antey89: folds 
AlexEliseev7: folds 
JoeBlack_MS: raises $1.50 to $2.50
Lidas585: folds 
Cougars001: calls $1.50
*** FLOP *** [7c 5s Ah]
Cougars001: checks 
JoeBlack_MS: bets $2.09
Cougars001: folds 
Uncalled bet ($2.09) returned to JoeBlack_MS
JoeBlack_MS collected $5.22 from pot
JoeBlack_MS: doesn't show hand 
*** SUMMARY ***
Total pot $5.50 | Rake $0.28 
Board [7c 5s Ah]
Seat 1: Lidas585 (small blind) folded before Flop
Seat 2: Cougars001 (big blind) folded on the Flop
Seat 3: BadenBadenPH folded before Flop (didn't bet)
Seat 4: antey89 folded before Flop (didn't bet)
Seat 5: AlexEliseev7 folded before Flop (didn't bet)
Seat 6: JoeBlack_MS (button) collected ($5.22)



PokerStars Hand #254363273474:  Hold'em No Limit ($0.50/$1.00 USD) - 2025/01/14 9:09:03 WET [2025/01/14 4:09:03 ET]
Table 'Carlova III' 6-max Seat #1 is the button
Seat 1: Lidas585 ($100 in chips) 
Seat 2: Cougars001 ($97.50 in chips) 
Seat 3: BadenBadenPH ($83.48 in chips) 
Seat 4: antey89 ($110.61 in chips) 
Seat 5: AlexEliseev7 ($136.15 in chips) 
Seat 6: JoeBlack_MS ($106.03 in chips) 
Cougars001: posts small blind $0.50
BadenBadenPH: posts big blind $1
*** HOLE CARDS ***
antey89: folds 
AlexEliseev7: raises $1.50 to $2.50
JoeBlack_MS: folds 
Lidas585: folds 
Cougars001: raises $6 to $8.50
BadenBadenPH: folds 
AlexEliseev7: calls $6
*** FLOP *** [Qd Th 8h]
Cougars001: bets $8.55
AlexEliseev7: calls $8.55
*** TURN *** [Qd Th 8h] [5d]
Cougars001: checks 
AlexEliseev7: checks 
*** RIVER *** [Qd Th 8h 5d] [8s]
Cougars001: bets $16.67
AlexEliseev7: folds 
Uncalled bet ($16.67) returned to Cougars001
Cougars001 collected $33.34 from pot
Cougars001: doesn't show hand 
*** SUMMARY ***
Total pot $35.10 | Rake $1.76 
Board [Qd Th 8h 5d 8s]
Seat 1: Lidas585 (button) folded before Flop (didn't bet)
Seat 2: Cougars001 (small blind) collected ($33.34)
Seat 3: BadenBadenPH (big blind) folded before Flop
Seat 4: antey89 folded before Flop (didn't bet)
Seat 5: AlexEliseev7 folded on the River
Seat 6: JoeBlack_MS folded before Flop (didn't bet)



PokerStars Hand #254363280616:  Hold'em No Limit ($0.50/$1.00 USD) - 2025/01/14 9:10:24 WET [2025/01/14 4:10:24 ET]
Table 'Carlova III' 6-max Seat #2 is the button
Seat 1: Lidas585 ($100 in chips) 
Seat 2: Cougars001 ($113.79 in chips) 
Seat 3: BadenBadenPH ($82.48 in chips) 
Seat 4: antey89 ($110.61 in chips) 
Seat 5: AlexEliseev7 ($119.10 in chips) 
Seat 6: JoeBlack_MS ($106.03 in chips) 
BadenBadenPH: posts small blind $0.50
antey89: posts big blind $1
*** HOLE CARDS ***
AlexEliseev7: folds 
JoeBlack_MS: folds 
Lidas585: folds 
Cougars001: folds 
BadenBadenPH: raises $2 to $3
antey89: calls $2
*** FLOP *** [9s Qd Jd]
BadenBadenPH: bets $1.50
antey89: calls $1.50
*** TURN *** [9s Qd Jd] [Td]
BadenBadenPH: checks 
antey89: bets $6.41
BadenBadenPH: folds 
Uncalled bet ($6.41) returned to antey89
antey89 collected $8.55 from pot
antey89: doesn't show hand 
*** SUMMARY ***
Total pot $9 | Rake $0.45 
Board [9s Qd Jd Td]
Seat 1: Lidas585 folded before Flop (didn't bet)
Seat 2: Cougars001 (button) folded before Flop (didn't bet)
Seat 3: BadenBadenPH (small blind) folded on the Turn
Seat 4: antey89 (big blind) collected ($8.55)
Seat 5: AlexEliseev7 folded before Flop (didn't bet)
Seat 6: JoeBlack_MS folded before Flop (didn't bet)



PokerStars Hand #254363287932:  Hold'em No Limit ($0.50/$1.00 USD) - 2025/01/14 9:11:48 WET [2025/01/14 4:11:48 ET]
Table 'Carlova III' 6-max Seat #3 is the button
Seat 1: Lidas585 ($100 in chips) 
Seat 2: Cougars001 ($113.79 in chips) 
Seat 3: BadenBadenPH ($77.98 in chips) 
Seat 4: antey89 ($114.66 in chips) 
Seat 5: AlexEliseev7 ($119.10 in chips) 
Seat 6: JoeBlack_MS ($106.03 in chips) 
antey89: posts small blind $0.50
AlexEliseev7: posts big blind $1
*** HOLE CARDS ***
JoeBlack_MS: raises $1 to $2
Lidas585: folds 
Cougars001: folds 
BadenBadenPH: folds 
antey89: folds 
AlexEliseev7: folds 
Uncalled bet ($1) returned to JoeBlack_MS
JoeBlack_MS collected $2.50 from pot
JoeBlack_MS: doesn't show hand 
*** SUMMARY ***
Total pot $2.50 | Rake $0 
Seat 1: Lidas585 folded before Flop (didn't bet)
Seat 2: Cougars001 folded before Flop (didn't bet)
Seat 3: BadenBadenPH (button) folded before Flop (didn't bet)
Seat 4: antey89 (small blind) folded before Flop
Seat 5: AlexEliseev7 (big blind) folded before Flop
Seat 6: JoeBlack_MS collected ($2.50)



PokerStars Hand #254363290812:  Hold'em No Limit ($0.50/$1.00 USD) - 2025/01/14 9:12:20 WET [2025/01/14 4:12:20 ET]
Table 'Carlova III' 6-max Seat #4 is the button
Seat 1: Lidas585 ($100 in chips) 
Seat 2: Cougars001 ($113.79 in chips) 
Seat 3: BadenBadenPH ($77.98 in chips) 
Seat 4: antey89 ($114.16 in chips) 
Seat 5: AlexEliseev7 ($118.10 in chips) 
Seat 6: JoeBlack_MS ($107.53 in chips) 
AlexEliseev7: posts small blind $0.50
JoeBlack_MS: posts big blind $1
*** HOLE CARDS ***
Lidas585: folds 
Cougars001: folds 
BadenBadenPH: folds 
antey89: folds 
AlexEliseev7: folds 
Uncalled bet ($0.50) returned to JoeBlack_MS
JoeBlack_MS collected $1 from pot
JoeBlack_MS: doesn't show hand 
*** SUMMARY ***
Total pot $1 | Rake $0 
Seat 1: Lidas585 folded before Flop (didn't bet)
Seat 2: Cougars001 folded before Flop (didn't bet)
Seat 3: BadenBadenPH folded before Flop (didn't bet)
Seat 4: antey89 (button) folded before Flop (didn't bet)
Seat 5: AlexEliseev7 (small blind) folded before Flop
Seat 6: JoeBlack_MS (big blind) collected ($1)



PokerStars Hand #254363293730:  Hold'em No Limit ($0.50/$1.00 USD) - 2025/01/14 9:12:53 WET [2025/01/14 4:12:53 ET]
Table 'Carlova III' 6-max Seat #5 is the button
Seat 1: Lidas585 ($100 in chips) 
Seat 2: Cougars001 ($113.79 in chips) 
Seat 3: BadenBadenPH ($77.98 in chips) 
Seat 4: antey89 ($114.16 in chips) 
Seat 5: AlexEliseev7 ($117.60 in chips) 
Seat 6: JoeBlack_MS ($108.03 in chips) 
JoeBlack_MS: posts small blind $0.50
Lidas585: posts big blind $1
*** HOLE CARDS ***
Cougars001: calls $1
BadenBadenPH: folds 
antey89: raises $3 to $4
AlexEliseev7: folds 
JoeBlack_MS: folds 
Lidas585: folds 
Cougars001: calls $3
*** FLOP *** [Kc 8s 4d]
Cougars001: checks 
antey89: bets $4.96
Cougars001: folds 
Uncalled bet ($4.96) returned to antey89
antey89 collected $9.02 from pot
antey89: doesn't show hand 
*** SUMMARY ***
Total pot $9.50 | Rake $0.48 
Board [Kc 8s 4d]
Seat 1: Lidas585 (big blind) folded before Flop
Seat 2: Cougars001 folded on the Flop
Seat 3: BadenBadenPH folded before Flop (didn't bet)
Seat 4: antey89 collected ($9.02)
Seat 5: AlexEliseev7 (button) folded before Flop (didn't bet)
Seat 6: JoeBlack_MS (small blind) folded before Flop



PokerStars Hand #254363298777:  Hold'em No Limit ($0.50/$1.00 USD) - 2025/01/14 9:13:49 WET [2025/01/14 4:13:49 ET]
Table 'Carlova III' 6-max Seat #6 is the button
Seat 1: Lidas585 ($100 in chips) 
Seat 2: Cougars001 ($109.79 in chips) 
Seat 3: BadenBadenPH ($77.98 in chips) 
Seat 4: antey89 ($119.18 in chips) 
Seat 5: AlexEliseev7 ($117.60 in chips) 
Seat 6: JoeBlack_MS ($107.53 in chips) 
Lidas585: posts small blind $0.50
Cougars001: posts big blind $1
*** HOLE CARDS ***
BadenBadenPH: folds 
antey89: folds 
AlexEliseev7: folds 
JoeBlack_MS: raises $1.50 to $2.50
Lidas585: folds 
Cougars001: folds 
Uncalled bet ($1.50) returned to JoeBlack_MS
JoeBlack_MS collected $2.50 from pot
JoeBlack_MS: doesn't show hand 
*** SUMMARY ***
Total pot $2.50 | Rake $0 
Seat 1: Lidas585 (small blind) folded before Flop
Seat 2: Cougars001 (big blind) folded before Flop
Seat 3: BadenBadenPH folded before Flop (didn't bet)
Seat 4: antey89 folded before Flop (didn't bet)
Seat 5: AlexEliseev7 folded before Flop (didn't bet)
Seat 6: JoeBlack_MS (button) collected ($2.50)



PokerStars Hand #254363301201:  Hold'em No Limit ($0.50/$1.00 USD) - 2025/01/14 9:14:15 WET [2025/01/14 4:14:15 ET]
Table 'Carlova III' 6-max Seat #1 is the button
Seat 1: Lidas585 ($100 in chips) 
Seat 2: Cougars001 ($108.79 in chips) 
Seat 3: BadenBadenPH ($77.98 in chips) 
Seat 4: antey89 ($119.18 in chips) 
Seat 5: AlexEliseev7 ($117.60 in chips) 
Seat 6: JoeBlack_MS ($109.03 in chips) 
Cougars001: posts small blind $0.50
BadenBadenPH: posts big blind $1
*** HOLE CARDS ***
antey89: raises $1.10 to $2.10
AlexEliseev7: folds 
JoeBlack_MS: folds 
Lidas585: folds 
Cougars001: folds 
BadenBadenPH: calls $1.10
*** FLOP *** [2s 8h Ah]
BadenBadenPH: checks 
antey89: checks 
*** TURN *** [2s 8h Ah] [Jc]
BadenBadenPH: checks 
antey89: bets $4.50
BadenBadenPH: calls $4.50
*** RIVER *** [2s 8h Ah Jc] [Tc]
BadenBadenPH: checks 
antey89: checks 
*** SHOW DOWN ***
BadenBadenPH: shows [Qd 9s] (a straight, Eight to Queen)
antey89: mucks hand 
BadenBadenPH collected $12.85 from pot
*** SUMMARY ***
Total pot $13.70 | Rake $0.85 
Board [2s 8h Ah Jc Tc]
Seat 1: Lidas585 (button) folded before Flop (didn't bet)
Seat 2: Cougars001 (small blind) folded before Flop
Seat 3: BadenBadenPH (big blind) showed [Qd 9s] and won ($12.85) with a straight, Eight to Queen
Seat 4: antey89 mucked
Seat 5: AlexEliseev7 folded before Flop (didn't bet)
Seat 6: JoeBlack_MS folded before Flop (didn't bet)



PokerStars Hand #254363308752:  Hold'em No Limit ($0.50/$1.00 USD) - 2025/01/14 9:15:37 WET [2025/01/14 4:15:37 ET]
Table 'Carlova III' 6-max Seat #2 is the button
Seat 1: Lidas585 ($100 in chips) 
Seat 2: Cougars001 ($108.29 in chips) 
Seat 3: BadenBadenPH ($84.23 in chips) 
Seat 4: antey89 ($112.58 in chips) 
Seat 5: AlexEliseev7 ($117.60 in chips) 
Seat 6: JoeBlack_MS ($109.03 in chips) 
BadenBadenPH: posts small blind $0.50
antey89: posts big blind $1
*** HOLE CARDS ***
AlexEliseev7: raises $1.50 to $2.50
JoeBlack_MS: folds 
Lidas585: folds 
Cougars001: folds 
BadenBadenPH: folds 
antey89: folds 
Uncalled bet ($1.50) returned to AlexEliseev7
AlexEliseev7 collected $2.50 from pot
AlexEliseev7: doesn't show hand 
*** SUMMARY ***
Total pot $2.50 | Rake $0 
Seat 1: Lidas585 folded before Flop (didn't bet)
Seat 2: Cougars001 (button) folded before Flop (didn't bet)
Seat 3: BadenBadenPH (small blind) folded before Flop
Seat 4: antey89 (big blind) folded before Flop
Seat 5: AlexEliseev7 collected ($2.50)
Seat 6: JoeBlack_MS folded before Flop (didn't bet)



PokerStars Hand #254363311664:  Hold'em No Limit ($0.50/$1.00 USD) - 2025/01/14 9:16:09 WET [2025/01/14 4:16:09 ET]
Table 'Carlova III' 6-max Seat #3 is the button
Seat 1: Lidas585 ($100 in chips) 
Seat 2: Cougars001 ($108.29 in chips) 
Seat 3: BadenBadenPH ($83.73 in chips) 
Seat 4: antey89 ($111.58 in chips) 
Seat 5: AlexEliseev7 ($119.10 in chips) 
Seat 6: JoeBlack_MS ($109.03 in chips) 
antey89: posts small blind $0.50
AlexEliseev7: posts big blind $1
*** HOLE CARDS ***
JoeBlack_MS: folds 
Lidas585: folds 
Cougars001: folds 
BadenBadenPH: folds 
antey89: folds 
Uncalled bet ($0.50) returned to AlexEliseev7
AlexEliseev7 collected $1 from pot
AlexEliseev7: doesn't show hand 
*** SUMMARY ***
Total pot $1 | Rake $0 
Seat 1: Lidas585 folded before Flop (didn't bet)
Seat 2: Cougars001 folded before Flop (didn't bet)
Seat 3: BadenBadenPH (button) folded before Flop (didn't bet)
Seat 4: antey89 (small blind) folded before Flop
Seat 5: AlexEliseev7 (big blind) collected ($1)
Seat 6: JoeBlack_MS folded before Flop (didn't bet)



PokerStars Hand #254363313489:  Hold'em No Limit ($0.50/$1.00 USD) - 2025/01/14 9:16:30 WET [2025/01/14 4:16:30 ET]
Table 'Carlova III' 6-max Seat #4 is the button
Seat 1: Lidas585 ($100 in chips) 
Seat 2: Cougars001 ($108.29 in chips) 
Seat 3: BadenBadenPH ($83.73 in chips) 
Seat 4: antey89 ($111.08 in chips) 
Seat 5: AlexEliseev7 ($119.60 in chips) 
Seat 6: JoeBlack_MS ($109.03 in chips) 
AlexEliseev7: posts small blind $0.50
JoeBlack_MS: posts big blind $1
*** HOLE CARDS ***
Lidas585: raises $1.10 to $2.10
Cougars001: calls $2.10
BadenBadenPH: folds 
antey89: folds 
AlexEliseev7: folds 
JoeBlack_MS: folds 
*** FLOP *** [Jd 7s 5h]
Lidas585: checks 
Cougars001: checks 
*** TURN *** [Jd 7s 5h] [7h]
Lidas585: checks 
Cougars001: checks 
*** RIVER *** [Jd 7s 5h 7h] [4d]
Lidas585: checks 
Cougars001: checks 
*** SHOW DOWN ***
Lidas585: shows [Qh Ah] (a pair of Sevens)
Cougars001: mucks hand 
Lidas585 collected $5.42 from pot
*** SUMMARY ***
Total pot $5.70 | Rake $0.28 
Board [Jd 7s 5h 7h 4d]
Seat 1: Lidas585 showed [Qh Ah] and won ($5.42) with a pair of Sevens
Seat 2: Cougars001 mucked
Seat 3: BadenBadenPH folded before Flop (didn't bet)
Seat 4: antey89 (button) folded before Flop (didn't bet)
Seat 5: AlexEliseev7 (small blind) folded before Flop
Seat 6: JoeBlack_MS (big blind) folded before Flop



PokerStars Hand #254363317887:  Hold'em No Limit ($0.50/$1.00 USD) - 2025/01/14 9:17:18 WET [2025/01/14 4:17:18 ET]
Table 'Carlova III' 6-max Seat #5 is the button
Seat 1: Lidas585 ($103.32 in chips) 
Seat 2: Cougars001 ($106.19 in chips) 
Seat 3: BadenBadenPH ($83.73 in chips) 
Seat 4: antey89 ($111.08 in chips) 
Seat 5: AlexEliseev7 ($119.10 in chips) 
Seat 6: JoeBlack_MS ($108.03 in chips) 
JoeBlack_MS: posts small blind $0.50
Lidas585: posts big blind $1
*** HOLE CARDS ***
Cougars001: folds 
BadenBadenPH: raises $1 to $2
antey89: folds 
AlexEliseev7: folds 
JoeBlack_MS: folds 
Lidas585: calls $1
*** FLOP *** [Ah 8s 3d]
Lidas585: checks 
BadenBadenPH: bets $1
Lidas585: calls $1
*** TURN *** [Ah 8s 3d] [5d]
Lidas585: checks 
BadenBadenPH: bets $6.18
Lidas585: folds 
Uncalled bet ($6.18) returned to BadenBadenPH
BadenBadenPH collected $6.10 from pot
*** SUMMARY ***
Total pot $6.50 | Rake $0.40 
Board [Ah 8s 3d 5d]
Seat 1: Lidas585 (big blind) folded on the Turn
Seat 2: Cougars001 folded before Flop (didn't bet)
Seat 3: BadenBadenPH collected ($6.10)
Seat 4: antey89 folded before Flop (didn't bet)
Seat 5: AlexEliseev7 (button) folded before Flop (didn't bet)
Seat 6: JoeBlack_MS (small blind) folded before Flop



PokerStars Hand #254363324137:  Hold'em No Limit ($0.50/$1.00 USD) - 2025/01/14 9:18:27 WET [2025/01/14 4:18:27 ET]
Table 'Carlova III' 6-max Seat #6 is the button
Seat 1: Lidas585 ($100.32 in chips) 
Seat 2: Cougars001 ($106.19 in chips) 
Seat 3: BadenBadenPH ($86.83 in chips) 
Seat 4: antey89 ($111.08 in chips) 
Seat 5: AlexEliseev7 ($119.10 in chips) 
Seat 6: JoeBlack_MS ($107.53 in chips) 
Lidas585: posts small blind $0.50
Cougars001: posts big blind $1
*** HOLE CARDS ***
BadenBadenPH: raises $1 to $2
antey89: raises $5 to $7
AlexEliseev7: folds 
JoeBlack_MS: folds 
Lidas585: folds 
Cougars001: calls $6
BadenBadenPH: calls $5
*** FLOP *** [9c 7d Jh]
Cougars001: checks 
BadenBadenPH: checks 
antey89: bets $11.23
Cougars001: calls $11.23
BadenBadenPH: calls $11.23
*** TURN *** [9c 7d Jh] [4h]
Cougars001: checks 
BadenBadenPH: checks 
antey89: bets $28.98
Cougars001: folds 
BadenBadenPH: calls $28.98
*** RIVER *** [9c 7d Jh 4h] [Ts]
BadenBadenPH: bets $39.62 and is all-in
antey89: folds 
Uncalled bet ($39.62) returned to BadenBadenPH
BadenBadenPH collected $110.03 from pot
*** SUMMARY ***
Total pot $113.15 | Rake $3.12 
Board [9c 7d Jh 4h Ts]
Seat 1: Lidas585 (small blind) folded before Flop
Seat 2: Cougars001 (big blind) folded on the Turn
Seat 3: BadenBadenPH collected ($110.03)
Seat 4: antey89 folded on the River
Seat 5: AlexEliseev7 folded before Flop (didn't bet)
Seat 6: JoeBlack_MS (button) folded before Flop (didn't bet)



PokerStars Hand #254363335415:  Hold'em No Limit ($0.50/$1.00 USD) - 2025/01/14 9:20:30 WET [2025/01/14 4:20:30 ET]
Table 'Carlova III' 6-max Seat #1 is the button
Seat 1: Lidas585 ($100 in chips) 
Seat 2: Cougars001 ($87.96 in chips) 
Seat 3: BadenBadenPH ($149.65 in chips) 
Seat 4: antey89 ($100 in chips) 
Seat 5: AlexEliseev7 ($119.10 in chips) 
Seat 6: JoeBlack_MS ($107.53 in chips) 
Cougars001: posts small blind $0.50
BadenBadenPH: posts big blind $1
*** HOLE CARDS ***
antey89: folds 
AlexEliseev7: folds 
JoeBlack_MS: folds 
Lidas585: folds 
Cougars001: calls $0.50
BadenBadenPH: raises $4 to $5
Cougars001: calls $4
*** FLOP *** [5d 9h 3d]
Cougars001: checks 
BadenBadenPH: bets $9.50
Cougars001: calls $9.50
*** TURN *** [5d 9h 3d] [4s]
Cougars001: bets $73.46 and is all-in
BadenBadenPH: calls $73.46
BadenBadenPH has timed out
*** RIVER *** [5d 9h 3d 4s] [8s]
*** SHOW DOWN ***
Cougars001: shows [2c 5c] (a pair of Fives)
BadenBadenPH: shows [Ad Ah] (a pair of Aces)
BadenBadenPH collected $172.80 from pot
*** SUMMARY ***
Total pot $175.92 | Rake $3.12 
Board [5d 9h 3d 4s 8s]
Seat 1: Lidas585 (button) folded before Flop (didn't bet)
Seat 2: Cougars001 (small blind) showed [2c 5c] and lost with a pair of Fives
Seat 3: BadenBadenPH (big blind) showed [Ad Ah] and won ($172.80) with a pair of Aces
Seat 4: antey89 folded before Flop (didn't bet)
Seat 5: AlexEliseev7 folded before Flop (didn't bet)
Seat 6: JoeBlack_MS folded before Flop (didn't bet)



PokerStars Hand #254363340670:  Hold'em No Limit ($0.50/$1.00 USD) - 2025/01/14 9:21:27 WET [2025/01/14 4:21:27 ET]
Table 'Carlova III' 6-max Seat #3 is the button
Seat 1: Lidas585 ($100 in chips) 
Seat 3: BadenBadenPH ($234.49 in chips) 
Seat 4: antey89 ($100 in chips) 
Seat 5: AlexEliseev7 ($119.10 in chips) 
Seat 6: JoeBlack_MS ($107.53 in chips) 
Cougars001 leaves the table
antey89: posts small blind $0.50
AlexEliseev7: posts big blind $1
*** HOLE CARDS ***
JoeBlack_MS: folds 
Lidas585: folds 
BadenBadenPH: folds 
antey89: raises $2 to $3
AlexEliseev7: calls $2
*** FLOP *** [5h 7h Kh]
antey89: checks 
AlexEliseev7: checks 
*** TURN *** [5h 7h Kh] [Kd]
antey89: checks 
AlexEliseev7: checks 
*** RIVER *** [5h 7h Kh Kd] [7d]
antey89: checks 
AlexEliseev7: checks 
*** SHOW DOWN ***
antey89: shows [Qc Jd] (two pair, Kings and Sevens)
AlexEliseev7: mucks hand 
antey89 collected $5.70 from pot
*** SUMMARY ***
Total pot $6 | Rake $0.30 
Board [5h 7h Kh Kd 7d]
Seat 1: Lidas585 folded before Flop (didn't bet)
Seat 3: BadenBadenPH (button) folded before Flop (didn't bet)
Seat 4: antey89 (small blind) showed [Qc Jd] and won ($5.70) with two pair, Kings and Sevens
Seat 5: AlexEliseev7 (big blind) mucked
Seat 6: JoeBlack_MS folded before Flop (didn't bet)



PokerStars Hand #254363347767:  Hold'em No Limit ($0.50/$1.00 USD) - 2025/01/14 9:22:42 WET [2025/01/14 4:22:42 ET]
Table 'Carlova III' 6-max Seat #4 is the button
Seat 1: Lidas585 ($100 in chips) 
Seat 3: BadenBadenPH ($234.49 in chips) 
Seat 4: antey89 ($102.70 in chips) 
Seat 5: AlexEliseev7 ($116.10 in chips) 
Seat 6: JoeBlack_MS ($107.53 in chips) 
AlexEliseev7: posts small blind $0.50
JoeBlack_MS: posts big blind $1
*** HOLE CARDS ***
Lidas585: folds 
BadenBadenPH: folds 
antey89: raises $1.30 to $2.30
AlexEliseev7: folds 
JoeBlack_MS: calls $1.30
*** FLOP *** [5s Jd Js]
JoeBlack_MS: checks 
antey89: bets $2.66
JoeBlack_MS: folds 
Uncalled bet ($2.66) returned to antey89
antey89 collected $4.84 from pot
antey89: doesn't show hand 
*** SUMMARY ***
Total pot $5.10 | Rake $0.26 
Board [5s Jd Js]
Seat 1: Lidas585 folded before Flop (didn't bet)
Seat 3: BadenBadenPH folded before Flop (didn't bet)
Seat 4: antey89 (button) collected ($4.84)
Seat 5: AlexEliseev7 (small blind) folded before Flop
Seat 6: JoeBlack_MS (big blind) folded on the Flop



PokerStars Hand #254363351994:  Hold'em No Limit ($0.50/$1.00 USD) - 2025/01/14 9:23:27 WET [2025/01/14 4:23:27 ET]
Table 'Carlova III' 6-max Seat #5 is the button
Seat 1: Lidas585 ($100 in chips) 
Seat 3: BadenBadenPH ($234.49 in chips) 
Seat 4: antey89 ($105.24 in chips) 
Seat 5: AlexEliseev7 ($115.60 in chips) 
Seat 6: JoeBlack_MS ($105.23 in chips) 
JoeBlack_MS: posts small blind $0.50
Lidas585: posts big blind $1
*** HOLE CARDS ***
BadenBadenPH: folds 
antey89: raises $1.10 to $2.10
AlexEliseev7: raises $5.40 to $7.50
JoeBlack_MS: raises $13.50 to $21
Lidas585: folds 
antey89: folds 
AlexEliseev7: raises $94.60 to $115.60 and is all-in
JoeBlack_MS: calls $84.23 and is all-in
Uncalled bet ($10.37) returned to AlexEliseev7
*** FLOP *** [4c Jh Ts]
*** TURN *** [4c Jh Ts] [2h]
*** RIVER *** [4c Jh Ts 2h] [8s]
*** SHOW DOWN ***
JoeBlack_MS: shows [As Ad] (a pair of Aces)
AlexEliseev7: shows [9c 9d] (a pair of Nines)
JoeBlack_MS collected $211.06 from pot
AlexEliseev7 cashed out the hand for $39.58 | Cash Out Fee $0.81
*** SUMMARY ***
Total pot $213.56 | Rake $2.50 
Board [4c Jh Ts 2h 8s]
Seat 1: Lidas585 (big blind) folded before Flop
Seat 3: BadenBadenPH folded before Flop (didn't bet)
Seat 4: antey89 folded before Flop
Seat 5: AlexEliseev7 (button) showed [9c 9d] and lost with a pair of Nines (cashed out).
Seat 6: JoeBlack_MS (small blind) showed [As Ad] and won ($211.06) with a pair of Aces



PokerStars Hand #254363358013:  Hold'em No Limit ($0.50/$1.00 USD) - 2025/01/14 9:24:31 WET [2025/01/14 4:24:31 ET]
Table 'Carlova III' 6-max Seat #6 is the button
Seat 1: Lidas585 ($100 in chips) 
Seat 3: BadenBadenPH ($234.49 in chips) 
Seat 4: antey89 ($103.14 in chips) 
Seat 5: AlexEliseev7 ($100 in chips) 
Seat 6: JoeBlack_MS ($211.06 in chips) 
Lidas585: posts small blind $0.50
BadenBadenPH: posts big blind $1
*** HOLE CARDS ***
antey89: folds 
AlexEliseev7: raises $1.50 to $2.50
JoeBlack_MS: raises $5 to $7.50
Lidas585: folds 
BadenBadenPH: folds 
AlexEliseev7: raises $13 to $20.50
JoeBlack_MS: raises $190.56 to $211.06 and is all-in
chirva007 joins the table at seat #2 
AlexEliseev7: calls $79.50 and is all-in
Uncalled bet ($111.06) returned to JoeBlack_MS
*** FIRST FLOP *** [4d 3h 8s]
*** FIRST TURN *** [4d 3h 8s] [5d]
*** FIRST RIVER *** [4d 3h 8s 5d] [4s]
*** SECOND FLOP *** [9s Qs Jc]
*** SECOND TURN *** [9s Qs Jc] [6h]
*** SECOND RIVER *** [9s Qs Jc 6h] [7c]
*** FIRST SHOW DOWN ***
AlexEliseev7: shows [Ah Kd] (a pair of Fours)
JoeBlack_MS: shows [Ac Ad] (two pair, Aces and Fours)
JoeBlack_MS collected $99.50 from pot
*** SECOND SHOW DOWN ***
AlexEliseev7: shows [Ah Kd] (high card Ace)
JoeBlack_MS: shows [Ac Ad] (a pair of Aces)
JoeBlack_MS collected $99.50 from pot
*** SUMMARY ***
Total pot $201.50 | Rake $2.50 
Hand was run twice
FIRST Board [4d 3h 8s 5d 4s]
SECOND Board [9s Qs Jc 6h 7c]
Seat 1: Lidas585 (small blind) folded before Flop
Seat 3: BadenBadenPH (big blind) folded before Flop
Seat 4: antey89 folded before Flop (didn't bet)
Seat 5: AlexEliseev7 showed [Ah Kd] and lost with a pair of Fours, and lost with high card Ace
Seat 6: JoeBlack_MS (button) showed [Ac Ad] and won ($99.50) with two pair, Aces and Fours, and won ($99.50) with a pair of Aces



PokerStars Hand #254363365021:  Hold'em No Limit ($0.50/$1.00 USD) - 2025/01/14 9:25:46 WET [2025/01/14 4:25:46 ET]
Table 'Carlova III' 6-max Seat #1 is the button
Seat 2: chirva007 ($100 in chips) is sitting out
Seat 1: Lidas585 ($100 in chips) 
Seat 3: BadenBadenPH ($233.49 in chips) 
Seat 4: antey89 ($103.14 in chips) 
Seat 5: AlexEliseev7 ($100 in chips) 
Seat 6: JoeBlack_MS ($310.06 in chips) 
BadenBadenPH: posts small blind $0.50
antey89: posts big blind $1
*** HOLE CARDS ***
AlexEliseev7: folds 
JoeBlack_MS: raises $1.30 to $2.30
Lidas585: folds 
BadenBadenPH: raises $8.60 to $10.90
antey89: folds 
JoeBlack_MS: calls $8.60
*** FLOP *** [5s Td 7c]
BadenBadenPH: bets $7
JoeBlack_MS: raises $12.83 to $19.83
BadenBadenPH: calls $12.83
*** TURN *** [5s Td 7c] [3h]
BadenBadenPH: checks 
JoeBlack_MS: bets $18.99
BadenBadenPH: folds 
Uncalled bet ($18.99) returned to JoeBlack_MS
JoeBlack_MS collected $59.96 from pot
JoeBlack_MS: doesn't show hand 
*** SUMMARY ***
Total pot $62.46 | Rake $2.50 
Board [5s Td 7c 3h]
Seat 2: chirva007
Seat 1: Lidas585 (button) folded before Flop (didn't bet)
Seat 3: BadenBadenPH (small blind) folded on the Turn
Seat 4: antey89 (big blind) folded before Flop
Seat 5: AlexEliseev7 folded before Flop (didn't bet)
Seat 6: JoeBlack_MS collected ($59.96)



PokerStars Hand #254363377212:  Hold'em No Limit ($0.50/$1.00 USD) - 2025/01/14 9:27:56 WET [2025/01/14 4:27:56 ET]
Table 'Carlova III' 6-max Seat #3 is the button
Seat 2: chirva007 ($100 in chips) is sitting out
Seat 1: Lidas585 ($100 in chips) 
Seat 3: BadenBadenPH ($202.76 in chips) 
Seat 4: antey89 ($102.14 in chips) 
Seat 5: AlexEliseev7 ($100 in chips) 
Seat 6: JoeBlack_MS ($339.29 in chips) 
antey89: posts small blind $0.50
AlexEliseev7: posts big blind $1
chirva007: sits out 
*** HOLE CARDS ***
JoeBlack_MS: raises $1 to $2
Lidas585: raises $5 to $7
BadenBadenPH: folds 
antey89: folds 
AlexEliseev7: folds 
JoeBlack_MS: folds 
Uncalled bet ($5) returned to Lidas585
Lidas585 collected $5.50 from pot
Lidas585: doesn't show hand 
*** SUMMARY ***
Total pot $5.50 | Rake $0 
Seat 2: chirva007
Seat 1: Lidas585 collected ($5.50)
Seat 3: BadenBadenPH (button) folded before Flop (didn't bet)
Seat 4: antey89 (small blind) folded before Flop
Seat 5: AlexEliseev7 (big blind) folded before Flop
Seat 6: JoeBlack_MS folded before Flop



PokerStars Hand #254363379962:  Hold'em No Limit ($0.50/$1.00 USD) - 2025/01/14 9:28:26 WET [2025/01/14 4:28:26 ET]
Table 'Carlova III' 6-max Seat #4 is the button
Seat 2: chirva007 ($100 in chips) is sitting out
Seat 1: Lidas585 ($103.50 in chips) 
Seat 3: BadenBadenPH ($202.76 in chips) 
Seat 4: antey89 ($101.64 in chips) 
Seat 5: AlexEliseev7 ($100 in chips) 
Seat 6: JoeBlack_MS ($337.29 in chips) 
AlexEliseev7: posts small blind $0.50
JoeBlack_MS: posts big blind $1
chirva007: sits out 
*** HOLE CARDS ***
Lidas585: folds 
BadenBadenPH: folds 
antey89: raises $1.30 to $2.30
AlexEliseev7: folds 
JoeBlack_MS: calls $1.30
*** FLOP *** [Qc 6c 3c]
JoeBlack_MS: checks 
antey89: bets $1
JoeBlack_MS: folds 
Uncalled bet ($1) returned to antey89
antey89 collected $4.84 from pot
antey89: doesn't show hand 
*** SUMMARY ***
Total pot $5.10 | Rake $0.26 
Board [Qc 6c 3c]
Seat 2: chirva007
Seat 1: Lidas585 folded before Flop (didn't bet)
Seat 3: BadenBadenPH folded before Flop (didn't bet)
Seat 4: antey89 (button) collected ($4.84)
Seat 5: AlexEliseev7 (small blind) folded before Flop
Seat 6: JoeBlack_MS (big blind) folded on the Flop



PokerStars Hand #254363383904:  Hold'em No Limit ($0.50/$1.00 USD) - 2025/01/14 9:29:08 WET [2025/01/14 4:29:08 ET]
Table 'Carlova III' 6-max Seat #5 is the button
Seat 2: chirva007 ($100 in chips) is sitting out
Seat 1: Lidas585 ($103.50 in chips) 
Seat 3: BadenBadenPH ($202.76 in chips) 
Seat 4: antey89 ($104.18 in chips) 
Seat 5: AlexEliseev7 ($100 in chips) 
Seat 6: JoeBlack_MS ($334.99 in chips) 
JoeBlack_MS: posts small blind $0.50
Lidas585: posts big blind $1
chirva007: sits out 
*** HOLE CARDS ***
BadenBadenPH: folds 
antey89: folds 
AlexEliseev7: folds 
JoeBlack_MS: folds 
Uncalled bet ($0.50) returned to Lidas585
Lidas585 collected $1 from pot
Lidas585: doesn't show hand 
*** SUMMARY ***
Total pot $1 | Rake $0 
Seat 2: chirva007
Seat 1: Lidas585 (big blind) collected ($1)
Seat 3: BadenBadenPH folded before Flop (didn't bet)
Seat 4: antey89 folded before Flop (didn't bet)
Seat 5: AlexEliseev7 (button) folded before Flop (didn't bet)
Seat 6: JoeBlack_MS (small blind) folded before Flop



PokerStars Hand #254363385339:  Hold'em No Limit ($0.50/$1.00 USD) - 2025/01/14 9:29:24 WET [2025/01/14 4:29:24 ET]
Table 'Carlova III' 6-max Seat #6 is the button
Seat 1: Lidas585 ($104 in chips) 
Seat 2: chirva007 ($100 in chips) 
Seat 3: BadenBadenPH ($202.76 in chips) 
Seat 4: antey89 ($104.18 in chips) 
Seat 5: AlexEliseev7 ($100 in chips) 
Seat 6: JoeBlack_MS ($334.49 in chips) 
Lidas585: posts small blind $0.50
chirva007: posts big blind $1
*** HOLE CARDS ***
BadenBadenPH: raises $1 to $2
antey89: folds 
AlexEliseev7: raises $5.50 to $7.50
JoeBlack_MS: folds 
Lidas585: folds 
chirva007: folds 
BadenBadenPH: calls $5.50
*** FLOP *** [Ah 8c 3c]
BadenBadenPH: checks 
AlexEliseev7: bets $5.17
BadenBadenPH: folds 
Uncalled bet ($5.17) returned to AlexEliseev7
AlexEliseev7 collected $15.68 from pot
AlexEliseev7: doesn't show hand 
*** SUMMARY ***
Total pot $16.50 | Rake $0.82 
Board [Ah 8c 3c]
Seat 1: Lidas585 (small blind) folded before Flop
Seat 2: chirva007 (big blind) folded before Flop
Seat 3: BadenBadenPH folded on the Flop
Seat 4: antey89 folded before Flop (didn't bet)
Seat 5: AlexEliseev7 collected ($15.68)
Seat 6: JoeBlack_MS (button) folded before Flop (didn't bet)



PokerStars Hand #254363389849:  Hold'em No Limit ($0.50/$1.00 USD) - 2025/01/14 9:30:12 WET [2025/01/14 4:30:12 ET]
Table 'Carlova III' 6-max Seat #1 is the button
Seat 1: Lidas585 ($103.50 in chips) 
Seat 2: chirva007 ($100 in chips) 
Seat 3: BadenBadenPH ($195.26 in chips) 
Seat 4: antey89 ($104.18 in chips) 
Seat 5: AlexEliseev7 ($108.18 in chips) 
Seat 6: JoeBlack_MS ($334.49 in chips) 
chirva007: posts small blind $0.50
BadenBadenPH: posts big blind $1
*** HOLE CARDS ***
antey89: folds 
AlexEliseev7: folds 
JoeBlack_MS: raises $1.30 to $2.30
Lidas585: folds 
chirva007: folds 
BadenBadenPH has timed out
BadenBadenPH: folds 
Uncalled bet ($1.30) returned to JoeBlack_MS
BadenBadenPH is disconnected 
JoeBlack_MS collected $2.50 from pot
JoeBlack_MS: doesn't show hand 
*** SUMMARY ***
Total pot $2.50 | Rake $0 
Seat 1: Lidas585 (button) folded before Flop (didn't bet)
Seat 2: chirva007 (small blind) folded before Flop
Seat 3: BadenBadenPH (big blind) folded before Flop
Seat 4: antey89 folded before Flop (didn't bet)
Seat 5: AlexEliseev7 folded before Flop (didn't bet)
Seat 6: JoeBlack_MS collected ($2.50)



PokerStars Hand #254363393985:  Hold'em No Limit ($0.50/$1.00 USD) - 2025/01/14 9:30:54 WET [2025/01/14 4:30:54 ET]
Table 'Carlova III' 6-max Seat #2 is the button
Seat 3: BadenBadenPH ($194.26 in chips) is sitting out
Seat 1: Lidas585 ($103.50 in chips) 
Seat 2: chirva007 ($100 in chips) 
Seat 4: antey89 ($104.18 in chips) 
Seat 5: AlexEliseev7 ($108.18 in chips) 
Seat 6: JoeBlack_MS ($335.99 in chips) 
antey89: posts small blind $0.50
AlexEliseev7: posts big blind $1
*** HOLE CARDS ***
JoeBlack_MS: raises $1 to $2
Lidas585: folds 
chirva007: folds 
antey89: folds 
AlexEliseev7: raises $10 to $12
JoeBlack_MS: folds 
Uncalled bet ($10) returned to AlexEliseev7
AlexEliseev7 collected $4.50 from pot
AlexEliseev7: doesn't show hand 
*** SUMMARY ***
Total pot $4.50 | Rake $0 
Seat 3: BadenBadenPH
Seat 1: Lidas585 folded before Flop (didn't bet)
Seat 2: chirva007 (button) folded before Flop (didn't bet)
Seat 4: antey89 (small blind) folded before Flop
Seat 5: AlexEliseev7 (big blind) collected ($4.50)
Seat 6: JoeBlack_MS folded before Flop



PokerStars Hand #254363395881:  Hold'em No Limit ($0.50/$1.00 USD) - 2025/01/14 9:31:15 WET [2025/01/14 4:31:15 ET]
Table 'Carlova III' 6-max Seat #4 is the button
Seat 3: BadenBadenPH ($194.26 in chips) is sitting out
Seat 1: Lidas585 ($103.50 in chips) 
Seat 2: chirva007 ($100 in chips) 
Seat 4: antey89 ($103.68 in chips) 
Seat 5: AlexEliseev7 ($110.68 in chips) 
Seat 6: JoeBlack_MS ($333.99 in chips) 
AlexEliseev7: posts small blind $0.50
JoeBlack_MS: posts big blind $1
*** HOLE CARDS ***
Lidas585: folds 
chirva007: folds 
antey89: folds 
AlexEliseev7: folds 
Uncalled bet ($0.50) returned to JoeBlack_MS
JoeBlack_MS collected $1 from pot
JoeBlack_MS: doesn't show hand 
*** SUMMARY ***
Total pot $1 | Rake $0 
Seat 3: BadenBadenPH
Seat 1: Lidas585 folded before Flop (didn't bet)
Seat 2: chirva007 folded before Flop (didn't bet)
Seat 4: antey89 (button) folded before Flop (didn't bet)
Seat 5: AlexEliseev7 (small blind) folded before Flop
Seat 6: JoeBlack_MS (big blind) collected ($1)



PokerStars Hand #254363397983:  Hold'em No Limit ($0.50/$1.00 USD) - 2025/01/14 9:31:38 WET [2025/01/14 4:31:38 ET]
Table 'Carlova III' 6-max Seat #5 is the button
Seat 3: BadenBadenPH ($194.26 in chips) is sitting out
Seat 1: Lidas585 ($103.50 in chips) 
Seat 2: chirva007 ($100 in chips) 
Seat 4: antey89 ($103.68 in chips) 
Seat 5: AlexEliseev7 ($110.18 in chips) 
Seat 6: JoeBlack_MS ($334.49 in chips) 
JoeBlack_MS: posts small blind $0.50
Lidas585: posts big blind $1
*** HOLE CARDS ***
chirva007: folds 
BadenBadenPH is disconnected 
antey89: folds 
AlexEliseev7: raises $1.50 to $2.50
JoeBlack_MS: folds 
Lidas585: folds 
Uncalled bet ($1.50) returned to AlexEliseev7
AlexEliseev7 collected $2.50 from pot
AlexEliseev7: doesn't show hand 
*** SUMMARY ***
Total pot $2.50 | Rake $0 
Seat 3: BadenBadenPH
Seat 1: Lidas585 (big blind) folded before Flop
Seat 2: chirva007 folded before Flop (didn't bet)
Seat 4: antey89 folded before Flop (didn't bet)
Seat 5: AlexEliseev7 (button) collected ($2.50)
Seat 6: JoeBlack_MS (small blind) folded before Flop



PokerStars Hand #254363399177:  Hold'em No Limit ($0.50/$1.00 USD) - 2025/01/14 9:31:50 WET [2025/01/14 4:31:50 ET]
Table 'Carlova III' 6-max Seat #6 is the button
Seat 3: BadenBadenPH ($194.26 in chips) is sitting out
Seat 1: Lidas585 ($102.50 in chips) 
Seat 2: chirva007 ($100 in chips) 
Seat 4: antey89 ($103.68 in chips) 
Seat 5: AlexEliseev7 ($111.68 in chips) 
Seat 6: JoeBlack_MS ($333.99 in chips) 
Lidas585: posts small blind $0.50
chirva007: posts big blind $1
*** HOLE CARDS ***
antey89: folds 
AlexEliseev7: folds 
JoeBlack_MS: folds 
Lidas585: folds 
Uncalled bet ($0.50) returned to chirva007
chirva007 collected $1 from pot
chirva007: doesn't show hand 
*** SUMMARY ***
Total pot $1 | Rake $0 
Seat 3: BadenBadenPH
Seat 1: Lidas585 (small blind) folded before Flop
Seat 2: chirva007 (big blind) collected ($1)
Seat 4: antey89 folded before Flop (didn't bet)
Seat 5: AlexEliseev7 folded before Flop (didn't bet)
Seat 6: JoeBlack_MS (button) folded before Flop (didn't bet)



PokerStars Hand #254363400074:  Hold'em No Limit ($0.50/$1.00 USD) - 2025/01/14 9:31:59 WET [2025/01/14 4:31:59 ET]
Table 'Carlova III' 6-max Seat #1 is the button
Seat 3: BadenBadenPH ($194.26 in chips) is sitting out
Seat 1: Lidas585 ($102 in chips) 
Seat 2: chirva007 ($100.50 in chips) 
Seat 4: antey89 ($103.68 in chips) 
Seat 5: AlexEliseev7 ($111.68 in chips) 
Seat 6: JoeBlack_MS ($333.99 in chips) 
chirva007: posts small blind $0.50
antey89: posts big blind $1
*** HOLE CARDS ***
AlexEliseev7: raises $1.50 to $2.50
JoeBlack_MS: folds 
Lidas585: folds 
chirva007: folds 
antey89: folds 
Uncalled bet ($1.50) returned to AlexEliseev7
AlexEliseev7 collected $2.50 from pot
AlexEliseev7: doesn't show hand 
*** SUMMARY ***
Total pot $2.50 | Rake $0 
Seat 3: BadenBadenPH
Seat 1: Lidas585 (button) folded before Flop (didn't bet)
Seat 2: chirva007 (small blind) folded before Flop
Seat 4: antey89 (big blind) folded before Flop
Seat 5: AlexEliseev7 collected ($2.50)
Seat 6: JoeBlack_MS folded before Flop (didn't bet)



PokerStars Hand #254363401330:  Hold'em No Limit ($0.50/$1.00 USD) - 2025/01/14 9:32:12 WET [2025/01/14 4:32:12 ET]
Table 'Carlova III' 6-max Seat #2 is the button
Seat 3: BadenBadenPH ($194.26 in chips) is sitting out
Seat 1: Lidas585 ($102 in chips) 
Seat 2: chirva007 ($100 in chips) 
Seat 4: antey89 ($102.68 in chips) 
Seat 5: AlexEliseev7 ($113.18 in chips) 
Seat 6: JoeBlack_MS ($333.99 in chips) 
antey89: posts small blind $0.50
AlexEliseev7: posts big blind $1
*** HOLE CARDS ***
JoeBlack_MS: folds 
Lidas585: folds 
chirva007: folds 
antey89: raises $2 to $3
AlexEliseev7: calls $2
*** FLOP *** [Js As 9h]
antey89: checks 
AlexEliseev7: checks 
*** TURN *** [Js As 9h] [3c]
antey89: checks 
AlexEliseev7: checks 
*** RIVER *** [Js As 9h 3c] [8d]
antey89: checks 
AlexEliseev7: checks 
*** SHOW DOWN ***
antey89: shows [5d 7d] (high card Ace)
AlexEliseev7: shows [9c 7c] (a pair of Nines)
AlexEliseev7 collected $5.70 from pot
*** SUMMARY ***
Total pot $6 | Rake $0.30 
Board [Js As 9h 3c 8d]
Seat 3: BadenBadenPH
Seat 1: Lidas585 folded before Flop (didn't bet)
Seat 2: chirva007 (button) folded before Flop (didn't bet)
Seat 4: antey89 (small blind) showed [5d 7d] and lost with high card Ace
Seat 5: AlexEliseev7 (big blind) showed [9c 7c] and won ($5.70) with a pair of Nines
Seat 6: JoeBlack_MS folded before Flop (didn't bet)



PokerStars Hand #254363407409:  Hold'em No Limit ($0.50/$1.00 USD) - 2025/01/14 9:33:14 WET [2025/01/14 4:33:14 ET]
Table 'Carlova III' 6-max Seat #4 is the button
Seat 3: BadenBadenPH ($194.26 in chips) is sitting out
Seat 1: Lidas585 ($102 in chips) 
Seat 2: chirva007 ($100 in chips) 
Seat 4: antey89 ($100 in chips) 
Seat 5: AlexEliseev7 ($115.88 in chips) 
Seat 6: JoeBlack_MS ($333.99 in chips) 
AlexEliseev7: posts small blind $0.50
JoeBlack_MS: posts big blind $1
*** HOLE CARDS ***
BadenBadenPH is disconnected 
Lidas585: raises $1.10 to $2.10
chirva007: folds 
antey89: raises $4.90 to $7
AlexEliseev7: folds 
JoeBlack_MS: raises $13.50 to $20.50
Lidas585: folds 
antey89: folds 
Uncalled bet ($13.50) returned to JoeBlack_MS
JoeBlack_MS collected $16.60 from pot
JoeBlack_MS: doesn't show hand 
*** SUMMARY ***
Total pot $16.60 | Rake $0 
Seat 3: BadenBadenPH
Seat 1: Lidas585 folded before Flop
Seat 2: chirva007 folded before Flop (didn't bet)
Seat 4: antey89 (button) folded before Flop
Seat 5: AlexEliseev7 (small blind) folded before Flop
Seat 6: JoeBlack_MS (big blind) collected ($16.60)



PokerStars Hand #254363412367:  Hold'em No Limit ($0.50/$1.00 USD) - 2025/01/14 9:34:05 WET [2025/01/14 4:34:05 ET]
Table 'Carlova III' 6-max Seat #5 is the button
Seat 3: BadenBadenPH ($194.26 in chips) is sitting out
Seat 1: Lidas585 ($100 in chips) 
Seat 2: chirva007 ($100 in chips) 
Seat 4: antey89 ($100 in chips) 
Seat 5: AlexEliseev7 ($115.38 in chips) 
Seat 6: JoeBlack_MS ($343.59 in chips) 
JoeBlack_MS: posts small blind $0.50
Lidas585: posts big blind $1
*** HOLE CARDS ***
chirva007: folds 
antey89: folds 
BadenBadenPH is disconnected 
AlexEliseev7: raises $1.50 to $2.50
JoeBlack_MS: folds 
Lidas585: calls $1.50
*** FLOP *** [4d 9c 6c]
Lidas585: checks 
AlexEliseev7: checks 
*** TURN *** [4d 9c 6c] [8s]
Lidas585: bets $2.09
AlexEliseev7: folds 
Uncalled bet ($2.09) returned to Lidas585
Lidas585 collected $5.22 from pot
Lidas585: doesn't show hand 
*** SUMMARY ***
Total pot $5.50 | Rake $0.28 
Board [4d 9c 6c 8s]
Seat 3: BadenBadenPH
Seat 1: Lidas585 (big blind) collected ($5.22)
Seat 2: chirva007 folded before Flop (didn't bet)
Seat 4: antey89 folded before Flop (didn't bet)
Seat 5: AlexEliseev7 (button) folded on the Turn
Seat 6: JoeBlack_MS (small blind) folded before Flop



PokerStars Hand #254363418114:  Hold'em No Limit ($0.50/$1.00 USD) - 2025/01/14 9:35:04 WET [2025/01/14 4:35:04 ET]
Table 'Carlova III' 6-max Seat #6 is the button
Seat 3: BadenBadenPH ($194.26 in chips) is sitting out
Seat 1: Lidas585 ($102.72 in chips) 
Seat 2: chirva007 ($100 in chips) 
Seat 4: antey89 ($100 in chips) 
Seat 5: AlexEliseev7 ($112.88 in chips) 
Seat 6: JoeBlack_MS ($343.09 in chips) 
Lidas585: posts small blind $0.50
chirva007: posts big blind $1
*** HOLE CARDS ***
antey89: folds 
AlexEliseev7: folds 
JoeBlack_MS: raises $1.50 to $2.50
Lidas585: folds 
chirva007: folds 
Uncalled bet ($1.50) returned to JoeBlack_MS
JoeBlack_MS collected $2.50 from pot
JoeBlack_MS: doesn't show hand 
*** SUMMARY ***
Total pot $2.50 | Rake $0 
Seat 3: BadenBadenPH
Seat 1: Lidas585 (small blind) folded before Flop
Seat 2: chirva007 (big blind) folded before Flop
Seat 4: antey89 folded before Flop (didn't bet)
Seat 5: AlexEliseev7 folded before Flop (didn't bet)
Seat 6: JoeBlack_MS (button) collected ($2.50)



PokerStars Hand #254363419474:  Hold'em No Limit ($0.50/$1.00 USD) - 2025/01/14 9:35:18 WET [2025/01/14 4:35:18 ET]
Table 'Carlova III' 6-max Seat #1 is the button
Seat 3: BadenBadenPH ($194.26 in chips) is sitting out
Seat 1: Lidas585 ($102.22 in chips) 
Seat 2: chirva007 ($100 in chips) 
Seat 4: antey89 ($100 in chips) 
Seat 5: AlexEliseev7 ($112.88 in chips) 
Seat 6: JoeBlack_MS ($344.59 in chips) 
chirva007: posts small blind $0.50
antey89: posts big blind $1
*** HOLE CARDS ***
AlexEliseev7: folds 
JoeBlack_MS: raises $1.30 to $2.30
Lidas585: folds 
chirva007: folds 
antey89: folds 
Uncalled bet ($1.30) returned to JoeBlack_MS
JoeBlack_MS collected $2.50 from pot
JoeBlack_MS: doesn't show hand 
*** SUMMARY ***
Total pot $2.50 | Rake $0 
Seat 3: BadenBadenPH
Seat 1: Lidas585 (button) folded before Flop (didn't bet)
Seat 2: chirva007 (small blind) folded before Flop
Seat 4: antey89 (big blind) folded before Flop
Seat 5: AlexEliseev7 folded before Flop (didn't bet)
Seat 6: JoeBlack_MS collected ($2.50)



PokerStars Hand #254363420592:  Hold'em No Limit ($0.50/$1.00 USD) - 2025/01/14 9:35:29 WET [2025/01/14 4:35:29 ET]
Table 'Carlova III' 6-max Seat #2 is the button
Seat 3: BadenBadenPH ($194.26 in chips) is sitting out
Seat 1: Lidas585 ($102.22 in chips) 
Seat 2: chirva007 ($100 in chips) 
Seat 4: antey89 ($100 in chips) 
Seat 5: AlexEliseev7 ($112.88 in chips) 
Seat 6: JoeBlack_MS ($346.09 in chips) 
antey89: posts small blind $0.50
AlexEliseev7: posts big blind $1
*** HOLE CARDS ***
JoeBlack_MS: folds 
Lidas585: raises $1.30 to $2.30
chirva007: folds 
antey89: folds 
AlexEliseev7: folds 
Uncalled bet ($1.30) returned to Lidas585
Lidas585 collected $2.50 from pot
Lidas585: doesn't show hand 
*** SUMMARY ***
Total pot $2.50 | Rake $0 
Seat 3: BadenBadenPH
Seat 1: Lidas585 collected ($2.50)
Seat 2: chirva007 (button) folded before Flop (didn't bet)
Seat 4: antey89 (small blind) folded before Flop
Seat 5: AlexEliseev7 (big blind) folded before Flop
Seat 6: JoeBlack_MS folded before Flop (didn't bet)



PokerStars Hand #254363421818:  Hold'em No Limit ($0.50/$1.00 USD) - 2025/01/14 9:35:42 WET [2025/01/14 4:35:42 ET]
Table 'Carlova III' 6-max Seat #4 is the button
Seat 3: BadenBadenPH ($194.26 in chips) is sitting out
Seat 6: JoeBlack_MS ($346.09 in chips) is sitting out
Seat 1: Lidas585 ($103.72 in chips) 
Seat 2: chirva007 ($100 in chips) 
Seat 4: antey89 ($100 in chips) 
Seat 5: AlexEliseev7 ($111.88 in chips) 
AlexEliseev7: posts small blind $0.50
JoeBlack_MS: is sitting out 
Lidas585: posts big blind $1
*** HOLE CARDS ***
chirva007: raises $1.50 to $2.50
antey89: folds 
AlexEliseev7: folds 
Lidas585: raises $9.50 to $12
chirva007: calls $9.50
*** FLOP *** [5s 3s 5h]
BadenBadenPH is disconnected 
Lidas585: bets $13.34
chirva007: calls $13.34
*** TURN *** [5s 3s 5h] [3d]
Lidas585: checks 
chirva007: checks 
*** RIVER *** [5s 3s 5h 3d] [8c]
Lidas585: checks 
chirva007: checks 
*** SHOW DOWN ***
Lidas585: shows [Kc Qh] (two pair, Fives and Threes)
chirva007: shows [Qd As] (two pair, Fives and Threes - Ace kicker)
chirva007 collected $50.18 from pot
*** SUMMARY ***
Total pot $51.18 | Rake $1 
Board [5s 3s 5h 3d 8c]
Seat 3: BadenBadenPH
Seat 6: JoeBlack_MS
Seat 1: Lidas585 (big blind) showed [Kc Qh] and lost with two pair, Fives and Threes
Seat 2: chirva007 showed [Qd As] and won ($50.18) with two pair, Fives and Threes
Seat 4: antey89 (button) folded before Flop (didn't bet)
Seat 5: AlexEliseev7 (small blind) folded before Flop



PokerStars Hand #254363427309:  Hold'em No Limit ($0.50/$1.00 USD) - 2025/01/14 9:36:38 WET [2025/01/14 4:36:38 ET]
Table 'Carlova III' 6-max Seat #5 is the button
Seat 2: chirva007 ($124.84 in chips) is sitting out
Seat 3: BadenBadenPH ($194.26 in chips) is sitting out
Seat 6: JoeBlack_MS ($346.09 in chips) is sitting out
Seat 1: Lidas585 ($100 in chips) 
Seat 4: antey89 ($100 in chips) 
Seat 5: AlexEliseev7 ($111.38 in chips) 
Lidas585: posts small blind $0.50
chirva007: is sitting out 
antey89: posts big blind $1
*** HOLE CARDS ***
JoeBlack_MS leaves the table
AlexEliseev7: raises $1.50 to $2.50
Lidas585: folds 
antey89: calls $1.50
*** FLOP *** [Qh Kc 2d]
chirva007 leaves the table
antey89: checks 
AlexEliseev7: bets $1.72
BadenBadenPH is disconnected 
antey89: folds 
Uncalled bet ($1.72) returned to AlexEliseev7
AlexEliseev7 collected $5.22 from pot
BadenBadenPH leaves the table
AlexEliseev7: doesn't show hand 
*** SUMMARY ***
Total pot $5.50 | Rake $0.28 
Board [Qh Kc 2d]
Seat 2: chirva007
Seat 3: BadenBadenPH
Seat 6: JoeBlack_MS
Seat 1: Lidas585 (small blind) folded before Flop
Seat 4: antey89 (big blind) folded on the Flop
Seat 5: AlexEliseev7 (button) collected ($5.22)



