PokerStars Hand #254375204402:  Hold'em No Limit ($0.50/$1.00 USD) - 2025/01/14 23:45:30 WET [2025/01/14 18:45:30 ET]
Table 'Thisbe III' 6-max Seat #4 is the button
Seat 2: pipza05 ($50.69 in chips) 
Seat 3: ReVeu710 ($100 in chips) 
Seat 4: equilibrium_tv ($40 in chips) 
Seat 5: AndreaBsAs ($100 in chips) 
AndreaBsAs is connected 
AndreaBsAs: posts small blind $0.50
pipza05: posts big blind $1
*** HOLE CARDS ***
MaRKiToScoK joins the table at seat #6 
ReVeu710: folds 
equilibrium_tv: raises $1 to $2
roch764 joins the table at seat #1 
AndreaBsAs: folds 
pipza05: folds 
Uncalled bet ($1) returned to equilibrium_tv
equilibrium_tv collected $2.50 from pot
*** SUMMARY ***
Total pot $2.50 | Rake $0 
Seat 2: pipza05 (big blind) folded before Flop
Seat 3: ReVeu710 folded before Flop (didn't bet)
Seat 4: equilibrium_tv (button) collected ($2.50)
Seat 5: AndreaBsAs (small blind) folded before Flop



PokerStars Hand #254375209754:  Hold'em No Limit ($0.50/$1.00 USD) - 2025/01/14 23:45:52 WET [2025/01/14 18:45:52 ET]
Table 'Thisbe III' 6-max Seat #5 is the button
Seat 1: roch764 ($40 in chips) is sitting out
Seat 6: MaRKiToScoK ($100 in chips) is sitting out
Seat 2: pipza05 ($49.69 in chips) 
Seat 3: ReVeu710 ($100 in chips) 
Seat 4: equilibrium_tv ($41.50 in chips) 
Seat 5: AndreaBsAs ($100 in chips) 
pipza05: posts small blind $0.50
ReVeu710: posts big blind $1
*** HOLE CARDS ***
equilibrium_tv: folds 
AndreaBsAs: folds 
pipza05: folds 
Uncalled bet ($0.50) returned to ReVeu710
ReVeu710 collected $1 from pot
ReVeu710: doesn't show hand 
*** SUMMARY ***
Total pot $1 | Rake $0 
Seat 1: roch764
Seat 6: MaRKiToScoK
Seat 2: pipza05 (small blind) folded before Flop
Seat 3: ReVeu710 (big blind) collected ($1)
Seat 4: equilibrium_tv folded before Flop (didn't bet)
Seat 5: AndreaBsAs (button) folded before Flop (didn't bet)



PokerStars Hand #254375212580:  Hold'em No Limit ($0.50/$1.00 USD) - 2025/01/14 23:46:04 WET [2025/01/14 18:46:04 ET]
Table 'Thisbe III' 6-max Seat #2 is the button
Seat 1: roch764 ($40 in chips) is sitting out
Seat 6: MaRKiToScoK ($100 in chips) is sitting out
Seat 2: pipza05 ($49.19 in chips) 
Seat 3: ReVeu710 ($100.50 in chips) 
Seat 4: equilibrium_tv ($41.50 in chips) 
Seat 5: AndreaBsAs ($100 in chips) 
ReVeu710: posts small blind $0.50
equilibrium_tv: posts big blind $1
MaRKiToScoK: sits out 
roch764: sits out 
*** HOLE CARDS ***
AndreaBsAs: folds 
pipza05: folds 
ReVeu710: raises $2 to $3
equilibrium_tv: raises $5 to $8
ReVeu710: folds 
Uncalled bet ($5) returned to equilibrium_tv
equilibrium_tv collected $6 from pot
*** SUMMARY ***
Total pot $6 | Rake $0 
Seat 1: roch764
Seat 6: MaRKiToScoK
Seat 2: pipza05 (button) folded before Flop (didn't bet)
Seat 3: ReVeu710 (small blind) folded before Flop
Seat 4: equilibrium_tv (big blind) collected ($6)
Seat 5: AndreaBsAs folded before Flop (didn't bet)



PokerStars Hand #254375217896:  Hold'em No Limit ($0.50/$1.00 USD) - 2025/01/14 23:46:26 WET [2025/01/14 18:46:26 ET]
Table 'Thisbe III' 6-max Seat #3 is the button
Seat 1: roch764 ($40 in chips) is sitting out
Seat 6: MaRKiToScoK ($100 in chips) is sitting out
Seat 2: pipza05 ($49.19 in chips) 
Seat 3: ReVeu710 ($100 in chips) 
Seat 4: equilibrium_tv ($44.50 in chips) 
Seat 5: AndreaBsAs ($100 in chips) 
equilibrium_tv: posts small blind $0.50
AndreaBsAs: posts big blind $1
MaRKiToScoK: sits out 
roch764: sits out 
*** HOLE CARDS ***
pipza05: folds 
ReVeu710: folds 
equilibrium_tv: raises $2 to $3
AndreaBsAs: folds 
Uncalled bet ($2) returned to equilibrium_tv
equilibrium_tv collected $2 from pot
*** SUMMARY ***
Total pot $2 | Rake $0 
Seat 1: roch764
Seat 6: MaRKiToScoK
Seat 2: pipza05 folded before Flop (didn't bet)
Seat 3: ReVeu710 (button) folded before Flop (didn't bet)
Seat 4: equilibrium_tv (small blind) collected ($2)
Seat 5: AndreaBsAs (big blind) folded before Flop



PokerStars Hand #254375221684:  Hold'em No Limit ($0.50/$1.00 USD) - 2025/01/14 23:46:42 WET [2025/01/14 18:46:42 ET]
Table 'Thisbe III' 6-max Seat #4 is the button
Seat 1: roch764 ($40 in chips) is sitting out
Seat 2: pipza05 ($49.19 in chips) 
Seat 3: ReVeu710 ($100 in chips) 
Seat 4: equilibrium_tv ($45.50 in chips) 
Seat 5: AndreaBsAs ($100 in chips) 
Seat 6: MaRKiToScoK ($100 in chips) 
AndreaBsAs: posts small blind $0.50
MaRKiToScoK: posts big blind $1
roch764: sits out 
*** HOLE CARDS ***
pipza05: calls $1
ReVeu710: folds 
equilibrium_tv: folds 
AndreaBsAs: folds 
MaRKiToScoK: raises $2.50 to $3.50
pipza05: raises $2.50 to $6
MaRKiToScoK: calls $2.50
*** FLOP *** [9d 5s Jh]
MaRKiToScoK: checks 
pipza05: checks 
*** TURN *** [9d 5s Jh] [Jc]
MaRKiToScoK: checks 
pipza05: checks 
*** RIVER *** [9d 5s Jh Jc] [Qd]
MaRKiToScoK: bets $3.92
pipza05: raises $9.86 to $13.78
MaRKiToScoK: folds 
Uncalled bet ($9.86) returned to pipza05
pipza05 collected $19.06 from pot
*** SUMMARY ***
Total pot $20.34 | Rake $1.28 
Board [9d 5s Jh Jc Qd]
Seat 1: roch764
Seat 2: pipza05 collected ($19.06)
Seat 3: ReVeu710 folded before Flop (didn't bet)
Seat 4: equilibrium_tv (button) folded before Flop (didn't bet)
Seat 5: AndreaBsAs (small blind) folded before Flop
Seat 6: MaRKiToScoK (big blind) folded on the River



PokerStars Hand #254375238680:  Hold'em No Limit ($0.50/$1.00 USD) - 2025/01/14 23:47:53 WET [2025/01/14 18:47:53 ET]
Table 'Thisbe III' 6-max Seat #5 is the button
Seat 1: roch764 ($40 in chips) 
Seat 2: pipza05 ($58.33 in chips) 
Seat 3: ReVeu710 ($100 in chips) 
Seat 4: equilibrium_tv ($45.50 in chips) 
Seat 5: AndreaBsAs ($100 in chips) 
Seat 6: MaRKiToScoK ($100 in chips) 
MaRKiToScoK: posts small blind $0.50
roch764: posts big blind $1
*** HOLE CARDS ***
pipza05: folds 
ReVeu710: folds 
equilibrium_tv: raises $1 to $2
AndreaBsAs: raises $5 to $7
MaRKiToScoK: folds 
roch764: folds 
equilibrium_tv: folds 
Uncalled bet ($5) returned to AndreaBsAs
AndreaBsAs collected $5.50 from pot
*** SUMMARY ***
Total pot $5.50 | Rake $0 
Seat 1: roch764 (big blind) folded before Flop
Seat 2: pipza05 folded before Flop (didn't bet)
Seat 3: ReVeu710 folded before Flop (didn't bet)
Seat 4: equilibrium_tv folded before Flop
Seat 5: AndreaBsAs (button) collected ($5.50)
Seat 6: MaRKiToScoK (small blind) folded before Flop



PokerStars Hand #254375244585:  Hold'em No Limit ($0.50/$1.00 USD) - 2025/01/14 23:48:18 WET [2025/01/14 18:48:18 ET]
Table 'Thisbe III' 6-max Seat #6 is the button
Seat 1: roch764 ($39 in chips) 
Seat 2: pipza05 ($58.33 in chips) 
Seat 3: ReVeu710 ($100 in chips) 
Seat 4: equilibrium_tv ($43.50 in chips) 
Seat 5: AndreaBsAs ($103.50 in chips) 
Seat 6: MaRKiToScoK ($100 in chips) 
roch764: posts small blind $0.50
pipza05: posts big blind $1
*** HOLE CARDS ***
ReVeu710: folds 
equilibrium_tv: folds 
AndreaBsAs: raises $1.50 to $2.50
MaRKiToScoK: folds 
roch764: folds 
ReVeu710 leaves the table
pipza05: folds 
Uncalled bet ($1.50) returned to AndreaBsAs
AndreaBsAs collected $2.50 from pot
franco232315 joins the table at seat #3 
*** SUMMARY ***
Total pot $2.50 | Rake $0 
Seat 1: roch764 (small blind) folded before Flop
Seat 2: pipza05 (big blind) folded before Flop
Seat 3: ReVeu710 folded before Flop (didn't bet)
Seat 4: equilibrium_tv folded before Flop (didn't bet)
Seat 5: AndreaBsAs collected ($2.50)
Seat 6: MaRKiToScoK (button) folded before Flop (didn't bet)



PokerStars Hand #254375249183:  Hold'em No Limit ($0.50/$1.00 USD) - 2025/01/14 23:48:37 WET [2025/01/14 18:48:37 ET]
Table 'Thisbe III' 6-max Seat #1 is the button
Seat 1: roch764 ($38.50 in chips) 
Seat 2: pipza05 ($57.33 in chips) 
Seat 3: franco232315 ($80 in chips) 
Seat 4: equilibrium_tv ($43.50 in chips) 
Seat 5: AndreaBsAs ($105 in chips) 
Seat 6: MaRKiToScoK ($100 in chips) 
pipza05: posts small blind $0.50
franco232315: posts big blind $1
*** HOLE CARDS ***
equilibrium_tv: folds 
AndreaBsAs: folds 
MaRKiToScoK: raises $1.20 to $2.20
roch764: folds 
pipza05: folds 
franco232315: folds 
Uncalled bet ($1.20) returned to MaRKiToScoK
MaRKiToScoK collected $2.50 from pot
*** SUMMARY ***
Total pot $2.50 | Rake $0 
Seat 1: roch764 (button) folded before Flop (didn't bet)
Seat 2: pipza05 (small blind) folded before Flop
Seat 3: franco232315 (big blind) folded before Flop
Seat 4: equilibrium_tv folded before Flop (didn't bet)
Seat 5: AndreaBsAs folded before Flop (didn't bet)
Seat 6: MaRKiToScoK collected ($2.50)



PokerStars Hand #254375255433:  Hold'em No Limit ($0.50/$1.00 USD) - 2025/01/14 23:49:04 WET [2025/01/14 18:49:04 ET]
Table 'Thisbe III' 6-max Seat #2 is the button
Seat 1: roch764 ($38.50 in chips) 
Seat 2: pipza05 ($56.83 in chips) 
Seat 3: franco232315 ($100 in chips) 
Seat 4: equilibrium_tv ($43.50 in chips) 
Seat 5: AndreaBsAs ($105 in chips) 
Seat 6: MaRKiToScoK ($101.50 in chips) 
franco232315: posts small blind $0.50
equilibrium_tv: posts big blind $1
*** HOLE CARDS ***
AndreaBsAs: folds 
MaRKiToScoK: folds 
roch764: calls $1
pipza05: folds 
franco232315: calls $0.50
equilibrium_tv: checks 
*** FLOP *** [Qd 7d 6s]
franco232315: checks 
equilibrium_tv: checks 
roch764: bets $3
franco232315: folds 
equilibrium_tv: folds 
Uncalled bet ($3) returned to roch764
roch764 collected $2.85 from pot
roch764: doesn't show hand 
*** SUMMARY ***
Total pot $3 | Rake $0.15 
Board [Qd 7d 6s]
Seat 1: roch764 collected ($2.85)
Seat 2: pipza05 (button) folded before Flop (didn't bet)
Seat 3: franco232315 (small blind) folded on the Flop
Seat 4: equilibrium_tv (big blind) folded on the Flop
Seat 5: AndreaBsAs folded before Flop (didn't bet)
Seat 6: MaRKiToScoK folded before Flop (didn't bet)



PokerStars Hand #254375264507:  Hold'em No Limit ($0.50/$1.00 USD) - 2025/01/14 23:49:42 WET [2025/01/14 18:49:42 ET]
Table 'Thisbe III' 6-max Seat #3 is the button
Seat 1: roch764 ($40.35 in chips) 
Seat 2: pipza05 ($56.83 in chips) 
Seat 3: franco232315 ($100 in chips) 
Seat 4: equilibrium_tv ($42.50 in chips) 
Seat 5: AndreaBsAs ($105 in chips) 
Seat 6: MaRKiToScoK ($101.50 in chips) 
equilibrium_tv: posts small blind $0.50
AndreaBsAs: posts big blind $1
*** HOLE CARDS ***
MaRKiToScoK: folds 
roch764: folds 
pipza05: calls $1
franco232315: raises $3 to $4
equilibrium_tv: folds 
AndreaBsAs: calls $3
pipza05: calls $3
*** FLOP *** [7c 3d 8s]
AndreaBsAs: checks 
pipza05: bets $3
franco232315: raises $7 to $10
AndreaBsAs: folds 
pipza05: calls $7
*** TURN *** [7c 3d 8s] [Qd]
pipza05: checks 
franco232315: checks 
*** RIVER *** [7c 3d 8s Qd] [2h]
pipza05: bets $3
franco232315: calls $3
*** SHOW DOWN ***
pipza05: shows [9c 9d] (a pair of Nines)
franco232315: mucks hand 
pipza05 collected $36.10 from pot
*** SUMMARY ***
Total pot $38.50 | Rake $2.40 
Board [7c 3d 8s Qd 2h]
Seat 1: roch764 folded before Flop (didn't bet)
Seat 2: pipza05 showed [9c 9d] and won ($36.10) with a pair of Nines
Seat 3: franco232315 (button) mucked
Seat 4: equilibrium_tv (small blind) folded before Flop
Seat 5: AndreaBsAs (big blind) folded on the Flop
Seat 6: MaRKiToScoK folded before Flop (didn't bet)



PokerStars Hand #254375282640:  Hold'em No Limit ($0.50/$1.00 USD) - 2025/01/14 23:50:58 WET [2025/01/14 18:50:58 ET]
Table 'Thisbe III' 6-max Seat #4 is the button
Seat 1: roch764 ($40.35 in chips) 
Seat 2: pipza05 ($75.93 in chips) 
Seat 3: franco232315 ($100 in chips) 
Seat 4: equilibrium_tv ($42 in chips) 
Seat 5: AndreaBsAs ($101 in chips) 
Seat 6: MaRKiToScoK ($101.50 in chips) 
AndreaBsAs: posts small blind $0.50
MaRKiToScoK: posts big blind $1
*** HOLE CARDS ***
roch764: folds 
pipza05: calls $1
franco232315: folds 
equilibrium_tv: folds 
AndreaBsAs: folds 
MaRKiToScoK: checks 
*** FLOP *** [6c 2d Qs]
MaRKiToScoK: checks 
pipza05: checks 
*** TURN *** [6c 2d Qs] [Kh]
MaRKiToScoK: checks 
pipza05: checks 
*** RIVER *** [6c 2d Qs Kh] [Jd]
MaRKiToScoK: bets $2.50
pipza05: calls $2.50
*** SHOW DOWN ***
MaRKiToScoK: shows [Kd 8c] (a pair of Kings)
pipza05: mucks hand 
MaRKiToScoK collected $7.12 from pot
*** SUMMARY ***
Total pot $7.50 | Rake $0.38 
Board [6c 2d Qs Kh Jd]
Seat 1: roch764 folded before Flop (didn't bet)
Seat 2: pipza05 mucked
Seat 3: franco232315 folded before Flop (didn't bet)
Seat 4: equilibrium_tv (button) folded before Flop (didn't bet)
Seat 5: AndreaBsAs (small blind) folded before Flop
Seat 6: MaRKiToScoK (big blind) showed [Kd 8c] and won ($7.12) with a pair of Kings



PokerStars Hand #254375292407:  Hold'em No Limit ($0.50/$1.00 USD) - 2025/01/14 23:51:41 WET [2025/01/14 18:51:41 ET]
Table 'Thisbe III' 6-max Seat #5 is the button
Seat 1: roch764 ($40.35 in chips) 
Seat 2: pipza05 ($72.43 in chips) 
Seat 3: franco232315 ($100 in chips) 
Seat 4: equilibrium_tv ($42 in chips) 
Seat 5: AndreaBsAs ($100.50 in chips) 
Seat 6: MaRKiToScoK ($105.12 in chips) 
MaRKiToScoK: posts small blind $0.50
roch764: posts big blind $1
*** HOLE CARDS ***
pipza05: folds 
franco232315: folds 
equilibrium_tv: folds 
AndreaBsAs: folds 
MaRKiToScoK: calls $0.50
roch764: raises $39.35 to $40.35 and is all-in
MaRKiToScoK: folds 
Uncalled bet ($39.35) returned to roch764
roch764 collected $2 from pot
roch764: doesn't show hand 
*** SUMMARY ***
Total pot $2 | Rake $0 
Seat 1: roch764 (big blind) collected ($2)
Seat 2: pipza05 folded before Flop (didn't bet)
Seat 3: franco232315 folded before Flop (didn't bet)
Seat 4: equilibrium_tv folded before Flop (didn't bet)
Seat 5: AndreaBsAs (button) folded before Flop (didn't bet)
Seat 6: MaRKiToScoK (small blind) folded before Flop



PokerStars Hand #254375299257:  Hold'em No Limit ($0.50/$1.00 USD) - 2025/01/14 23:52:10 WET [2025/01/14 18:52:10 ET]
Table 'Thisbe III' 6-max Seat #6 is the button
Seat 1: roch764 ($41.35 in chips) 
Seat 2: pipza05 ($72.43 in chips) 
Seat 3: franco232315 ($100 in chips) 
Seat 4: equilibrium_tv ($42 in chips) 
Seat 5: AndreaBsAs ($100.50 in chips) 
Seat 6: MaRKiToScoK ($104.12 in chips) 
roch764: posts small blind $0.50
pipza05: posts big blind $1
*** HOLE CARDS ***
franco232315: folds 
equilibrium_tv: folds 
AndreaBsAs: raises $1.50 to $2.50
MaRKiToScoK: folds 
roch764: calls $2
pipza05: folds 
*** FLOP *** [Tc 4h 5d]
roch764: checks 
AndreaBsAs: bets $1.88
roch764: raises $36.97 to $38.85 and is all-in
AndreaBsAs: folds 
Uncalled bet ($36.97) returned to roch764
roch764 collected $9.27 from pot
roch764: doesn't show hand 
*** SUMMARY ***
Total pot $9.76 | Rake $0.49 
Board [Tc 4h 5d]
Seat 1: roch764 (small blind) collected ($9.27)
Seat 2: pipza05 (big blind) folded before Flop
Seat 3: franco232315 folded before Flop (didn't bet)
Seat 4: equilibrium_tv folded before Flop (didn't bet)
Seat 5: AndreaBsAs folded on the Flop
Seat 6: MaRKiToScoK (button) folded before Flop (didn't bet)



PokerStars Hand #254375311722:  Hold'em No Limit ($0.50/$1.00 USD) - 2025/01/14 23:53:04 WET [2025/01/14 18:53:04 ET]
Table 'Thisbe III' 6-max Seat #1 is the button
Seat 1: roch764 ($46.24 in chips) 
Seat 2: pipza05 ($71.43 in chips) 
Seat 3: franco232315 ($100 in chips) 
Seat 4: equilibrium_tv ($42 in chips) 
Seat 5: AndreaBsAs ($100 in chips) 
Seat 6: MaRKiToScoK ($104.12 in chips) 
pipza05: posts small blind $0.50
franco232315: posts big blind $1
*** HOLE CARDS ***
equilibrium_tv: raises $1 to $2
AndreaBsAs: raises $5 to $7
MaRKiToScoK: folds 
roch764: raises $39.24 to $46.24 and is all-in
pipza05: folds 
franco232315: folds 
equilibrium_tv: folds 
AndreaBsAs: calls $39.24
*** FLOP *** [Qc 3h 5d]
*** TURN *** [Qc 3h 5d] [6h]
*** RIVER *** [Qc 3h 5d 6h] [4h]
*** SHOW DOWN ***
AndreaBsAs: shows [Ac Ad] (a pair of Aces)
roch764: shows [8c 8h] (a pair of Eights)
AndreaBsAs collected $93.48 from pot
*** SUMMARY ***
Total pot $95.98 | Rake $2.50 
Board [Qc 3h 5d 6h 4h]
Seat 1: roch764 (button) showed [8c 8h] and lost with a pair of Eights
Seat 2: pipza05 (small blind) folded before Flop
Seat 3: franco232315 (big blind) folded before Flop
Seat 4: equilibrium_tv folded before Flop
Seat 5: AndreaBsAs showed [Ac Ad] and won ($93.48) with a pair of Aces
Seat 6: MaRKiToScoK folded before Flop (didn't bet)



PokerStars Hand #254375319437:  Hold'em No Limit ($0.50/$1.00 USD) - 2025/01/14 23:53:37 WET [2025/01/14 18:53:37 ET]
Table 'Thisbe III' 6-max Seat #2 is the button
Seat 1: roch764 ($0 in chips) is sitting out
Seat 2: pipza05 ($70.93 in chips) 
Seat 3: franco232315 ($100 in chips) 
Seat 4: equilibrium_tv ($40 in chips) 
Seat 5: AndreaBsAs ($147.24 in chips) 
Seat 6: MaRKiToScoK ($104.12 in chips) 
franco232315: posts small blind $0.50
equilibrium_tv: posts big blind $1
*** HOLE CARDS ***
AndreaBsAs: folds 
roch764 leaves the table
MaRKiToScoK: folds 
pipza05: folds 
sutata joins the table at seat #1 
franco232315: raises $2 to $3
equilibrium_tv: folds 
Uncalled bet ($2) returned to franco232315
franco232315 collected $2 from pot
franco232315: doesn't show hand 
*** SUMMARY ***
Total pot $2 | Rake $0 
Seat 1: roch764
Seat 2: pipza05 (button) folded before Flop (didn't bet)
Seat 3: franco232315 (small blind) collected ($2)
Seat 4: equilibrium_tv (big blind) folded before Flop
Seat 5: AndreaBsAs folded before Flop (didn't bet)
Seat 6: MaRKiToScoK folded before Flop (didn't bet)



PokerStars Hand #254375324429:  Hold'em No Limit ($0.50/$1.00 USD) - 2025/01/14 23:53:58 WET [2025/01/14 18:53:58 ET]
Table 'Thisbe III' 6-max Seat #3 is the button
Seat 1: sutata ($100 in chips) is sitting out
Seat 4: equilibrium_tv ($39 in chips) is sitting out
Seat 2: pipza05 ($70.93 in chips) 
Seat 3: franco232315 ($101 in chips) 
Seat 5: AndreaBsAs ($147.24 in chips) 
Seat 6: MaRKiToScoK ($104.12 in chips) 
AndreaBsAs: posts small blind $0.50
MaRKiToScoK: posts big blind $1
sutata: sits out 
*** HOLE CARDS ***
pipza05: calls $1
franco232315: folds 
AndreaBsAs: folds 
equilibrium_tv leaves the table
MaRKiToScoK: checks 
*** FLOP *** [8s 6s 8c]
MaRKiToScoK: checks 
pipza05: checks 
*** TURN *** [8s 6s 8c] [Ts]
MaRKiToScoK: checks 
pipza05: checks 
*** RIVER *** [8s 6s 8c Ts] [5s]
MaRKiToScoK: checks 
pipza05: checks 
*** SHOW DOWN ***
MaRKiToScoK: shows [3d 5h] (two pair, Eights and Fives)
pipza05: mucks hand 
MaRKiToScoK collected $2.38 from pot
*** SUMMARY ***
Total pot $2.50 | Rake $0.12 
Board [8s 6s 8c Ts 5s]
Seat 1: sutata
Seat 4: equilibrium_tv
Seat 2: pipza05 mucked
Seat 3: franco232315 (button) folded before Flop (didn't bet)
Seat 5: AndreaBsAs (small blind) folded before Flop
Seat 6: MaRKiToScoK (big blind) showed [3d 5h] and won ($2.38) with two pair, Eights and Fives



PokerStars Hand #254375333706:  Hold'em No Limit ($0.50/$1.00 USD) - 2025/01/14 23:54:38 WET [2025/01/14 18:54:38 ET]
Table 'Thisbe III' 6-max Seat #5 is the button
Seat 1: sutata ($100 in chips) 
Seat 2: pipza05 ($69.93 in chips) 
Seat 3: franco232315 ($101 in chips) 
Seat 5: AndreaBsAs ($146.74 in chips) 
Seat 6: MaRKiToScoK ($105.50 in chips) 
MaRKiToScoK: posts small blind $0.50
sutata: posts big blind $1
*** HOLE CARDS ***
pipza05: folds 
franco232315: folds 
AndreaBsAs: raises $1.50 to $2.50
MaRKiToScoK: folds 
sutata: calls $1.50
*** FLOP *** [9d Td Jh]
sutata: checks 
AndreaBsAs: bets $2.61
sutata: calls $2.61
*** TURN *** [9d Td Jh] [As]
sutata: checks 
ru_ruu_ru joins the table at seat #4 
AndreaBsAs: checks 
*** RIVER *** [9d Td Jh As] [9h]
sutata: checks 
AndreaBsAs: bets $5.09
sutata: calls $5.09
*** SHOW DOWN ***
AndreaBsAs: shows [Qc Qd] (two pair, Queens and Nines)
sutata: mucks hand 
AndreaBsAs collected $19.86 from pot
*** SUMMARY ***
Total pot $20.90 | Rake $1.04 
Board [9d Td Jh As 9h]
Seat 1: sutata (big blind) mucked
Seat 2: pipza05 folded before Flop (didn't bet)
Seat 3: franco232315 folded before Flop (didn't bet)
Seat 5: AndreaBsAs (button) showed [Qc Qd] and won ($19.86) with two pair, Queens and Nines
Seat 6: MaRKiToScoK (small blind) folded before Flop



PokerStars Hand #254375349040:  Hold'em No Limit ($0.50/$1.00 USD) - 2025/01/14 23:55:54 WET [2025/01/14 18:55:54 ET]
Table 'Thisbe III' 6-max Seat #6 is the button
Seat 4: ru_ruu_ru ($100 in chips) is sitting out
Seat 1: sutata ($100 in chips) 
Seat 2: pipza05 ($69.93 in chips) 
Seat 3: franco232315 ($101 in chips) 
Seat 5: AndreaBsAs ($156.40 in chips) 
Seat 6: MaRKiToScoK ($105 in chips) 
sutata: posts small blind $0.50
pipza05: posts big blind $1
ru_ruu_ru: sits out 
*** HOLE CARDS ***
franco232315: folds 
AndreaBsAs: raises $1.50 to $2.50
MaRKiToScoK: calls $2.50
sutata: folds 
pipza05: folds 
*** FLOP *** [4d 3d Qs]
AndreaBsAs: bets $2.04
MaRKiToScoK: folds 
Uncalled bet ($2.04) returned to AndreaBsAs
AndreaBsAs collected $6.18 from pot
*** SUMMARY ***
Total pot $6.50 | Rake $0.32 
Board [4d 3d Qs]
Seat 4: ru_ruu_ru
Seat 1: sutata (small blind) folded before Flop
Seat 2: pipza05 (big blind) folded before Flop
Seat 3: franco232315 folded before Flop (didn't bet)
Seat 5: AndreaBsAs collected ($6.18)
Seat 6: MaRKiToScoK (button) folded on the Flop



PokerStars Hand #254375355569:  Hold'em No Limit ($0.50/$1.00 USD) - 2025/01/14 23:56:31 WET [2025/01/14 18:56:31 ET]
Table 'Thisbe III' 6-max Seat #1 is the button
Seat 4: ru_ruu_ru ($100 in chips) is sitting out
Seat 1: sutata ($100 in chips) 
Seat 2: pipza05 ($68.93 in chips) 
Seat 3: franco232315 ($101 in chips) 
Seat 5: AndreaBsAs ($160.08 in chips) 
Seat 6: MaRKiToScoK ($102.50 in chips) 
pipza05: posts small blind $0.50
franco232315: posts big blind $1
ru_ruu_ru: sits out 
*** HOLE CARDS ***
AndreaBsAs: raises $1.20 to $2.20
MaRKiToScoK: calls $2.20
sutata: folds 
pipza05: calls $1.70
franco232315: calls $1.20
*** FLOP *** [Ks 8c Qd]
pipza05: checks 
franco232315: checks 
AndreaBsAs: bets $2.76
MaRKiToScoK: folds 
pipza05: calls $2.76
franco232315: calls $2.76
*** TURN *** [Ks 8c Qd] [6s]
pipza05: checks 
franco232315: checks 
AndreaBsAs: checks 
*** RIVER *** [Ks 8c Qd 6s] [8s]
pipza05: bets $2
franco232315: folds 
AndreaBsAs: calls $2
*** SHOW DOWN ***
pipza05: shows [Kc 9d] (two pair, Kings and Eights)
AndreaBsAs: mucks hand 
pipza05 collected $19.77 from pot
*** SUMMARY ***
Total pot $21.08 | Rake $1.31 
Board [Ks 8c Qd 6s 8s]
Seat 4: ru_ruu_ru
Seat 1: sutata (button) folded before Flop (didn't bet)
Seat 2: pipza05 (small blind) showed [Kc 9d] and won ($19.77) with two pair, Kings and Eights
Seat 3: franco232315 (big blind) folded on the River
Seat 5: AndreaBsAs mucked
Seat 6: MaRKiToScoK folded on the Flop



PokerStars Hand #254375376420:  Hold'em No Limit ($0.50/$1.00 USD) - 2025/01/14 23:58:26 WET [2025/01/14 18:58:26 ET]
Table 'Thisbe III' 6-max Seat #2 is the button
Seat 1: sutata ($100 in chips) 
Seat 2: pipza05 ($81.74 in chips) 
Seat 3: franco232315 ($100 in chips) 
Seat 4: ru_ruu_ru ($100 in chips) 
Seat 5: AndreaBsAs ($153.12 in chips) 
Seat 6: MaRKiToScoK ($100.30 in chips) 
franco232315: posts small blind $0.50
ru_ruu_ru: posts big blind $1
*** HOLE CARDS ***
AndreaBsAs: folds 
MaRKiToScoK: folds 
sutata: folds 
pipza05: calls $1
franco232315: raises $4 to $5
ru_ruu_ru: folds 
pipza05: calls $4
*** FLOP *** [Qd 9h Kd]
franco232315: bets $3.45
pipza05: raises $3.45 to $6.90
franco232315: folds 
Uncalled bet ($3.45) returned to pipza05
pipza05 collected $16.78 from pot
*** SUMMARY ***
Total pot $17.90 | Rake $1.12 
Board [Qd 9h Kd]
Seat 1: sutata folded before Flop (didn't bet)
Seat 2: pipza05 (button) collected ($16.78)
Seat 3: franco232315 (small blind) folded on the Flop
Seat 4: ru_ruu_ru (big blind) folded before Flop
Seat 5: AndreaBsAs folded before Flop (didn't bet)
Seat 6: MaRKiToScoK folded before Flop (didn't bet)



PokerStars Hand #254375384241:  Hold'em No Limit ($0.50/$1.00 USD) - 2025/01/14 23:59:10 WET [2025/01/14 18:59:10 ET]
Table 'Thisbe III' 6-max Seat #3 is the button
Seat 1: sutata ($100 in chips) 
Seat 2: pipza05 ($90.07 in chips) 
Seat 3: franco232315 ($100 in chips) 
Seat 4: ru_ruu_ru ($100 in chips) 
Seat 5: AndreaBsAs ($153.12 in chips) 
Seat 6: MaRKiToScoK ($100.30 in chips) 
ru_ruu_ru: posts small blind $0.50
AndreaBsAs: posts big blind $1
*** HOLE CARDS ***
MaRKiToScoK: folds 
sutata: folds 
pipza05: folds 
franco232315: raises $1.50 to $2.50
ru_ruu_ru: folds 
AndreaBsAs: raises $8 to $10.50
franco232315: folds 
Uncalled bet ($8) returned to AndreaBsAs
AndreaBsAs collected $5.50 from pot
*** SUMMARY ***
Total pot $5.50 | Rake $0 
Seat 1: sutata folded before Flop (didn't bet)
Seat 2: pipza05 folded before Flop (didn't bet)
Seat 3: franco232315 (button) folded before Flop
Seat 4: ru_ruu_ru (small blind) folded before Flop
Seat 5: AndreaBsAs (big blind) collected ($5.50)
Seat 6: MaRKiToScoK folded before Flop (didn't bet)



PokerStars Hand #254375387956:  Hold'em No Limit ($0.50/$1.00 USD) - 2025/01/14 23:59:31 WET [2025/01/14 18:59:31 ET]
Table 'Thisbe III' 6-max Seat #4 is the button
Seat 1: sutata ($100 in chips) 
Seat 2: pipza05 ($90.07 in chips) 
Seat 3: franco232315 ($100 in chips) 
Seat 4: ru_ruu_ru ($100 in chips) 
Seat 5: AndreaBsAs ($156.12 in chips) 
Seat 6: MaRKiToScoK ($100.30 in chips) 
AndreaBsAs: posts small blind $0.50
MaRKiToScoK: posts big blind $1
*** HOLE CARDS ***
sutata: folds 
pipza05: folds 
franco232315: raises $1.50 to $2.50
ru_ruu_ru: folds 
AndreaBsAs: folds 
MaRKiToScoK: folds 
Uncalled bet ($1.50) returned to franco232315
franco232315 collected $2.50 from pot
franco232315: doesn't show hand 
*** SUMMARY ***
Total pot $2.50 | Rake $0 
Seat 1: sutata folded before Flop (didn't bet)
Seat 2: pipza05 folded before Flop (didn't bet)
Seat 3: franco232315 collected ($2.50)
Seat 4: ru_ruu_ru (button) folded before Flop (didn't bet)
Seat 5: AndreaBsAs (small blind) folded before Flop
Seat 6: MaRKiToScoK (big blind) folded before Flop



PokerStars Hand #254375392075:  Hold'em No Limit ($0.50/$1.00 USD) - 2025/01/14 23:59:53 WET [2025/01/14 18:59:53 ET]
Table 'Thisbe III' 6-max Seat #5 is the button
Seat 1: sutata ($100 in chips) 
Seat 2: pipza05 ($90.07 in chips) 
Seat 3: franco232315 ($101.50 in chips) 
Seat 4: ru_ruu_ru ($100 in chips) 
Seat 5: AndreaBsAs ($155.62 in chips) 
Seat 6: MaRKiToScoK ($100 in chips) 
MaRKiToScoK: posts small blind $0.50
sutata: posts big blind $1
*** HOLE CARDS ***
pipza05: folds 
franco232315: folds 
ru_ruu_ru: folds 
AndreaBsAs: folds 
MaRKiToScoK: folds 
Uncalled bet ($0.50) returned to sutata
sutata collected $1 from pot
sutata: doesn't show hand 
*** SUMMARY ***
Total pot $1 | Rake $0 
Seat 1: sutata (big blind) collected ($1)
Seat 2: pipza05 folded before Flop (didn't bet)
Seat 3: franco232315 folded before Flop (didn't bet)
Seat 4: ru_ruu_ru folded before Flop (didn't bet)
Seat 5: AndreaBsAs (button) folded before Flop (didn't bet)
Seat 6: MaRKiToScoK (small blind) folded before Flop



PokerStars Hand #254375395763:  Hold'em No Limit ($0.50/$1.00 USD) - 2025/01/14 0:00:14 WET [2025/01/14 19:00:14 ET]
Table 'Thisbe III' 6-max Seat #6 is the button
Seat 2: pipza05 ($90.07 in chips) is sitting out
Seat 1: sutata ($100.50 in chips) 
Seat 3: franco232315 ($101.50 in chips) 
Seat 4: ru_ruu_ru ($100 in chips) 
Seat 5: AndreaBsAs ($155.62 in chips) 
Seat 6: MaRKiToScoK ($100 in chips) 
sutata: posts small blind $0.50
pipza05: is sitting out 
franco232315: posts big blind $1
*** HOLE CARDS ***
pipza05 leaves the table
ru_ruu_ru: folds 
AndreaBsAs: raises $1.50 to $2.50
MaRKiToScoK: folds 
sutata: raises $9.80 to $12.30
franco232315: folds 
AndreaBsAs: folds 
Uncalled bet ($9.80) returned to sutata
sutata collected $6 from pot
sutata: doesn't show hand 
*** SUMMARY ***
Total pot $6 | Rake $0 
Seat 2: pipza05
Seat 1: sutata (small blind) collected ($6)
Seat 3: franco232315 (big blind) folded before Flop
Seat 4: ru_ruu_ru folded before Flop (didn't bet)
Seat 5: AndreaBsAs folded before Flop
Seat 6: MaRKiToScoK (button) folded before Flop (didn't bet)



PokerStars Hand #254375400953:  Hold'em No Limit ($0.50/$1.00 USD) - 2025/01/14 0:00:42 WET [2025/01/14 19:00:42 ET]
Table 'Thisbe III' 6-max Seat #1 is the button
Seat 4: ru_ruu_ru ($100 in chips) is sitting out
Seat 1: sutata ($104 in chips) 
Seat 3: franco232315 ($100.50 in chips) 
Seat 5: AndreaBsAs ($153.12 in chips) 
Seat 6: MaRKiToScoK ($100 in chips) 
franco232315: posts small blind $0.50
ru_ruu_ru: is sitting out 
AndreaBsAs: posts big blind $1
*** HOLE CARDS ***
ru_ruu_ru leaves the table
MaRKiToScoK: raises $1.20 to $2.20
sutata: folds 
franco232315: raises $8.80 to $11
AndreaBsAs: folds 
MaRKiToScoK: raises $12.65 to $23.65
franco232315: calls $12.65
*** FLOP *** [9c 2h 4h]
canibal27 joins the table at seat #2 
franco232315: checks 
MaRKiToScoK: bets $23.65
franco232315: folds 
Uncalled bet ($23.65) returned to MaRKiToScoK
MaRKiToScoK collected $47.30 from pot
*** SUMMARY ***
Total pot $48.30 | Rake $1 
Board [9c 2h 4h]
Seat 4: ru_ruu_ru
Seat 1: sutata (button) folded before Flop (didn't bet)
Seat 3: franco232315 (small blind) folded on the Flop
Seat 5: AndreaBsAs (big blind) folded before Flop
Seat 6: MaRKiToScoK collected ($47.30)



PokerStars Hand #254375412954:  Hold'em No Limit ($0.50/$1.00 USD) - 2025/01/14 0:01:39 WET [2025/01/14 19:01:39 ET]
Table 'Thisbe III' 6-max Seat #3 is the button
Seat 1: sutata ($104 in chips) is sitting out
Seat 6: MaRKiToScoK ($123.65 in chips) is sitting out
Seat 2: canibal27 ($100 in chips) 
Seat 3: franco232315 ($100 in chips) 
Seat 5: AndreaBsAs ($152.12 in chips) 
AndreaBsAs: posts small blind $0.50
MaRKiToScoK: is sitting out 
sutata: is sitting out 
canibal27: posts big blind $1
*** HOLE CARDS ***
MaRKiToScoK leaves the table
franco232315: raises $1.50 to $2.50
AndreaBsAs: folds 
canibal27: raises $9.50 to $12
franco232315: raises $14 to $26
sutata leaves the table
canibal27: folds 
Uncalled bet ($14) returned to franco232315
franco232315 collected $24.50 from pot
franco232315: doesn't show hand 
*** SUMMARY ***
Total pot $24.50 | Rake $0 
Seat 1: sutata
Seat 6: MaRKiToScoK
Seat 2: canibal27 (big blind) folded before Flop
Seat 3: franco232315 (button) collected ($24.50)
Seat 5: AndreaBsAs (small blind) folded before Flop



