PokerStars Hand #254372825695:  Hold'em No Limit ($0.50/$1.00 USD) - 2025/01/14 21:24:15 WET [2025/01/14 16:24:15 ET]
Table 'Irene III' 6-max Seat #2 is the button
Seat 2: Joker007r ($100.30 in chips) 
Seat 5: straight77777 ($9.40 in chips) 
Joker007r: posts small blind $0.50
straight77777: posts big blind $1
*** HOLE CARDS ***
Joker007r: raises $99.30 to $100.30 and is all-in
straight77777: calls $8.40 and is all-in
Uncalled bet ($90.90) returned to Joker007r
*** FLOP *** [Qd Js 6h]
*** TURN *** [Qd Js 6h] [7h]
*** RIVER *** [Qd Js 6h 7h] [8c]
*** SHOW DOWN ***
straight77777: shows [Kd Qh] (a pair of Queens)
Joker007r: shows [5s Ts] (high card Queen)
straight77777 collected $17.86 from pot
*** SUMMARY ***
Total pot $18.80 | Rake $0.94 
Board [Qd Js 6h 7h 8c]
Seat 2: Joker007r (button) (small blind) showed [5s Ts] and lost with high card Queen
Seat 5: straight77777 (big blind) showed [Kd Qh] and won ($17.86) with a pair of Queens



PokerStars Hand #254372832288:  Hold'em No Limit ($0.50/$1.00 USD) - 2025/01/14 21:24:37 WET [2025/01/14 16:24:37 ET]
Table 'Irene III' 6-max Seat #5 is the button
Seat 2: Joker007r ($100 in chips) 
Seat 5: straight77777 ($17.86 in chips) 
straight77777: posts small blind $0.50
Joker007r: posts big blind $1
*** HOLE CARDS ***
UnRRRReal joins the table at seat #6 
straight77777: raises $2 to $3
Joker007r: folds 
Uncalled bet ($2) returned to straight77777
straight77777 collected $2 from pot
*** SUMMARY ***
Total pot $2 | Rake $0 
Seat 2: Joker007r (big blind) folded before Flop
Seat 5: straight77777 (button) (small blind) collected ($2)



PokerStars Hand #254372836511:  Hold'em No Limit ($0.50/$1.00 USD) - 2025/01/14 21:24:50 WET [2025/01/14 16:24:50 ET]
Table 'Irene III' 6-max Seat #2 is the button
Seat 2: Joker007r ($100 in chips) 
Seat 5: straight77777 ($18.86 in chips) 
Seat 6: UnRRRReal ($100 in chips) 
straight77777: posts small blind $0.50
UnRRRReal: posts big blind $1
*** HOLE CARDS ***
Joker007r: raises $1 to $2
straight77777: calls $1.50
Mr_Dick666 joins the table at seat #1 
UnRRRReal: folds 
*** FLOP *** [8d Jd Jc]
straight77777: checks 
Joker007r: checks 
*** TURN *** [8d Jd Jc] [3c]
straight77777: bets $3
mikefoley770 joins the table at seat #3 
mikefoley770 is disconnected 
Joker007r: calls $3
*** RIVER *** [8d Jd Jc 3c] [4c]
straight77777: bets $13.86 and is all-in
Joker007r: calls $13.86
*** SHOW DOWN ***
straight77777: shows [5d 3d] (two pair, Jacks and Threes)
Joker007r: shows [Ad Ah] (two pair, Aces and Jacks)
Joker007r collected $37.72 from pot
MAO_DZEDYN_S joins the table at seat #4 
*** SUMMARY ***
Total pot $38.72 | Rake $1 
Board [8d Jd Jc 3c 4c]
Seat 2: Joker007r (button) showed [Ad Ah] and won ($37.72) with two pair, Aces and Jacks
Seat 5: straight77777 (small blind) showed [5d 3d] and lost with two pair, Jacks and Threes
Seat 6: UnRRRReal (big blind) folded before Flop



PokerStars Hand #254372847901:  Hold'em No Limit ($0.50/$1.00 USD) - 2025/01/14 21:25:26 WET [2025/01/14 16:25:26 ET]
Table 'Irene III' 6-max Seat #6 is the button
Seat 1: Mr_Dick666 ($100 in chips) is sitting out
Seat 4: MAO_DZEDYN_S ($100 in chips) is sitting out
Seat 5: straight77777 ($0 in chips) is sitting out
Seat 2: Joker007r ($118.86 in chips) 
Seat 3: mikefoley770 ($50.41 in chips) 
Seat 6: UnRRRReal ($100 in chips) 
Joker007r: posts small blind $0.50
mikefoley770: posts big blind $1
MAO_DZEDYN_S: sits out 
*** HOLE CARDS ***
UnRRRReal: folds 
Joker007r: calls $0.50
mikefoley770: raises $4 to $5
Joker007r: folds 
Uncalled bet ($4) returned to mikefoley770
mikefoley770 collected $2 from pot
*** SUMMARY ***
Total pot $2 | Rake $0 
Seat 1: Mr_Dick666
Seat 4: MAO_DZEDYN_S
Seat 5: straight77777
Seat 2: Joker007r (small blind) folded before Flop
Seat 3: mikefoley770 (big blind) collected ($2)
Seat 6: UnRRRReal (button) folded before Flop (didn't bet)



PokerStars Hand #254372854927:  Hold'em No Limit ($0.50/$1.00 USD) - 2025/01/14 21:25:48 WET [2025/01/14 16:25:48 ET]
Table 'Irene III' 6-max Seat #2 is the button
Seat 1: Mr_Dick666 ($100 in chips) is sitting out
Seat 5: straight77777 ($0 in chips) is sitting out
Seat 2: Joker007r ($117.86 in chips) 
Seat 3: mikefoley770 ($51.41 in chips) 
Seat 4: MAO_DZEDYN_S ($100 in chips) 
Seat 6: UnRRRReal ($100 in chips) 
mikefoley770: posts small blind $0.50
MAO_DZEDYN_S: posts big blind $1
Mr_Dick666: sits out 
*** HOLE CARDS ***
UnRRRReal: folds 
Joker007r: folds 
mikefoley770: folds 
Uncalled bet ($0.50) returned to MAO_DZEDYN_S
MAO_DZEDYN_S collected $1 from pot
MAO_DZEDYN_S: doesn't show hand 
*** SUMMARY ***
Total pot $1 | Rake $0 
Seat 1: Mr_Dick666
Seat 5: straight77777
Seat 2: Joker007r (button) folded before Flop (didn't bet)
Seat 3: mikefoley770 (small blind) folded before Flop
Seat 4: MAO_DZEDYN_S (big blind) collected ($1)
Seat 6: UnRRRReal folded before Flop (didn't bet)



PokerStars Hand #254372857205:  Hold'em No Limit ($0.50/$1.00 USD) - 2025/01/14 21:25:55 WET [2025/01/14 16:25:55 ET]
Table 'Irene III' 6-max Seat #3 is the button
Seat 1: Mr_Dick666 ($100 in chips) is sitting out
Seat 5: straight77777 ($0 in chips) is sitting out
Seat 2: Joker007r ($117.86 in chips) 
Seat 3: mikefoley770 ($50.91 in chips) 
Seat 4: MAO_DZEDYN_S ($100.50 in chips) 
Seat 6: UnRRRReal ($100 in chips) 
MAO_DZEDYN_S: posts small blind $0.50
UnRRRReal: posts big blind $1
Mr_Dick666: sits out 
*** HOLE CARDS ***
Joker007r: folds 
Joker007r leaves the table
mikefoley770: folds 
Zvst joins the table at seat #2 
MAO_DZEDYN_S: raises $2 to $3
UnRRRReal: folds 
Uncalled bet ($2) returned to MAO_DZEDYN_S
MAO_DZEDYN_S collected $2 from pot
MAO_DZEDYN_S: doesn't show hand 
*** SUMMARY ***
Total pot $2 | Rake $0 
Seat 1: Mr_Dick666
Seat 5: straight77777
Seat 2: Joker007r folded before Flop (didn't bet)
Seat 3: mikefoley770 (button) folded before Flop (didn't bet)
Seat 4: MAO_DZEDYN_S (small blind) collected ($2)
Seat 6: UnRRRReal (big blind) folded before Flop



PokerStars Hand #254372865534:  Hold'em No Limit ($0.50/$1.00 USD) - 2025/01/14 21:26:22 WET [2025/01/14 16:26:22 ET]
Table 'Irene III' 6-max Seat #4 is the button
Seat 2: Zvst ($100 in chips) is sitting out
Seat 5: straight77777 ($0 in chips) is sitting out
Seat 1: Mr_Dick666 ($100 in chips) 
Seat 3: mikefoley770 ($50.91 in chips) 
Seat 4: MAO_DZEDYN_S ($101.50 in chips) 
Seat 6: UnRRRReal ($100 in chips) 
UnRRRReal: posts small blind $0.50
Mr_Dick666: posts big blind $1
Zvst: sits out 
*** HOLE CARDS ***
mikefoley770: raises $2 to $3
MAO_DZEDYN_S: folds 
UnRRRReal: folds 
Mr_Dick666: folds 
Uncalled bet ($2) returned to mikefoley770
mikefoley770 collected $2.50 from pot
*** SUMMARY ***
Total pot $2.50 | Rake $0 
Seat 2: Zvst
Seat 5: straight77777
Seat 1: Mr_Dick666 (big blind) folded before Flop
Seat 3: mikefoley770 collected ($2.50)
Seat 4: MAO_DZEDYN_S (button) folded before Flop (didn't bet)
Seat 6: UnRRRReal (small blind) folded before Flop



PokerStars Hand #254372868676:  Hold'em No Limit ($0.50/$1.00 USD) - 2025/01/14 21:26:32 WET [2025/01/14 16:26:32 ET]
Table 'Irene III' 6-max Seat #6 is the button
Seat 5: straight77777 ($0 in chips) is sitting out
Seat 1: Mr_Dick666 ($100 in chips) 
Seat 2: Zvst ($100 in chips) 
Seat 3: mikefoley770 ($52.41 in chips) 
Seat 4: MAO_DZEDYN_S ($101.50 in chips) 
Seat 6: UnRRRReal ($100 in chips) 
Mr_Dick666: posts small blind $0.50
Zvst: posts big blind $1
*** HOLE CARDS ***
mikefoley770: folds 
MAO_DZEDYN_S: folds 
UnRRRReal: folds 
Mr_Dick666: folds 
Uncalled bet ($0.50) returned to Zvst
Zvst collected $1 from pot
Zvst: doesn't show hand 
*** SUMMARY ***
Total pot $1 | Rake $0 
Seat 5: straight77777
Seat 1: Mr_Dick666 (small blind) folded before Flop
Seat 2: Zvst (big blind) collected ($1)
Seat 3: mikefoley770 folded before Flop (didn't bet)
Seat 4: MAO_DZEDYN_S folded before Flop (didn't bet)
Seat 6: UnRRRReal (button) folded before Flop (didn't bet)



PokerStars Hand #254372871900:  Hold'em No Limit ($0.50/$1.00 USD) - 2025/01/14 21:26:42 WET [2025/01/14 16:26:42 ET]
Table 'Irene III' 6-max Seat #1 is the button
Seat 5: straight77777 ($0 in chips) is sitting out
Seat 1: Mr_Dick666 ($100 in chips) 
Seat 2: Zvst ($100.50 in chips) 
Seat 3: mikefoley770 ($52.41 in chips) 
Seat 4: MAO_DZEDYN_S ($101.50 in chips) 
Seat 6: UnRRRReal ($100 in chips) 
Zvst: posts small blind $0.50
mikefoley770: posts big blind $1
*** HOLE CARDS ***
MAO_DZEDYN_S: folds 
UnRRRReal: folds 
Mr_Dick666: raises $1.50 to $2.50
Zvst: folds 
mikefoley770: raises $5.50 to $8
Mr_Dick666: folds 
Uncalled bet ($5.50) returned to mikefoley770
mikefoley770 collected $5.50 from pot
*** SUMMARY ***
Total pot $5.50 | Rake $0 
Seat 5: straight77777
Seat 1: Mr_Dick666 (button) folded before Flop
Seat 2: Zvst (small blind) folded before Flop
Seat 3: mikefoley770 (big blind) collected ($5.50)
Seat 4: MAO_DZEDYN_S folded before Flop (didn't bet)
Seat 6: UnRRRReal folded before Flop (didn't bet)



PokerStars Hand #254372877690:  Hold'em No Limit ($0.50/$1.00 USD) - 2025/01/14 21:27:00 WET [2025/01/14 16:27:00 ET]
Table 'Irene III' 6-max Seat #2 is the button
Seat 5: straight77777 ($0 in chips) is sitting out
Seat 1: Mr_Dick666 ($100 in chips) 
Seat 2: Zvst ($100 in chips) 
Seat 3: mikefoley770 ($55.41 in chips) 
Seat 4: MAO_DZEDYN_S ($101.50 in chips) 
Seat 6: UnRRRReal ($100 in chips) 
mikefoley770: posts small blind $0.50
MAO_DZEDYN_S: posts big blind $1
*** HOLE CARDS ***
UnRRRReal: folds 
straight77777 is disconnected 
Mr_Dick666: raises $1.50 to $2.50
Zvst: folds 
mikefoley770: folds 
MAO_DZEDYN_S: folds 
Uncalled bet ($1.50) returned to Mr_Dick666
Mr_Dick666 collected $2.50 from pot
Mr_Dick666: doesn't show hand 
*** SUMMARY ***
Total pot $2.50 | Rake $0 
Seat 5: straight77777
Seat 1: Mr_Dick666 collected ($2.50)
Seat 2: Zvst (button) folded before Flop (didn't bet)
Seat 3: mikefoley770 (small blind) folded before Flop
Seat 4: MAO_DZEDYN_S (big blind) folded before Flop
Seat 6: UnRRRReal folded before Flop (didn't bet)



PokerStars Hand #254372885916:  Hold'em No Limit ($0.50/$1.00 USD) - 2025/01/14 21:27:27 WET [2025/01/14 16:27:27 ET]
Table 'Irene III' 6-max Seat #3 is the button
Seat 5: straight77777 ($0 in chips) is sitting out
Seat 1: Mr_Dick666 ($101.50 in chips) 
Seat 2: Zvst ($100 in chips) 
Seat 3: mikefoley770 ($54.91 in chips) 
Seat 4: MAO_DZEDYN_S ($100.50 in chips) 
Seat 6: UnRRRReal ($100 in chips) 
MAO_DZEDYN_S: posts small blind $0.50
UnRRRReal: posts big blind $1
*** HOLE CARDS ***
Mr_Dick666: folds 
Zvst: folds 
mikefoley770: folds 
MAO_DZEDYN_S: folds 
Uncalled bet ($0.50) returned to UnRRRReal
UnRRRReal collected $1 from pot
UnRRRReal: doesn't show hand 
*** SUMMARY ***
Total pot $1 | Rake $0 
Seat 5: straight77777
Seat 1: Mr_Dick666 folded before Flop (didn't bet)
Seat 2: Zvst folded before Flop (didn't bet)
Seat 3: mikefoley770 (button) folded before Flop (didn't bet)
Seat 4: MAO_DZEDYN_S (small blind) folded before Flop
Seat 6: UnRRRReal (big blind) collected ($1)



PokerStars Hand #254372888668:  Hold'em No Limit ($0.50/$1.00 USD) - 2025/01/14 21:27:35 WET [2025/01/14 16:27:35 ET]
Table 'Irene III' 6-max Seat #4 is the button
Seat 5: straight77777 ($0 in chips) is sitting out
Seat 1: Mr_Dick666 ($101.50 in chips) 
Seat 2: Zvst ($100 in chips) 
Seat 3: mikefoley770 ($54.91 in chips) 
Seat 4: MAO_DZEDYN_S ($100 in chips) 
Seat 6: UnRRRReal ($100.50 in chips) 
UnRRRReal: posts small blind $0.50
Mr_Dick666: posts big blind $1
*** HOLE CARDS ***
Zvst: folds 
mikefoley770: folds 
MAO_DZEDYN_S: folds 
UnRRRReal: folds 
Uncalled bet ($0.50) returned to Mr_Dick666
Mr_Dick666 collected $1 from pot
Mr_Dick666: doesn't show hand 
*** SUMMARY ***
Total pot $1 | Rake $0 
Seat 5: straight77777
Seat 1: Mr_Dick666 (big blind) collected ($1)
Seat 2: Zvst folded before Flop (didn't bet)
Seat 3: mikefoley770 folded before Flop (didn't bet)
Seat 4: MAO_DZEDYN_S (button) folded before Flop (didn't bet)
Seat 6: UnRRRReal (small blind) folded before Flop



PokerStars Hand #254372892279:  Hold'em No Limit ($0.50/$1.00 USD) - 2025/01/14 21:27:47 WET [2025/01/14 16:27:47 ET]
Table 'Irene III' 6-max Seat #6 is the button
Seat 5: straight77777 ($0 in chips) is sitting out
Seat 1: Mr_Dick666 ($102 in chips) 
Seat 2: Zvst ($100 in chips) 
Seat 3: mikefoley770 ($54.91 in chips) 
Seat 4: MAO_DZEDYN_S ($100 in chips) 
Seat 6: UnRRRReal ($100 in chips) 
Mr_Dick666: posts small blind $0.50
Zvst: posts big blind $1
*** HOLE CARDS ***
mikefoley770: folds 
MAO_DZEDYN_S: folds 
UnRRRReal: folds 
Mr_Dick666: folds 
Uncalled bet ($0.50) returned to Zvst
Zvst collected $1 from pot
Zvst: doesn't show hand 
*** SUMMARY ***
Total pot $1 | Rake $0 
Seat 5: straight77777
Seat 1: Mr_Dick666 (small blind) folded before Flop
Seat 2: Zvst (big blind) collected ($1)
Seat 3: mikefoley770 folded before Flop (didn't bet)
Seat 4: MAO_DZEDYN_S folded before Flop (didn't bet)
Seat 6: UnRRRReal (button) folded before Flop (didn't bet)



PokerStars Hand #254372899684:  Hold'em No Limit ($0.50/$1.00 USD) - 2025/01/14 21:28:10 WET [2025/01/14 16:28:10 ET]
Table 'Irene III' 6-max Seat #1 is the button
Seat 5: straight77777 ($0 in chips) is sitting out
Seat 1: Mr_Dick666 ($101.50 in chips) 
Seat 2: Zvst ($100.50 in chips) 
Seat 3: mikefoley770 ($54.91 in chips) 
Seat 4: MAO_DZEDYN_S ($100 in chips) 
Seat 6: UnRRRReal ($100 in chips) 
Zvst: posts small blind $0.50
mikefoley770: posts big blind $1
*** HOLE CARDS ***
MAO_DZEDYN_S: folds 
UnRRRReal: folds 
Mr_Dick666: raises $1.50 to $2.50
Zvst: folds 
mikefoley770: folds 
Uncalled bet ($1.50) returned to Mr_Dick666
Mr_Dick666 collected $2.50 from pot
Mr_Dick666: doesn't show hand 
*** SUMMARY ***
Total pot $2.50 | Rake $0 
Seat 5: straight77777
Seat 1: Mr_Dick666 (button) collected ($2.50)
Seat 2: Zvst (small blind) folded before Flop
Seat 3: mikefoley770 (big blind) folded before Flop
Seat 4: MAO_DZEDYN_S folded before Flop (didn't bet)
Seat 6: UnRRRReal folded before Flop (didn't bet)



PokerStars Hand #254372907382:  Hold'em No Limit ($0.50/$1.00 USD) - 2025/01/14 21:28:35 WET [2025/01/14 16:28:35 ET]
Table 'Irene III' 6-max Seat #2 is the button
Seat 5: straight77777 ($0 in chips) is sitting out
Seat 1: Mr_Dick666 ($103 in chips) 
Seat 2: Zvst ($100 in chips) 
Seat 3: mikefoley770 ($53.91 in chips) 
Seat 4: MAO_DZEDYN_S ($100 in chips) 
Seat 6: UnRRRReal ($100 in chips) 
mikefoley770: posts small blind $0.50
MAO_DZEDYN_S: posts big blind $1
*** HOLE CARDS ***
UnRRRReal: folds 
Mr_Dick666: folds 
Zvst: folds 
mikefoley770: raises $2 to $3
MAO_DZEDYN_S: folds 
Uncalled bet ($2) returned to mikefoley770
mikefoley770 collected $2 from pot
*** SUMMARY ***
Total pot $2 | Rake $0 
Seat 5: straight77777
Seat 1: Mr_Dick666 folded before Flop (didn't bet)
Seat 2: Zvst (button) folded before Flop (didn't bet)
Seat 3: mikefoley770 (small blind) collected ($2)
Seat 4: MAO_DZEDYN_S (big blind) folded before Flop
Seat 6: UnRRRReal folded before Flop (didn't bet)



PokerStars Hand #254372914827:  Hold'em No Limit ($0.50/$1.00 USD) - 2025/01/14 21:28:59 WET [2025/01/14 16:28:59 ET]
Table 'Irene III' 6-max Seat #3 is the button
Seat 5: straight77777 ($0 in chips) is sitting out
Seat 1: Mr_Dick666 ($103 in chips) 
Seat 2: Zvst ($100 in chips) 
Seat 3: mikefoley770 ($54.91 in chips) 
Seat 4: MAO_DZEDYN_S ($100 in chips) 
Seat 6: UnRRRReal ($100 in chips) 
MAO_DZEDYN_S: posts small blind $0.50
UnRRRReal: posts big blind $1
*** HOLE CARDS ***
Mr_Dick666: folds 
Zvst: raises $1.50 to $2.50
mikefoley770: raises $7.50 to $10
MAO_DZEDYN_S: folds 
UnRRRReal: folds 
Zvst: folds 
Uncalled bet ($7.50) returned to mikefoley770
mikefoley770 collected $6.50 from pot
*** SUMMARY ***
Total pot $6.50 | Rake $0 
Seat 5: straight77777
Seat 1: Mr_Dick666 folded before Flop (didn't bet)
Seat 2: Zvst folded before Flop
Seat 3: mikefoley770 (button) collected ($6.50)
Seat 4: MAO_DZEDYN_S (small blind) folded before Flop
Seat 6: UnRRRReal (big blind) folded before Flop



PokerStars Hand #254372924784:  Hold'em No Limit ($0.50/$1.00 USD) - 2025/01/14 21:29:30 WET [2025/01/14 16:29:30 ET]
Table 'Irene III' 6-max Seat #4 is the button
Seat 5: straight77777 ($0 in chips) is sitting out
Seat 1: Mr_Dick666 ($103 in chips) 
Seat 2: Zvst ($100 in chips) 
Seat 3: mikefoley770 ($58.91 in chips) 
Seat 4: MAO_DZEDYN_S ($100 in chips) 
Seat 6: UnRRRReal ($100 in chips) 
UnRRRReal: posts small blind $0.50
Mr_Dick666: posts big blind $1
*** HOLE CARDS ***
Zvst: folds 
mikefoley770: folds 
MAO_DZEDYN_S: raises $1.50 to $2.50
UnRRRReal: folds 
Mr_Dick666: raises $9.50 to $12
MAO_DZEDYN_S: folds 
Uncalled bet ($9.50) returned to Mr_Dick666
Mr_Dick666 collected $5.50 from pot
Mr_Dick666: doesn't show hand 
*** SUMMARY ***
Total pot $5.50 | Rake $0 
Seat 5: straight77777
Seat 1: Mr_Dick666 (big blind) collected ($5.50)
Seat 2: Zvst folded before Flop (didn't bet)
Seat 3: mikefoley770 folded before Flop (didn't bet)
Seat 4: MAO_DZEDYN_S (button) folded before Flop
Seat 6: UnRRRReal (small blind) folded before Flop



PokerStars Hand #254372932198:  Hold'em No Limit ($0.50/$1.00 USD) - 2025/01/14 21:29:54 WET [2025/01/14 16:29:54 ET]
Table 'Irene III' 6-max Seat #6 is the button
Seat 5: straight77777 ($0 in chips) is sitting out
Seat 1: Mr_Dick666 ($106 in chips) 
Seat 2: Zvst ($100 in chips) 
Seat 3: mikefoley770 ($58.91 in chips) 
Seat 4: MAO_DZEDYN_S ($100 in chips) 
Seat 6: UnRRRReal ($100 in chips) 
Mr_Dick666: posts small blind $0.50
Zvst: posts big blind $1
*** HOLE CARDS ***
mikefoley770: folds 
MAO_DZEDYN_S: raises $1.25 to $2.25
UnRRRReal: folds 
Mr_Dick666: folds 
Zvst: calls $1.25
*** FLOP *** [Kh 5h 5d]
Zvst: checks 
MAO_DZEDYN_S: checks 
*** TURN *** [Kh 5h 5d] [Ac]
Zvst: bets $3.17
MAO_DZEDYN_S: folds 
Uncalled bet ($3.17) returned to Zvst
Zvst collected $4.75 from pot
Zvst: doesn't show hand 
*** SUMMARY ***
Total pot $5 | Rake $0.25 
Board [Kh 5h 5d Ac]
Seat 5: straight77777
Seat 1: Mr_Dick666 (small blind) folded before Flop
Seat 2: Zvst (big blind) collected ($4.75)
Seat 3: mikefoley770 folded before Flop (didn't bet)
Seat 4: MAO_DZEDYN_S folded on the Turn
Seat 6: UnRRRReal (button) folded before Flop (didn't bet)



PokerStars Hand #254372946268:  Hold'em No Limit ($0.50/$1.00 USD) - 2025/01/14 21:30:39 WET [2025/01/14 16:30:39 ET]
Table 'Irene III' 6-max Seat #1 is the button
Seat 5: straight77777 ($0 in chips) is sitting out
Seat 1: Mr_Dick666 ($105.50 in chips) 
Seat 2: Zvst ($102.50 in chips) 
Seat 3: mikefoley770 ($58.91 in chips) 
Seat 4: MAO_DZEDYN_S ($100 in chips) 
Seat 6: UnRRRReal ($100 in chips) 
Zvst: posts small blind $0.50
mikefoley770: posts big blind $1
*** HOLE CARDS ***
MAO_DZEDYN_S: folds 
UnRRRReal: folds 
Mr_Dick666: folds 
Zvst: folds 
Uncalled bet ($0.50) returned to mikefoley770
mikefoley770 collected $1 from pot
*** SUMMARY ***
Total pot $1 | Rake $0 
Seat 5: straight77777
Seat 1: Mr_Dick666 (button) folded before Flop (didn't bet)
Seat 2: Zvst (small blind) folded before Flop
Seat 3: mikefoley770 (big blind) collected ($1)
Seat 4: MAO_DZEDYN_S folded before Flop (didn't bet)
Seat 6: UnRRRReal folded before Flop (didn't bet)



PokerStars Hand #254372951410:  Hold'em No Limit ($0.50/$1.00 USD) - 2025/01/14 21:30:55 WET [2025/01/14 16:30:55 ET]
Table 'Irene III' 6-max Seat #2 is the button
Seat 5: straight77777 ($0 in chips) is sitting out
Seat 1: Mr_Dick666 ($105.50 in chips) 
Seat 2: Zvst ($102 in chips) 
Seat 3: mikefoley770 ($59.41 in chips) 
Seat 4: MAO_DZEDYN_S ($100 in chips) 
Seat 6: UnRRRReal ($100 in chips) 
mikefoley770: posts small blind $0.50
MAO_DZEDYN_S: posts big blind $1
*** HOLE CARDS ***
UnRRRReal: folds 
Mr_Dick666: folds 
Zvst: raises $1.50 to $2.50
mikefoley770: folds 
MAO_DZEDYN_S: calls $1.50
*** FLOP *** [5s As 3s]
MAO_DZEDYN_S: checks 
Zvst: checks 
*** TURN *** [5s As 3s] [Ks]
MAO_DZEDYN_S: checks 
Zvst: checks 
*** RIVER *** [5s As 3s Ks] [8s]
MAO_DZEDYN_S: bets $3.92
Zvst: calls $3.92
*** SHOW DOWN ***
MAO_DZEDYN_S: shows [9s Ac] (a flush, Ace high)
Zvst: mucks hand 
MAO_DZEDYN_S collected $12.67 from pot
*** SUMMARY ***
Total pot $13.34 | Rake $0.67 
Board [5s As 3s Ks 8s]
Seat 5: straight77777
Seat 1: Mr_Dick666 folded before Flop (didn't bet)
Seat 2: Zvst (button) mucked
Seat 3: mikefoley770 (small blind) folded before Flop
Seat 4: MAO_DZEDYN_S (big blind) showed [9s Ac] and won ($12.67) with a flush, Ace high
Seat 6: UnRRRReal folded before Flop (didn't bet)



PokerStars Hand #254372977394:  Hold'em No Limit ($0.50/$1.00 USD) - 2025/01/14 21:32:18 WET [2025/01/14 16:32:18 ET]
Table 'Irene III' 6-max Seat #3 is the button
Seat 5: straight77777 ($0 in chips) is sitting out
Seat 1: Mr_Dick666 ($105.50 in chips) 
Seat 2: Zvst ($100 in chips) 
Seat 3: mikefoley770 ($58.91 in chips) 
Seat 4: MAO_DZEDYN_S ($106.25 in chips) 
Seat 6: UnRRRReal ($100 in chips) 
MAO_DZEDYN_S: posts small blind $0.50
UnRRRReal: posts big blind $1
*** HOLE CARDS ***
Mr_Dick666: folds 
Zvst: folds 
mikefoley770: folds 
MAO_DZEDYN_S: raises $2 to $3
UnRRRReal: calls $2
*** FLOP *** [6d 8c 4h]
MAO_DZEDYN_S: bets $4.28
UnRRRReal: folds 
Uncalled bet ($4.28) returned to MAO_DZEDYN_S
MAO_DZEDYN_S collected $5.70 from pot
straight77777 leaves the table
MAO_DZEDYN_S: doesn't show hand 
*** SUMMARY ***
Total pot $6 | Rake $0.30 
Board [6d 8c 4h]
Seat 5: straight77777
Seat 1: Mr_Dick666 folded before Flop (didn't bet)
Seat 2: Zvst folded before Flop (didn't bet)
Seat 3: mikefoley770 (button) folded before Flop (didn't bet)
Seat 4: MAO_DZEDYN_S (small blind) collected ($5.70)
Seat 6: UnRRRReal (big blind) folded on the Flop



PokerStars Hand #254372986751:  Hold'em No Limit ($0.50/$1.00 USD) - 2025/01/14 21:32:48 WET [2025/01/14 16:32:48 ET]
Table 'Irene III' 6-max Seat #4 is the button
Seat 1: Mr_Dick666 ($105.50 in chips) 
Seat 2: Zvst ($100 in chips) 
Seat 3: mikefoley770 ($58.91 in chips) 
Seat 4: MAO_DZEDYN_S ($108.95 in chips) 
Seat 6: UnRRRReal ($100 in chips) 
UnRRRReal: posts small blind $0.50
Mr_Dick666: posts big blind $1
*** HOLE CARDS ***
Zvst: folds 
mikefoley770: folds 
MAO_DZEDYN_S: folds 
UnRRRReal: folds 
Uncalled bet ($0.50) returned to Mr_Dick666
UnRRRReal leaves the table
Mr_Dick666 collected $1 from pot
Mr_Dick666: doesn't show hand 
*** SUMMARY ***
Total pot $1 | Rake $0 
Seat 1: Mr_Dick666 (big blind) collected ($1)
Seat 2: Zvst folded before Flop (didn't bet)
Seat 3: mikefoley770 folded before Flop (didn't bet)
Seat 4: MAO_DZEDYN_S (button) folded before Flop (didn't bet)
Seat 6: UnRRRReal (small blind) folded before Flop



PokerStars Hand #254372991998:  Hold'em No Limit ($0.50/$1.00 USD) - 2025/01/14 21:33:05 WET [2025/01/14 16:33:05 ET]
Table 'Irene III' 6-max Seat #1 is the button
Seat 1: Mr_Dick666 ($106 in chips) 
Seat 2: Zvst ($100 in chips) 
Seat 3: mikefoley770 ($58.91 in chips) 
Seat 4: MAO_DZEDYN_S ($108.95 in chips) 
Zvst: posts small blind $0.50
mikefoley770: posts big blind $1
*** HOLE CARDS ***
MAO_DZEDYN_S: folds 
Mr_Dick666: folds 
Zvst: folds 
Uncalled bet ($0.50) returned to mikefoley770
mikefoley770 collected $1 from pot
*** SUMMARY ***
Total pot $1 | Rake $0 
Seat 1: Mr_Dick666 (button) folded before Flop (didn't bet)
Seat 2: Zvst (small blind) folded before Flop
Seat 3: mikefoley770 (big blind) collected ($1)
Seat 4: MAO_DZEDYN_S folded before Flop (didn't bet)



PokerStars Hand #254372995278:  Hold'em No Limit ($0.50/$1.00 USD) - 2025/01/14 21:33:15 WET [2025/01/14 16:33:15 ET]
Table 'Irene III' 6-max Seat #2 is the button
Seat 1: Mr_Dick666 ($106 in chips) 
Seat 2: Zvst ($100 in chips) 
Seat 3: mikefoley770 ($59.41 in chips) 
Seat 4: MAO_DZEDYN_S ($108.95 in chips) 
mikefoley770: posts small blind $0.50
MAO_DZEDYN_S: posts big blind $1
*** HOLE CARDS ***
Aleqseuka joins the table at seat #5 
Mr_Dick666: folds 
Zvst: raises $2 to $3
mikefoley770: calls $2.50
Joker007r joins the table at seat #6 
MAO_DZEDYN_S: calls $2
*** FLOP *** [5h Ah Qc]
mikefoley770: checks 
MAO_DZEDYN_S: checks 
Zvst: checks 
*** TURN *** [5h Ah Qc] [5s]
mikefoley770: checks 
MAO_DZEDYN_S: bets $4.45
Zvst: folds 
mikefoley770: calls $4.45
*** RIVER *** [5h Ah Qc 5s] [Js]
mikefoley770: bets $8.50
MAO_DZEDYN_S: calls $8.50
*** SHOW DOWN ***
mikefoley770: shows [6s 6c] (two pair, Sixes and Fives)
MAO_DZEDYN_S: shows [3c 5c] (three of a kind, Fives)
MAO_DZEDYN_S collected $33.90 from pot
*** SUMMARY ***
Total pot $34.90 | Rake $1 
Board [5h Ah Qc 5s Js]
Seat 1: Mr_Dick666 folded before Flop (didn't bet)
Seat 2: Zvst (button) folded on the Turn
Seat 3: mikefoley770 (small blind) showed [6s 6c] and lost with two pair, Sixes and Fives
Seat 4: MAO_DZEDYN_S (big blind) showed [3c 5c] and won ($33.90) with three of a kind, Fives



PokerStars Hand #254373025572:  Hold'em No Limit ($0.50/$1.00 USD) - 2025/01/14 21:34:52 WET [2025/01/14 16:34:52 ET]
Table 'Irene III' 6-max Seat #3 is the button
Seat 6: Joker007r ($117.86 in chips) is sitting out
Seat 1: Mr_Dick666 ($106 in chips) 
Seat 2: Zvst ($100 in chips) 
Seat 3: mikefoley770 ($43.46 in chips) 
Seat 4: MAO_DZEDYN_S ($126.90 in chips) 
Seat 5: Aleqseuka ($100 in chips) 
MAO_DZEDYN_S: posts small blind $0.50
Aleqseuka: posts big blind $1
Joker007r: sits out 
*** HOLE CARDS ***
Mr_Dick666: folds 
Zvst: folds 
mikefoley770: folds 
mikefoley770 leaves the table
MAO_DZEDYN_S: raises $2 to $3
Aleqseuka: folds 
Uncalled bet ($2) returned to MAO_DZEDYN_S
MAO_DZEDYN_S collected $2 from pot
MAO_DZEDYN_S: doesn't show hand 
*** SUMMARY ***
Total pot $2 | Rake $0 
Seat 6: Joker007r
Seat 1: Mr_Dick666 folded before Flop (didn't bet)
Seat 2: Zvst folded before Flop (didn't bet)
Seat 3: mikefoley770 (button) folded before Flop (didn't bet)
Seat 4: MAO_DZEDYN_S (small blind) collected ($2)
Seat 5: Aleqseuka (big blind) folded before Flop



PokerStars Hand #254373032531:  Hold'em No Limit ($0.50/$1.00 USD) - 2025/01/14 21:35:15 WET [2025/01/14 16:35:15 ET]
Table 'Irene III' 6-max Seat #4 is the button
Seat 1: Mr_Dick666 ($106 in chips) 
Seat 2: Zvst ($100 in chips) 
Seat 4: MAO_DZEDYN_S ($127.90 in chips) 
Seat 5: Aleqseuka ($100 in chips) 
Seat 6: Joker007r ($117.86 in chips) 
Aleqseuka: posts small blind $0.50
Joker007r: posts big blind $1
*** HOLE CARDS ***
Mr_Dick666: folds 
Zvst: folds 
MAO_DZEDYN_S: folds 
Aleqseuka: folds 
Uncalled bet ($0.50) returned to Joker007r
Joker007r collected $1 from pot
Joker007r: doesn't show hand 
*** SUMMARY ***
Total pot $1 | Rake $0 
Seat 1: Mr_Dick666 folded before Flop (didn't bet)
Seat 2: Zvst folded before Flop (didn't bet)
Seat 4: MAO_DZEDYN_S (button) folded before Flop (didn't bet)
Seat 5: Aleqseuka (small blind) folded before Flop
Seat 6: Joker007r (big blind) collected ($1)



PokerStars Hand #254373036434:  Hold'em No Limit ($0.50/$1.00 USD) - 2025/01/14 21:35:27 WET [2025/01/14 16:35:27 ET]
Table 'Irene III' 6-max Seat #5 is the button
Seat 1: Mr_Dick666 ($106 in chips) 
Seat 2: Zvst ($100 in chips) 
Seat 4: MAO_DZEDYN_S ($127.90 in chips) 
Seat 5: Aleqseuka ($100 in chips) 
Seat 6: Joker007r ($118.36 in chips) 
Joker007r: posts small blind $0.50
Mr_Dick666: posts big blind $1
*** HOLE CARDS ***
Zvst: raises $1 to $2
MAO_DZEDYN_S: folds 
Aleqseuka: raises $5.50 to $7.50
Joker007r: folds 
Mr_Dick666: raises $12.50 to $20
Zvst: folds 
Aleqseuka: calls $12.50
*** FLOP *** [9d Qs 4c]
Mr_Dick666: bets $4.85
Aleqseuka: calls $4.85
*** TURN *** [9d Qs 4c] [As]
Mr_Dick666: checks 
Aleqseuka: checks 
*** RIVER *** [9d Qs 4c As] [3s]
Mr_Dick666: checks 
Aleqseuka: checks 
*** SHOW DOWN ***
Mr_Dick666: shows [Ks Kh] (a pair of Kings)
Aleqseuka: mucks hand 
Mr_Dick666 collected $49.70 from pot
*** SUMMARY ***
Total pot $52.20 | Rake $2.50 
Board [9d Qs 4c As 3s]
Seat 1: Mr_Dick666 (big blind) showed [Ks Kh] and won ($49.70) with a pair of Kings
Seat 2: Zvst folded before Flop
Seat 4: MAO_DZEDYN_S folded before Flop (didn't bet)
Seat 5: Aleqseuka (button) mucked
Seat 6: Joker007r (small blind) folded before Flop



PokerStars Hand #254373067059:  Hold'em No Limit ($0.50/$1.00 USD) - 2025/01/14 21:37:05 WET [2025/01/14 16:37:05 ET]
Table 'Irene III' 6-max Seat #6 is the button
Seat 2: Zvst ($100 in chips) is sitting out
Seat 4: MAO_DZEDYN_S ($127.90 in chips) is sitting out
Seat 1: Mr_Dick666 ($130.85 in chips) 
Seat 5: Aleqseuka ($100 in chips) 
Seat 6: Joker007r ($117.86 in chips) 
Mr_Dick666: posts small blind $0.50
Zvst: is sitting out 
MAO_DZEDYN_S: is sitting out 
Aleqseuka: posts big blind $1
*** HOLE CARDS ***
Joker007r: folds 
MAO_DZEDYN_S leaves the table
Mr_Dick666: folds 
Uncalled bet ($0.50) returned to Aleqseuka
Aleqseuka collected $1 from pot
Aleqseuka: doesn't show hand 
Zvst leaves the table
*** SUMMARY ***
Total pot $1 | Rake $0 
Seat 2: Zvst
Seat 4: MAO_DZEDYN_S
Seat 1: Mr_Dick666 (small blind) folded before Flop
Seat 5: Aleqseuka (big blind) collected ($1)
Seat 6: Joker007r (button) folded before Flop (didn't bet)



