PokerStars Hand #254372469677:  Hold'em No Limit ($0.50/$1.00 USD) - 2025/01/14 21:05:38 WET [2025/01/14 16:05:38 ET]
Table 'Teutonia III' 6-max Seat #6 is the button
Seat 5: kars0n ($100 in chips) is sitting out
Seat 2: sinister_mogi ($97.80 in chips) 
Seat 3: Gfoer ($102.46 in chips) 
Seat 4: Seavus10 ($112.88 in chips) 
Seat 6: tintin641 ($100 in chips) 
sinister_mogi: posts small blind $0.50
Gfoer: posts big blind $1
kars0n: sits out 
*** HOLE CARDS ***
Seavus10: folds 
tintin641: folds 
sinister_mogi: calls $0.50
Gfoer: checks 
*** FLOP *** [3h Ah Jd]
sinister_mogi: checks 
Gfoer: checks 
*** TURN *** [3h Ah Jd] [3c]
sinister_mogi: bets $1
Gfoer: raises $6.20 to $7.20
xcinaz joins the table at seat #1 
sinister_mogi: calls $6.20
*** RIVER *** [3h Ah Jd 3c] [Qc]
sinister_mogi: checks 
Gfoer: bets $25.31
sinister_mogi: folds 
Uncalled bet ($25.31) returned to Gfoer
Gfoer collected $15.58 from pot
Gfoer: doesn't show hand 
*** SUMMARY ***
Total pot $16.40 | Rake $0.82 
Board [3h Ah Jd 3c Qc]
Seat 5: kars0n
Seat 2: sinister_mogi (small blind) folded on the River
Seat 3: Gfoer (big blind) collected ($15.58)
Seat 4: Seavus10 folded before Flop (didn't bet)
Seat 6: tintin641 (button) folded before Flop (didn't bet)



PokerStars Hand #254372491914:  Hold'em No Limit ($0.50/$1.00 USD) - 2025/01/14 21:06:48 WET [2025/01/14 16:06:48 ET]
Table 'Teutonia III' 6-max Seat #2 is the button
Seat 1: xcinaz ($100 in chips) is sitting out
Seat 5: kars0n ($100 in chips) is sitting out
Seat 2: sinister_mogi ($89.60 in chips) 
Seat 3: Gfoer ($109.84 in chips) 
Seat 4: Seavus10 ($112.88 in chips) 
Seat 6: tintin641 ($100 in chips) 
Gfoer: posts small blind $0.50
Seavus10: posts big blind $1
kars0n: sits out 
xcinaz: sits out 
*** HOLE CARDS ***
tintin641: folds 
sinister_mogi: raises $1 to $2
Gfoer: folds 
Seavus10: folds 
Uncalled bet ($1) returned to sinister_mogi
sinister_mogi collected $2.50 from pot
sinister_mogi: doesn't show hand 
*** SUMMARY ***
Total pot $2.50 | Rake $0 
Seat 1: xcinaz
Seat 5: kars0n
Seat 2: sinister_mogi (button) collected ($2.50)
Seat 3: Gfoer (small blind) folded before Flop
Seat 4: Seavus10 (big blind) folded before Flop
Seat 6: tintin641 folded before Flop (didn't bet)



PokerStars Hand #254372495485:  Hold'em No Limit ($0.50/$1.00 USD) - 2025/01/14 21:06:59 WET [2025/01/14 16:06:59 ET]
Table 'Teutonia III' 6-max Seat #3 is the button
Seat 1: xcinaz ($100 in chips) is sitting out
Seat 2: sinister_mogi ($91.10 in chips) 
Seat 3: Gfoer ($109.34 in chips) 
Seat 4: Seavus10 ($111.88 in chips) 
Seat 5: kars0n ($100 in chips) 
Seat 6: tintin641 ($100 in chips) 
Seavus10: posts small blind $0.50
kars0n: posts big blind $1
xcinaz: sits out 
*** HOLE CARDS ***
tintin641: raises $1.50 to $2.50
sinister_mogi: folds 
Gfoer: folds 
Seavus10: folds 
kars0n: folds 
Uncalled bet ($1.50) returned to tintin641
tintin641 collected $2.50 from pot
tintin641: doesn't show hand 
*** SUMMARY ***
Total pot $2.50 | Rake $0 
Seat 1: xcinaz
Seat 2: sinister_mogi folded before Flop (didn't bet)
Seat 3: Gfoer (button) folded before Flop (didn't bet)
Seat 4: Seavus10 (small blind) folded before Flop
Seat 5: kars0n (big blind) folded before Flop
Seat 6: tintin641 collected ($2.50)



PokerStars Hand #254372502278:  Hold'em No Limit ($0.50/$1.00 USD) - 2025/01/14 21:07:20 WET [2025/01/14 16:07:20 ET]
Table 'Teutonia III' 6-max Seat #4 is the button
Seat 1: xcinaz ($100 in chips) is sitting out
Seat 2: sinister_mogi ($91.10 in chips) 
Seat 3: Gfoer ($109.34 in chips) 
Seat 4: Seavus10 ($111.38 in chips) 
Seat 5: kars0n ($100 in chips) 
Seat 6: tintin641 ($101.50 in chips) 
kars0n: posts small blind $0.50
tintin641: posts big blind $1
xcinaz: sits out 
*** HOLE CARDS ***
sinister_mogi: folds 
Gfoer: folds 
Seavus10: folds 
kars0n: raises $2 to $3
tintin641: folds 
Uncalled bet ($2) returned to kars0n
kars0n collected $2 from pot
kars0n: doesn't show hand 
*** SUMMARY ***
Total pot $2 | Rake $0 
Seat 1: xcinaz
Seat 2: sinister_mogi folded before Flop (didn't bet)
Seat 3: Gfoer folded before Flop (didn't bet)
Seat 4: Seavus10 (button) folded before Flop (didn't bet)
Seat 5: kars0n (small blind) collected ($2)
Seat 6: tintin641 (big blind) folded before Flop



PokerStars Hand #254372508483:  Hold'em No Limit ($0.50/$1.00 USD) - 2025/01/14 21:07:40 WET [2025/01/14 16:07:40 ET]
Table 'Teutonia III' 6-max Seat #5 is the button
Seat 1: xcinaz ($100 in chips) 
Seat 2: sinister_mogi ($91.10 in chips) 
Seat 3: Gfoer ($109.34 in chips) 
Seat 4: Seavus10 ($111.38 in chips) 
Seat 5: kars0n ($101 in chips) 
Seat 6: tintin641 ($100.50 in chips) 
tintin641: posts small blind $0.50
xcinaz: posts big blind $1
*** HOLE CARDS ***
sinister_mogi: folds 
Gfoer: folds 
Seavus10: folds 
kars0n: raises $1.50 to $2.50
tintin641: folds 
xcinaz: raises $9 to $11.50
kars0n: calls $9
*** FLOP *** [5c 8c 6c]
xcinaz: checks 
kars0n: checks 
*** TURN *** [5c 8c 6c] [Qd]
xcinaz: checks 
kars0n: bets $16.74
xcinaz: folds 
Uncalled bet ($16.74) returned to kars0n
kars0n collected $22.32 from pot
kars0n: doesn't show hand 
*** SUMMARY ***
Total pot $23.50 | Rake $1.18 
Board [5c 8c 6c Qd]
Seat 1: xcinaz (big blind) folded on the Turn
Seat 2: sinister_mogi folded before Flop (didn't bet)
Seat 3: Gfoer folded before Flop (didn't bet)
Seat 4: Seavus10 folded before Flop (didn't bet)
Seat 5: kars0n (button) collected ($22.32)
Seat 6: tintin641 (small blind) folded before Flop



PokerStars Hand #254372533746:  Hold'em No Limit ($0.50/$1.00 USD) - 2025/01/14 21:09:01 WET [2025/01/14 16:09:01 ET]
Table 'Teutonia III' 6-max Seat #6 is the button
Seat 1: xcinaz ($100 in chips) 
Seat 2: sinister_mogi ($91.10 in chips) 
Seat 3: Gfoer ($109.34 in chips) 
Seat 4: Seavus10 ($111.38 in chips) 
Seat 5: kars0n ($111.82 in chips) 
Seat 6: tintin641 ($100 in chips) 
xcinaz: posts small blind $0.50
sinister_mogi: posts big blind $1
*** HOLE CARDS ***
Gfoer: folds 
Seavus10: folds 
kars0n: raises $1.50 to $2.50
tintin641: folds 
xcinaz: folds 
sinister_mogi: calls $1.50
*** FLOP *** [Tc Qd Ad]
sinister_mogi: checks 
kars0n: bets $3.92
sinister_mogi: folds 
Uncalled bet ($3.92) returned to kars0n
kars0n collected $5.22 from pot
kars0n: doesn't show hand 
*** SUMMARY ***
Total pot $5.50 | Rake $0.28 
Board [Tc Qd Ad]
Seat 1: xcinaz (small blind) folded before Flop
Seat 2: sinister_mogi (big blind) folded on the Flop
Seat 3: Gfoer folded before Flop (didn't bet)
Seat 4: Seavus10 folded before Flop (didn't bet)
Seat 5: kars0n collected ($5.22)
Seat 6: tintin641 (button) folded before Flop (didn't bet)



PokerStars Hand #254372542752:  Hold'em No Limit ($0.50/$1.00 USD) - 2025/01/14 21:09:29 WET [2025/01/14 16:09:29 ET]
Table 'Teutonia III' 6-max Seat #1 is the button
Seat 3: Gfoer ($109.34 in chips) is sitting out
Seat 1: xcinaz ($100 in chips) 
Seat 2: sinister_mogi ($88.60 in chips) 
Seat 4: Seavus10 ($111.38 in chips) 
Seat 5: kars0n ($114.54 in chips) 
Seat 6: tintin641 ($100 in chips) 
sinister_mogi: posts small blind $0.50
Gfoer: is sitting out 
Seavus10: posts big blind $1
*** HOLE CARDS ***
kars0n: folds 
tintin641: folds 
xcinaz: raises $1.50 to $2.50
sinister_mogi: folds 
Gfoer leaves the table
Seavus10: folds 
Uncalled bet ($1.50) returned to xcinaz
xcinaz collected $2.50 from pot
xcinaz: doesn't show hand 
Supermegopro joins the table at seat #3 
*** SUMMARY ***
Total pot $2.50 | Rake $0 
Seat 3: Gfoer
Seat 1: xcinaz (button) collected ($2.50)
Seat 2: sinister_mogi (small blind) folded before Flop
Seat 4: Seavus10 (big blind) folded before Flop
Seat 5: kars0n folded before Flop (didn't bet)
Seat 6: tintin641 folded before Flop (didn't bet)



PokerStars Hand #254372547332:  Hold'em No Limit ($0.50/$1.00 USD) - 2025/01/14 21:09:44 WET [2025/01/14 16:09:44 ET]
Table 'Teutonia III' 6-max Seat #2 is the button
Seat 3: Supermegopro ($100 in chips) is sitting out
Seat 1: xcinaz ($101.50 in chips) 
Seat 2: sinister_mogi ($88.10 in chips) 
Seat 4: Seavus10 ($110.38 in chips) 
Seat 5: kars0n ($114.54 in chips) 
Seat 6: tintin641 ($100 in chips) 
Seavus10: posts small blind $0.50
kars0n: posts big blind $1
*** HOLE CARDS ***
tintin641: folds 
xcinaz: folds 
sinister_mogi: folds 
Seavus10: folds 
Uncalled bet ($0.50) returned to kars0n
kars0n collected $1 from pot
kars0n: doesn't show hand 
*** SUMMARY ***
Total pot $1 | Rake $0 
Seat 3: Supermegopro
Seat 1: xcinaz folded before Flop (didn't bet)
Seat 2: sinister_mogi (button) folded before Flop (didn't bet)
Seat 4: Seavus10 (small blind) folded before Flop
Seat 5: kars0n (big blind) collected ($1)
Seat 6: tintin641 folded before Flop (didn't bet)



PokerStars Hand #254372553169:  Hold'em No Limit ($0.50/$1.00 USD) - 2025/01/14 21:10:02 WET [2025/01/14 16:10:02 ET]
Table 'Teutonia III' 6-max Seat #4 is the button
Seat 3: Supermegopro ($100 in chips) is sitting out
Seat 1: xcinaz ($101.50 in chips) 
Seat 2: sinister_mogi ($88.10 in chips) 
Seat 4: Seavus10 ($109.88 in chips) 
Seat 5: kars0n ($115.04 in chips) 
Seat 6: tintin641 ($100 in chips) 
kars0n: posts small blind $0.50
tintin641: posts big blind $1
Supermegopro: sits out 
*** HOLE CARDS ***
xcinaz: folds 
sinister_mogi: folds 
Seavus10: folds 
kars0n: folds 
Uncalled bet ($0.50) returned to tintin641
tintin641 collected $1 from pot
tintin641: doesn't show hand 
*** SUMMARY ***
Total pot $1 | Rake $0 
Seat 3: Supermegopro
Seat 1: xcinaz folded before Flop (didn't bet)
Seat 2: sinister_mogi folded before Flop (didn't bet)
Seat 4: Seavus10 (button) folded before Flop (didn't bet)
Seat 5: kars0n (small blind) folded before Flop
Seat 6: tintin641 (big blind) collected ($1)



PokerStars Hand #254372556579:  Hold'em No Limit ($0.50/$1.00 USD) - 2025/01/14 21:10:12 WET [2025/01/14 16:10:12 ET]
Table 'Teutonia III' 6-max Seat #5 is the button
Seat 3: Supermegopro ($100 in chips) is sitting out
Seat 1: xcinaz ($101.50 in chips) 
Seat 2: sinister_mogi ($88.10 in chips) 
Seat 4: Seavus10 ($109.88 in chips) 
Seat 5: kars0n ($114.54 in chips) 
Seat 6: tintin641 ($100.50 in chips) 
tintin641: posts small blind $0.50
xcinaz: posts big blind $1
Supermegopro: sits out 
*** HOLE CARDS ***
sinister_mogi: folds 
Seavus10: folds 
kars0n: folds 
tintin641: folds 
Uncalled bet ($0.50) returned to xcinaz
xcinaz collected $1 from pot
xcinaz: doesn't show hand 
*** SUMMARY ***
Total pot $1 | Rake $0 
Seat 3: Supermegopro
Seat 1: xcinaz (big blind) collected ($1)
Seat 2: sinister_mogi folded before Flop (didn't bet)
Seat 4: Seavus10 folded before Flop (didn't bet)
Seat 5: kars0n (button) folded before Flop (didn't bet)
Seat 6: tintin641 (small blind) folded before Flop



PokerStars Hand #254372563112:  Hold'em No Limit ($0.50/$1.00 USD) - 2025/01/14 21:10:33 WET [2025/01/14 16:10:33 ET]
Table 'Teutonia III' 6-max Seat #6 is the button
Seat 3: Supermegopro ($100 in chips) is sitting out
Seat 1: xcinaz ($102 in chips) 
Seat 2: sinister_mogi ($88.10 in chips) 
Seat 4: Seavus10 ($109.88 in chips) 
Seat 5: kars0n ($114.54 in chips) 
Seat 6: tintin641 ($100 in chips) 
xcinaz: posts small blind $0.50
sinister_mogi: posts big blind $1
Supermegopro: sits out 
*** HOLE CARDS ***
Seavus10: folds 
kars0n: raises $1.50 to $2.50
tintin641: folds 
xcinaz: folds 
sinister_mogi: calls $1.50
*** FLOP *** [5d 7d Jh]
sinister_mogi: checks 
kars0n: bets $3.92
sinister_mogi: calls $3.92
*** TURN *** [5d 7d Jh] [Kd]
sinister_mogi: checks 
kars0n: checks 
*** RIVER *** [5d 7d Jh Kd] [Ts]
sinister_mogi: checks 
kars0n: checks 
*** SHOW DOWN ***
sinister_mogi: shows [7h 9h] (a pair of Sevens)
kars0n: shows [Qh Jc] (a pair of Jacks)
kars0n collected $12.67 from pot
*** SUMMARY ***
Total pot $13.34 | Rake $0.67 
Board [5d 7d Jh Kd Ts]
Seat 3: Supermegopro
Seat 1: xcinaz (small blind) folded before Flop
Seat 2: sinister_mogi (big blind) showed [7h 9h] and lost with a pair of Sevens
Seat 4: Seavus10 folded before Flop (didn't bet)
Seat 5: kars0n showed [Qh Jc] and won ($12.67) with a pair of Jacks
Seat 6: tintin641 (button) folded before Flop (didn't bet)



PokerStars Hand #254372575518:  Hold'em No Limit ($0.50/$1.00 USD) - 2025/01/14 21:11:12 WET [2025/01/14 16:11:12 ET]
Table 'Teutonia III' 6-max Seat #1 is the button
Seat 1: xcinaz ($101.50 in chips) 
Seat 2: sinister_mogi ($81.68 in chips) 
Seat 3: Supermegopro ($100 in chips) 
Seat 4: Seavus10 ($109.88 in chips) 
Seat 5: kars0n ($120.79 in chips) 
Seat 6: tintin641 ($100 in chips) 
sinister_mogi: posts small blind $0.50
Supermegopro: posts big blind $1
*** HOLE CARDS ***
Seavus10: folds 
kars0n: folds 
tintin641: folds 
xcinaz: folds 
sinister_mogi: raises $2 to $3
Supermegopro: folds 
Uncalled bet ($2) returned to sinister_mogi
sinister_mogi collected $2 from pot
sinister_mogi: doesn't show hand 
*** SUMMARY ***
Total pot $2 | Rake $0 
Seat 1: xcinaz (button) folded before Flop (didn't bet)
Seat 2: sinister_mogi (small blind) collected ($2)
Seat 3: Supermegopro (big blind) folded before Flop
Seat 4: Seavus10 folded before Flop (didn't bet)
Seat 5: kars0n folded before Flop (didn't bet)
Seat 6: tintin641 folded before Flop (didn't bet)



PokerStars Hand #254372584497:  Hold'em No Limit ($0.50/$1.00 USD) - 2025/01/14 21:11:41 WET [2025/01/14 16:11:41 ET]
Table 'Teutonia III' 6-max Seat #2 is the button
Seat 1: xcinaz ($101.50 in chips) 
Seat 2: sinister_mogi ($82.68 in chips) 
Seat 3: Supermegopro ($100 in chips) 
Seat 4: Seavus10 ($109.88 in chips) 
Seat 5: kars0n ($120.79 in chips) 
Seat 6: tintin641 ($100 in chips) 
Supermegopro: posts small blind $0.50
Seavus10: posts big blind $1
*** HOLE CARDS ***
kars0n: folds 
tintin641: folds 
xcinaz: folds 
sinister_mogi: folds 
Supermegopro: folds 
Uncalled bet ($0.50) returned to Seavus10
Seavus10 collected $1 from pot
Seavus10: doesn't show hand 
*** SUMMARY ***
Total pot $1 | Rake $0 
Seat 1: xcinaz folded before Flop (didn't bet)
Seat 2: sinister_mogi (button) folded before Flop (didn't bet)
Seat 3: Supermegopro (small blind) folded before Flop
Seat 4: Seavus10 (big blind) collected ($1)
Seat 5: kars0n folded before Flop (didn't bet)
Seat 6: tintin641 folded before Flop (didn't bet)



PokerStars Hand #254372589256:  Hold'em No Limit ($0.50/$1.00 USD) - 2025/01/14 21:11:55 WET [2025/01/14 16:11:55 ET]
Table 'Teutonia III' 6-max Seat #3 is the button
Seat 1: xcinaz ($101.50 in chips) 
Seat 2: sinister_mogi ($82.68 in chips) 
Seat 3: Supermegopro ($100 in chips) 
Seat 4: Seavus10 ($110.38 in chips) 
Seat 5: kars0n ($120.79 in chips) 
Seat 6: tintin641 ($100 in chips) 
Seavus10: posts small blind $0.50
kars0n: posts big blind $1
*** HOLE CARDS ***
tintin641: folds 
xcinaz: folds 
sinister_mogi: raises $2.50 to $3.50
Supermegopro: calls $3.50
Seavus10: folds 
kars0n: folds 
*** FLOP *** [Ks 5h 7s]
sinister_mogi: bets $5
Supermegopro: folds 
Uncalled bet ($5) returned to sinister_mogi
sinister_mogi collected $8.08 from pot
sinister_mogi: doesn't show hand 
*** SUMMARY ***
Total pot $8.50 | Rake $0.42 
Board [Ks 5h 7s]
Seat 1: xcinaz folded before Flop (didn't bet)
Seat 2: sinister_mogi collected ($8.08)
Seat 3: Supermegopro (button) folded on the Flop
Seat 4: Seavus10 (small blind) folded before Flop
Seat 5: kars0n (big blind) folded before Flop
Seat 6: tintin641 folded before Flop (didn't bet)



PokerStars Hand #254372597051:  Hold'em No Limit ($0.50/$1.00 USD) - 2025/01/14 21:12:19 WET [2025/01/14 16:12:19 ET]
Table 'Teutonia III' 6-max Seat #4 is the button
Seat 1: xcinaz ($101.50 in chips) 
Seat 2: sinister_mogi ($87.26 in chips) 
Seat 3: Supermegopro ($100 in chips) 
Seat 4: Seavus10 ($109.88 in chips) 
Seat 5: kars0n ($119.79 in chips) 
Seat 6: tintin641 ($100 in chips) 
kars0n: posts small blind $0.50
tintin641: posts big blind $1
*** HOLE CARDS ***
xcinaz: folds 
sinister_mogi: folds 
Supermegopro: folds 
Seavus10: folds 
kars0n: folds 
Uncalled bet ($0.50) returned to tintin641
tintin641 collected $1 from pot
tintin641: doesn't show hand 
*** SUMMARY ***
Total pot $1 | Rake $0 
Seat 1: xcinaz folded before Flop (didn't bet)
Seat 2: sinister_mogi folded before Flop (didn't bet)
Seat 3: Supermegopro folded before Flop (didn't bet)
Seat 4: Seavus10 (button) folded before Flop (didn't bet)
Seat 5: kars0n (small blind) folded before Flop
Seat 6: tintin641 (big blind) collected ($1)



PokerStars Hand #254372602439:  Hold'em No Limit ($0.50/$1.00 USD) - 2025/01/14 21:12:36 WET [2025/01/14 16:12:36 ET]
Table 'Teutonia III' 6-max Seat #5 is the button
Seat 1: xcinaz ($101.50 in chips) 
Seat 2: sinister_mogi ($87.26 in chips) 
Seat 3: Supermegopro ($100 in chips) 
Seat 4: Seavus10 ($109.88 in chips) 
Seat 5: kars0n ($119.29 in chips) 
Seat 6: tintin641 ($100.50 in chips) 
tintin641: posts small blind $0.50
xcinaz: posts big blind $1
*** HOLE CARDS ***
sinister_mogi: raises $1 to $2
Supermegopro: folds 
Seavus10: folds 
kars0n: folds 
tintin641: folds 
xcinaz: folds 
Uncalled bet ($1) returned to sinister_mogi
sinister_mogi collected $2.50 from pot
sinister_mogi: doesn't show hand 
*** SUMMARY ***
Total pot $2.50 | Rake $0 
Seat 1: xcinaz (big blind) folded before Flop
Seat 2: sinister_mogi collected ($2.50)
Seat 3: Supermegopro folded before Flop (didn't bet)
Seat 4: Seavus10 folded before Flop (didn't bet)
Seat 5: kars0n (button) folded before Flop (didn't bet)
Seat 6: tintin641 (small blind) folded before Flop



PokerStars Hand #254372608903:  Hold'em No Limit ($0.50/$1.00 USD) - 2025/01/14 21:12:56 WET [2025/01/14 16:12:56 ET]
Table 'Teutonia III' 6-max Seat #6 is the button
Seat 1: xcinaz ($100.50 in chips) 
Seat 2: sinister_mogi ($88.76 in chips) 
Seat 3: Supermegopro ($100 in chips) 
Seat 4: Seavus10 ($109.88 in chips) 
Seat 5: kars0n ($119.29 in chips) 
Seat 6: tintin641 ($100 in chips) 
xcinaz: posts small blind $0.50
sinister_mogi: posts big blind $1
*** HOLE CARDS ***
Supermegopro: folds 
Seavus10: folds 
kars0n: folds 
tintin641: raises $1.50 to $2.50
xcinaz: folds 
sinister_mogi: folds 
Uncalled bet ($1.50) returned to tintin641
tintin641 collected $2.50 from pot
tintin641: doesn't show hand 
*** SUMMARY ***
Total pot $2.50 | Rake $0 
Seat 1: xcinaz (small blind) folded before Flop
Seat 2: sinister_mogi (big blind) folded before Flop
Seat 3: Supermegopro folded before Flop (didn't bet)
Seat 4: Seavus10 folded before Flop (didn't bet)
Seat 5: kars0n folded before Flop (didn't bet)
Seat 6: tintin641 (button) collected ($2.50)



PokerStars Hand #254372619684:  Hold'em No Limit ($0.50/$1.00 USD) - 2025/01/14 21:13:29 WET [2025/01/14 16:13:29 ET]
Table 'Teutonia III' 6-max Seat #1 is the button
Seat 1: xcinaz ($100 in chips) 
Seat 2: sinister_mogi ($87.76 in chips) 
Seat 3: Supermegopro ($100 in chips) 
Seat 4: Seavus10 ($109.88 in chips) 
Seat 5: kars0n ($119.29 in chips) 
Seat 6: tintin641 ($101.50 in chips) 
sinister_mogi: posts small blind $0.50
Supermegopro: posts big blind $1
*** HOLE CARDS ***
Seavus10: folds 
kars0n: raises $1 to $2
tintin641: folds 
xcinaz: raises $5 to $7
sinister_mogi: folds 
Supermegopro: folds 
kars0n: folds 
Uncalled bet ($5) returned to xcinaz
xcinaz collected $5.50 from pot
xcinaz: doesn't show hand 
*** SUMMARY ***
Total pot $5.50 | Rake $0 
Seat 1: xcinaz (button) collected ($5.50)
Seat 2: sinister_mogi (small blind) folded before Flop
Seat 3: Supermegopro (big blind) folded before Flop
Seat 4: Seavus10 folded before Flop (didn't bet)
Seat 5: kars0n folded before Flop
Seat 6: tintin641 folded before Flop (didn't bet)



PokerStars Hand #254372626871:  Hold'em No Limit ($0.50/$1.00 USD) - 2025/01/14 21:13:52 WET [2025/01/14 16:13:52 ET]
Table 'Teutonia III' 6-max Seat #2 is the button
Seat 1: xcinaz ($103.50 in chips) 
Seat 2: sinister_mogi ($87.26 in chips) 
Seat 3: Supermegopro ($100 in chips) 
Seat 4: Seavus10 ($109.88 in chips) 
Seat 5: kars0n ($117.29 in chips) 
Seat 6: tintin641 ($101.50 in chips) 
Supermegopro: posts small blind $0.50
Seavus10: posts big blind $1
*** HOLE CARDS ***
kars0n: folds 
tintin641: folds 
xcinaz: folds 
sinister_mogi: folds 
Supermegopro: folds 
Uncalled bet ($0.50) returned to Seavus10
Seavus10 collected $1 from pot
Seavus10: doesn't show hand 
*** SUMMARY ***
Total pot $1 | Rake $0 
Seat 1: xcinaz folded before Flop (didn't bet)
Seat 2: sinister_mogi (button) folded before Flop (didn't bet)
Seat 3: Supermegopro (small blind) folded before Flop
Seat 4: Seavus10 (big blind) collected ($1)
Seat 5: kars0n folded before Flop (didn't bet)
Seat 6: tintin641 folded before Flop (didn't bet)



PokerStars Hand #254372634350:  Hold'em No Limit ($0.50/$1.00 USD) - 2025/01/14 21:14:15 WET [2025/01/14 16:14:15 ET]
Table 'Teutonia III' 6-max Seat #3 is the button
Seat 1: xcinaz ($103.50 in chips) 
Seat 2: sinister_mogi ($87.26 in chips) 
Seat 3: Supermegopro ($100 in chips) 
Seat 4: Seavus10 ($110.38 in chips) 
Seat 5: kars0n ($117.29 in chips) 
Seat 6: tintin641 ($101.50 in chips) 
Seavus10: posts small blind $0.50
kars0n: posts big blind $1
*** HOLE CARDS ***
tintin641: folds 
xcinaz: raises $1 to $2
sinister_mogi: folds 
Supermegopro: folds 
Seavus10: folds 
kars0n: folds 
Uncalled bet ($1) returned to xcinaz
xcinaz collected $2.50 from pot
xcinaz: doesn't show hand 
*** SUMMARY ***
Total pot $2.50 | Rake $0 
Seat 1: xcinaz collected ($2.50)
Seat 2: sinister_mogi folded before Flop (didn't bet)
Seat 3: Supermegopro (button) folded before Flop (didn't bet)
Seat 4: Seavus10 (small blind) folded before Flop
Seat 5: kars0n (big blind) folded before Flop
Seat 6: tintin641 folded before Flop (didn't bet)



PokerStars Hand #254372640120:  Hold'em No Limit ($0.50/$1.00 USD) - 2025/01/14 21:14:33 WET [2025/01/14 16:14:33 ET]
Table 'Teutonia III' 6-max Seat #4 is the button
Seat 6: tintin641 ($101.50 in chips) is sitting out
Seat 1: xcinaz ($105 in chips) 
Seat 2: sinister_mogi ($87.26 in chips) 
Seat 3: Supermegopro ($100 in chips) 
Seat 4: Seavus10 ($109.88 in chips) 
Seat 5: kars0n ($116.29 in chips) 
kars0n: posts small blind $0.50
tintin641: is sitting out 
xcinaz: posts big blind $1
*** HOLE CARDS ***
tintin641 leaves the table
sinister_mogi: folds 
Supermegopro: raises $1.50 to $2.50
Seavus10: folds 
kars0n: raises $9.50 to $12
xcinaz: folds 
Supermegopro: calls $9.50
*** FLOP *** [8c Ad 5s]
kars0n: bets $7.84
Supermegopro: calls $7.84
*** TURN *** [8c Ad 5s] [2c]
kars0n: checks 
Supermegopro: bets $12.75
kars0n: folds 
Uncalled bet ($12.75) returned to Supermegopro
Supermegopro collected $38.65 from pot
Supermegopro: doesn't show hand 
*** SUMMARY ***
Total pot $40.68 | Rake $2.03 
Board [8c Ad 5s 2c]
Seat 6: tintin641
Seat 1: xcinaz (big blind) folded before Flop
Seat 2: sinister_mogi folded before Flop (didn't bet)
Seat 3: Supermegopro collected ($38.65)
Seat 4: Seavus10 (button) folded before Flop (didn't bet)
Seat 5: kars0n (small blind) folded on the Turn



PokerStars Hand #254372656636:  Hold'em No Limit ($0.50/$1.00 USD) - 2025/01/14 21:15:25 WET [2025/01/14 16:15:25 ET]
Table 'Teutonia III' 6-max Seat #5 is the button
Seat 1: xcinaz ($104 in chips) 
Seat 2: sinister_mogi ($87.26 in chips) 
Seat 3: Supermegopro ($118.81 in chips) 
Seat 4: Seavus10 ($109.88 in chips) 
Seat 5: kars0n ($100 in chips) 
xcinaz: posts small blind $0.50
sinister_mogi: posts big blind $1
*** HOLE CARDS ***
Supermegopro: raises $1.50 to $2.50
Seavus10: raises $5 to $7.50
kars0n: folds 
xcinaz: folds 
sinister_mogi: folds 
Supermegopro: calls $5
*** FLOP *** [2d Qs Td]
Supermegopro: checks 
Seavus10: bets $5.22
Supermegopro: raises $106.09 to $111.31 and is all-in
Seavus10: folds 
Uncalled bet ($106.09) returned to Supermegopro
Supermegopro collected $25.59 from pot
Supermegopro: doesn't show hand 
*** SUMMARY ***
Total pot $26.94 | Rake $1.35 
Board [2d Qs Td]
Seat 1: xcinaz (small blind) folded before Flop
Seat 2: sinister_mogi (big blind) folded before Flop
Seat 3: Supermegopro collected ($25.59)
Seat 4: Seavus10 folded on the Flop
Seat 5: kars0n (button) folded before Flop (didn't bet)



PokerStars Hand #254372680202:  Hold'em No Limit ($0.50/$1.00 USD) - 2025/01/14 21:16:38 WET [2025/01/14 16:16:38 ET]
Table 'Teutonia III' 6-max Seat #1 is the button
Seat 1: xcinaz ($103.50 in chips) 
Seat 2: sinister_mogi ($86.26 in chips) 
Seat 3: Supermegopro ($131.68 in chips) 
Seat 4: Seavus10 ($100 in chips) 
Seat 5: kars0n ($100 in chips) 
sinister_mogi: posts small blind $0.50
Supermegopro: posts big blind $1
*** HOLE CARDS ***
Seavus10: folds 
kars0n: raises $1.50 to $2.50
xcinaz: folds 
sinister_mogi: folds 
Supermegopro: raises $9.50 to $12
kars0n: calls $9.50
*** FLOP *** [3s 5c Kh]
Supermegopro: bets $15.52
kars0n: folds 
Uncalled bet ($15.52) returned to Supermegopro
Supermegopro collected $23.28 from pot
Supermegopro: doesn't show hand 
*** SUMMARY ***
Total pot $24.50 | Rake $1.22 
Board [3s 5c Kh]
Seat 1: xcinaz (button) folded before Flop (didn't bet)
Seat 2: sinister_mogi (small blind) folded before Flop
Seat 3: Supermegopro (big blind) collected ($23.28)
Seat 4: Seavus10 folded before Flop (didn't bet)
Seat 5: kars0n folded on the Flop



PokerStars Hand #254372687598:  Hold'em No Limit ($0.50/$1.00 USD) - 2025/01/14 21:17:01 WET [2025/01/14 16:17:01 ET]
Table 'Teutonia III' 6-max Seat #2 is the button
Seat 1: xcinaz ($103.50 in chips) 
Seat 2: sinister_mogi ($85.76 in chips) 
Seat 3: Supermegopro ($142.96 in chips) 
Seat 4: Seavus10 ($100 in chips) 
Seat 5: kars0n ($100 in chips) 
Supermegopro: posts small blind $0.50
Seavus10: posts big blind $1
*** HOLE CARDS ***
kars0n: folds 
xcinaz: folds 
sinister_mogi: folds 
Supermegopro: raises $2 to $3
henri789 joins the table at seat #6 
Seavus10: raises $6 to $9
Supermegopro: folds 
Uncalled bet ($6) returned to Seavus10
Seavus10 collected $6 from pot
Seavus10: doesn't show hand 
*** SUMMARY ***
Total pot $6 | Rake $0 
Seat 1: xcinaz folded before Flop (didn't bet)
Seat 2: sinister_mogi (button) folded before Flop (didn't bet)
Seat 3: Supermegopro (small blind) folded before Flop
Seat 4: Seavus10 (big blind) collected ($6)
Seat 5: kars0n folded before Flop (didn't bet)



PokerStars Hand #254372694865:  Hold'em No Limit ($0.50/$1.00 USD) - 2025/01/14 21:17:24 WET [2025/01/14 16:17:24 ET]
Table 'Teutonia III' 6-max Seat #3 is the button
Seat 6: henri789 ($100 in chips) is sitting out
Seat 1: xcinaz ($103.50 in chips) 
Seat 2: sinister_mogi ($85.76 in chips) 
Seat 3: Supermegopro ($139.96 in chips) 
Seat 4: Seavus10 ($103 in chips) 
Seat 5: kars0n ($100 in chips) 
Seavus10: posts small blind $0.50
kars0n: posts big blind $1
henri789: sits out 
*** HOLE CARDS ***
xcinaz: folds 
sinister_mogi: raises $2.50 to $3.50
Supermegopro: folds 
Seavus10: folds 
kars0n: calls $2.50
*** FLOP *** [4d 7s Ts]
kars0n: checks 
sinister_mogi: bets $6
kars0n: folds 
Uncalled bet ($6) returned to sinister_mogi
sinister_mogi collected $7.12 from pot
sinister_mogi: doesn't show hand 
*** SUMMARY ***
Total pot $7.50 | Rake $0.38 
Board [4d 7s Ts]
Seat 6: henri789
Seat 1: xcinaz folded before Flop (didn't bet)
Seat 2: sinister_mogi collected ($7.12)
Seat 3: Supermegopro (button) folded before Flop (didn't bet)
Seat 4: Seavus10 (small blind) folded before Flop
Seat 5: kars0n (big blind) folded on the Flop



PokerStars Hand #254372702976:  Hold'em No Limit ($0.50/$1.00 USD) - 2025/01/14 21:17:49 WET [2025/01/14 16:17:49 ET]
Table 'Teutonia III' 6-max Seat #4 is the button
Seat 1: xcinaz ($103.50 in chips) 
Seat 2: sinister_mogi ($89.38 in chips) 
Seat 3: Supermegopro ($139.96 in chips) 
Seat 4: Seavus10 ($102.50 in chips) 
Seat 5: kars0n ($100 in chips) 
Seat 6: henri789 ($100 in chips) 
kars0n: posts small blind $0.50
henri789: posts big blind $1
*** HOLE CARDS ***
xcinaz: folds 
sinister_mogi: calls $1
Supermegopro: folds 
Seavus10: folds 
kars0n: calls $0.50
henri789: checks 
*** FLOP *** [Jc Kc 9d]
kars0n: checks 
henri789: bets $1
sinister_mogi: folds 
kars0n: calls $1
*** TURN *** [Jc Kc 9d] [8s]
kars0n: checks 
henri789: bets $3.56
kars0n: calls $3.56
*** RIVER *** [Jc Kc 9d 8s] [9s]
kars0n: checks 
henri789: checks 
*** SHOW DOWN ***
kars0n: shows [8d Ts] (two pair, Nines and Eights)
henri789: mucks hand 
kars0n collected $11.51 from pot
*** SUMMARY ***
Total pot $12.12 | Rake $0.61 
Board [Jc Kc 9d 8s 9s]
Seat 1: xcinaz folded before Flop (didn't bet)
Seat 2: sinister_mogi folded on the Flop
Seat 3: Supermegopro folded before Flop (didn't bet)
Seat 4: Seavus10 (button) folded before Flop (didn't bet)
Seat 5: kars0n (small blind) showed [8d Ts] and won ($11.51) with two pair, Nines and Eights
Seat 6: henri789 (big blind) mucked



PokerStars Hand #254372726985:  Hold'em No Limit ($0.50/$1.00 USD) - 2025/01/14 21:19:03 WET [2025/01/14 16:19:03 ET]
Table 'Teutonia III' 6-max Seat #5 is the button
Seat 1: xcinaz ($103.50 in chips) 
Seat 2: sinister_mogi ($88.38 in chips) 
Seat 3: Supermegopro ($139.96 in chips) 
Seat 4: Seavus10 ($102.50 in chips) 
Seat 5: kars0n ($105.95 in chips) 
Seat 6: henri789 ($100 in chips) 
henri789: posts small blind $0.50
xcinaz: posts big blind $1
*** HOLE CARDS ***
sinister_mogi: folds 
Supermegopro: raises $1.50 to $2.50
Seavus10: folds 
kars0n: folds 
henri789: folds 
xcinaz: folds 
Uncalled bet ($1.50) returned to Supermegopro
Supermegopro collected $2.50 from pot
Supermegopro: doesn't show hand 
*** SUMMARY ***
Total pot $2.50 | Rake $0 
Seat 1: xcinaz (big blind) folded before Flop
Seat 2: sinister_mogi folded before Flop (didn't bet)
Seat 3: Supermegopro collected ($2.50)
Seat 4: Seavus10 folded before Flop (didn't bet)
Seat 5: kars0n (button) folded before Flop (didn't bet)
Seat 6: henri789 (small blind) folded before Flop



PokerStars Hand #254372736377:  Hold'em No Limit ($0.50/$1.00 USD) - 2025/01/14 21:19:33 WET [2025/01/14 16:19:33 ET]
Table 'Teutonia III' 6-max Seat #6 is the button
Seat 1: xcinaz ($102.50 in chips) 
Seat 2: sinister_mogi ($88.38 in chips) 
Seat 3: Supermegopro ($141.46 in chips) 
Seat 4: Seavus10 ($102.50 in chips) 
Seat 5: kars0n ($105.95 in chips) 
Seat 6: henri789 ($100 in chips) 
xcinaz: posts small blind $0.50
sinister_mogi: posts big blind $1
*** HOLE CARDS ***
Supermegopro: folds 
Seavus10: raises $1.20 to $2.20
kars0n: folds 
henri789: folds 
xcinaz: folds 
sinister_mogi: folds 
Uncalled bet ($1.20) returned to Seavus10
Seavus10 collected $2.50 from pot
Seavus10: doesn't show hand 
*** SUMMARY ***
Total pot $2.50 | Rake $0 
Seat 1: xcinaz (small blind) folded before Flop
Seat 2: sinister_mogi (big blind) folded before Flop
Seat 3: Supermegopro folded before Flop (didn't bet)
Seat 4: Seavus10 collected ($2.50)
Seat 5: kars0n folded before Flop (didn't bet)
Seat 6: henri789 (button) folded before Flop (didn't bet)



PokerStars Hand #254372741672:  Hold'em No Limit ($0.50/$1.00 USD) - 2025/01/14 21:19:50 WET [2025/01/14 16:19:50 ET]
Table 'Teutonia III' 6-max Seat #1 is the button
Seat 1: xcinaz ($102 in chips) 
Seat 2: sinister_mogi ($87.38 in chips) 
Seat 3: Supermegopro ($141.46 in chips) 
Seat 4: Seavus10 ($104 in chips) 
Seat 5: kars0n ($105.95 in chips) 
Seat 6: henri789 ($100 in chips) 
sinister_mogi: posts small blind $0.50
Supermegopro: posts big blind $1
*** HOLE CARDS ***
Seavus10: folds 
kars0n: folds 
henri789: folds 
xcinaz: raises $1.50 to $2.50
sinister_mogi: folds 
Supermegopro: folds 
Uncalled bet ($1.50) returned to xcinaz
xcinaz collected $2.50 from pot
xcinaz: doesn't show hand 
*** SUMMARY ***
Total pot $2.50 | Rake $0 
Seat 1: xcinaz (button) collected ($2.50)
Seat 2: sinister_mogi (small blind) folded before Flop
Seat 3: Supermegopro (big blind) folded before Flop
Seat 4: Seavus10 folded before Flop (didn't bet)
Seat 5: kars0n folded before Flop (didn't bet)
Seat 6: henri789 folded before Flop (didn't bet)



PokerStars Hand #254372748942:  Hold'em No Limit ($0.50/$1.00 USD) - 2025/01/14 21:20:12 WET [2025/01/14 16:20:12 ET]
Table 'Teutonia III' 6-max Seat #2 is the button
Seat 1: xcinaz ($103.50 in chips) 
Seat 2: sinister_mogi ($86.88 in chips) 
Seat 3: Supermegopro ($140.46 in chips) 
Seat 4: Seavus10 ($104 in chips) 
Seat 5: kars0n ($105.95 in chips) 
Seat 6: henri789 ($100 in chips) 
Supermegopro: posts small blind $0.50
Seavus10: posts big blind $1
*** HOLE CARDS ***
kars0n: raises $1 to $2
henri789: folds 
xcinaz: folds 
sinister_mogi: folds 
Supermegopro: folds 
Seavus10: folds 
Uncalled bet ($1) returned to kars0n
kars0n collected $2.50 from pot
kars0n: doesn't show hand 
*** SUMMARY ***
Total pot $2.50 | Rake $0 
Seat 1: xcinaz folded before Flop (didn't bet)
Seat 2: sinister_mogi (button) folded before Flop (didn't bet)
Seat 3: Supermegopro (small blind) folded before Flop
Seat 4: Seavus10 (big blind) folded before Flop
Seat 5: kars0n collected ($2.50)
Seat 6: henri789 folded before Flop (didn't bet)



PokerStars Hand #254372754585:  Hold'em No Limit ($0.50/$1.00 USD) - 2025/01/14 21:20:30 WET [2025/01/14 16:20:30 ET]
Table 'Teutonia III' 6-max Seat #3 is the button
Seat 1: xcinaz ($103.50 in chips) 
Seat 2: sinister_mogi ($86.88 in chips) 
Seat 3: Supermegopro ($139.96 in chips) 
Seat 4: Seavus10 ($103 in chips) 
Seat 5: kars0n ($107.45 in chips) 
Seat 6: henri789 ($100 in chips) 
Seavus10: posts small blind $0.50
kars0n: posts big blind $1
*** HOLE CARDS ***
henri789: folds 
xcinaz: folds 
sinister_mogi: raises $2.50 to $3.50
Supermegopro: folds 
Seavus10: folds 
kars0n: calls $2.50
*** FLOP *** [2s As Ad]
kars0n: checks 
sinister_mogi: checks 
*** TURN *** [2s As Ad] [8c]
kars0n: checks 
sinister_mogi: bets $3.50
kars0n: folds 
Uncalled bet ($3.50) returned to sinister_mogi
sinister_mogi collected $7.12 from pot
sinister_mogi: doesn't show hand 
*** SUMMARY ***
Total pot $7.50 | Rake $0.38 
Board [2s As Ad 8c]
Seat 1: xcinaz folded before Flop (didn't bet)
Seat 2: sinister_mogi collected ($7.12)
Seat 3: Supermegopro (button) folded before Flop (didn't bet)
Seat 4: Seavus10 (small blind) folded before Flop
Seat 5: kars0n (big blind) folded on the Turn
Seat 6: henri789 folded before Flop (didn't bet)



PokerStars Hand #254372769346:  Hold'em No Limit ($0.50/$1.00 USD) - 2025/01/14 21:21:17 WET [2025/01/14 16:21:17 ET]
Table 'Teutonia III' 6-max Seat #4 is the button
Seat 1: xcinaz ($103.50 in chips) 
Seat 2: sinister_mogi ($90.50 in chips) 
Seat 3: Supermegopro ($139.96 in chips) 
Seat 4: Seavus10 ($102.50 in chips) 
Seat 5: kars0n ($103.95 in chips) 
Seat 6: henri789 ($100 in chips) 
kars0n: posts small blind $0.50
henri789: posts big blind $1
*** HOLE CARDS ***
xcinaz: folds 
sinister_mogi: folds 
Supermegopro: raises $1.50 to $2.50
Seavus10: folds 
kars0n: folds 
henri789: folds 
Uncalled bet ($1.50) returned to Supermegopro
Supermegopro collected $2.50 from pot
Supermegopro: doesn't show hand 
*** SUMMARY ***
Total pot $2.50 | Rake $0 
Seat 1: xcinaz folded before Flop (didn't bet)
Seat 2: sinister_mogi folded before Flop (didn't bet)
Seat 3: Supermegopro collected ($2.50)
Seat 4: Seavus10 (button) folded before Flop (didn't bet)
Seat 5: kars0n (small blind) folded before Flop
Seat 6: henri789 (big blind) folded before Flop



PokerStars Hand #254372776447:  Hold'em No Limit ($0.50/$1.00 USD) - 2025/01/14 21:21:39 WET [2025/01/14 16:21:39 ET]
Table 'Teutonia III' 6-max Seat #5 is the button
Seat 1: xcinaz ($103.50 in chips) 
Seat 2: sinister_mogi ($90.50 in chips) 
Seat 3: Supermegopro ($141.46 in chips) 
Seat 4: Seavus10 ($102.50 in chips) 
Seat 5: kars0n ($103.45 in chips) 
Seat 6: henri789 ($100 in chips) 
henri789: posts small blind $0.50
xcinaz: posts big blind $1
*** HOLE CARDS ***
sinister_mogi: folds 
Supermegopro: folds 
Seavus10: folds 
kars0n: folds 
henri789: folds 
Uncalled bet ($0.50) returned to xcinaz
xcinaz collected $1 from pot
xcinaz: doesn't show hand 
*** SUMMARY ***
Total pot $1 | Rake $0 
Seat 1: xcinaz (big blind) collected ($1)
Seat 2: sinister_mogi folded before Flop (didn't bet)
Seat 3: Supermegopro folded before Flop (didn't bet)
Seat 4: Seavus10 folded before Flop (didn't bet)
Seat 5: kars0n (button) folded before Flop (didn't bet)
Seat 6: henri789 (small blind) folded before Flop



PokerStars Hand #254372781196:  Hold'em No Limit ($0.50/$1.00 USD) - 2025/01/14 21:21:54 WET [2025/01/14 16:21:54 ET]
Table 'Teutonia III' 6-max Seat #6 is the button
Seat 1: xcinaz ($104 in chips) 
Seat 2: sinister_mogi ($90.50 in chips) 
Seat 3: Supermegopro ($141.46 in chips) 
Seat 4: Seavus10 ($102.50 in chips) 
Seat 5: kars0n ($103.45 in chips) 
Seat 6: henri789 ($100 in chips) 
xcinaz: posts small blind $0.50
sinister_mogi: posts big blind $1
*** HOLE CARDS ***
Supermegopro: raises $1.50 to $2.50
Seavus10: folds 
kars0n: folds 
henri789: folds 
xcinaz: folds 
sinister_mogi: folds 
Uncalled bet ($1.50) returned to Supermegopro
Supermegopro collected $2.50 from pot
Supermegopro: doesn't show hand 
*** SUMMARY ***
Total pot $2.50 | Rake $0 
Seat 1: xcinaz (small blind) folded before Flop
Seat 2: sinister_mogi (big blind) folded before Flop
Seat 3: Supermegopro collected ($2.50)
Seat 4: Seavus10 folded before Flop (didn't bet)
Seat 5: kars0n folded before Flop (didn't bet)
Seat 6: henri789 (button) folded before Flop (didn't bet)



PokerStars Hand #254372788418:  Hold'em No Limit ($0.50/$1.00 USD) - 2025/01/14 21:22:17 WET [2025/01/14 16:22:17 ET]
Table 'Teutonia III' 6-max Seat #1 is the button
Seat 1: xcinaz ($103.50 in chips) 
Seat 2: sinister_mogi ($89.50 in chips) 
Seat 3: Supermegopro ($142.96 in chips) 
Seat 4: Seavus10 ($102.50 in chips) 
Seat 5: kars0n ($103.45 in chips) 
Seat 6: henri789 ($100 in chips) 
sinister_mogi: posts small blind $0.50
Supermegopro: posts big blind $1
*** HOLE CARDS ***
Seavus10: folds 
kars0n: raises $1 to $2
henri789: folds 
xcinaz: raises $6 to $8
sinister_mogi: folds 
Supermegopro: folds 
kars0n: folds 
Uncalled bet ($6) returned to xcinaz
xcinaz collected $5.50 from pot
xcinaz: doesn't show hand 
*** SUMMARY ***
Total pot $5.50 | Rake $0 
Seat 1: xcinaz (button) collected ($5.50)
Seat 2: sinister_mogi (small blind) folded before Flop
Seat 3: Supermegopro (big blind) folded before Flop
Seat 4: Seavus10 folded before Flop (didn't bet)
Seat 5: kars0n folded before Flop
Seat 6: henri789 folded before Flop (didn't bet)



PokerStars Hand #254372239157:  Hold'em No Limit ($0.50/$1.00 USD) - 2025/01/14 20:51:35 WET [2025/01/14 15:51:35 ET]
Table 'Teutonia III' 6-max Seat #1 is the button
Seat 5: 70peppino ($100 in chips) is sitting out
Seat 1: Y_19 ($100 in chips) 
Seat 2: tintin641 ($100 in chips) 
Seat 3: nastja336 ($100 in chips) 
Seat 6: xcinaz ($101.50 in chips) 
tintin641: posts small blind $0.50
nastja336: posts big blind $1
*** HOLE CARDS ***
xcinaz: folds 
Y_19: folds 
tintin641: raises $2 to $3
nastja336: folds 
Uncalled bet ($2) returned to tintin641
tintin641 collected $2 from pot
tintin641: doesn't show hand 
*** SUMMARY ***
Total pot $2 | Rake $0 
Seat 5: 70peppino
Seat 1: Y_19 (button) folded before Flop (didn't bet)
Seat 2: tintin641 (small blind) collected ($2)
Seat 3: nastja336 (big blind) folded before Flop
Seat 6: xcinaz folded before Flop (didn't bet)



PokerStars Hand #254372243234:  Hold'em No Limit ($0.50/$1.00 USD) - 2025/01/14 20:51:49 WET [2025/01/14 15:51:49 ET]
Table 'Teutonia III' 6-max Seat #2 is the button
Seat 5: 70peppino ($100 in chips) is sitting out
Seat 1: Y_19 ($100 in chips) 
Seat 2: tintin641 ($101 in chips) 
Seat 3: nastja336 ($100 in chips) 
Seat 6: xcinaz ($101.50 in chips) 
nastja336: posts small blind $0.50
xcinaz: posts big blind $1
*** HOLE CARDS ***
Y_19: raises $1.23 to $2.23
tintin641: folds 
nastja336: folds 
xcinaz: calls $1.23
*** FLOP *** [4c As Td]
xcinaz: checks 
Y_19: bets $1.55
xcinaz: folds 
Uncalled bet ($1.55) returned to Y_19
Y_19 collected $4.71 from pot
Y_19: doesn't show hand 
*** SUMMARY ***
Total pot $4.96 | Rake $0.25 
Board [4c As Td]
Seat 5: 70peppino
Seat 1: Y_19 collected ($4.71)
Seat 2: tintin641 (button) folded before Flop (didn't bet)
Seat 3: nastja336 (small blind) folded before Flop
Seat 6: xcinaz (big blind) folded on the Flop



PokerStars Hand #254372798790:  Hold'em No Limit ($0.50/$1.00 USD) - 2025/01/14 21:22:50 WET [2025/01/14 16:22:50 ET]
Table 'Teutonia III' 6-max Seat #2 is the button
Seat 1: xcinaz ($107 in chips) 
Seat 2: sinister_mogi ($89 in chips) 
Seat 3: Supermegopro ($141.96 in chips) 
Seat 4: Seavus10 ($102.50 in chips) 
Seat 5: kars0n ($101.45 in chips) 
Seat 6: henri789 ($100 in chips) 
Supermegopro: posts small blind $0.50
Seavus10: posts big blind $1
*** HOLE CARDS ***
kars0n: folds 
henri789: folds 
xcinaz: folds 
sinister_mogi: raises $2.50 to $3.50
Supermegopro: folds 
Seavus10: folds 
Uncalled bet ($2.50) returned to sinister_mogi
sinister_mogi collected $2.50 from pot
sinister_mogi: doesn't show hand 
*** SUMMARY ***
Total pot $2.50 | Rake $0 
Seat 1: xcinaz folded before Flop (didn't bet)
Seat 2: sinister_mogi (button) collected ($2.50)
Seat 3: Supermegopro (small blind) folded before Flop
Seat 4: Seavus10 (big blind) folded before Flop
Seat 5: kars0n folded before Flop (didn't bet)
Seat 6: henri789 folded before Flop (didn't bet)



PokerStars Hand #254372807994:  Hold'em No Limit ($0.50/$1.00 USD) - 2025/01/14 21:23:19 WET [2025/01/14 16:23:19 ET]
Table 'Teutonia III' 6-max Seat #3 is the button
Seat 1: xcinaz ($107 in chips) 
Seat 2: sinister_mogi ($90.50 in chips) 
Seat 3: Supermegopro ($141.46 in chips) 
Seat 4: Seavus10 ($101.50 in chips) 
Seat 5: kars0n ($101.45 in chips) 
Seat 6: henri789 ($100 in chips) 
Seavus10: posts small blind $0.50
kars0n: posts big blind $1
*** HOLE CARDS ***
henri789: folds 
xcinaz: folds 
sinister_mogi: folds 
Supermegopro: raises $2 to $3
Seavus10: folds 
kars0n: calls $2
*** FLOP *** [Jd 6s 5s]
kars0n: checks 
Supermegopro: checks 
*** TURN *** [Jd 6s 5s] [Qc]
kars0n: checks 
Supermegopro: bets $4.12
kars0n: folds 
Uncalled bet ($4.12) returned to Supermegopro
Supermegopro collected $6.18 from pot
Supermegopro: doesn't show hand 
*** SUMMARY ***
Total pot $6.50 | Rake $0.32 
Board [Jd 6s 5s Qc]
Seat 1: xcinaz folded before Flop (didn't bet)
Seat 2: sinister_mogi folded before Flop (didn't bet)
Seat 3: Supermegopro (button) collected ($6.18)
Seat 4: Seavus10 (small blind) folded before Flop
Seat 5: kars0n (big blind) folded on the Turn
Seat 6: henri789 folded before Flop (didn't bet)



PokerStars Hand #254372821632:  Hold'em No Limit ($0.50/$1.00 USD) - 2025/01/14 21:24:03 WET [2025/01/14 16:24:03 ET]
Table 'Teutonia III' 6-max Seat #4 is the button
Seat 1: xcinaz ($107 in chips) 
Seat 2: sinister_mogi ($90.50 in chips) 
Seat 3: Supermegopro ($144.64 in chips) 
Seat 4: Seavus10 ($101 in chips) 
Seat 5: kars0n ($100 in chips) 
Seat 6: henri789 ($100 in chips) 
kars0n: posts small blind $0.50
henri789: posts big blind $1
*** HOLE CARDS ***
xcinaz: folds 
sinister_mogi: folds 
Supermegopro: raises $1.50 to $2.50
Seavus10: raises $5 to $7.50
kars0n: folds 
henri789: folds 
Supermegopro: folds 
Uncalled bet ($5) returned to Seavus10
Seavus10 collected $6.50 from pot
Seavus10: doesn't show hand 
*** SUMMARY ***
Total pot $6.50 | Rake $0 
Seat 1: xcinaz folded before Flop (didn't bet)
Seat 2: sinister_mogi folded before Flop (didn't bet)
Seat 3: Supermegopro folded before Flop
Seat 4: Seavus10 (button) collected ($6.50)
Seat 5: kars0n (small blind) folded before Flop
Seat 6: henri789 (big blind) folded before Flop



PokerStars Hand #254372828511:  Hold'em No Limit ($0.50/$1.00 USD) - 2025/01/14 21:24:25 WET [2025/01/14 16:24:25 ET]
Table 'Teutonia III' 6-max Seat #5 is the button
Seat 1: xcinaz ($107 in chips) 
Seat 2: sinister_mogi ($90.50 in chips) 
Seat 3: Supermegopro ($142.14 in chips) 
Seat 4: Seavus10 ($105 in chips) 
Seat 5: kars0n ($100 in chips) 
Seat 6: henri789 ($100 in chips) 
henri789: posts small blind $0.50
xcinaz: posts big blind $1
*** HOLE CARDS ***
sinister_mogi: folds 
Supermegopro: folds 
Seavus10: folds 
kars0n: folds 
henri789: folds 
Uncalled bet ($0.50) returned to xcinaz
xcinaz collected $1 from pot
xcinaz: doesn't show hand 
*** SUMMARY ***
Total pot $1 | Rake $0 
Seat 1: xcinaz (big blind) collected ($1)
Seat 2: sinister_mogi folded before Flop (didn't bet)
Seat 3: Supermegopro folded before Flop (didn't bet)
Seat 4: Seavus10 folded before Flop (didn't bet)
Seat 5: kars0n (button) folded before Flop (didn't bet)
Seat 6: henri789 (small blind) folded before Flop



PokerStars Hand #254372835179:  Hold'em No Limit ($0.50/$1.00 USD) - 2025/01/14 21:24:46 WET [2025/01/14 16:24:46 ET]
Table 'Teutonia III' 6-max Seat #6 is the button
Seat 1: xcinaz ($107.50 in chips) 
Seat 2: sinister_mogi ($90.50 in chips) 
Seat 3: Supermegopro ($142.14 in chips) 
Seat 4: Seavus10 ($105 in chips) 
Seat 5: kars0n ($100 in chips) 
Seat 6: henri789 ($100 in chips) 
xcinaz: posts small blind $0.50
sinister_mogi: posts big blind $1
*** HOLE CARDS ***
Supermegopro: folds 
Seavus10: folds 
kars0n: folds 
henri789: folds 
xcinaz: folds 
Uncalled bet ($0.50) returned to sinister_mogi
sinister_mogi collected $1 from pot
sinister_mogi: doesn't show hand 
*** SUMMARY ***
Total pot $1 | Rake $0 
Seat 1: xcinaz (small blind) folded before Flop
Seat 2: sinister_mogi (big blind) collected ($1)
Seat 3: Supermegopro folded before Flop (didn't bet)
Seat 4: Seavus10 folded before Flop (didn't bet)
Seat 5: kars0n folded before Flop (didn't bet)
Seat 6: henri789 (button) folded before Flop (didn't bet)



PokerStars Hand #254372841057:  Hold'em No Limit ($0.50/$1.00 USD) - 2025/01/14 21:25:05 WET [2025/01/14 16:25:05 ET]
Table 'Teutonia III' 6-max Seat #1 is the button
Seat 3: Supermegopro ($142.14 in chips) is sitting out
Seat 1: xcinaz ($107 in chips) 
Seat 2: sinister_mogi ($91 in chips) 
Seat 4: Seavus10 ($105 in chips) 
Seat 5: kars0n ($100 in chips) 
Seat 6: henri789 ($100 in chips) 
sinister_mogi: posts small blind $0.50
Supermegopro: is sitting out 
Seavus10: posts big blind $1
*** HOLE CARDS ***
kars0n: raises $1 to $2
henri789: folds 
Supermegopro leaves the table
xcinaz: folds 
sinister_mogi: folds 
Mr_Dick666 joins the table at seat #3 
Seavus10: folds 
Uncalled bet ($1) returned to kars0n
kars0n collected $2.50 from pot
kars0n: doesn't show hand 
*** SUMMARY ***
Total pot $2.50 | Rake $0 
Seat 3: Supermegopro
Seat 1: xcinaz (button) folded before Flop (didn't bet)
Seat 2: sinister_mogi (small blind) folded before Flop
Seat 4: Seavus10 (big blind) folded before Flop
Seat 5: kars0n collected ($2.50)
Seat 6: henri789 folded before Flop (didn't bet)



PokerStars Hand #254372845284:  Hold'em No Limit ($0.50/$1.00 USD) - 2025/01/14 21:25:18 WET [2025/01/14 16:25:18 ET]
Table 'Teutonia III' 6-max Seat #2 is the button
Seat 3: Mr_Dick666 ($100 in chips) is sitting out
Seat 1: xcinaz ($107 in chips) 
Seat 2: sinister_mogi ($90.50 in chips) 
Seat 4: Seavus10 ($104 in chips) 
Seat 5: kars0n ($101.50 in chips) 
Seat 6: henri789 ($100 in chips) 
Seavus10: posts small blind $0.50
kars0n: posts big blind $1
*** HOLE CARDS ***
henri789: raises $1.50 to $2.50
xcinaz: folds 
sinister_mogi: folds 
Seavus10: folds 
kars0n: folds 
Uncalled bet ($1.50) returned to henri789
henri789 collected $2.50 from pot
henri789: doesn't show hand 
*** SUMMARY ***
Total pot $2.50 | Rake $0 
Seat 3: Mr_Dick666
Seat 1: xcinaz folded before Flop (didn't bet)
Seat 2: sinister_mogi (button) folded before Flop (didn't bet)
Seat 4: Seavus10 (small blind) folded before Flop
Seat 5: kars0n (big blind) folded before Flop
Seat 6: henri789 collected ($2.50)



PokerStars Hand #254372852604:  Hold'em No Limit ($0.50/$1.00 USD) - 2025/01/14 21:25:41 WET [2025/01/14 16:25:41 ET]
Table 'Teutonia III' 6-max Seat #4 is the button
Seat 3: Mr_Dick666 ($100 in chips) is sitting out
Seat 1: xcinaz ($107 in chips) 
Seat 2: sinister_mogi ($90.50 in chips) 
Seat 4: Seavus10 ($103.50 in chips) 
Seat 5: kars0n ($100.50 in chips) 
Seat 6: henri789 ($101.50 in chips) 
kars0n: posts small blind $0.50
henri789: posts big blind $1
Mr_Dick666: sits out 
*** HOLE CARDS ***
xcinaz: folds 
sinister_mogi: folds 
Seavus10: folds 
kars0n: folds 
Uncalled bet ($0.50) returned to henri789
henri789 collected $1 from pot
henri789: doesn't show hand 
*** SUMMARY ***
Total pot $1 | Rake $0 
Seat 3: Mr_Dick666
Seat 1: xcinaz folded before Flop (didn't bet)
Seat 2: sinister_mogi folded before Flop (didn't bet)
Seat 4: Seavus10 (button) folded before Flop (didn't bet)
Seat 5: kars0n (small blind) folded before Flop
Seat 6: henri789 (big blind) collected ($1)



PokerStars Hand #254372855815:  Hold'em No Limit ($0.50/$1.00 USD) - 2025/01/14 21:25:51 WET [2025/01/14 16:25:51 ET]
Table 'Teutonia III' 6-max Seat #5 is the button
Seat 3: Mr_Dick666 ($100 in chips) is sitting out
Seat 1: xcinaz ($107 in chips) 
Seat 2: sinister_mogi ($90.50 in chips) 
Seat 4: Seavus10 ($103.50 in chips) 
Seat 5: kars0n ($100 in chips) 
Seat 6: henri789 ($102 in chips) 
henri789: posts small blind $0.50
xcinaz: posts big blind $1
Mr_Dick666: sits out 
*** HOLE CARDS ***
sinister_mogi: raises $1 to $2
Seavus10: folds 
kars0n: folds 
henri789: folds 
xcinaz: folds 
Uncalled bet ($1) returned to sinister_mogi
sinister_mogi collected $2.50 from pot
sinister_mogi: doesn't show hand 
*** SUMMARY ***
Total pot $2.50 | Rake $0 
Seat 3: Mr_Dick666
Seat 1: xcinaz (big blind) folded before Flop
Seat 2: sinister_mogi collected ($2.50)
Seat 4: Seavus10 folded before Flop (didn't bet)
Seat 5: kars0n (button) folded before Flop (didn't bet)
Seat 6: henri789 (small blind) folded before Flop



PokerStars Hand #254372861358:  Hold'em No Limit ($0.50/$1.00 USD) - 2025/01/14 21:26:08 WET [2025/01/14 16:26:08 ET]
Table 'Teutonia III' 6-max Seat #6 is the button
Seat 3: Mr_Dick666 ($100 in chips) is sitting out
Seat 1: xcinaz ($106 in chips) 
Seat 2: sinister_mogi ($92 in chips) 
Seat 4: Seavus10 ($103.50 in chips) 
Seat 5: kars0n ($100 in chips) 
Seat 6: henri789 ($101.50 in chips) 
xcinaz: posts small blind $0.50
sinister_mogi: posts big blind $1
Mr_Dick666: sits out 
*** HOLE CARDS ***
Seavus10: folds 
kars0n: raises $1.50 to $2.50
henri789: folds 
xcinaz: folds 
sinister_mogi: folds 
Uncalled bet ($1.50) returned to kars0n
kars0n collected $2.50 from pot
kars0n: doesn't show hand 
*** SUMMARY ***
Total pot $2.50 | Rake $0 
Seat 3: Mr_Dick666
Seat 1: xcinaz (small blind) folded before Flop
Seat 2: sinister_mogi (big blind) folded before Flop
Seat 4: Seavus10 folded before Flop (didn't bet)
Seat 5: kars0n collected ($2.50)
Seat 6: henri789 (button) folded before Flop (didn't bet)



PokerStars Hand #254372867024:  Hold'em No Limit ($0.50/$1.00 USD) - 2025/01/14 21:26:26 WET [2025/01/14 16:26:26 ET]
Table 'Teutonia III' 6-max Seat #1 is the button
Seat 1: xcinaz ($105.50 in chips) 
Seat 2: sinister_mogi ($91 in chips) 
Seat 3: Mr_Dick666 ($100 in chips) 
Seat 4: Seavus10 ($103.50 in chips) 
Seat 5: kars0n ($101.50 in chips) 
Seat 6: henri789 ($101.50 in chips) 
sinister_mogi: posts small blind $0.50
Mr_Dick666: posts big blind $1
*** HOLE CARDS ***
Seavus10: folds 
kars0n: folds 
henri789: raises $1.50 to $2.50
xcinaz: folds 
sinister_mogi: calls $2
Mr_Dick666: folds 
*** FLOP *** [9h 3d Jd]
sinister_mogi: checks 
henri789: checks 
*** TURN *** [9h 3d Jd] [2d]
sinister_mogi: checks 
henri789: checks 
*** RIVER *** [9h 3d Jd 2d] [8c]
sinister_mogi: checks 
henri789: checks 
*** SHOW DOWN ***
sinister_mogi: shows [Kc Tc] (high card King)
henri789: shows [As Qc] (high card Ace)
henri789 collected $5.70 from pot
*** SUMMARY ***
Total pot $6 | Rake $0.30 
Board [9h 3d Jd 2d 8c]
Seat 1: xcinaz (button) folded before Flop (didn't bet)
Seat 2: sinister_mogi (small blind) showed [Kc Tc] and lost with high card King
Seat 3: Mr_Dick666 (big blind) folded before Flop
Seat 4: Seavus10 folded before Flop (didn't bet)
Seat 5: kars0n folded before Flop (didn't bet)
Seat 6: henri789 showed [As Qc] and won ($5.70) with high card Ace



PokerStars Hand #254372888471:  Hold'em No Limit ($0.50/$1.00 USD) - 2025/01/14 21:27:35 WET [2025/01/14 16:27:35 ET]
Table 'Teutonia III' 6-max Seat #2 is the button
Seat 1: xcinaz ($105.50 in chips) 
Seat 2: sinister_mogi ($88.50 in chips) 
Seat 3: Mr_Dick666 ($100 in chips) 
Seat 4: Seavus10 ($103.50 in chips) 
Seat 5: kars0n ($101.50 in chips) 
Seat 6: henri789 ($104.70 in chips) 
Mr_Dick666: posts small blind $0.50
Seavus10: posts big blind $1
*** HOLE CARDS ***
kars0n: raises $1 to $2
henri789: folds 
xcinaz: folds 
sinister_mogi: folds 
Mr_Dick666: folds 
Seavus10: calls $1
*** FLOP *** [Kc Kh 7s]
Seavus10: checks 
kars0n: bets $1.07
Seavus10: calls $1.07
*** TURN *** [Kc Kh 7s] [6d]
Seavus10: checks 
kars0n: bets $4.73
Seavus10: calls $4.73
*** RIVER *** [Kc Kh 7s 6d] [8c]
Seavus10: checks 
kars0n: bets $11.48
Seavus10: raises $84.22 to $95.70 and is all-in
kars0n: folds 
Uncalled bet ($84.22) returned to Seavus10
Seavus10 collected $37.11 from pot
Seavus10: doesn't show hand 
*** SUMMARY ***
Total pot $39.06 | Rake $1.95 
Board [Kc Kh 7s 6d 8c]
Seat 1: xcinaz folded before Flop (didn't bet)
Seat 2: sinister_mogi (button) folded before Flop (didn't bet)
Seat 3: Mr_Dick666 (small blind) folded before Flop
Seat 4: Seavus10 (big blind) collected ($37.11)
Seat 5: kars0n folded on the River
Seat 6: henri789 folded before Flop (didn't bet)



PokerStars Hand #254372923325:  Hold'em No Limit ($0.50/$1.00 USD) - 2025/01/14 21:29:25 WET [2025/01/14 16:29:25 ET]
Table 'Teutonia III' 6-max Seat #3 is the button
Seat 1: xcinaz ($105.50 in chips) 
Seat 2: sinister_mogi ($88.50 in chips) 
Seat 3: Mr_Dick666 ($100 in chips) 
Seat 4: Seavus10 ($121.33 in chips) 
Seat 5: kars0n ($100 in chips) 
Seat 6: henri789 ($104.70 in chips) 
Seavus10: posts small blind $0.50
kars0n: posts big blind $1
*** HOLE CARDS ***
henri789: folds 
xcinaz: folds 
sinister_mogi: folds 
Mr_Dick666: raises $1.50 to $2.50
Seavus10: folds 
kars0n: folds 
Uncalled bet ($1.50) returned to Mr_Dick666
Mr_Dick666 collected $2.50 from pot
Mr_Dick666: doesn't show hand 
*** SUMMARY ***
Total pot $2.50 | Rake $0 
Seat 1: xcinaz folded before Flop (didn't bet)
Seat 2: sinister_mogi folded before Flop (didn't bet)
Seat 3: Mr_Dick666 (button) collected ($2.50)
Seat 4: Seavus10 (small blind) folded before Flop
Seat 5: kars0n (big blind) folded before Flop
Seat 6: henri789 folded before Flop (didn't bet)



PokerStars Hand #254372933496:  Hold'em No Limit ($0.50/$1.00 USD) - 2025/01/14 21:29:58 WET [2025/01/14 16:29:58 ET]
Table 'Teutonia III' 6-max Seat #4 is the button
Seat 1: xcinaz ($105.50 in chips) 
Seat 2: sinister_mogi ($88.50 in chips) 
Seat 3: Mr_Dick666 ($101.50 in chips) 
Seat 4: Seavus10 ($120.83 in chips) 
Seat 5: kars0n ($100 in chips) 
Seat 6: henri789 ($104.70 in chips) 
kars0n: posts small blind $0.50
henri789: posts big blind $1
*** HOLE CARDS ***
xcinaz: folds 
sinister_mogi: folds 
Mr_Dick666: raises $1.50 to $2.50
Seavus10: folds 
kars0n: folds 
henri789: folds 
Uncalled bet ($1.50) returned to Mr_Dick666
Mr_Dick666 collected $2.50 from pot
Mr_Dick666: doesn't show hand 
*** SUMMARY ***
Total pot $2.50 | Rake $0 
Seat 1: xcinaz folded before Flop (didn't bet)
Seat 2: sinister_mogi folded before Flop (didn't bet)
Seat 3: Mr_Dick666 collected ($2.50)
Seat 4: Seavus10 (button) folded before Flop (didn't bet)
Seat 5: kars0n (small blind) folded before Flop
Seat 6: henri789 (big blind) folded before Flop



PokerStars Hand #254372941381:  Hold'em No Limit ($0.50/$1.00 USD) - 2025/01/14 21:30:23 WET [2025/01/14 16:30:23 ET]
Table 'Teutonia III' 6-max Seat #5 is the button
Seat 1: xcinaz ($105.50 in chips) 
Seat 2: sinister_mogi ($88.50 in chips) 
Seat 3: Mr_Dick666 ($103 in chips) 
Seat 4: Seavus10 ($120.83 in chips) 
Seat 5: kars0n ($100 in chips) 
Seat 6: henri789 ($103.70 in chips) 
henri789: posts small blind $0.50
xcinaz: posts big blind $1
*** HOLE CARDS ***
sinister_mogi: folds 
Mr_Dick666: folds 
Seavus10: folds 
kars0n: folds 
henri789: raises $2 to $3
xcinaz: calls $2
*** FLOP *** [4d 2c 5h]
henri789: checks 
xcinaz: checks 
*** TURN *** [4d 2c 5h] [Js]
henri789: bets $4.28
sinister_mogi leaves the table
xcinaz: calls $4.28
*** RIVER *** [4d 2c 5h Js] [4s]
henri789: checks 
xcinaz: checks 
*** SHOW DOWN ***
henri789: shows [5s Qs] (two pair, Fives and Fours)
xcinaz: mucks hand 
henri789 collected $13.83 from pot
*** SUMMARY ***
Total pot $14.56 | Rake $0.73 
Board [4d 2c 5h Js 4s]
Seat 1: xcinaz (big blind) mucked
Seat 2: sinister_mogi folded before Flop (didn't bet)
Seat 3: Mr_Dick666 folded before Flop (didn't bet)
Seat 4: Seavus10 folded before Flop (didn't bet)
Seat 5: kars0n (button) folded before Flop (didn't bet)
Seat 6: henri789 (small blind) showed [5s Qs] and won ($13.83) with two pair, Fives and Fours



PokerStars Hand #254372985189:  Hold'em No Limit ($0.50/$1.00 USD) - 2025/01/14 21:32:43 WET [2025/01/14 16:32:43 ET]
Table 'Teutonia III' 6-max Seat #6 is the button
Seat 1: xcinaz ($100 in chips) 
Seat 3: Mr_Dick666 ($103 in chips) 
Seat 4: Seavus10 ($120.83 in chips) 
Seat 5: kars0n ($100 in chips) 
Seat 6: henri789 ($110.25 in chips) 
xcinaz: posts small blind $0.50
Mr_Dick666: posts big blind $1
*** HOLE CARDS ***
Seavus10: raises $1.20 to $2.20
kars0n: folds 
henri789: folds 
xcinaz: folds 
Mr_Dick666: calls $1.20
*** FLOP *** [4c As 3h]
Mr_Dick666: bets $1.17
Seavus10: folds 
Uncalled bet ($1.17) returned to Mr_Dick666
Mr_Dick666 collected $4.66 from pot
Mr_Dick666: doesn't show hand 
*** SUMMARY ***
Total pot $4.90 | Rake $0.24 
Board [4c As 3h]
Seat 1: xcinaz (small blind) folded before Flop
Seat 3: Mr_Dick666 (big blind) collected ($4.66)
Seat 4: Seavus10 folded on the Flop
Seat 5: kars0n folded before Flop (didn't bet)
Seat 6: henri789 (button) folded before Flop (didn't bet)



PokerStars Hand #254372997257:  Hold'em No Limit ($0.50/$1.00 USD) - 2025/01/14 21:33:21 WET [2025/01/14 16:33:21 ET]
Table 'Teutonia III' 6-max Seat #1 is the button
Seat 1: xcinaz ($100 in chips) 
Seat 3: Mr_Dick666 ($105.46 in chips) 
Seat 4: Seavus10 ($118.63 in chips) 
Seat 5: kars0n ($100 in chips) 
Seat 6: henri789 ($110.25 in chips) 
Mr_Dick666: posts small blind $0.50
Seavus10: posts big blind $1
*** HOLE CARDS ***
kars0n: folds 
henri789: folds 
xcinaz: raises $1.50 to $2.50
Mr_Dick666: folds 
Seavus10: calls $1.50
*** FLOP *** [4s 3s Td]
Seavus10: checks 
xcinaz: bets $1.31
Seavus10: folds 
Uncalled bet ($1.31) returned to xcinaz
xcinaz collected $5.22 from pot
xcinaz: doesn't show hand 
*** SUMMARY ***
Total pot $5.50 | Rake $0.28 
Board [4s 3s Td]
Seat 1: xcinaz (button) collected ($5.22)
Seat 3: Mr_Dick666 (small blind) folded before Flop
Seat 4: Seavus10 (big blind) folded on the Flop
Seat 5: kars0n folded before Flop (didn't bet)
Seat 6: henri789 folded before Flop (didn't bet)



PokerStars Hand #254373010883:  Hold'em No Limit ($0.50/$1.00 USD) - 2025/01/14 21:34:05 WET [2025/01/14 16:34:05 ET]
Table 'Teutonia III' 6-max Seat #3 is the button
Seat 1: xcinaz ($102.72 in chips) 
Seat 3: Mr_Dick666 ($104.96 in chips) 
Seat 4: Seavus10 ($116.13 in chips) 
Seat 5: kars0n ($100 in chips) 
Seat 6: henri789 ($110.25 in chips) 
Seavus10: posts small blind $0.50
kars0n: posts big blind $1
*** HOLE CARDS ***
henri789: folds 
xcinaz: folds 
Mr_Dick666: raises $1.50 to $2.50
Seavus10: folds 
kars0n: folds 
Uncalled bet ($1.50) returned to Mr_Dick666
Mr_Dick666 collected $2.50 from pot
Mr_Dick666: doesn't show hand 
*** SUMMARY ***
Total pot $2.50 | Rake $0 
Seat 1: xcinaz folded before Flop (didn't bet)
Seat 3: Mr_Dick666 (button) collected ($2.50)
Seat 4: Seavus10 (small blind) folded before Flop
Seat 5: kars0n (big blind) folded before Flop
Seat 6: henri789 folded before Flop (didn't bet)



PokerStars Hand #254373018809:  Hold'em No Limit ($0.50/$1.00 USD) - 2025/01/14 21:34:30 WET [2025/01/14 16:34:30 ET]
Table 'Teutonia III' 6-max Seat #4 is the button
Seat 1: xcinaz ($102.72 in chips) is sitting out
Seat 6: henri789 ($110.25 in chips) is sitting out
Seat 3: Mr_Dick666 ($106.46 in chips) 
Seat 4: Seavus10 ($115.63 in chips) 
Seat 5: kars0n ($100 in chips) 
kars0n: posts small blind $0.50
henri789: is sitting out 
xcinaz: is sitting out 
Mr_Dick666: posts big blind $1
*** HOLE CARDS ***
henri789 leaves the table
Seavus10: folds 
kars0n: folds 
Uncalled bet ($0.50) returned to Mr_Dick666
Mr_Dick666 collected $1 from pot
Mr_Dick666: doesn't show hand 
*** SUMMARY ***
Total pot $1 | Rake $0 
Seat 1: xcinaz
Seat 6: henri789
Seat 3: Mr_Dick666 (big blind) collected ($1)
Seat 4: Seavus10 (button) folded before Flop (didn't bet)
Seat 5: kars0n (small blind) folded before Flop



PokerStars Hand #254373025732:  Hold'em No Limit ($0.50/$1.00 USD) - 2025/01/14 21:34:53 WET [2025/01/14 16:34:53 ET]
Table 'Teutonia III' 6-max Seat #5 is the button
Seat 1: xcinaz ($102.72 in chips) is sitting out
Seat 3: Mr_Dick666 ($106.96 in chips) 
Seat 4: Seavus10 ($115.63 in chips) 
Seat 5: kars0n ($100 in chips) 
Mr_Dick666: posts small blind $0.50
Seavus10: posts big blind $1
*** HOLE CARDS ***
kars0n: raises $1.50 to $2.50
Mr_Dick666: folds 
Seavus10: folds 
Uncalled bet ($1.50) returned to kars0n
xcinaz leaves the table
kars0n collected $2.50 from pot
kars0n: doesn't show hand 
*** SUMMARY ***
Total pot $2.50 | Rake $0 
Seat 1: xcinaz
Seat 3: Mr_Dick666 (small blind) folded before Flop
Seat 4: Seavus10 (big blind) folded before Flop
Seat 5: kars0n (button) collected ($2.50)



