PokerStars Hand #254375145370:  Hold'em No Limit ($0.50/$1.00 USD) - 2025/01/14 23:41:27 WET [2025/01/14 18:41:27 ET]
Table 'Sextans III' 6-max Seat #1 is the button
Seat 3: AndreaBsAs ($100 in chips) is sitting out
Seat 1: nikalas22 ($100 in chips) 
Seat 4: equilibrium_tv ($48.12 in chips) 
Seat 5: Aleqseuka ($103.89 in chips) 
equilibrium_tv: posts small blind $0.50
Aleqseuka: posts big blind $1
*** HOLE CARDS ***
nikalas22: raises $1.50 to $2.50
equilibrium_tv: folds 
Aleqseuka: calls $1.50
*** FLOP *** [Ad 7h Kd]
Aleqseuka: checks 
nikalas22: bets $3.92
Aleqseuka: folds 
Uncalled bet ($3.92) returned to nikalas22
nikalas22 collected $5.22 from pot
nikalas22: doesn't show hand 
*** SUMMARY ***
Total pot $5.50 | Rake $0.28 
Board [Ad 7h Kd]
Seat 3: AndreaBsAs
Seat 1: nikalas22 (button) collected ($5.22)
Seat 4: equilibrium_tv (small blind) folded before Flop
Seat 5: Aleqseuka (big blind) folded on the Flop



PokerStars Hand #254375152489:  Hold'em No Limit ($0.50/$1.00 USD) - 2025/01/14 23:41:56 WET [2025/01/14 18:41:56 ET]
Table 'Sextans III' 6-max Seat #4 is the button
Seat 3: AndreaBsAs ($100 in chips) is sitting out
Seat 1: nikalas22 ($102.72 in chips) 
Seat 4: equilibrium_tv ($47.62 in chips) 
Seat 5: Aleqseuka ($101.39 in chips) 
Aleqseuka: posts small blind $0.50
nikalas22: posts big blind $1
AndreaBsAs: sits out 
*** HOLE CARDS ***
equilibrium_tv: folds 
Aleqseuka: folds 
Uncalled bet ($0.50) returned to nikalas22
nikalas22 collected $1 from pot
nikalas22: doesn't show hand 
*** SUMMARY ***
Total pot $1 | Rake $0 
Seat 3: AndreaBsAs
Seat 1: nikalas22 (big blind) collected ($1)
Seat 4: equilibrium_tv (button) folded before Flop (didn't bet)
Seat 5: Aleqseuka (small blind) folded before Flop



PokerStars Hand #254375155573:  Hold'em No Limit ($0.50/$1.00 USD) - 2025/01/14 23:42:09 WET [2025/01/14 18:42:09 ET]
Table 'Sextans III' 6-max Seat #5 is the button
Seat 1: nikalas22 ($103.22 in chips) 
Seat 3: AndreaBsAs ($100 in chips) 
Seat 4: equilibrium_tv ($47.62 in chips) 
Seat 5: Aleqseuka ($100.89 in chips) 
nikalas22: posts small blind $0.50
AndreaBsAs: posts big blind $1
*** HOLE CARDS ***
equilibrium_tv: folds 
Aleqseuka: raises $1.50 to $2.50
nikalas22: folds 
AndreaBsAs: calls $1.50
*** FLOP *** [2s Qd 7d]
AndreaBsAs: checks 
Zvst joins the table at seat #2 
chernush211 joins the table at seat #6 
chernush211 is disconnected 
Aleqseuka: bets $1.72
AndreaBsAs: folds 
Uncalled bet ($1.72) returned to Aleqseuka
Aleqseuka collected $5.22 from pot
Aleqseuka: doesn't show hand 
*** SUMMARY ***
Total pot $5.50 | Rake $0.28 
Board [2s Qd 7d]
Seat 1: nikalas22 (small blind) folded before Flop
Seat 3: AndreaBsAs (big blind) folded on the Flop
Seat 4: equilibrium_tv folded before Flop (didn't bet)
Seat 5: Aleqseuka (button) collected ($5.22)



PokerStars Hand #254375168149:  Hold'em No Limit ($0.50/$1.00 USD) - 2025/01/14 23:43:01 WET [2025/01/14 18:43:01 ET]
Table 'Sextans III' 6-max Seat #1 is the button
Seat 2: Zvst ($100 in chips) is sitting out
Seat 4: equilibrium_tv ($47.62 in chips) is sitting out
Seat 1: nikalas22 ($102.72 in chips) 
Seat 3: AndreaBsAs ($100 in chips) 
Seat 5: Aleqseuka ($103.61 in chips) 
Seat 6: chernush211 ($47.48 in chips) 
AndreaBsAs: posts small blind $0.50
equilibrium_tv: is sitting out 
Aleqseuka: posts big blind $1
chernush211: posts big blind $1
*** HOLE CARDS ***
equilibrium_tv leaves the table
chernush211: checks 
nikalas22: folds 
AndreaBsAs: raises $4 to $5
Aleqseuka: folds 
chernush211: folds 
Uncalled bet ($4) returned to AndreaBsAs
AndreaBsAs collected $3 from pot
*** SUMMARY ***
Total pot $3 | Rake $0 
Seat 2: Zvst
Seat 4: equilibrium_tv
Seat 1: nikalas22 (button) folded before Flop (didn't bet)
Seat 3: AndreaBsAs (small blind) collected ($3)
Seat 5: Aleqseuka (big blind) folded before Flop
Seat 6: chernush211 folded before Flop (didn't bet)



PokerStars Hand #254375173970:  Hold'em No Limit ($0.50/$1.00 USD) - 2025/01/14 23:43:25 WET [2025/01/14 18:43:25 ET]
Table 'Sextans III' 6-max Seat #3 is the button
Seat 2: Zvst ($100 in chips) is sitting out
Seat 1: nikalas22 ($102.72 in chips) 
Seat 3: AndreaBsAs ($102 in chips) 
Seat 5: Aleqseuka ($102.61 in chips) 
Seat 6: chernush211 ($46.48 in chips) 
Aleqseuka: posts small blind $0.50
chernush211: posts big blind $1
Zvst: sits out 
*** HOLE CARDS ***
nikalas22: folds 
AndreaBsAs: raises $1.50 to $2.50
Aleqseuka: folds 
chernush211: folds 
Uncalled bet ($1.50) returned to AndreaBsAs
AndreaBsAs collected $2.50 from pot
*** SUMMARY ***
Total pot $2.50 | Rake $0 
Seat 2: Zvst
Seat 1: nikalas22 folded before Flop (didn't bet)
Seat 3: AndreaBsAs (button) collected ($2.50)
Seat 5: Aleqseuka (small blind) folded before Flop
Seat 6: chernush211 (big blind) folded before Flop



PokerStars Hand #254375179408:  Hold'em No Limit ($0.50/$1.00 USD) - 2025/01/14 23:43:47 WET [2025/01/14 18:43:47 ET]
Table 'Sextans III' 6-max Seat #5 is the button
Seat 2: Zvst ($100 in chips) is sitting out
Seat 1: nikalas22 ($102.72 in chips) 
Seat 3: AndreaBsAs ($103.50 in chips) 
Seat 5: Aleqseuka ($102.11 in chips) 
Seat 6: chernush211 ($45.48 in chips) 
chernush211: posts small blind $0.50
nikalas22: posts big blind $1
Zvst: sits out 
*** HOLE CARDS ***
AndreaBsAs: folds 
sutata joins the table at seat #4 
Aleqseuka: folds 
chernush211: raises $2 to $3
nikalas22: folds 
Uncalled bet ($2) returned to chernush211
chernush211 collected $2 from pot
*** SUMMARY ***
Total pot $2 | Rake $0 
Seat 2: Zvst
Seat 1: nikalas22 (big blind) folded before Flop
Seat 3: AndreaBsAs folded before Flop (didn't bet)
Seat 5: Aleqseuka (button) folded before Flop (didn't bet)
Seat 6: chernush211 (small blind) collected ($2)



PokerStars Hand #254375186297:  Hold'em No Limit ($0.50/$1.00 USD) - 2025/01/14 23:44:15 WET [2025/01/14 18:44:15 ET]
Table 'Sextans III' 6-max Seat #6 is the button
Seat 4: sutata ($100 in chips) is sitting out
Seat 1: nikalas22 ($101.72 in chips) 
Seat 2: Zvst ($100 in chips) 
Seat 3: AndreaBsAs ($103.50 in chips) 
Seat 5: Aleqseuka ($102.11 in chips) 
Seat 6: chernush211 ($46.48 in chips) 
nikalas22: posts small blind $0.50
Zvst: posts big blind $1
sutata: sits out 
*** HOLE CARDS ***
AndreaBsAs: raises $1.20 to $2.20
Aleqseuka: folds 
chernush211: calls $2.20
nikalas22: folds 
Zvst: folds 
*** FLOP *** [3h 3d 9d]
AndreaBsAs: checks 
chernush211: bets $2.80
AndreaBsAs: calls $2.80
*** TURN *** [3h 3d 9d] [8h]
AndreaBsAs: checks 
chernush211: bets $7.46
AndreaBsAs: raises $7.46 to $14.92
chernush211: folds 
Uncalled bet ($7.46) returned to AndreaBsAs
AndreaBsAs collected $25.10 from pot
*** SUMMARY ***
Total pot $26.42 | Rake $1.32 
Board [3h 3d 9d 8h]
Seat 4: sutata
Seat 1: nikalas22 (small blind) folded before Flop
Seat 2: Zvst (big blind) folded before Flop
Seat 3: AndreaBsAs collected ($25.10)
Seat 5: Aleqseuka folded before Flop (didn't bet)
Seat 6: chernush211 (button) folded on the Turn



PokerStars Hand #254375203641:  Hold'em No Limit ($0.50/$1.00 USD) - 2025/01/14 23:45:27 WET [2025/01/14 18:45:27 ET]
Table 'Sextans III' 6-max Seat #1 is the button
Seat 4: sutata ($100 in chips) is sitting out
Seat 1: nikalas22 ($101.22 in chips) 
Seat 2: Zvst ($100 in chips) 
Seat 3: AndreaBsAs ($116.14 in chips) 
Seat 5: Aleqseuka ($102.11 in chips) 
Seat 6: chernush211 ($34.02 in chips) 
Zvst: posts small blind $0.50
AndreaBsAs: posts big blind $1
sutata: sits out 
*** HOLE CARDS ***
Aleqseuka: folds 
chernush211: folds 
nikalas22: raises $1.50 to $2.50
Zvst: raises $9 to $11.50
AndreaBsAs: folds 
nikalas22: folds 
Uncalled bet ($9) returned to Zvst
Zvst collected $6 from pot
Zvst: doesn't show hand 
*** SUMMARY ***
Total pot $6 | Rake $0 
Seat 4: sutata
Seat 1: nikalas22 (button) folded before Flop
Seat 2: Zvst (small blind) collected ($6)
Seat 3: AndreaBsAs (big blind) folded before Flop
Seat 5: Aleqseuka folded before Flop (didn't bet)
Seat 6: chernush211 folded before Flop (didn't bet)



PokerStars Hand #254375212099:  Hold'em No Limit ($0.50/$1.00 USD) - 2025/01/14 23:46:02 WET [2025/01/14 18:46:02 ET]
Table 'Sextans III' 6-max Seat #2 is the button
Seat 1: nikalas22 ($100 in chips) 
Seat 2: Zvst ($103.50 in chips) 
Seat 3: AndreaBsAs ($115.14 in chips) 
Seat 4: sutata ($100 in chips) 
Seat 5: Aleqseuka ($102.11 in chips) 
Seat 6: chernush211 ($34.02 in chips) 
AndreaBsAs: posts small blind $0.50
sutata: posts big blind $1
*** HOLE CARDS ***
Aleqseuka: folds 
chernush211: raises $1 to $2
nikalas22: folds 
Zvst: folds 
AndreaBsAs: folds 
sutata: calls $1
*** FLOP *** [8h 4s 5d]
sutata: checks 
chernush211: bets $2.14
sutata: raises $4.28 to $6.42
chernush211: folds 
Uncalled bet ($4.28) returned to sutata
sutata collected $8.34 from pot
sutata: doesn't show hand 
*** SUMMARY ***
Total pot $8.78 | Rake $0.44 
Board [8h 4s 5d]
Seat 1: nikalas22 folded before Flop (didn't bet)
Seat 2: Zvst (button) folded before Flop (didn't bet)
Seat 3: AndreaBsAs (small blind) folded before Flop
Seat 4: sutata (big blind) collected ($8.34)
Seat 5: Aleqseuka folded before Flop (didn't bet)
Seat 6: chernush211 folded on the Flop



PokerStars Hand #254375222839:  Hold'em No Limit ($0.50/$1.00 USD) - 2025/01/14 23:46:47 WET [2025/01/14 18:46:47 ET]
Table 'Sextans III' 6-max Seat #3 is the button
Seat 1: nikalas22 ($100 in chips) 
Seat 2: Zvst ($103.50 in chips) 
Seat 3: AndreaBsAs ($114.64 in chips) 
Seat 4: sutata ($104.20 in chips) 
Seat 5: Aleqseuka ($102.11 in chips) 
Seat 6: chernush211 ($29.88 in chips) 
sutata: posts small blind $0.50
Aleqseuka: posts big blind $1
*** HOLE CARDS ***
chernush211: folds 
nikalas22: folds 
Zvst: folds 
AndreaBsAs: folds 
sutata: raises $2 to $3
Aleqseuka: calls $2
*** FLOP *** [3s Qc Ad]
sutata: checks 
Aleqseuka: checks 
*** TURN *** [3s Qc Ad] [6s]
sutata: bets $3
Aleqseuka: calls $3
*** RIVER *** [3s Qc Ad 6s] [3c]
sutata: bets $17.49
Aleqseuka: calls $17.49
*** SHOW DOWN ***
sutata: shows [As 6h] (two pair, Aces and Sixes)
Aleqseuka: mucks hand 
sutata collected $44.63 from pot
*** SUMMARY ***
Total pot $46.98 | Rake $2.35 
Board [3s Qc Ad 6s 3c]
Seat 1: nikalas22 folded before Flop (didn't bet)
Seat 2: Zvst folded before Flop (didn't bet)
Seat 3: AndreaBsAs (button) folded before Flop (didn't bet)
Seat 4: sutata (small blind) showed [As 6h] and won ($44.63) with two pair, Aces and Sixes
Seat 5: Aleqseuka (big blind) mucked
Seat 6: chernush211 folded before Flop (didn't bet)



PokerStars Hand #254375242892:  Hold'em No Limit ($0.50/$1.00 USD) - 2025/01/14 23:48:11 WET [2025/01/14 18:48:11 ET]
Table 'Sextans III' 6-max Seat #4 is the button
Seat 1: nikalas22 ($100 in chips) 
Seat 2: Zvst ($103.50 in chips) 
Seat 3: AndreaBsAs ($114.64 in chips) 
Seat 4: sutata ($125.34 in chips) 
Seat 5: Aleqseuka ($100 in chips) 
Seat 6: chernush211 ($29.88 in chips) 
Aleqseuka: posts small blind $0.50
chernush211: posts big blind $1
*** HOLE CARDS ***
nikalas22: raises $1.50 to $2.50
Zvst: folds 
AndreaBsAs: raises $5 to $7.50
sutata: folds 
Aleqseuka: folds 
chernush211: folds 
nikalas22: calls $5
*** FLOP *** [Qd 7c Jd]
chernush211 leaves the table
nikalas22: checks 
AndreaBsAs: bets $5.17
nikalas22: folds 
Uncalled bet ($5.17) returned to AndreaBsAs
AndreaBsAs collected $15.68 from pot
*** SUMMARY ***
Total pot $16.50 | Rake $0.82 
Board [Qd 7c Jd]
Seat 1: nikalas22 folded on the Flop
Seat 2: Zvst folded before Flop (didn't bet)
Seat 3: AndreaBsAs collected ($15.68)
Seat 4: sutata (button) folded before Flop (didn't bet)
Seat 5: Aleqseuka (small blind) folded before Flop
Seat 6: chernush211 (big blind) folded before Flop



PokerStars Hand #254375252461:  Hold'em No Limit ($0.50/$1.00 USD) - 2025/01/14 23:48:51 WET [2025/01/14 18:48:51 ET]
Table 'Sextans III' 6-max Seat #5 is the button
Seat 2: Zvst ($103.50 in chips) is sitting out
Seat 1: nikalas22 ($100 in chips) 
Seat 3: AndreaBsAs ($122.82 in chips) 
Seat 4: sutata ($125.34 in chips) 
Seat 5: Aleqseuka ($100 in chips) 
nikalas22: posts small blind $0.50
Zvst: is sitting out 
AndreaBsAs: posts big blind $1
*** HOLE CARDS ***
Zvst leaves the table
sutata: folds 
Aleqseuka: folds 
nikalas22: folds 
Uncalled bet ($0.50) returned to AndreaBsAs
AndreaBsAs collected $1 from pot
*** SUMMARY ***
Total pot $1 | Rake $0 
Seat 2: Zvst
Seat 1: nikalas22 (small blind) folded before Flop
Seat 3: AndreaBsAs (big blind) collected ($1)
Seat 4: sutata folded before Flop (didn't bet)
Seat 5: Aleqseuka (button) folded before Flop (didn't bet)



PokerStars Hand #254375256292:  Hold'em No Limit ($0.50/$1.00 USD) - 2025/01/14 23:49:07 WET [2025/01/14 18:49:07 ET]
Table 'Sextans III' 6-max Seat #1 is the button
Seat 4: sutata ($125.34 in chips) is sitting out
Seat 1: nikalas22 ($100 in chips) 
Seat 3: AndreaBsAs ($123.32 in chips) 
Seat 5: Aleqseuka ($100 in chips) 
AndreaBsAs: posts small blind $0.50
sutata: is sitting out 
Aleqseuka: posts big blind $1
*** HOLE CARDS ***
nikalas22: raises $1.50 to $2.50
AndreaBsAs: folds 
sutata leaves the table
vpetriu joins the table at seat #2 
Aleqseuka: raises $10.50 to $13
nikalas22: folds 
Uncalled bet ($10.50) returned to Aleqseuka
Aleqseuka collected $5.50 from pot
Aleqseuka: doesn't show hand 
*** SUMMARY ***
Total pot $5.50 | Rake $0 
Seat 4: sutata
Seat 1: nikalas22 (button) folded before Flop
Seat 3: AndreaBsAs (small blind) folded before Flop
Seat 5: Aleqseuka (big blind) collected ($5.50)



PokerStars Hand #254375261007:  Hold'em No Limit ($0.50/$1.00 USD) - 2025/01/14 23:49:27 WET [2025/01/14 18:49:27 ET]
Table 'Sextans III' 6-max Seat #3 is the button
Seat 1: nikalas22 ($100 in chips) is sitting out
Seat 2: vpetriu ($100 in chips) 
Seat 3: AndreaBsAs ($122.82 in chips) 
Seat 5: Aleqseuka ($103 in chips) 
Aleqseuka: posts small blind $0.50
nikalas22: is sitting out 
vpetriu: posts big blind $1
*** HOLE CARDS ***
nikalas22 leaves the table
AndreaBsAs: folds 
Aleqseuka: folds 
Uncalled bet ($0.50) returned to vpetriu
vpetriu collected $1 from pot
vpetriu: doesn't show hand 
*** SUMMARY ***
Total pot $1 | Rake $0 
Seat 1: nikalas22
Seat 2: vpetriu (big blind) collected ($1)
Seat 3: AndreaBsAs (button) folded before Flop (didn't bet)
Seat 5: Aleqseuka (small blind) folded before Flop



PokerStars Hand #254375262858:  Hold'em No Limit ($0.50/$1.00 USD) - 2025/01/14 23:49:35 WET [2025/01/14 18:49:35 ET]
Table 'Sextans III' 6-max Seat #2 is the button
Seat 3: AndreaBsAs ($122.82 in chips) is sitting out
Seat 2: vpetriu ($100.50 in chips) 
Seat 5: Aleqseuka ($102.50 in chips) 
vpetriu: posts small blind $0.50
AndreaBsAs: is sitting out 
Aleqseuka: posts big blind $1
*** HOLE CARDS ***
vpetriu: folds 
Uncalled bet ($0.50) returned to Aleqseuka
Aleqseuka collected $1 from pot
Aleqseuka: doesn't show hand 
*** SUMMARY ***
Total pot $1 | Rake $0 
Seat 3: AndreaBsAs
Seat 2: vpetriu (button) (small blind) folded before Flop
Seat 5: Aleqseuka (big blind) collected ($1)



