PokerStars Hand #254372644940:  Hold'em No Limit ($0.50/$1.00 USD) - 2025/01/14 21:14:48 WET [2025/01/14 16:14:48 ET]
Table 'Gianfar III' 6-max Seat #3 is the button
Seat 3: Armin1992550 ($18.75 in chips) 
Seat 4: MAO_DZEDYN_S ($100 in chips) 
Seat 5: Aleqseuka ($100 in chips) 
MAO_DZEDYN_S: posts small blind $0.50
Aleqseuka: posts big blind $1
*** HOLE CARDS ***
Armin1992550: calls $1
MAO_DZEDYN_S: folds 
Aleqseuka: checks 
*** FLOP *** [Jd 5s As]
Aleqseuka: checks 
Armin1992550: checks 
*** TURN *** [Jd 5s As] [Jc]
Aleqseuka: checks 
Armin1992550: checks 
*** RIVER *** [Jd 5s As Jc] [9h]
Aleqseuka: bets $3.05
Armin1992550: folds 
Uncalled bet ($3.05) returned to Aleqseuka
Aleqseuka collected $2.38 from pot
Aleqseuka: doesn't show hand 
*** SUMMARY ***
Total pot $2.50 | Rake $0.12 
Board [Jd 5s As Jc 9h]
Seat 3: Armin1992550 (button) folded on the River
Seat 4: MAO_DZEDYN_S (small blind) folded before Flop
Seat 5: Aleqseuka (big blind) collected ($2.38)



PokerStars Hand #254372661173:  Hold'em No Limit ($0.50/$1.00 USD) - 2025/01/14 21:15:39 WET [2025/01/14 16:15:39 ET]
Table 'Gianfar III' 6-max Seat #4 is the button
Seat 3: Armin1992550 ($17.75 in chips) 
Seat 4: MAO_DZEDYN_S ($100 in chips) 
Seat 5: Aleqseuka ($101.38 in chips) 
Aleqseuka: posts small blind $0.50
Armin1992550: posts big blind $1
*** HOLE CARDS ***
MAO_DZEDYN_S: raises $1 to $2
Aleqseuka: folds 
Armin1992550: calls $1
*** FLOP *** [8s 5h 4s]
Armin1992550: checks 
MAO_DZEDYN_S: checks 
*** TURN *** [8s 5h 4s] [Qh]
Armin1992550: bets $1
MAO_DZEDYN_S: calls $1
*** RIVER *** [8s 5h 4s Qh] [6h]
Armin1992550: bets $3
MAO_DZEDYN_S: folds 
Uncalled bet ($3) returned to Armin1992550
Armin1992550 collected $6.10 from pot
*** SUMMARY ***
Total pot $6.50 | Rake $0.40 
Board [8s 5h 4s Qh 6h]
Seat 3: Armin1992550 (big blind) collected ($6.10)
Seat 4: MAO_DZEDYN_S (button) folded on the River
Seat 5: Aleqseuka (small blind) folded before Flop



PokerStars Hand #254372678034:  Hold'em No Limit ($0.50/$1.00 USD) - 2025/01/14 21:16:32 WET [2025/01/14 16:16:32 ET]
Table 'Gianfar III' 6-max Seat #5 is the button
Seat 3: Armin1992550 ($20.85 in chips) 
Seat 4: MAO_DZEDYN_S ($100 in chips) 
Seat 5: Aleqseuka ($100.88 in chips) 
Armin1992550: posts small blind $0.50
MAO_DZEDYN_S: posts big blind $1
*** HOLE CARDS ***
raketkasix joins the table at seat #6 
Aleqseuka: folds 
Armin1992550: calls $0.50
MAO_DZEDYN_S: checks 
*** FLOP *** [Ts 3c 4d]
Armin1992550: checks 
MAO_DZEDYN_S: bets $1
Armin1992550: folds 
Uncalled bet ($1) returned to MAO_DZEDYN_S
MAO_DZEDYN_S collected $1.90 from pot
MAO_DZEDYN_S: doesn't show hand 
*** SUMMARY ***
Total pot $2 | Rake $0.10 
Board [Ts 3c 4d]
Seat 3: Armin1992550 (small blind) folded on the Flop
Seat 4: MAO_DZEDYN_S (big blind) collected ($1.90)
Seat 5: Aleqseuka (button) folded before Flop (didn't bet)



PokerStars Hand #254372690288:  Hold'em No Limit ($0.50/$1.00 USD) - 2025/01/14 21:17:10 WET [2025/01/14 16:17:10 ET]
Table 'Gianfar III' 6-max Seat #3 is the button
Seat 6: raketkasix ($100 in chips) is sitting out
Seat 3: Armin1992550 ($19.85 in chips) 
Seat 4: MAO_DZEDYN_S ($100.90 in chips) 
Seat 5: Aleqseuka ($100.88 in chips) 
MAO_DZEDYN_S: posts small blind $0.50
Aleqseuka: posts big blind $1
raketkasix: sits out 
*** HOLE CARDS ***
Armin1992550: folds 
MAO_DZEDYN_S: folds 
Uncalled bet ($0.50) returned to Aleqseuka
Aleqseuka collected $1 from pot
Aleqseuka: doesn't show hand 
*** SUMMARY ***
Total pot $1 | Rake $0 
Seat 6: raketkasix
Seat 3: Armin1992550 (button) folded before Flop (didn't bet)
Seat 4: MAO_DZEDYN_S (small blind) folded before Flop
Seat 5: Aleqseuka (big blind) collected ($1)



PokerStars Hand #254372693965:  Hold'em No Limit ($0.50/$1.00 USD) - 2025/01/14 21:17:21 WET [2025/01/14 16:17:21 ET]
Table 'Gianfar III' 6-max Seat #4 is the button
Seat 3: Armin1992550 ($19.85 in chips) 
Seat 4: MAO_DZEDYN_S ($100.40 in chips) 
Seat 5: Aleqseuka ($101.38 in chips) 
Seat 6: raketkasix ($100 in chips) 
Aleqseuka: posts small blind $0.50
raketkasix: posts big blind $1
*** HOLE CARDS ***
Rookus2 joins the table at seat #2 
Rookus2 is disconnected 
Armin1992550: folds 
MAO_DZEDYN_S: raises $1.50 to $2.50
Aleqseuka: folds 
raketkasix: folds 
Uncalled bet ($1.50) returned to MAO_DZEDYN_S
MAO_DZEDYN_S collected $2.50 from pot
MAO_DZEDYN_S: doesn't show hand 
*** SUMMARY ***
Total pot $2.50 | Rake $0 
Seat 3: Armin1992550 folded before Flop (didn't bet)
Seat 4: MAO_DZEDYN_S (button) collected ($2.50)
Seat 5: Aleqseuka (small blind) folded before Flop
Seat 6: raketkasix (big blind) folded before Flop



PokerStars Hand #254372700554:  Hold'em No Limit ($0.50/$1.00 USD) - 2025/01/14 21:17:41 WET [2025/01/14 16:17:41 ET]
Table 'Gianfar III' 6-max Seat #5 is the button
Seat 2: Rookus2 ($100 in chips) 
Seat 3: Armin1992550 ($19.85 in chips) 
Seat 4: MAO_DZEDYN_S ($101.90 in chips) 
Seat 5: Aleqseuka ($100.88 in chips) 
Seat 6: raketkasix ($100 in chips) 
raketkasix: posts small blind $0.50
Rookus2: posts big blind $1
*** HOLE CARDS ***
Armin1992550: folds 
MAO_DZEDYN_S: folds 
Aleqseuka: folds 
raketkasix: raises $2 to $3
Rookus2: calls $2
*** FLOP *** [5h 6d Ah]
Y_19 joins the table at seat #1 
raketkasix: bets $1.88
Rookus2: raises $3.88 to $5.76
raketkasix: folds 
Uncalled bet ($3.88) returned to Rookus2
Rookus2 collected $9.27 from pot
*** SUMMARY ***
Total pot $9.76 | Rake $0.49 
Board [5h 6d Ah]
Seat 2: Rookus2 (big blind) collected ($9.27)
Seat 3: Armin1992550 folded before Flop (didn't bet)
Seat 4: MAO_DZEDYN_S folded before Flop (didn't bet)
Seat 5: Aleqseuka (button) folded before Flop (didn't bet)
Seat 6: raketkasix (small blind) folded on the Flop



PokerStars Hand #254372715044:  Hold'em No Limit ($0.50/$1.00 USD) - 2025/01/14 21:18:26 WET [2025/01/14 16:18:26 ET]
Table 'Gianfar III' 6-max Seat #6 is the button
Seat 1: Y_19 ($100 in chips) is sitting out
Seat 2: Rookus2 ($104.39 in chips) 
Seat 3: Armin1992550 ($19.85 in chips) 
Seat 4: MAO_DZEDYN_S ($101.90 in chips) 
Seat 5: Aleqseuka ($100.88 in chips) 
Seat 6: raketkasix ($100 in chips) 
Rookus2: posts small blind $0.50
Armin1992550: posts big blind $1
*** HOLE CARDS ***
MAO_DZEDYN_S: folds 
Aleqseuka: folds 
raketkasix: raises $1.50 to $2.50
Rookus2: folds 
Armin1992550: calls $1.50
*** FLOP *** [5s Jd Ac]
Armin1992550: bets $3
raketkasix: folds 
Uncalled bet ($3) returned to Armin1992550
Armin1992550 collected $5.15 from pot
*** SUMMARY ***
Total pot $5.50 | Rake $0.35 
Board [5s Jd Ac]
Seat 1: Y_19
Seat 2: Rookus2 (small blind) folded before Flop
Seat 3: Armin1992550 (big blind) collected ($5.15)
Seat 4: MAO_DZEDYN_S folded before Flop (didn't bet)
Seat 5: Aleqseuka folded before Flop (didn't bet)
Seat 6: raketkasix (button) folded on the Flop



PokerStars Hand #254372723438:  Hold'em No Limit ($0.50/$1.00 USD) - 2025/01/14 21:18:52 WET [2025/01/14 16:18:52 ET]
Table 'Gianfar III' 6-max Seat #2 is the button
Seat 1: Y_19 ($100 in chips) is sitting out
Seat 2: Rookus2 ($103.89 in chips) 
Seat 3: Armin1992550 ($22.50 in chips) 
Seat 4: MAO_DZEDYN_S ($101.90 in chips) 
Seat 5: Aleqseuka ($100.88 in chips) 
Seat 6: raketkasix ($100 in chips) 
Armin1992550: posts small blind $0.50
MAO_DZEDYN_S: posts big blind $1
Y_19: sits out 
*** HOLE CARDS ***
Aleqseuka: folds 
raketkasix: raises $1.50 to $2.50
Rookus2: folds 
Armin1992550: calls $2
MAO_DZEDYN_S: folds 
*** FLOP *** [8s 8d 2c]
Armin1992550: checks 
raketkasix: bets $2.03
Armin1992550: calls $2.03
*** TURN *** [8s 8d 2c] [Ah]
Armin1992550: checks 
raketkasix: checks 
*** RIVER *** [8s 8d 2c Ah] [2h]
Armin1992550: checks 
raketkasix: checks 
*** SHOW DOWN ***
Armin1992550: shows [Kc 8h] (a full house, Eights full of Deuces)
raketkasix: mucks hand 
Armin1992550 collected $9.44 from pot
*** SUMMARY ***
Total pot $10.06 | Rake $0.62 
Board [8s 8d 2c Ah 2h]
Seat 1: Y_19
Seat 2: Rookus2 (button) folded before Flop (didn't bet)
Seat 3: Armin1992550 (small blind) showed [Kc 8h] and won ($9.44) with a full house, Eights full of Deuces
Seat 4: MAO_DZEDYN_S (big blind) folded before Flop
Seat 5: Aleqseuka folded before Flop (didn't bet)
Seat 6: raketkasix mucked



PokerStars Hand #254372743001:  Hold'em No Limit ($0.50/$1.00 USD) - 2025/01/14 21:19:53 WET [2025/01/14 16:19:53 ET]
Table 'Gianfar III' 6-max Seat #3 is the button
Seat 1: Y_19 ($100 in chips) is sitting out
Seat 2: Rookus2 ($103.89 in chips) 
Seat 3: Armin1992550 ($27.41 in chips) 
Seat 4: MAO_DZEDYN_S ($100.90 in chips) 
Seat 5: Aleqseuka ($100.88 in chips) 
Seat 6: raketkasix ($100 in chips) 
MAO_DZEDYN_S: posts small blind $0.50
Aleqseuka: posts big blind $1
Y_19: sits out 
*** HOLE CARDS ***
raketkasix: folds 
Rookus2: folds 
Armin1992550: folds 
MAO_DZEDYN_S: folds 
Uncalled bet ($0.50) returned to Aleqseuka
Aleqseuka collected $1 from pot
Aleqseuka: doesn't show hand 
*** SUMMARY ***
Total pot $1 | Rake $0 
Seat 1: Y_19
Seat 2: Rookus2 folded before Flop (didn't bet)
Seat 3: Armin1992550 (button) folded before Flop (didn't bet)
Seat 4: MAO_DZEDYN_S (small blind) folded before Flop
Seat 5: Aleqseuka (big blind) collected ($1)
Seat 6: raketkasix folded before Flop (didn't bet)



PokerStars Hand #254372747043:  Hold'em No Limit ($0.50/$1.00 USD) - 2025/01/14 21:20:06 WET [2025/01/14 16:20:06 ET]
Table 'Gianfar III' 6-max Seat #4 is the button
Seat 1: Y_19 ($100 in chips) is sitting out
Seat 2: Rookus2 ($103.89 in chips) 
Seat 3: Armin1992550 ($27.41 in chips) 
Seat 4: MAO_DZEDYN_S ($100.40 in chips) 
Seat 5: Aleqseuka ($101.38 in chips) 
Seat 6: raketkasix ($100 in chips) 
Aleqseuka: posts small blind $0.50
raketkasix: posts big blind $1
Y_19: sits out 
*** HOLE CARDS ***
Rookus2: folds 
Armin1992550: folds 
MAO_DZEDYN_S: raises $1.50 to $2.50
Aleqseuka: raises $9.50 to $12
raketkasix: folds 
MAO_DZEDYN_S: calls $9.50
*** FLOP *** [Tc Kc 6c]
Aleqseuka: bets $3.56
MAO_DZEDYN_S: calls $3.56
*** TURN *** [Tc Kc 6c] [6d]
Aleqseuka: checks 
MAO_DZEDYN_S: checks 
*** RIVER *** [Tc Kc 6c 6d] [7d]
Aleqseuka: checks 
MAO_DZEDYN_S: checks 
*** SHOW DOWN ***
Aleqseuka: shows [Td Jd] (two pair, Tens and Sixes)
MAO_DZEDYN_S: mucks hand 
Aleqseuka collected $30.51 from pot
*** SUMMARY ***
Total pot $32.12 | Rake $1.61 
Board [Tc Kc 6c 6d 7d]
Seat 1: Y_19
Seat 2: Rookus2 folded before Flop (didn't bet)
Seat 3: Armin1992550 folded before Flop (didn't bet)
Seat 4: MAO_DZEDYN_S (button) mucked
Seat 5: Aleqseuka (small blind) showed [Td Jd] and won ($30.51) with two pair, Tens and Sixes
Seat 6: raketkasix (big blind) folded before Flop



PokerStars Hand #254372784049:  Hold'em No Limit ($0.50/$1.00 USD) - 2025/01/14 21:22:03 WET [2025/01/14 16:22:03 ET]
Table 'Gianfar III' 6-max Seat #5 is the button
Seat 1: Y_19 ($100 in chips) 
Seat 2: Rookus2 ($103.89 in chips) 
Seat 3: Armin1992550 ($27.41 in chips) 
Seat 4: MAO_DZEDYN_S ($100 in chips) 
Seat 5: Aleqseuka ($116.33 in chips) 
Seat 6: raketkasix ($100 in chips) 
raketkasix: posts small blind $0.50
Y_19: posts big blind $1
*** HOLE CARDS ***
Rookus2: folds 
Armin1992550: raises $1 to $2
MAO_DZEDYN_S: folds 
Aleqseuka: folds 
raketkasix: folds 
Y_19: calls $1
*** FLOP *** [Ts Qd 2c]
Y_19: checks 
Armin1992550: checks 
*** TURN *** [Ts Qd 2c] [5c]
Y_19: checks 
Armin1992550: checks 
*** RIVER *** [Ts Qd 2c 5c] [Jc]
Y_19: checks 
Armin1992550: bets $4
Y_19: folds 
Uncalled bet ($4) returned to Armin1992550
Armin1992550 collected $4.22 from pot
*** SUMMARY ***
Total pot $4.50 | Rake $0.28 
Board [Ts Qd 2c 5c Jc]
Seat 1: Y_19 (big blind) folded on the River
Seat 2: Rookus2 folded before Flop (didn't bet)
Seat 3: Armin1992550 collected ($4.22)
Seat 4: MAO_DZEDYN_S folded before Flop (didn't bet)
Seat 5: Aleqseuka (button) folded before Flop (didn't bet)
Seat 6: raketkasix (small blind) folded before Flop



PokerStars Hand #254372800728:  Hold'em No Limit ($0.50/$1.00 USD) - 2025/01/14 21:22:56 WET [2025/01/14 16:22:56 ET]
Table 'Gianfar III' 6-max Seat #6 is the button
Seat 1: Y_19 ($100 in chips) 
Seat 2: Rookus2 ($103.89 in chips) 
Seat 3: Armin1992550 ($29.63 in chips) 
Seat 4: MAO_DZEDYN_S ($100 in chips) 
Seat 5: Aleqseuka ($116.33 in chips) 
Seat 6: raketkasix ($100 in chips) 
Y_19: posts small blind $0.50
Rookus2: posts big blind $1
*** HOLE CARDS ***
Armin1992550: raises $2 to $3
MAO_DZEDYN_S: folds 
Aleqseuka: raises $6 to $9
raketkasix: folds 
Y_19: folds 
Rookus2: folds 
Armin1992550: calls $6
*** FLOP *** [Kd Kc 3h]
Armin1992550: bets $2
Aleqseuka: calls $2
*** TURN *** [Kd Kc 3h] [Td]
Armin1992550: bets $18.63 and is all-in
Aleqseuka: calls $18.63
*** RIVER *** [Kd Kc 3h Td] [2c]
*** SHOW DOWN ***
Armin1992550: shows [9c Ts] (two pair, Kings and Tens)
Aleqseuka: shows [Ah Ks] (three of a kind, Kings)
Aleqseuka collected $58.26 from pot
*** SUMMARY ***
Total pot $60.76 | Rake $2.50 
Board [Kd Kc 3h Td 2c]
Seat 1: Y_19 (small blind) folded before Flop
Seat 2: Rookus2 (big blind) folded before Flop
Seat 3: Armin1992550 showed [9c Ts] and lost with two pair, Kings and Tens
Seat 4: MAO_DZEDYN_S folded before Flop (didn't bet)
Seat 5: Aleqseuka showed [Ah Ks] and won ($58.26) with three of a kind, Kings
Seat 6: raketkasix (button) folded before Flop (didn't bet)



PokerStars Hand #254372821825:  Hold'em No Limit ($0.50/$1.00 USD) - 2025/01/14 21:24:03 WET [2025/01/14 16:24:03 ET]
Table 'Gianfar III' 6-max Seat #1 is the button
Seat 3: Armin1992550 ($0 in chips) is sitting out
Seat 1: Y_19 ($100 in chips) 
Seat 2: Rookus2 ($102.89 in chips) 
Seat 4: MAO_DZEDYN_S ($100 in chips) 
Seat 5: Aleqseuka ($144.96 in chips) 
Seat 6: raketkasix ($100 in chips) 
Rookus2: posts small blind $0.50
MAO_DZEDYN_S: posts big blind $1
*** HOLE CARDS ***
Aleqseuka: folds 
raketkasix: folds 
Y_19: folds 
Rookus2: calls $0.50
MAO_DZEDYN_S: checks 
*** FLOP *** [9h Ks Qs]
Rookus2: bets $1.90
MAO_DZEDYN_S: folds 
Uncalled bet ($1.90) returned to Rookus2
Rookus2 collected $1.90 from pot
*** SUMMARY ***
Total pot $2 | Rake $0.10 
Board [9h Ks Qs]
Seat 3: Armin1992550
Seat 1: Y_19 (button) folded before Flop (didn't bet)
Seat 2: Rookus2 (small blind) collected ($1.90)
Seat 4: MAO_DZEDYN_S (big blind) folded on the Flop
Seat 5: Aleqseuka folded before Flop (didn't bet)
Seat 6: raketkasix folded before Flop (didn't bet)



PokerStars Hand #254372831403:  Hold'em No Limit ($0.50/$1.00 USD) - 2025/01/14 21:24:34 WET [2025/01/14 16:24:34 ET]
Table 'Gianfar III' 6-max Seat #2 is the button
Seat 3: Armin1992550 ($41.51 in chips) is sitting out
Seat 1: Y_19 ($100 in chips) 
Seat 2: Rookus2 ($103.79 in chips) 
Seat 4: MAO_DZEDYN_S ($100 in chips) 
Seat 5: Aleqseuka ($144.96 in chips) 
Seat 6: raketkasix ($100 in chips) 
MAO_DZEDYN_S: posts small blind $0.50
Aleqseuka: posts big blind $1
*** HOLE CARDS ***
raketkasix: folds 
Y_19: raises $1.23 to $2.23
Rookus2: calls $2.23
MAO_DZEDYN_S: folds 
Aleqseuka: raises $11.77 to $14
Y_19: folds 
Rookus2: folds 
Uncalled bet ($11.77) returned to Aleqseuka
Aleqseuka collected $7.19 from pot
Aleqseuka: doesn't show hand 
*** SUMMARY ***
Total pot $7.19 | Rake $0 
Seat 3: Armin1992550
Seat 1: Y_19 folded before Flop
Seat 2: Rookus2 (button) folded before Flop
Seat 4: MAO_DZEDYN_S (small blind) folded before Flop
Seat 5: Aleqseuka (big blind) collected ($7.19)
Seat 6: raketkasix folded before Flop (didn't bet)



PokerStars Hand #254372838829:  Hold'em No Limit ($0.50/$1.00 USD) - 2025/01/14 21:24:58 WET [2025/01/14 16:24:58 ET]
Table 'Gianfar III' 6-max Seat #4 is the button
Seat 1: Y_19 ($100 in chips) 
Seat 2: Rookus2 ($101.56 in chips) 
Seat 3: Armin1992550 ($41.51 in chips) 
Seat 4: MAO_DZEDYN_S ($100 in chips) 
Seat 5: Aleqseuka ($149.92 in chips) 
Seat 6: raketkasix ($100 in chips) 
Aleqseuka: posts small blind $0.50
raketkasix: posts big blind $1
Armin1992550: posts small & big blinds $1.50
*** HOLE CARDS ***
Y_19: folds 
Rookus2: folds 
Armin1992550: checks 
MAO_DZEDYN_S: folds 
Aleqseuka: raises $4 to $5
raketkasix: folds 
Armin1992550: calls $4
*** FLOP *** [8c Ah Qd]
Aleqseuka: bets $1.09
Armin1992550: folds 
Uncalled bet ($1.09) returned to Aleqseuka
Aleqseuka collected $10.92 from pot
Aleqseuka: doesn't show hand 
*** SUMMARY ***
Total pot $11.50 | Rake $0.58 
Board [8c Ah Qd]
Seat 1: Y_19 folded before Flop (didn't bet)
Seat 2: Rookus2 folded before Flop (didn't bet)
Seat 3: Armin1992550 folded on the Flop
Seat 4: MAO_DZEDYN_S (button) folded before Flop (didn't bet)
Seat 5: Aleqseuka (small blind) collected ($10.92)
Seat 6: raketkasix (big blind) folded before Flop



PokerStars Hand #254372856791:  Hold'em No Limit ($0.50/$1.00 USD) - 2025/01/14 21:25:54 WET [2025/01/14 16:25:54 ET]
Table 'Gianfar III' 6-max Seat #5 is the button
Seat 1: Y_19 ($100 in chips) 
Seat 2: Rookus2 ($101.56 in chips) 
Seat 3: Armin1992550 ($36.01 in chips) 
Seat 4: MAO_DZEDYN_S ($100 in chips) 
Seat 5: Aleqseuka ($155.84 in chips) 
Seat 6: raketkasix ($100 in chips) 
raketkasix: posts small blind $0.50
Y_19: posts big blind $1
*** HOLE CARDS ***
Rookus2: calls $1
Armin1992550: calls $1
MAO_DZEDYN_S: raises $3.25 to $4.25
Aleqseuka: folds 
raketkasix: folds 
Y_19: folds 
Rookus2: folds 
Armin1992550: calls $3.25
*** FLOP *** [2s 7d 6h]
Armin1992550: checks 
MAO_DZEDYN_S: checks 
*** TURN *** [2s 7d 6h] [Ts]
Armin1992550: bets $2
MAO_DZEDYN_S: calls $2
*** RIVER *** [2s 7d 6h Ts] [4c]
Armin1992550: checks 
MAO_DZEDYN_S: checks 
*** SHOW DOWN ***
Armin1992550: shows [9d Qs] (high card Queen)
MAO_DZEDYN_S: shows [Ac Js] (high card Ace)
MAO_DZEDYN_S collected $14.25 from pot
*** SUMMARY ***
Total pot $15 | Rake $0.75 
Board [2s 7d 6h Ts 4c]
Seat 1: Y_19 (big blind) folded before Flop
Seat 2: Rookus2 folded before Flop
Seat 3: Armin1992550 showed [9d Qs] and lost with high card Queen
Seat 4: MAO_DZEDYN_S showed [Ac Js] and won ($14.25) with high card Ace
Seat 5: Aleqseuka (button) folded before Flop (didn't bet)
Seat 6: raketkasix (small blind) folded before Flop



PokerStars Hand #254372877283:  Hold'em No Limit ($0.50/$1.00 USD) - 2025/01/14 21:26:59 WET [2025/01/14 16:26:59 ET]
Table 'Gianfar III' 6-max Seat #6 is the button
Seat 1: Y_19 ($100 in chips) 
Seat 2: Rookus2 ($100.56 in chips) 
Seat 3: Armin1992550 ($29.76 in chips) 
Seat 4: MAO_DZEDYN_S ($108 in chips) 
Seat 5: Aleqseuka ($155.84 in chips) 
Seat 6: raketkasix ($100 in chips) 
Y_19: posts small blind $0.50
Rookus2: posts big blind $1
*** HOLE CARDS ***
Armin1992550: folds 
MAO_DZEDYN_S: folds 
Aleqseuka: folds 
raketkasix: raises $1.50 to $2.50
Y_19: folds 
Rookus2: calls $1.50
*** FLOP *** [4d Ac 2s]
Rookus2: checks 
raketkasix: bets $1.72
Rookus2: calls $1.72
*** TURN *** [4d Ac 2s] [Ks]
Rookus2: checks 
raketkasix: checks 
*** RIVER *** [4d Ac 2s Ks] [Ts]
Rookus2: checks 
raketkasix: checks 
*** SHOW DOWN ***
Rookus2: shows [5h 4h] (a pair of Fours)
raketkasix: mucks hand 
Rookus2 collected $8.49 from pot
*** SUMMARY ***
Total pot $8.94 | Rake $0.45 
Board [4d Ac 2s Ks Ts]
Seat 1: Y_19 (small blind) folded before Flop
Seat 2: Rookus2 (big blind) showed [5h 4h] and won ($8.49) with a pair of Fours
Seat 3: Armin1992550 folded before Flop (didn't bet)
Seat 4: MAO_DZEDYN_S folded before Flop (didn't bet)
Seat 5: Aleqseuka folded before Flop (didn't bet)
Seat 6: raketkasix (button) mucked



PokerStars Hand #254372897129:  Hold'em No Limit ($0.50/$1.00 USD) - 2025/01/14 21:28:02 WET [2025/01/14 16:28:02 ET]
Table 'Gianfar III' 6-max Seat #1 is the button
Seat 1: Y_19 ($100 in chips) 
Seat 2: Rookus2 ($104.83 in chips) 
Seat 3: Armin1992550 ($29.76 in chips) 
Seat 4: MAO_DZEDYN_S ($108 in chips) 
Seat 5: Aleqseuka ($155.84 in chips) 
Seat 6: raketkasix ($100 in chips) 
Rookus2: posts small blind $0.50
Armin1992550: posts big blind $1
*** HOLE CARDS ***
MAO_DZEDYN_S: folds 
Aleqseuka: folds 
raketkasix: folds 
Y_19: raises $1.23 to $2.23
Rookus2: calls $1.73
Armin1992550: raises $27.53 to $29.76 and is all-in
Y_19: folds 
Rookus2: folds 
Uncalled bet ($27.53) returned to Armin1992550
Armin1992550 collected $6.69 from pot
*** SUMMARY ***
Total pot $6.69 | Rake $0 
Seat 1: Y_19 (button) folded before Flop
Seat 2: Rookus2 (small blind) folded before Flop
Seat 3: Armin1992550 (big blind) collected ($6.69)
Seat 4: MAO_DZEDYN_S folded before Flop (didn't bet)
Seat 5: Aleqseuka folded before Flop (didn't bet)
Seat 6: raketkasix folded before Flop (didn't bet)



PokerStars Hand #254372911173:  Hold'em No Limit ($0.50/$1.00 USD) - 2025/01/14 21:28:47 WET [2025/01/14 16:28:47 ET]
Table 'Gianfar III' 6-max Seat #2 is the button
Seat 1: Y_19 ($100 in chips) 
Seat 2: Rookus2 ($102.60 in chips) 
Seat 3: Armin1992550 ($34.22 in chips) 
Seat 4: MAO_DZEDYN_S ($108 in chips) 
Seat 5: Aleqseuka ($155.84 in chips) 
Seat 6: raketkasix ($100 in chips) 
Armin1992550: posts small blind $0.50
MAO_DZEDYN_S: posts big blind $1
*** HOLE CARDS ***
Aleqseuka: folds 
raketkasix: folds 
Y_19: folds 
Rookus2: folds 
Armin1992550: calls $0.50
MAO_DZEDYN_S: raises $1.50 to $2.50
Armin1992550: calls $1.50
*** FLOP *** [Js Ts Ad]
Armin1992550: checks 
MAO_DZEDYN_S: bets $1.93
Armin1992550: calls $1.93
*** TURN *** [Js Ts Ad] [As]
Armin1992550: checks 
MAO_DZEDYN_S: checks 
*** RIVER *** [Js Ts Ad As] [Th]
Armin1992550: bets $3
MAO_DZEDYN_S: folds 
Uncalled bet ($3) returned to Armin1992550
Armin1992550 collected $8.31 from pot
*** SUMMARY ***
Total pot $8.86 | Rake $0.55 
Board [Js Ts Ad As Th]
Seat 1: Y_19 folded before Flop (didn't bet)
Seat 2: Rookus2 (button) folded before Flop (didn't bet)
Seat 3: Armin1992550 (small blind) collected ($8.31)
Seat 4: MAO_DZEDYN_S (big blind) folded on the River
Seat 5: Aleqseuka folded before Flop (didn't bet)
Seat 6: raketkasix folded before Flop (didn't bet)



PokerStars Hand #254372933494:  Hold'em No Limit ($0.50/$1.00 USD) - 2025/01/14 21:29:58 WET [2025/01/14 16:29:58 ET]
Table 'Gianfar III' 6-max Seat #3 is the button
Seat 1: Y_19 ($100 in chips) 
Seat 2: Rookus2 ($102.60 in chips) 
Seat 3: Armin1992550 ($38.10 in chips) 
Seat 4: MAO_DZEDYN_S ($103.57 in chips) 
Seat 5: Aleqseuka ($155.84 in chips) 
Seat 6: raketkasix ($100 in chips) 
MAO_DZEDYN_S: posts small blind $0.50
Aleqseuka: posts big blind $1
*** HOLE CARDS ***
raketkasix: folds 
Y_19: folds 
Rookus2: raises $1 to $2
Armin1992550: folds 
MAO_DZEDYN_S: folds 
Aleqseuka: folds 
Uncalled bet ($1) returned to Rookus2
Rookus2 collected $2.50 from pot
*** SUMMARY ***
Total pot $2.50 | Rake $0 
Seat 1: Y_19 folded before Flop (didn't bet)
Seat 2: Rookus2 collected ($2.50)
Seat 3: Armin1992550 (button) folded before Flop (didn't bet)
Seat 4: MAO_DZEDYN_S (small blind) folded before Flop
Seat 5: Aleqseuka (big blind) folded before Flop
Seat 6: raketkasix folded before Flop (didn't bet)



PokerStars Hand #254372938828:  Hold'em No Limit ($0.50/$1.00 USD) - 2025/01/14 21:30:15 WET [2025/01/14 16:30:15 ET]
Table 'Gianfar III' 6-max Seat #4 is the button
Seat 1: Y_19 ($100 in chips) 
Seat 2: Rookus2 ($104.10 in chips) 
Seat 3: Armin1992550 ($38.10 in chips) 
Seat 4: MAO_DZEDYN_S ($103.07 in chips) 
Seat 5: Aleqseuka ($154.84 in chips) 
Seat 6: raketkasix ($100 in chips) 
Aleqseuka: posts small blind $0.50
raketkasix: posts big blind $1
*** HOLE CARDS ***
Y_19: folds 
Rookus2: folds 
Armin1992550: calls $1
MAO_DZEDYN_S: folds 
Aleqseuka: folds 
raketkasix: checks 
*** FLOP *** [8s 3s As]
raketkasix: checks 
Armin1992550: checks 
*** TURN *** [8s 3s As] [Th]
raketkasix: bets $3.21
Armin1992550: calls $3.21
*** RIVER *** [8s 3s As Th] [7h]
raketkasix: bets $8
Armin1992550: calls $8
*** SHOW DOWN ***
raketkasix: shows [8h Ts] (two pair, Tens and Eights)
Armin1992550: mucks hand 
raketkasix collected $23.67 from pot
*** SUMMARY ***
Total pot $24.92 | Rake $1.25 
Board [8s 3s As Th 7h]
Seat 1: Y_19 folded before Flop (didn't bet)
Seat 2: Rookus2 folded before Flop (didn't bet)
Seat 3: Armin1992550 mucked
Seat 4: MAO_DZEDYN_S (button) folded before Flop (didn't bet)
Seat 5: Aleqseuka (small blind) folded before Flop
Seat 6: raketkasix (big blind) showed [8h Ts] and won ($23.67) with two pair, Tens and Eights



PokerStars Hand #254372957247:  Hold'em No Limit ($0.50/$1.00 USD) - 2025/01/14 21:31:14 WET [2025/01/14 16:31:14 ET]
Table 'Gianfar III' 6-max Seat #5 is the button
Seat 1: Y_19 ($100 in chips) 
Seat 2: Rookus2 ($104.10 in chips) 
Seat 3: Armin1992550 ($25.89 in chips) 
Seat 4: MAO_DZEDYN_S ($103.07 in chips) 
Seat 5: Aleqseuka ($154.34 in chips) 
Seat 6: raketkasix ($111.46 in chips) 
raketkasix: posts small blind $0.50
Y_19: posts big blind $1
*** HOLE CARDS ***
Rookus2: folds 
Armin1992550: raises $24.89 to $25.89 and is all-in
MAO_DZEDYN_S: folds 
Aleqseuka: folds 
raketkasix: folds 
Y_19: folds 
Uncalled bet ($24.89) returned to Armin1992550
Armin1992550 collected $2.50 from pot
*** SUMMARY ***
Total pot $2.50 | Rake $0 
Seat 1: Y_19 (big blind) folded before Flop
Seat 2: Rookus2 folded before Flop (didn't bet)
Seat 3: Armin1992550 collected ($2.50)
Seat 4: MAO_DZEDYN_S folded before Flop (didn't bet)
Seat 5: Aleqseuka (button) folded before Flop (didn't bet)
Seat 6: raketkasix (small blind) folded before Flop



PokerStars Hand #254372964302:  Hold'em No Limit ($0.50/$1.00 USD) - 2025/01/14 21:31:36 WET [2025/01/14 16:31:36 ET]
Table 'Gianfar III' 6-max Seat #6 is the button
Seat 1: Y_19 ($100 in chips) 
Seat 2: Rookus2 ($104.10 in chips) 
Seat 3: Armin1992550 ($27.39 in chips) 
Seat 4: MAO_DZEDYN_S ($103.07 in chips) 
Seat 5: Aleqseuka ($154.34 in chips) 
Seat 6: raketkasix ($110.96 in chips) 
Y_19: posts small blind $0.50
Rookus2: posts big blind $1
*** HOLE CARDS ***
Armin1992550: raises $2 to $3
MAO_DZEDYN_S: folds 
Aleqseuka: raises $24 to $27
raketkasix: folds 
Y_19: folds 
Rookus2: folds 
Armin1992550: raises $0.39 to $27.39 and is all-in
Aleqseuka: calls $0.39
*** FLOP *** [3s Kd Ah]
*** TURN *** [3s Kd Ah] [3h]
*** RIVER *** [3s Kd Ah 3h] [6h]
*** SHOW DOWN ***
Armin1992550: shows [4h 7h] (a flush, Ace high)
Aleqseuka: shows [Ts Td] (two pair, Tens and Threes)
Armin1992550 collected $53.16 from pot
*** SUMMARY ***
Total pot $56.28 | Rake $3.12 
Board [3s Kd Ah 3h 6h]
Seat 1: Y_19 (small blind) folded before Flop
Seat 2: Rookus2 (big blind) folded before Flop
Seat 3: Armin1992550 showed [4h 7h] and won ($53.16) with a flush, Ace high
Seat 4: MAO_DZEDYN_S folded before Flop (didn't bet)
Seat 5: Aleqseuka showed [Ts Td] and lost with two pair, Tens and Threes
Seat 6: raketkasix (button) folded before Flop (didn't bet)



PokerStars Hand #254372976412:  Hold'em No Limit ($0.50/$1.00 USD) - 2025/01/14 21:32:15 WET [2025/01/14 16:32:15 ET]
Table 'Gianfar III' 6-max Seat #1 is the button
Seat 1: Y_19 ($100 in chips) 
Seat 2: Rookus2 ($103.10 in chips) 
Seat 3: Armin1992550 ($53.16 in chips) 
Seat 4: MAO_DZEDYN_S ($103.07 in chips) 
Seat 5: Aleqseuka ($126.95 in chips) 
Seat 6: raketkasix ($110.96 in chips) 
Rookus2: posts small blind $0.50
Armin1992550: posts big blind $1
*** HOLE CARDS ***
MAO_DZEDYN_S: folds 
Aleqseuka: folds 
raketkasix: raises $1.50 to $2.50
Y_19: folds 
Rookus2: raises $4.50 to $7
Armin1992550: calls $6
raketkasix: calls $4.50
*** FLOP *** [9s Ts 5s]
Rookus2: checks 
Armin1992550: bets $46.16 and is all-in
raketkasix: folds 
Rookus2: folds 
Uncalled bet ($46.16) returned to Armin1992550
Armin1992550 collected $19.69 from pot
*** SUMMARY ***
Total pot $21 | Rake $1.31 
Board [9s Ts 5s]
Seat 1: Y_19 (button) folded before Flop (didn't bet)
Seat 2: Rookus2 (small blind) folded on the Flop
Seat 3: Armin1992550 (big blind) collected ($19.69)
Seat 4: MAO_DZEDYN_S folded before Flop (didn't bet)
Seat 5: Aleqseuka folded before Flop (didn't bet)
Seat 6: raketkasix folded on the Flop



PokerStars Hand #254372992038:  Hold'em No Limit ($0.50/$1.00 USD) - 2025/01/14 21:33:05 WET [2025/01/14 16:33:05 ET]
Table 'Gianfar III' 6-max Seat #2 is the button
Seat 1: Y_19 ($100 in chips) 
Seat 2: Rookus2 ($96.10 in chips) 
Seat 3: Armin1992550 ($65.85 in chips) 
Seat 4: MAO_DZEDYN_S ($103.07 in chips) 
Seat 5: Aleqseuka ($126.95 in chips) 
Seat 6: raketkasix ($103.96 in chips) 
Armin1992550: posts small blind $0.50
MAO_DZEDYN_S: posts big blind $1
*** HOLE CARDS ***
Aleqseuka: folds 
raketkasix: raises $1.50 to $2.50
Y_19: folds 
Rookus2: folds 
Armin1992550: calls $2
MAO_DZEDYN_S: folds 
*** FLOP *** [Kc Jc Tc]
Armin1992550: checks 
raketkasix: checks 
*** TURN *** [Kc Jc Tc] [9c]
Armin1992550: bets $5
raketkasix: folds 
Uncalled bet ($5) returned to Armin1992550
Armin1992550 collected $5.62 from pot
*** SUMMARY ***
Total pot $6 | Rake $0.38 
Board [Kc Jc Tc 9c]
Seat 1: Y_19 folded before Flop (didn't bet)
Seat 2: Rookus2 (button) folded before Flop (didn't bet)
Seat 3: Armin1992550 (small blind) collected ($5.62)
Seat 4: MAO_DZEDYN_S (big blind) folded before Flop
Seat 5: Aleqseuka folded before Flop (didn't bet)
Seat 6: raketkasix folded on the Turn



PokerStars Hand #254373012385:  Hold'em No Limit ($0.50/$1.00 USD) - 2025/01/14 21:34:10 WET [2025/01/14 16:34:10 ET]
Table 'Gianfar III' 6-max Seat #3 is the button
Seat 1: Y_19 ($100 in chips) 
Seat 2: Rookus2 ($96.10 in chips) 
Seat 3: Armin1992550 ($68.97 in chips) 
Seat 4: MAO_DZEDYN_S ($102.07 in chips) 
Seat 5: Aleqseuka ($126.95 in chips) 
Seat 6: raketkasix ($101.46 in chips) 
MAO_DZEDYN_S: posts small blind $0.50
Aleqseuka: posts big blind $1
*** HOLE CARDS ***
raketkasix: folds 
Y_19: folds 
Rookus2: folds 
Armin1992550: calls $1
MAO_DZEDYN_S: folds 
Aleqseuka: checks 
*** FLOP *** [2d Ks 4s]
Aleqseuka: checks 
Armin1992550: checks 
*** TURN *** [2d Ks 4s] [Th]
Aleqseuka: checks 
Armin1992550: checks 
*** RIVER *** [2d Ks 4s Th] [9h]
Aleqseuka: bets $1
Armin1992550: raises $6 to $7
Aleqseuka: folds 
Uncalled bet ($6) returned to Armin1992550
Armin1992550 collected $4.22 from pot
*** SUMMARY ***
Total pot $4.50 | Rake $0.28 
Board [2d Ks 4s Th 9h]
Seat 1: Y_19 folded before Flop (didn't bet)
Seat 2: Rookus2 folded before Flop (didn't bet)
Seat 3: Armin1992550 (button) collected ($4.22)
Seat 4: MAO_DZEDYN_S (small blind) folded before Flop
Seat 5: Aleqseuka (big blind) folded on the River
Seat 6: raketkasix folded before Flop (didn't bet)



PokerStars Hand #254373036881:  Hold'em No Limit ($0.50/$1.00 USD) - 2025/01/14 21:35:29 WET [2025/01/14 16:35:29 ET]
Table 'Gianfar III' 6-max Seat #4 is the button
Seat 1: Y_19 ($100 in chips) 
Seat 2: Rookus2 ($96.10 in chips) 
Seat 3: Armin1992550 ($71.19 in chips) 
Seat 4: MAO_DZEDYN_S ($101.57 in chips) 
Seat 5: Aleqseuka ($124.95 in chips) 
Seat 6: raketkasix ($101.46 in chips) 
Aleqseuka: posts small blind $0.50
raketkasix: posts big blind $1
*** HOLE CARDS ***
Y_19: folds 
Rookus2: calls $1
Armin1992550: calls $1
MAO_DZEDYN_S: folds 
Aleqseuka: raises $5 to $6
raketkasix: folds 
Rookus2: folds 
Armin1992550: folds 
Uncalled bet ($5) returned to Aleqseuka
Aleqseuka collected $4 from pot
Aleqseuka: doesn't show hand 
*** SUMMARY ***
Total pot $4 | Rake $0 
Seat 1: Y_19 folded before Flop (didn't bet)
Seat 2: Rookus2 folded before Flop
Seat 3: Armin1992550 folded before Flop
Seat 4: MAO_DZEDYN_S (button) folded before Flop (didn't bet)
Seat 5: Aleqseuka (small blind) collected ($4)
Seat 6: raketkasix (big blind) folded before Flop



PokerStars Hand #254373052561:  Hold'em No Limit ($0.50/$1.00 USD) - 2025/01/14 21:36:19 WET [2025/01/14 16:36:19 ET]
Table 'Gianfar III' 6-max Seat #5 is the button
Seat 1: Y_19 ($100 in chips) 
Seat 2: Rookus2 ($95.10 in chips) 
Seat 3: Armin1992550 ($70.19 in chips) 
Seat 4: MAO_DZEDYN_S ($101.57 in chips) 
Seat 5: Aleqseuka ($127.95 in chips) 
Seat 6: raketkasix ($100.46 in chips) 
raketkasix: posts small blind $0.50
Y_19: posts big blind $1
*** HOLE CARDS ***
Rookus2: calls $1
Armin1992550: raises $3 to $4
MAO_DZEDYN_S: folds 
Aleqseuka: folds 
raketkasix: folds 
Y_19: folds 
Rookus2: folds 
Uncalled bet ($3) returned to Armin1992550
Armin1992550 collected $3.50 from pot
*** SUMMARY ***
Total pot $3.50 | Rake $0 
Seat 1: Y_19 (big blind) folded before Flop
Seat 2: Rookus2 folded before Flop
Seat 3: Armin1992550 collected ($3.50)
Seat 4: MAO_DZEDYN_S folded before Flop (didn't bet)
Seat 5: Aleqseuka (button) folded before Flop (didn't bet)
Seat 6: raketkasix (small blind) folded before Flop



PokerStars Hand #254373067749:  Hold'em No Limit ($0.50/$1.00 USD) - 2025/01/14 21:37:08 WET [2025/01/14 16:37:08 ET]
Table 'Gianfar III' 6-max Seat #6 is the button
Seat 1: Y_19 ($100 in chips) 
Seat 2: Rookus2 ($94.10 in chips) 
Seat 3: Armin1992550 ($72.69 in chips) 
Seat 4: MAO_DZEDYN_S ($101.57 in chips) 
Seat 5: Aleqseuka ($127.95 in chips) 
Seat 6: raketkasix ($100 in chips) 
Y_19: posts small blind $0.50
Rookus2: posts big blind $1
*** HOLE CARDS ***
Armin1992550: raises $2 to $3
MAO_DZEDYN_S: folds 
Aleqseuka: folds 
raketkasix: folds 
Y_19: folds 
Rookus2: folds 
Uncalled bet ($2) returned to Armin1992550
Armin1992550 collected $2.50 from pot
*** SUMMARY ***
Total pot $2.50 | Rake $0 
Seat 1: Y_19 (small blind) folded before Flop
Seat 2: Rookus2 (big blind) folded before Flop
Seat 3: Armin1992550 collected ($2.50)
Seat 4: MAO_DZEDYN_S folded before Flop (didn't bet)
Seat 5: Aleqseuka folded before Flop (didn't bet)
Seat 6: raketkasix (button) folded before Flop (didn't bet)



PokerStars Hand #254373076077:  Hold'em No Limit ($0.50/$1.00 USD) - 2025/01/14 21:37:34 WET [2025/01/14 16:37:34 ET]
Table 'Gianfar III' 6-max Seat #1 is the button
Seat 1: Y_19 ($100 in chips) 
Seat 2: Rookus2 ($93.10 in chips) 
Seat 3: Armin1992550 ($74.19 in chips) 
Seat 4: MAO_DZEDYN_S ($101.57 in chips) 
Seat 5: Aleqseuka ($127.95 in chips) 
Seat 6: raketkasix ($100 in chips) 
Rookus2: posts small blind $0.50
Armin1992550: posts big blind $1
*** HOLE CARDS ***
MAO_DZEDYN_S: folds 
Aleqseuka: folds 
raketkasix: folds 
Y_19: folds 
Rookus2 has timed out
Rookus2: folds 
Uncalled bet ($0.50) returned to Armin1992550
Armin1992550 collected $1 from pot
*** SUMMARY ***
Total pot $1 | Rake $0 
Seat 1: Y_19 (button) folded before Flop (didn't bet)
Seat 2: Rookus2 (small blind) folded before Flop
Seat 3: Armin1992550 (big blind) collected ($1)
Seat 4: MAO_DZEDYN_S folded before Flop (didn't bet)
Seat 5: Aleqseuka folded before Flop (didn't bet)
Seat 6: raketkasix folded before Flop (didn't bet)



PokerStars Hand #254373086360:  Hold'em No Limit ($0.50/$1.00 USD) - 2025/01/14 21:38:07 WET [2025/01/14 16:38:07 ET]
Table 'Gianfar III' 6-max Seat #3 is the button
Seat 2: Rookus2 ($92.60 in chips) is sitting out
Seat 1: Y_19 ($100 in chips) 
Seat 3: Armin1992550 ($74.69 in chips) 
Seat 4: MAO_DZEDYN_S ($101.57 in chips) 
Seat 5: Aleqseuka ($127.95 in chips) 
Seat 6: raketkasix ($100 in chips) 
MAO_DZEDYN_S: posts small blind $0.50
Aleqseuka: posts big blind $1
*** HOLE CARDS ***
raketkasix: raises $1.50 to $2.50
Y_19: calls $2.50
Armin1992550: folds 
MAO_DZEDYN_S: raises $11.68 to $14.18
Aleqseuka: folds 
raketkasix: folds 
Y_19: folds 
Uncalled bet ($11.68) returned to MAO_DZEDYN_S
MAO_DZEDYN_S collected $8.50 from pot
MAO_DZEDYN_S: doesn't show hand 
*** SUMMARY ***
Total pot $8.50 | Rake $0 
Seat 2: Rookus2
Seat 1: Y_19 folded before Flop
Seat 3: Armin1992550 (button) folded before Flop (didn't bet)
Seat 4: MAO_DZEDYN_S (small blind) collected ($8.50)
Seat 5: Aleqseuka (big blind) folded before Flop
Seat 6: raketkasix folded before Flop



PokerStars Hand #254373104274:  Hold'em No Limit ($0.50/$1.00 USD) - 2025/01/14 21:39:05 WET [2025/01/14 16:39:05 ET]
Table 'Gianfar III' 6-max Seat #4 is the button
Seat 1: Y_19 ($100 in chips) 
Seat 2: Rookus2 ($92.60 in chips) 
Seat 3: Armin1992550 ($74.69 in chips) 
Seat 4: MAO_DZEDYN_S ($107.57 in chips) 
Seat 5: Aleqseuka ($126.95 in chips) 
Seat 6: raketkasix ($100 in chips) 
Aleqseuka: posts small blind $0.50
raketkasix: posts big blind $1
*** HOLE CARDS ***
Y_19: folds 
Rookus2: raises $2 to $3
Armin1992550: folds 
MAO_DZEDYN_S: folds 
Aleqseuka: folds 
raketkasix: raises $9 to $12
Rookus2: calls $9
*** FLOP *** [Ts 9d 6h]
raketkasix: bets $6.68
Rookus2: calls $6.68
*** TURN *** [Ts 9d 6h] [2d]
raketkasix: checks 
Rookus2: bets $8
raketkasix: calls $8
*** RIVER *** [Ts 9d 6h 2d] [5s]
raketkasix: checks 
Rookus2: bets $20
raketkasix: raises $53.32 to $73.32 and is all-in
Rookus2: calls $45.92 and is all-in
Uncalled bet ($7.40) returned to raketkasix
*** SHOW DOWN ***
raketkasix: shows [Qs Qd] (a pair of Queens)
Rookus2: shows [Tc Th] (three of a kind, Tens)
Rookus2 collected $183.20 from pot
*** SUMMARY ***
Total pot $185.70 | Rake $2.50 
Board [Ts 9d 6h 2d 5s]
Seat 1: Y_19 folded before Flop (didn't bet)
Seat 2: Rookus2 showed [Tc Th] and won ($183.20) with three of a kind, Tens
Seat 3: Armin1992550 folded before Flop (didn't bet)
Seat 4: MAO_DZEDYN_S (button) folded before Flop (didn't bet)
Seat 5: Aleqseuka (small blind) folded before Flop
Seat 6: raketkasix (big blind) showed [Qs Qd] and lost with a pair of Queens



PokerStars Hand #254373137195:  Hold'em No Limit ($0.50/$1.00 USD) - 2025/01/14 21:40:51 WET [2025/01/14 16:40:51 ET]
Table 'Gianfar III' 6-max Seat #5 is the button
Seat 1: Y_19 ($100 in chips) 
Seat 2: Rookus2 ($183.20 in chips) 
Seat 3: Armin1992550 ($74.69 in chips) 
Seat 4: MAO_DZEDYN_S ($107.57 in chips) 
Seat 5: Aleqseuka ($126.45 in chips) 
Seat 6: raketkasix ($100 in chips) 
raketkasix: posts small blind $0.50
Y_19: posts big blind $1
*** HOLE CARDS ***
Rookus2: folds 
Armin1992550: raises $2 to $3
MAO_DZEDYN_S: folds 
Aleqseuka: folds 
raketkasix: folds 
Y_19: folds 
Uncalled bet ($2) returned to Armin1992550
Armin1992550 collected $2.50 from pot
*** SUMMARY ***
Total pot $2.50 | Rake $0 
Seat 1: Y_19 (big blind) folded before Flop
Seat 2: Rookus2 folded before Flop (didn't bet)
Seat 3: Armin1992550 collected ($2.50)
Seat 4: MAO_DZEDYN_S folded before Flop (didn't bet)
Seat 5: Aleqseuka (button) folded before Flop (didn't bet)
Seat 6: raketkasix (small blind) folded before Flop



PokerStars Hand #254373143841:  Hold'em No Limit ($0.50/$1.00 USD) - 2025/01/14 21:41:12 WET [2025/01/14 16:41:12 ET]
Table 'Gianfar III' 6-max Seat #6 is the button
Seat 1: Y_19 ($100 in chips) 
Seat 2: Rookus2 ($183.20 in chips) 
Seat 3: Armin1992550 ($76.19 in chips) 
Seat 4: MAO_DZEDYN_S ($107.57 in chips) 
Seat 5: Aleqseuka ($126.45 in chips) 
Seat 6: raketkasix ($100 in chips) 
Y_19: posts small blind $0.50
Rookus2: posts big blind $1
*** HOLE CARDS ***
Armin1992550: calls $1
MAO_DZEDYN_S: folds 
Aleqseuka: folds 
raketkasix: folds 
Y_19: folds 
Rookus2: checks 
*** FLOP *** [5s 2d Kc]
Rookus2: bets $1
Armin1992550: calls $1
*** TURN *** [5s 2d Kc] [Kh]
Rookus2: bets $1
Armin1992550: calls $1
*** RIVER *** [5s 2d Kc Kh] [Ks]
Rookus2: bets $1
Armin1992550: calls $1
*** SHOW DOWN ***
Rookus2: shows [3s 2s] (a full house, Kings full of Deuces)
Armin1992550: shows [2c Qc] (a full house, Kings full of Deuces)
Rookus2 collected $4.04 from pot
Armin1992550 collected $3.99 from pot
*** SUMMARY ***
Total pot $8.50 | Rake $0.47 
Board [5s 2d Kc Kh Ks]
Seat 1: Y_19 (small blind) folded before Flop
Seat 2: Rookus2 (big blind) showed [3s 2s] and won ($4.04) with a full house, Kings full of Deuces
Seat 3: Armin1992550 showed [2c Qc] and won ($3.99) with a full house, Kings full of Deuces
Seat 4: MAO_DZEDYN_S folded before Flop (didn't bet)
Seat 5: Aleqseuka folded before Flop (didn't bet)
Seat 6: raketkasix (button) folded before Flop (didn't bet)



PokerStars Hand #254373154175:  Hold'em No Limit ($0.50/$1.00 USD) - 2025/01/14 21:41:45 WET [2025/01/14 16:41:45 ET]
Table 'Gianfar III' 6-max Seat #1 is the button
Seat 1: Y_19 ($100 in chips) 
Seat 2: Rookus2 ($183.24 in chips) 
Seat 3: Armin1992550 ($76.18 in chips) 
Seat 4: MAO_DZEDYN_S ($107.57 in chips) 
Seat 5: Aleqseuka ($126.45 in chips) 
Seat 6: raketkasix ($100 in chips) 
Rookus2: posts small blind $0.50
Armin1992550: posts big blind $1
*** HOLE CARDS ***
MAO_DZEDYN_S: folds 
Aleqseuka: folds 
raketkasix: folds 
Y_19: raises $1.23 to $2.23
Rookus2: folds 
Armin1992550: calls $1.23
*** FLOP *** [4h Jd 7c]
Armin1992550: checks 
Y_19: bets $1.55
Armin1992550: calls $1.55
*** TURN *** [4h Jd 7c] [4c]
Armin1992550: checks 
Y_19: checks 
*** RIVER *** [4h Jd 7c 4c] [2s]
Armin1992550: bets $11
Y_19: folds 
Uncalled bet ($11) returned to Armin1992550
Armin1992550 collected $7.56 from pot
*** SUMMARY ***
Total pot $8.06 | Rake $0.50 
Board [4h Jd 7c 4c 2s]
Seat 1: Y_19 (button) folded on the River
Seat 2: Rookus2 (small blind) folded before Flop
Seat 3: Armin1992550 (big blind) collected ($7.56)
Seat 4: MAO_DZEDYN_S folded before Flop (didn't bet)
Seat 5: Aleqseuka folded before Flop (didn't bet)
Seat 6: raketkasix folded before Flop (didn't bet)



PokerStars Hand #254373174787:  Hold'em No Limit ($0.50/$1.00 USD) - 2025/01/14 21:42:52 WET [2025/01/14 16:42:52 ET]
Table 'Gianfar III' 6-max Seat #2 is the button
Seat 1: Y_19 ($100 in chips) 
Seat 2: Rookus2 ($182.74 in chips) 
Seat 3: Armin1992550 ($79.96 in chips) 
Seat 4: MAO_DZEDYN_S ($107.57 in chips) 
Seat 5: Aleqseuka ($126.45 in chips) 
Seat 6: raketkasix ($100 in chips) 
Armin1992550: posts small blind $0.50
MAO_DZEDYN_S: posts big blind $1
*** HOLE CARDS ***
Aleqseuka: folds 
raketkasix: folds 
Y_19: folds 
Rookus2: raises $2 to $3
Armin1992550: calls $2.50
MAO_DZEDYN_S: raises $12.45 to $15.45
Rookus2: folds 
Armin1992550: folds 
Uncalled bet ($12.45) returned to MAO_DZEDYN_S
MAO_DZEDYN_S collected $9 from pot
MAO_DZEDYN_S: doesn't show hand 
*** SUMMARY ***
Total pot $9 | Rake $0 
Seat 1: Y_19 folded before Flop (didn't bet)
Seat 2: Rookus2 (button) folded before Flop
Seat 3: Armin1992550 (small blind) folded before Flop
Seat 4: MAO_DZEDYN_S (big blind) collected ($9)
Seat 5: Aleqseuka folded before Flop (didn't bet)
Seat 6: raketkasix folded before Flop (didn't bet)



PokerStars Hand #254373187368:  Hold'em No Limit ($0.50/$1.00 USD) - 2025/01/14 21:43:33 WET [2025/01/14 16:43:33 ET]
Table 'Gianfar III' 6-max Seat #3 is the button
Seat 1: Y_19 ($100 in chips) 
Seat 2: Rookus2 ($179.74 in chips) 
Seat 3: Armin1992550 ($76.96 in chips) 
Seat 4: MAO_DZEDYN_S ($113.57 in chips) 
Seat 5: Aleqseuka ($126.45 in chips) 
Seat 6: raketkasix ($100 in chips) 
MAO_DZEDYN_S: posts small blind $0.50
Aleqseuka: posts big blind $1
*** HOLE CARDS ***
raketkasix: folds 
Y_19: folds 
Rookus2: folds 
Armin1992550: folds 
MAO_DZEDYN_S: raises $2 to $3
Aleqseuka: folds 
Uncalled bet ($2) returned to MAO_DZEDYN_S
MAO_DZEDYN_S collected $2 from pot
MAO_DZEDYN_S: doesn't show hand 
*** SUMMARY ***
Total pot $2 | Rake $0 
Seat 1: Y_19 folded before Flop (didn't bet)
Seat 2: Rookus2 folded before Flop (didn't bet)
Seat 3: Armin1992550 (button) folded before Flop (didn't bet)
Seat 4: MAO_DZEDYN_S (small blind) collected ($2)
Seat 5: Aleqseuka (big blind) folded before Flop
Seat 6: raketkasix folded before Flop (didn't bet)



PokerStars Hand #254373191907:  Hold'em No Limit ($0.50/$1.00 USD) - 2025/01/14 21:43:47 WET [2025/01/14 16:43:47 ET]
Table 'Gianfar III' 6-max Seat #4 is the button
Seat 1: Y_19 ($100 in chips) 
Seat 2: Rookus2 ($179.74 in chips) 
Seat 3: Armin1992550 ($76.96 in chips) 
Seat 4: MAO_DZEDYN_S ($114.57 in chips) 
Seat 5: Aleqseuka ($125.45 in chips) 
Seat 6: raketkasix ($100 in chips) 
Aleqseuka: posts small blind $0.50
raketkasix: posts big blind $1
*** HOLE CARDS ***
Y_19: folds 
Rookus2: raises $1 to $2
Armin1992550: calls $2
MAO_DZEDYN_S: folds 
Aleqseuka: folds 
raketkasix: calls $1
*** FLOP *** [5c Ac 6d]
raketkasix: checks 
Rookus2: bets $4
Armin1992550: calls $4
raketkasix: folds 
*** TURN *** [5c Ac 6d] [8d]
Rookus2: checks 
Armin1992550: checks 
*** RIVER *** [5c Ac 6d 8d] [Ah]
Rookus2: bets $6.89
Armin1992550: calls $6.89
*** SHOW DOWN ***
Rookus2: shows [Tc Kc] (a pair of Aces)
Armin1992550: shows [4s 5s] (two pair, Aces and Fives)
Armin1992550 collected $26.52 from pot
*** SUMMARY ***
Total pot $28.28 | Rake $1.76 
Board [5c Ac 6d 8d Ah]
Seat 1: Y_19 folded before Flop (didn't bet)
Seat 2: Rookus2 showed [Tc Kc] and lost with a pair of Aces
Seat 3: Armin1992550 showed [4s 5s] and won ($26.52) with two pair, Aces and Fives
Seat 4: MAO_DZEDYN_S (button) folded before Flop (didn't bet)
Seat 5: Aleqseuka (small blind) folded before Flop
Seat 6: raketkasix (big blind) folded on the Flop



PokerStars Hand #254373210150:  Hold'em No Limit ($0.50/$1.00 USD) - 2025/01/14 21:44:47 WET [2025/01/14 16:44:47 ET]
Table 'Gianfar III' 6-max Seat #5 is the button
Seat 1: Y_19 ($100 in chips) 
Seat 2: Rookus2 ($166.85 in chips) 
Seat 3: Armin1992550 ($90.59 in chips) 
Seat 4: MAO_DZEDYN_S ($114.57 in chips) 
Seat 5: Aleqseuka ($124.95 in chips) 
Seat 6: raketkasix ($100 in chips) 
raketkasix: posts small blind $0.50
Y_19: posts big blind $1
*** HOLE CARDS ***
Rookus2: raises $2 to $3
Armin1992550: calls $3
MAO_DZEDYN_S: folds 
Aleqseuka: folds 
raketkasix: folds 
Y_19: folds 
*** FLOP *** [5h 3h 7s]
Rookus2: bets $3.56
Armin1992550: calls $3.56
*** TURN *** [5h 3h 7s] [Ah]
Rookus2: bets $5.95
Armin1992550: calls $5.95
*** RIVER *** [5h 3h 7s Ah] [Kc]
Rookus2: bets $12.60
Armin1992550: raises $37.40 to $50
Rookus2: calls $37.40
*** SHOW DOWN ***
Armin1992550: shows [6h 9h] (a flush, Ace high)
Rookus2: mucks hand 
Armin1992550 collected $123.40 from pot
*** SUMMARY ***
Total pot $126.52 | Rake $3.12 
Board [5h 3h 7s Ah Kc]
Seat 1: Y_19 (big blind) folded before Flop
Seat 2: Rookus2 mucked
Seat 3: Armin1992550 showed [6h 9h] and won ($123.40) with a flush, Ace high
Seat 4: MAO_DZEDYN_S folded before Flop (didn't bet)
Seat 5: Aleqseuka (button) folded before Flop (didn't bet)
Seat 6: raketkasix (small blind) folded before Flop



PokerStars Hand #254373228188:  Hold'em No Limit ($0.50/$1.00 USD) - 2025/01/14 21:45:45 WET [2025/01/14 16:45:45 ET]
Table 'Gianfar III' 6-max Seat #6 is the button
Seat 2: Rookus2 ($104.34 in chips) is sitting out
Seat 1: Y_19 ($100 in chips) 
Seat 3: Armin1992550 ($151.48 in chips) 
Seat 4: MAO_DZEDYN_S ($114.57 in chips) 
Seat 5: Aleqseuka ($124.95 in chips) 
Seat 6: raketkasix ($100 in chips) 
Y_19: posts small blind $0.50
Rookus2: is sitting out 
Armin1992550: posts big blind $1
*** HOLE CARDS ***
Rookus2 leaves the table
MAO_DZEDYN_S: folds 
Aleqseuka: folds 
UnRRRReal joins the table at seat #2 
raketkasix: folds 
Y_19: raises $1.44 to $2.44
Armin1992550: calls $1.44
*** FLOP *** [9h 5d 6h]
Y_19: checks 
Armin1992550: checks 
*** TURN *** [9h 5d 6h] [4s]
Y_19: bets $1.53
Armin1992550: calls $1.53
*** RIVER *** [9h 5d 6h 4s] [Jd]
Y_19: checks 
Armin1992550: bets $9
Y_19: calls $9
*** SHOW DOWN ***
Armin1992550: shows [7c Td] (high card Jack)
Y_19: shows [Kh 6s] (a pair of Sixes)
Y_19 collected $24.64 from pot
*** SUMMARY ***
Total pot $25.94 | Rake $1.30 
Board [9h 5d 6h 4s Jd]
Seat 2: Rookus2
Seat 1: Y_19 (small blind) showed [Kh 6s] and won ($24.64) with a pair of Sixes
Seat 3: Armin1992550 (big blind) showed [7c Td] and lost with high card Jack
Seat 4: MAO_DZEDYN_S folded before Flop (didn't bet)
Seat 5: Aleqseuka folded before Flop (didn't bet)
Seat 6: raketkasix (button) folded before Flop (didn't bet)



PokerStars Hand #254373247354:  Hold'em No Limit ($0.50/$1.00 USD) - 2025/01/14 21:46:47 WET [2025/01/14 16:46:47 ET]
Table 'Gianfar III' 6-max Seat #1 is the button
Seat 2: UnRRRReal ($100 in chips) is sitting out
Seat 1: Y_19 ($111.67 in chips) 
Seat 3: Armin1992550 ($138.51 in chips) 
Seat 4: MAO_DZEDYN_S ($114.57 in chips) 
Seat 5: Aleqseuka ($124.95 in chips) 
Seat 6: raketkasix ($100 in chips) 
Armin1992550: posts small blind $0.50
MAO_DZEDYN_S: posts big blind $1
*** HOLE CARDS ***
Aleqseuka: raises $1.35 to $2.35
raketkasix: folds 
Y_19: folds 
Armin1992550: calls $1.85
MAO_DZEDYN_S: folds 
*** FLOP *** [Qh 6s As]
Armin1992550: checks 
Aleqseuka: checks 
*** TURN *** [Qh 6s As] [3s]
Armin1992550: bets $1
Aleqseuka: calls $1
*** RIVER *** [Qh 6s As 3s] [7s]
Armin1992550: bets $12
Aleqseuka: folds 
Uncalled bet ($12) returned to Armin1992550
Armin1992550 collected $7.22 from pot
*** SUMMARY ***
Total pot $7.70 | Rake $0.48 
Board [Qh 6s As 3s 7s]
Seat 2: UnRRRReal
Seat 1: Y_19 (button) folded before Flop (didn't bet)
Seat 3: Armin1992550 (small blind) collected ($7.22)
Seat 4: MAO_DZEDYN_S (big blind) folded before Flop
Seat 5: Aleqseuka folded on the River
Seat 6: raketkasix folded before Flop (didn't bet)



PokerStars Hand #254373267796:  Hold'em No Limit ($0.50/$1.00 USD) - 2025/01/14 21:47:53 WET [2025/01/14 16:47:53 ET]
Table 'Gianfar III' 6-max Seat #3 is the button
Seat 2: UnRRRReal ($100 in chips) is sitting out
Seat 1: Y_19 ($111.67 in chips) 
Seat 3: Armin1992550 ($142.38 in chips) 
Seat 4: MAO_DZEDYN_S ($113.57 in chips) 
Seat 5: Aleqseuka ($121.60 in chips) 
Seat 6: raketkasix ($100 in chips) 
MAO_DZEDYN_S: posts small blind $0.50
Aleqseuka: posts big blind $1
UnRRRReal: sits out 
*** HOLE CARDS ***
raketkasix: folds 
Y_19: raises $1.23 to $2.23
Armin1992550: folds 
MAO_DZEDYN_S: folds 
Aleqseuka: folds 
Uncalled bet ($1.23) returned to Y_19
Y_19 collected $2.50 from pot
Y_19: doesn't show hand 
*** SUMMARY ***
Total pot $2.50 | Rake $0 
Seat 2: UnRRRReal
Seat 1: Y_19 collected ($2.50)
Seat 3: Armin1992550 (button) folded before Flop (didn't bet)
Seat 4: MAO_DZEDYN_S (small blind) folded before Flop
Seat 5: Aleqseuka (big blind) folded before Flop
Seat 6: raketkasix folded before Flop (didn't bet)



PokerStars Hand #254373272619:  Hold'em No Limit ($0.50/$1.00 USD) - 2025/01/14 21:48:09 WET [2025/01/14 16:48:09 ET]
Table 'Gianfar III' 6-max Seat #4 is the button
Seat 2: UnRRRReal ($100 in chips) is sitting out
Seat 1: Y_19 ($113.17 in chips) 
Seat 3: Armin1992550 ($142.38 in chips) 
Seat 4: MAO_DZEDYN_S ($113.07 in chips) 
Seat 5: Aleqseuka ($120.60 in chips) 
Seat 6: raketkasix ($100 in chips) 
Aleqseuka: posts small blind $0.50
raketkasix: posts big blind $1
UnRRRReal: sits out 
*** HOLE CARDS ***
Y_19: folds 
Armin1992550: folds 
MAO_DZEDYN_S: folds 
Aleqseuka: folds 
Uncalled bet ($0.50) returned to raketkasix
raketkasix collected $1 from pot
raketkasix: doesn't show hand 
*** SUMMARY ***
Total pot $1 | Rake $0 
Seat 2: UnRRRReal
Seat 1: Y_19 folded before Flop (didn't bet)
Seat 3: Armin1992550 folded before Flop (didn't bet)
Seat 4: MAO_DZEDYN_S (button) folded before Flop (didn't bet)
Seat 5: Aleqseuka (small blind) folded before Flop
Seat 6: raketkasix (big blind) collected ($1)



PokerStars Hand #254373277463:  Hold'em No Limit ($0.50/$1.00 USD) - 2025/01/14 21:48:24 WET [2025/01/14 16:48:24 ET]
Table 'Gianfar III' 6-max Seat #5 is the button
Seat 2: UnRRRReal ($100 in chips) is sitting out
Seat 1: Y_19 ($113.17 in chips) 
Seat 3: Armin1992550 ($142.38 in chips) 
Seat 4: MAO_DZEDYN_S ($113.07 in chips) 
Seat 5: Aleqseuka ($120.10 in chips) 
Seat 6: raketkasix ($100.50 in chips) 
raketkasix: posts small blind $0.50
Y_19: posts big blind $1
UnRRRReal: sits out 
*** HOLE CARDS ***
Armin1992550: raises $2 to $3
MAO_DZEDYN_S: folds 
Aleqseuka: folds 
raketkasix: folds 
Y_19: calls $2
*** FLOP *** [7s 2d Ah]
Y_19: checks 
Armin1992550: checks 
*** TURN *** [7s 2d Ah] [Qc]
Y_19: checks 
Armin1992550: bets $14
Y_19: folds 
Uncalled bet ($14) returned to Armin1992550
Armin1992550 collected $6.10 from pot
*** SUMMARY ***
Total pot $6.50 | Rake $0.40 
Board [7s 2d Ah Qc]
Seat 2: UnRRRReal
Seat 1: Y_19 (big blind) folded on the Turn
Seat 3: Armin1992550 collected ($6.10)
Seat 4: MAO_DZEDYN_S folded before Flop (didn't bet)
Seat 5: Aleqseuka (button) folded before Flop (didn't bet)
Seat 6: raketkasix (small blind) folded before Flop



PokerStars Hand #254373298038:  Hold'em No Limit ($0.50/$1.00 USD) - 2025/01/14 21:49:31 WET [2025/01/14 16:49:31 ET]
Table 'Gianfar III' 6-max Seat #6 is the button
Seat 1: Y_19 ($110.17 in chips) 
Seat 2: UnRRRReal ($100 in chips) 
Seat 3: Armin1992550 ($145.48 in chips) 
Seat 4: MAO_DZEDYN_S ($113.07 in chips) 
Seat 5: Aleqseuka ($120.10 in chips) 
Seat 6: raketkasix ($100 in chips) 
Y_19: posts small blind $0.50
UnRRRReal: posts big blind $1
*** HOLE CARDS ***
Armin1992550: raises $1 to $2
MAO_DZEDYN_S: folds 
Aleqseuka: folds 
raketkasix: folds 
Y_19: folds 
UnRRRReal: folds 
Uncalled bet ($1) returned to Armin1992550
Armin1992550 collected $2.50 from pot
*** SUMMARY ***
Total pot $2.50 | Rake $0 
Seat 1: Y_19 (small blind) folded before Flop
Seat 2: UnRRRReal (big blind) folded before Flop
Seat 3: Armin1992550 collected ($2.50)
Seat 4: MAO_DZEDYN_S folded before Flop (didn't bet)
Seat 5: Aleqseuka folded before Flop (didn't bet)
Seat 6: raketkasix (button) folded before Flop (didn't bet)



PokerStars Hand #254373301632:  Hold'em No Limit ($0.50/$1.00 USD) - 2025/01/14 21:49:43 WET [2025/01/14 16:49:43 ET]
Table 'Gianfar III' 6-max Seat #1 is the button
Seat 1: Y_19 ($109.67 in chips) 
Seat 2: UnRRRReal ($100 in chips) 
Seat 3: Armin1992550 ($146.98 in chips) 
Seat 4: MAO_DZEDYN_S ($113.07 in chips) 
Seat 5: Aleqseuka ($120.10 in chips) 
Seat 6: raketkasix ($100 in chips) 
UnRRRReal: posts small blind $0.50
Armin1992550: posts big blind $1
*** HOLE CARDS ***
MAO_DZEDYN_S: folds 
Aleqseuka: folds 
raketkasix: raises $1.50 to $2.50
Y_19: folds 
UnRRRReal: raises $9.50 to $12
Armin1992550: folds 
raketkasix: folds 
Uncalled bet ($9.50) returned to UnRRRReal
UnRRRReal collected $6 from pot
UnRRRReal: doesn't show hand 
*** SUMMARY ***
Total pot $6 | Rake $0 
Seat 1: Y_19 (button) folded before Flop (didn't bet)
Seat 2: UnRRRReal (small blind) collected ($6)
Seat 3: Armin1992550 (big blind) folded before Flop
Seat 4: MAO_DZEDYN_S folded before Flop (didn't bet)
Seat 5: Aleqseuka folded before Flop (didn't bet)
Seat 6: raketkasix folded before Flop



PokerStars Hand #254373311289:  Hold'em No Limit ($0.50/$1.00 USD) - 2025/01/14 21:50:14 WET [2025/01/14 16:50:14 ET]
Table 'Gianfar III' 6-max Seat #2 is the button
Seat 1: Y_19 ($109.67 in chips) 
Seat 2: UnRRRReal ($103.50 in chips) 
Seat 3: Armin1992550 ($145.98 in chips) 
Seat 4: MAO_DZEDYN_S ($113.07 in chips) 
Seat 5: Aleqseuka ($120.10 in chips) 
Seat 6: raketkasix ($100 in chips) 
Armin1992550: posts small blind $0.50
MAO_DZEDYN_S: posts big blind $1
*** HOLE CARDS ***
Aleqseuka: raises $1.35 to $2.35
raketkasix: folds 
Y_19: folds 
UnRRRReal: folds 
Armin1992550: calls $1.85
MAO_DZEDYN_S: calls $1.35
*** FLOP *** [Jc Th Td]
Armin1992550: checks 
MAO_DZEDYN_S: checks 
Aleqseuka: bets $1.68
Armin1992550: folds 
MAO_DZEDYN_S: folds 
Uncalled bet ($1.68) returned to Aleqseuka
Aleqseuka collected $6.70 from pot
Aleqseuka: doesn't show hand 
*** SUMMARY ***
Total pot $7.05 | Rake $0.35 
Board [Jc Th Td]
Seat 1: Y_19 folded before Flop (didn't bet)
Seat 2: UnRRRReal (button) folded before Flop (didn't bet)
Seat 3: Armin1992550 (small blind) folded on the Flop
Seat 4: MAO_DZEDYN_S (big blind) folded on the Flop
Seat 5: Aleqseuka collected ($6.70)
Seat 6: raketkasix folded before Flop (didn't bet)



PokerStars Hand #254373325359:  Hold'em No Limit ($0.50/$1.00 USD) - 2025/01/14 21:51:00 WET [2025/01/14 16:51:00 ET]
Table 'Gianfar III' 6-max Seat #3 is the button
Seat 1: Y_19 ($109.67 in chips) 
Seat 2: UnRRRReal ($103.50 in chips) 
Seat 3: Armin1992550 ($143.63 in chips) 
Seat 4: MAO_DZEDYN_S ($110.72 in chips) 
Seat 5: Aleqseuka ($124.45 in chips) 
Seat 6: raketkasix ($100 in chips) 
MAO_DZEDYN_S: posts small blind $0.50
Aleqseuka: posts big blind $1
*** HOLE CARDS ***
raketkasix: folds 
Y_19: raises $1.23 to $2.23
UnRRRReal: folds 
Armin1992550: folds 
MAO_DZEDYN_S: folds 
Aleqseuka: folds 
Uncalled bet ($1.23) returned to Y_19
Y_19 collected $2.50 from pot
Y_19: doesn't show hand 
*** SUMMARY ***
Total pot $2.50 | Rake $0 
Seat 1: Y_19 collected ($2.50)
Seat 2: UnRRRReal folded before Flop (didn't bet)
Seat 3: Armin1992550 (button) folded before Flop (didn't bet)
Seat 4: MAO_DZEDYN_S (small blind) folded before Flop
Seat 5: Aleqseuka (big blind) folded before Flop
Seat 6: raketkasix folded before Flop (didn't bet)



PokerStars Hand #254373331960:  Hold'em No Limit ($0.50/$1.00 USD) - 2025/01/14 21:51:21 WET [2025/01/14 16:51:21 ET]
Table 'Gianfar III' 6-max Seat #4 is the button
Seat 1: Y_19 ($111.17 in chips) 
Seat 2: UnRRRReal ($103.50 in chips) 
Seat 3: Armin1992550 ($143.63 in chips) 
Seat 4: MAO_DZEDYN_S ($110.22 in chips) 
Seat 5: Aleqseuka ($123.45 in chips) 
Seat 6: raketkasix ($100 in chips) 
Aleqseuka: posts small blind $0.50
raketkasix: posts big blind $1
*** HOLE CARDS ***
Y_19: raises $1.23 to $2.23
UnRRRReal: folds 
Armin1992550: raises $2.23 to $4.46
MAO_DZEDYN_S: folds 
Aleqseuka: folds 
raketkasix: folds 
Y_19: calls $2.23
*** FLOP *** [4c Qc Kd]
Y_19: checks 
Armin1992550: bets $4
Y_19: calls $4
*** TURN *** [4c Qc Kd] [3s]
Y_19: checks 
Armin1992550: bets $4
Y_19: calls $4
*** RIVER *** [4c Qc Kd 3s] [5c]
Y_19: checks 
Armin1992550: bets $11
Y_19: raises $35.33 to $46.33
Armin1992550: folds 
Uncalled bet ($35.33) returned to Y_19
Y_19 collected $46 from pot
Y_19: doesn't show hand 
*** SUMMARY ***
Total pot $48.42 | Rake $2.42 
Board [4c Qc Kd 3s 5c]
Seat 1: Y_19 collected ($46)
Seat 2: UnRRRReal folded before Flop (didn't bet)
Seat 3: Armin1992550 folded on the River
Seat 4: MAO_DZEDYN_S (button) folded before Flop (didn't bet)
Seat 5: Aleqseuka (small blind) folded before Flop
Seat 6: raketkasix (big blind) folded before Flop



PokerStars Hand #254373355165:  Hold'em No Limit ($0.50/$1.00 USD) - 2025/01/14 21:52:36 WET [2025/01/14 16:52:36 ET]
Table 'Gianfar III' 6-max Seat #5 is the button
Seat 1: Y_19 ($133.71 in chips) 
Seat 2: UnRRRReal ($103.50 in chips) 
Seat 3: Armin1992550 ($120.17 in chips) 
Seat 4: MAO_DZEDYN_S ($110.22 in chips) 
Seat 5: Aleqseuka ($122.95 in chips) 
Seat 6: raketkasix ($100 in chips) 
raketkasix: posts small blind $0.50
Y_19: posts big blind $1
*** HOLE CARDS ***
UnRRRReal: folds 
Armin1992550: raises $3 to $4
MAO_DZEDYN_S: folds 
Aleqseuka: folds 
raketkasix: folds 
Y_19: folds 
Uncalled bet ($3) returned to Armin1992550
Armin1992550 collected $2.50 from pot
*** SUMMARY ***
Total pot $2.50 | Rake $0 
Seat 1: Y_19 (big blind) folded before Flop
Seat 2: UnRRRReal folded before Flop (didn't bet)
Seat 3: Armin1992550 collected ($2.50)
Seat 4: MAO_DZEDYN_S folded before Flop (didn't bet)
Seat 5: Aleqseuka (button) folded before Flop (didn't bet)
Seat 6: raketkasix (small blind) folded before Flop



PokerStars Hand #254373363263:  Hold'em No Limit ($0.50/$1.00 USD) - 2025/01/14 21:53:03 WET [2025/01/14 16:53:03 ET]
Table 'Gianfar III' 6-max Seat #6 is the button
Seat 1: Y_19 ($132.71 in chips) 
Seat 2: UnRRRReal ($103.50 in chips) 
Seat 3: Armin1992550 ($121.67 in chips) 
Seat 4: MAO_DZEDYN_S ($110.22 in chips) 
Seat 5: Aleqseuka ($122.95 in chips) 
Seat 6: raketkasix ($100 in chips) 
Y_19: posts small blind $0.50
UnRRRReal: posts big blind $1
*** HOLE CARDS ***
Armin1992550: calls $1
MAO_DZEDYN_S: folds 
Aleqseuka: folds 
raketkasix: folds 
Y_19: raises $3 to $4
UnRRRReal: folds 
Armin1992550: calls $3
*** FLOP *** [Kc 9c 8d]
Y_19: bets $2.82
Armin1992550: calls $2.82
*** TURN *** [Kc 9c 8d] [6h]
Y_19: bets $4.59
Armin1992550: calls $4.59
*** RIVER *** [Kc 9c 8d 6h] [Ad]
Y_19: checks 
Armin1992550: checks 
*** SHOW DOWN ***
Y_19: shows [Th Jh] (high card Ace)
Armin1992550: shows [8s Tc] (a pair of Eights)
Armin1992550 collected $22.33 from pot
*** SUMMARY ***
Total pot $23.82 | Rake $1.49 
Board [Kc 9c 8d 6h Ad]
Seat 1: Y_19 (small blind) showed [Th Jh] and lost with high card Ace
Seat 2: UnRRRReal (big blind) folded before Flop
Seat 3: Armin1992550 showed [8s Tc] and won ($22.33) with a pair of Eights
Seat 4: MAO_DZEDYN_S folded before Flop (didn't bet)
Seat 5: Aleqseuka folded before Flop (didn't bet)
Seat 6: raketkasix (button) folded before Flop (didn't bet)



PokerStars Hand #254373378115:  Hold'em No Limit ($0.50/$1.00 USD) - 2025/01/14 21:53:51 WET [2025/01/14 16:53:51 ET]
Table 'Gianfar III' 6-max Seat #1 is the button
Seat 1: Y_19 ($121.30 in chips) 
Seat 2: UnRRRReal ($102.50 in chips) 
Seat 3: Armin1992550 ($132.59 in chips) 
Seat 4: MAO_DZEDYN_S ($110.22 in chips) 
Seat 5: Aleqseuka ($122.95 in chips) 
Seat 6: raketkasix ($100 in chips) 
UnRRRReal: posts small blind $0.50
Armin1992550: posts big blind $1
*** HOLE CARDS ***
MAO_DZEDYN_S: folds 
Aleqseuka: raises $1.35 to $2.35
raketkasix: folds 
Y_19: folds 
UnRRRReal: folds 
Armin1992550: calls $1.35
*** FLOP *** [Jc Js Kh]
Armin1992550: checks 
Aleqseuka: bets $1.24
Armin1992550: folds 
Uncalled bet ($1.24) returned to Aleqseuka
Aleqseuka collected $4.94 from pot
Aleqseuka: doesn't show hand 
*** SUMMARY ***
Total pot $5.20 | Rake $0.26 
Board [Jc Js Kh]
Seat 1: Y_19 (button) folded before Flop (didn't bet)
Seat 2: UnRRRReal (small blind) folded before Flop
Seat 3: Armin1992550 (big blind) folded on the Flop
Seat 4: MAO_DZEDYN_S folded before Flop (didn't bet)
Seat 5: Aleqseuka collected ($4.94)
Seat 6: raketkasix folded before Flop (didn't bet)



PokerStars Hand #254373390754:  Hold'em No Limit ($0.50/$1.00 USD) - 2025/01/14 21:54:32 WET [2025/01/14 16:54:32 ET]
Table 'Gianfar III' 6-max Seat #2 is the button
Seat 1: Y_19 ($121.30 in chips) 
Seat 2: UnRRRReal ($102 in chips) 
Seat 3: Armin1992550 ($130.24 in chips) 
Seat 4: MAO_DZEDYN_S ($110.22 in chips) 
Seat 5: Aleqseuka ($125.54 in chips) 
Seat 6: raketkasix ($100 in chips) 
Armin1992550: posts small blind $0.50
MAO_DZEDYN_S: posts big blind $1
*** HOLE CARDS ***
Aleqseuka: folds 
raketkasix: folds 
Y_19: folds 
UnRRRReal: raises $1.50 to $2.50
Armin1992550: calls $2
MAO_DZEDYN_S: folds 
*** FLOP *** [5d 4d Qs]
Armin1992550: checks 
UnRRRReal: bets $1.88
Armin1992550: calls $1.88
*** TURN *** [5d 4d Qs] [3d]
Armin1992550: checks 
UnRRRReal: checks 
*** RIVER *** [5d 4d Qs 3d] [7h]
Armin1992550: bets $3
UnRRRReal: folds 
Uncalled bet ($3) returned to Armin1992550
Armin1992550 collected $9.15 from pot
*** SUMMARY ***
Total pot $9.76 | Rake $0.61 
Board [5d 4d Qs 3d 7h]
Seat 1: Y_19 folded before Flop (didn't bet)
Seat 2: UnRRRReal (button) folded on the River
Seat 3: Armin1992550 (small blind) collected ($9.15)
Seat 4: MAO_DZEDYN_S (big blind) folded before Flop
Seat 5: Aleqseuka folded before Flop (didn't bet)
Seat 6: raketkasix folded before Flop (didn't bet)



PokerStars Hand #254373408714:  Hold'em No Limit ($0.50/$1.00 USD) - 2025/01/14 21:55:38 WET [2025/01/14 16:55:38 ET]
Table 'Gianfar III' 6-max Seat #3 is the button
Seat 1: Y_19 ($121.30 in chips) 
Seat 2: UnRRRReal ($100 in chips) 
Seat 3: Armin1992550 ($135.01 in chips) 
Seat 4: MAO_DZEDYN_S ($109.22 in chips) 
Seat 5: Aleqseuka ($125.54 in chips) 
Seat 6: raketkasix ($100 in chips) 
MAO_DZEDYN_S: posts small blind $0.50
Aleqseuka: posts big blind $1
*** HOLE CARDS ***
raketkasix: raises $1.50 to $2.50
Y_19: folds 
UnRRRReal: folds 
Armin1992550: raises $1.50 to $4
MAO_DZEDYN_S: folds 
Aleqseuka: folds 
raketkasix: calls $1.50
*** FLOP *** [Qs 3d 5c]
raketkasix: checks 
Armin1992550: checks 
*** TURN *** [Qs 3d 5c] [Ad]
raketkasix: checks 
Armin1992550: checks 
*** RIVER *** [Qs 3d 5c Ad] [3s]
raketkasix: bets $2.98
Armin1992550: raises $2.98 to $5.96
raketkasix: calls $2.98
*** SHOW DOWN ***
Armin1992550: shows [2c Ac] (two pair, Aces and Threes)
raketkasix: mucks hand 
Armin1992550 collected $20.08 from pot
*** SUMMARY ***
Total pot $21.42 | Rake $1.34 
Board [Qs 3d 5c Ad 3s]
Seat 1: Y_19 folded before Flop (didn't bet)
Seat 2: UnRRRReal folded before Flop (didn't bet)
Seat 3: Armin1992550 (button) showed [2c Ac] and won ($20.08) with two pair, Aces and Threes
Seat 4: MAO_DZEDYN_S (small blind) folded before Flop
Seat 5: Aleqseuka (big blind) folded before Flop
Seat 6: raketkasix mucked



PokerStars Hand #254373424878:  Hold'em No Limit ($0.50/$1.00 USD) - 2025/01/14 21:56:51 WET [2025/01/14 16:56:51 ET]
Table 'Gianfar III' 6-max Seat #4 is the button
Seat 1: Y_19 ($121.30 in chips) 
Seat 2: UnRRRReal ($100 in chips) 
Seat 3: Armin1992550 ($145.13 in chips) 
Seat 4: MAO_DZEDYN_S ($108.72 in chips) 
Seat 5: Aleqseuka ($124.54 in chips) 
Seat 6: raketkasix ($100 in chips) 
Aleqseuka: posts small blind $0.50
raketkasix: posts big blind $1
*** HOLE CARDS ***
Y_19: folds 
UnRRRReal: raises $1.50 to $2.50
Armin1992550: folds 
MAO_DZEDYN_S: folds 
Aleqseuka: folds 
raketkasix: folds 
Uncalled bet ($1.50) returned to UnRRRReal
UnRRRReal collected $2.50 from pot
UnRRRReal: doesn't show hand 
*** SUMMARY ***
Total pot $2.50 | Rake $0 
Seat 1: Y_19 folded before Flop (didn't bet)
Seat 2: UnRRRReal collected ($2.50)
Seat 3: Armin1992550 folded before Flop (didn't bet)
Seat 4: MAO_DZEDYN_S (button) folded before Flop (didn't bet)
Seat 5: Aleqseuka (small blind) folded before Flop
Seat 6: raketkasix (big blind) folded before Flop



PokerStars Hand #254373432224:  Hold'em No Limit ($0.50/$1.00 USD) - 2025/01/14 21:57:24 WET [2025/01/14 16:57:24 ET]
Table 'Gianfar III' 6-max Seat #5 is the button
Seat 1: Y_19 ($121.30 in chips) 
Seat 2: UnRRRReal ($101.50 in chips) 
Seat 3: Armin1992550 ($145.13 in chips) 
Seat 4: MAO_DZEDYN_S ($108.72 in chips) 
Seat 5: Aleqseuka ($124.04 in chips) 
Seat 6: raketkasix ($100 in chips) 
raketkasix: posts small blind $0.50
Y_19: posts big blind $1
*** HOLE CARDS ***
UnRRRReal: folds 
Armin1992550: raises $2 to $3
MAO_DZEDYN_S: folds 
Aleqseuka: raises $6 to $9
raketkasix: raises $14 to $23
Y_19: folds 
Armin1992550: folds 
Aleqseuka: folds 
Uncalled bet ($14) returned to raketkasix
raketkasix collected $22 from pot
raketkasix: doesn't show hand 
*** SUMMARY ***
Total pot $22 | Rake $0 
Seat 1: Y_19 (big blind) folded before Flop
Seat 2: UnRRRReal folded before Flop (didn't bet)
Seat 3: Armin1992550 folded before Flop
Seat 4: MAO_DZEDYN_S folded before Flop (didn't bet)
Seat 5: Aleqseuka (button) folded before Flop
Seat 6: raketkasix (small blind) collected ($22)



PokerStars Hand #254373442235:  Hold'em No Limit ($0.50/$1.00 USD) - 2025/01/14 21:58:09 WET [2025/01/14 16:58:09 ET]
Table 'Gianfar III' 6-max Seat #6 is the button
Seat 1: Y_19 ($120.30 in chips) 
Seat 2: UnRRRReal ($101.50 in chips) 
Seat 3: Armin1992550 ($142.13 in chips) 
Seat 4: MAO_DZEDYN_S ($108.72 in chips) 
Seat 5: Aleqseuka ($115.04 in chips) 
Seat 6: raketkasix ($113 in chips) 
Y_19: posts small blind $0.50
UnRRRReal: posts big blind $1
*** HOLE CARDS ***
Armin1992550: raises $2 to $3
MAO_DZEDYN_S: folds 
Aleqseuka: folds 
raketkasix: folds 
Y_19: folds 
UnRRRReal: folds 
Uncalled bet ($2) returned to Armin1992550
Armin1992550 collected $2.50 from pot
*** SUMMARY ***
Total pot $2.50 | Rake $0 
Seat 1: Y_19 (small blind) folded before Flop
Seat 2: UnRRRReal (big blind) folded before Flop
Seat 3: Armin1992550 collected ($2.50)
Seat 4: MAO_DZEDYN_S folded before Flop (didn't bet)
Seat 5: Aleqseuka folded before Flop (didn't bet)
Seat 6: raketkasix (button) folded before Flop (didn't bet)



PokerStars Hand #254373446483:  Hold'em No Limit ($0.50/$1.00 USD) - 2025/01/14 21:58:27 WET [2025/01/14 16:58:27 ET]
Table 'Gianfar III' 6-max Seat #1 is the button
Seat 1: Y_19 ($119.80 in chips) 
Seat 2: UnRRRReal ($100.50 in chips) 
Seat 3: Armin1992550 ($143.63 in chips) 
Seat 4: MAO_DZEDYN_S ($108.72 in chips) 
Seat 5: Aleqseuka ($115.04 in chips) 
Seat 6: raketkasix ($113 in chips) 
UnRRRReal: posts small blind $0.50
Armin1992550: posts big blind $1
*** HOLE CARDS ***
MAO_DZEDYN_S: folds 
Aleqseuka: folds 
raketkasix: folds 
Y_19: raises $1.23 to $2.23
UnRRRReal: folds 
Armin1992550: calls $1.23
*** FLOP *** [2h Tc 5c]
Armin1992550: checks 
Y_19: bets $1.55
Armin1992550: calls $1.55
*** TURN *** [2h Tc 5c] [2c]
Armin1992550: checks 
Y_19: bets $5.75
Armin1992550: folds 
Uncalled bet ($5.75) returned to Y_19
Y_19 collected $7.66 from pot
Y_19: doesn't show hand 
*** SUMMARY ***
Total pot $8.06 | Rake $0.40 
Board [2h Tc 5c 2c]
Seat 1: Y_19 (button) collected ($7.66)
Seat 2: UnRRRReal (small blind) folded before Flop
Seat 3: Armin1992550 (big blind) folded on the Turn
Seat 4: MAO_DZEDYN_S folded before Flop (didn't bet)
Seat 5: Aleqseuka folded before Flop (didn't bet)
Seat 6: raketkasix folded before Flop (didn't bet)



PokerStars Hand #254373564620:  Hold'em No Limit ($0.50/$1.00 USD) - 2025/01/14 22:05:35 WET [2025/01/14 17:05:35 ET]
Table 'Gianfar III' 6-max Seat #3 is the button
Seat 1: Y_19 ($100 in chips) 
Seat 2: UnRRRReal ($109.95 in chips) 
Seat 3: Armin1992550 ($161.50 in chips) 
Seat 4: MAO_DZEDYN_S ($110.72 in chips) 
Seat 5: Aleqseuka ($107.52 in chips) 
Seat 6: raketkasix ($111.50 in chips) 
MAO_DZEDYN_S: posts small blind $0.50
Aleqseuka: posts big blind $1
*** HOLE CARDS ***
raketkasix: folds 
Y_19: folds 
UnRRRReal: folds 
Armin1992550: folds 
MAO_DZEDYN_S: raises $2 to $3
Aleqseuka: folds 
Uncalled bet ($2) returned to MAO_DZEDYN_S
MAO_DZEDYN_S collected $2 from pot
MAO_DZEDYN_S: doesn't show hand 
*** SUMMARY ***
Total pot $2 | Rake $0 
Seat 1: Y_19 folded before Flop (didn't bet)
Seat 2: UnRRRReal folded before Flop (didn't bet)
Seat 3: Armin1992550 (button) folded before Flop (didn't bet)
Seat 4: MAO_DZEDYN_S (small blind) collected ($2)
Seat 5: Aleqseuka (big blind) folded before Flop
Seat 6: raketkasix folded before Flop (didn't bet)



PokerStars Hand #254373570503:  Hold'em No Limit ($0.50/$1.00 USD) - 2025/01/14 22:05:54 WET [2025/01/14 17:05:54 ET]
Table 'Gianfar III' 6-max Seat #4 is the button
Seat 1: Y_19 ($100 in chips) 
Seat 2: UnRRRReal ($109.95 in chips) 
Seat 3: Armin1992550 ($161.50 in chips) 
Seat 4: MAO_DZEDYN_S ($111.72 in chips) 
Seat 5: Aleqseuka ($106.52 in chips) 
Seat 6: raketkasix ($111.50 in chips) 
Aleqseuka: posts small blind $0.50
raketkasix: posts big blind $1
*** HOLE CARDS ***
Y_19: folds 
UnRRRReal: folds 
Armin1992550: calls $1
MAO_DZEDYN_S: folds 
Aleqseuka: folds 
raketkasix: checks 
*** FLOP *** [2h Js Kd]
raketkasix: checks 
Armin1992550: checks 
*** TURN *** [2h Js Kd] [5c]
raketkasix: checks 
Armin1992550: bets $2
raketkasix: folds 
Uncalled bet ($2) returned to Armin1992550
Armin1992550 collected $2.35 from pot
*** SUMMARY ***
Total pot $2.50 | Rake $0.15 
Board [2h Js Kd 5c]
Seat 1: Y_19 folded before Flop (didn't bet)
Seat 2: UnRRRReal folded before Flop (didn't bet)
Seat 3: Armin1992550 collected ($2.35)
Seat 4: MAO_DZEDYN_S (button) folded before Flop (didn't bet)
Seat 5: Aleqseuka (small blind) folded before Flop
Seat 6: raketkasix (big blind) folded on the Turn



PokerStars Hand #254373588155:  Hold'em No Limit ($0.50/$1.00 USD) - 2025/01/14 22:06:52 WET [2025/01/14 17:06:52 ET]
Table 'Gianfar III' 6-max Seat #5 is the button
Seat 1: Y_19 ($100 in chips) 
Seat 2: UnRRRReal ($109.95 in chips) 
Seat 3: Armin1992550 ($162.85 in chips) 
Seat 4: MAO_DZEDYN_S ($111.72 in chips) 
Seat 5: Aleqseuka ($106.02 in chips) 
Seat 6: raketkasix ($110.50 in chips) 
raketkasix: posts small blind $0.50
Y_19: posts big blind $1
*** HOLE CARDS ***
UnRRRReal: folds 
Armin1992550: raises $1 to $2
MAO_DZEDYN_S: folds 
Aleqseuka: folds 
raketkasix: folds 
Y_19: folds 
Uncalled bet ($1) returned to Armin1992550
Armin1992550 collected $2.50 from pot
*** SUMMARY ***
Total pot $2.50 | Rake $0 
Seat 1: Y_19 (big blind) folded before Flop
Seat 2: UnRRRReal folded before Flop (didn't bet)
Seat 3: Armin1992550 collected ($2.50)
Seat 4: MAO_DZEDYN_S folded before Flop (didn't bet)
Seat 5: Aleqseuka (button) folded before Flop (didn't bet)
Seat 6: raketkasix (small blind) folded before Flop



PokerStars Hand #254373593758:  Hold'em No Limit ($0.50/$1.00 USD) - 2025/01/14 22:07:11 WET [2025/01/14 17:07:11 ET]
Table 'Gianfar III' 6-max Seat #6 is the button
Seat 1: Y_19 ($100 in chips) 
Seat 2: UnRRRReal ($109.95 in chips) 
Seat 3: Armin1992550 ($164.35 in chips) 
Seat 4: MAO_DZEDYN_S ($111.72 in chips) 
Seat 5: Aleqseuka ($106.02 in chips) 
Seat 6: raketkasix ($110 in chips) 
Y_19: posts small blind $0.50
UnRRRReal: posts big blind $1
*** HOLE CARDS ***
Armin1992550: calls $1
MAO_DZEDYN_S: folds 
Aleqseuka: folds 
raketkasix: folds 
Y_19: folds 
UnRRRReal: checks 
*** FLOP *** [4c 4s Js]
UnRRRReal: checks 
Armin1992550: checks 
*** TURN *** [4c 4s Js] [Tc]
UnRRRReal: checks 
Armin1992550: bets $1
UnRRRReal: calls $1
*** RIVER *** [4c 4s Js Tc] [8h]
UnRRRReal: checks 
Armin1992550: bets $3
UnRRRReal: folds 
Uncalled bet ($3) returned to Armin1992550
Armin1992550 collected $4.22 from pot
*** SUMMARY ***
Total pot $4.50 | Rake $0.28 
Board [4c 4s Js Tc 8h]
Seat 1: Y_19 (small blind) folded before Flop
Seat 2: UnRRRReal (big blind) folded on the River
Seat 3: Armin1992550 collected ($4.22)
Seat 4: MAO_DZEDYN_S folded before Flop (didn't bet)
Seat 5: Aleqseuka folded before Flop (didn't bet)
Seat 6: raketkasix (button) folded before Flop (didn't bet)



PokerStars Hand #254373605964:  Hold'em No Limit ($0.50/$1.00 USD) - 2025/01/14 22:07:50 WET [2025/01/14 17:07:50 ET]
Table 'Gianfar III' 6-max Seat #1 is the button
Seat 1: Y_19 ($100 in chips) 
Seat 2: UnRRRReal ($107.95 in chips) 
Seat 3: Armin1992550 ($166.57 in chips) 
Seat 4: MAO_DZEDYN_S ($111.72 in chips) 
Seat 5: Aleqseuka ($106.02 in chips) 
Seat 6: raketkasix ($110 in chips) 
UnRRRReal: posts small blind $0.50
Armin1992550: posts big blind $1
*** HOLE CARDS ***
MAO_DZEDYN_S: folds 
Aleqseuka: raises $1.35 to $2.35
raketkasix: folds 
Y_19: folds 
UnRRRReal: folds 
Armin1992550: calls $1.35
*** FLOP *** [6d Js 8s]
Armin1992550: checks 
Aleqseuka: bets $1.63
Armin1992550: calls $1.63
*** TURN *** [6d Js 8s] [6s]
Armin1992550: checks 
Aleqseuka: bets $4.42
Armin1992550: calls $4.42
*** RIVER *** [6d Js 8s 6s] [2d]
Armin1992550: checks 
Aleqseuka: checks 
*** SHOW DOWN ***
Armin1992550: shows [Jd 5d] (two pair, Jacks and Sixes)
Aleqseuka: mucks hand 
Armin1992550 collected $16.22 from pot
*** SUMMARY ***
Total pot $17.30 | Rake $1.08 
Board [6d Js 8s 6s 2d]
Seat 1: Y_19 (button) folded before Flop (didn't bet)
Seat 2: UnRRRReal (small blind) folded before Flop
Seat 3: Armin1992550 (big blind) showed [Jd 5d] and won ($16.22) with two pair, Jacks and Sixes
Seat 4: MAO_DZEDYN_S folded before Flop (didn't bet)
Seat 5: Aleqseuka mucked
Seat 6: raketkasix folded before Flop (didn't bet)



PokerStars Hand #254373632458:  Hold'em No Limit ($0.50/$1.00 USD) - 2025/01/14 22:09:17 WET [2025/01/14 17:09:17 ET]
Table 'Gianfar III' 6-max Seat #2 is the button
Seat 1: Y_19 ($100 in chips) 
Seat 2: UnRRRReal ($107.45 in chips) 
Seat 3: Armin1992550 ($174.39 in chips) 
Seat 4: MAO_DZEDYN_S ($111.72 in chips) 
Seat 5: Aleqseuka ($100 in chips) 
Seat 6: raketkasix ($110 in chips) 
Armin1992550: posts small blind $0.50
MAO_DZEDYN_S: posts big blind $1
*** HOLE CARDS ***
Aleqseuka: raises $1.35 to $2.35
raketkasix: folds 
Y_19: folds 
UnRRRReal: folds 
Armin1992550: calls $1.85
MAO_DZEDYN_S: folds 
*** FLOP *** [5c Js Td]
Armin1992550: checks 
Aleqseuka: bets $1.35
Armin1992550: calls $1.35
*** TURN *** [5c Js Td] [9c]
Armin1992550: checks 
Aleqseuka: checks 
*** RIVER *** [5c Js Td 9c] [9s]
Armin1992550: bets $5
Aleqseuka: raises $12.50 to $17.50
Armin1992550: calls $12.50
*** SHOW DOWN ***
Aleqseuka: shows [9h Ah] (three of a kind, Nines)
Armin1992550: mucks hand 
Aleqseuka collected $41.23 from pot
*** SUMMARY ***
Total pot $43.40 | Rake $2.17 
Board [5c Js Td 9c 9s]
Seat 1: Y_19 folded before Flop (didn't bet)
Seat 2: UnRRRReal (button) folded before Flop (didn't bet)
Seat 3: Armin1992550 (small blind) mucked
Seat 4: MAO_DZEDYN_S (big blind) folded before Flop
Seat 5: Aleqseuka showed [9h Ah] and won ($41.23) with three of a kind, Nines
Seat 6: raketkasix folded before Flop (didn't bet)



PokerStars Hand #254373656898:  Hold'em No Limit ($0.50/$1.00 USD) - 2025/01/14 22:10:36 WET [2025/01/14 17:10:36 ET]
Table 'Gianfar III' 6-max Seat #3 is the button
Seat 1: Y_19 ($100 in chips) 
Seat 2: UnRRRReal ($107.45 in chips) 
Seat 3: Armin1992550 ($153.19 in chips) 
Seat 4: MAO_DZEDYN_S ($110.72 in chips) 
Seat 5: Aleqseuka ($120.03 in chips) 
Seat 6: raketkasix ($110 in chips) 
MAO_DZEDYN_S: posts small blind $0.50
Aleqseuka: posts big blind $1
*** HOLE CARDS ***
raketkasix: folds 
Y_19: folds 
UnRRRReal: folds 
Armin1992550: folds 
MAO_DZEDYN_S: raises $2 to $3
Aleqseuka: folds 
Uncalled bet ($2) returned to MAO_DZEDYN_S
MAO_DZEDYN_S collected $2 from pot
MAO_DZEDYN_S: doesn't show hand 
*** SUMMARY ***
Total pot $2 | Rake $0 
Seat 1: Y_19 folded before Flop (didn't bet)
Seat 2: UnRRRReal folded before Flop (didn't bet)
Seat 3: Armin1992550 (button) folded before Flop (didn't bet)
Seat 4: MAO_DZEDYN_S (small blind) collected ($2)
Seat 5: Aleqseuka (big blind) folded before Flop
Seat 6: raketkasix folded before Flop (didn't bet)



PokerStars Hand #254373661844:  Hold'em No Limit ($0.50/$1.00 USD) - 2025/01/14 22:10:52 WET [2025/01/14 17:10:52 ET]
Table 'Gianfar III' 6-max Seat #4 is the button
Seat 1: Y_19 ($100 in chips) 
Seat 2: UnRRRReal ($107.45 in chips) 
Seat 3: Armin1992550 ($153.19 in chips) 
Seat 4: MAO_DZEDYN_S ($111.72 in chips) 
Seat 5: Aleqseuka ($119.03 in chips) 
Seat 6: raketkasix ($110 in chips) 
Aleqseuka: posts small blind $0.50
raketkasix: posts big blind $1
*** HOLE CARDS ***
Y_19: folds 
UnRRRReal: folds 
Armin1992550: calls $1
MAO_DZEDYN_S: folds 
Aleqseuka: folds 
raketkasix: checks 
*** FLOP *** [2d 9c 5h]
raketkasix: checks 
Armin1992550: checks 
*** TURN *** [2d 9c 5h] [Qh]
raketkasix: checks 
Armin1992550: bets $2
raketkasix: calls $2
*** RIVER *** [2d 9c 5h Qh] [3h]
raketkasix: checks 
Armin1992550: checks 
*** SHOW DOWN ***
raketkasix: shows [4s Qd] (a pair of Queens)
Armin1992550: mucks hand 
raketkasix collected $6.18 from pot
*** SUMMARY ***
Total pot $6.50 | Rake $0.32 
Board [2d 9c 5h Qh 3h]
Seat 1: Y_19 folded before Flop (didn't bet)
Seat 2: UnRRRReal folded before Flop (didn't bet)
Seat 3: Armin1992550 mucked
Seat 4: MAO_DZEDYN_S (button) folded before Flop (didn't bet)
Seat 5: Aleqseuka (small blind) folded before Flop
Seat 6: raketkasix (big blind) showed [4s Qd] and won ($6.18) with a pair of Queens



PokerStars Hand #254373678693:  Hold'em No Limit ($0.50/$1.00 USD) - 2025/01/14 22:11:47 WET [2025/01/14 17:11:47 ET]
Table 'Gianfar III' 6-max Seat #5 is the button
Seat 1: Y_19 ($100 in chips) 
Seat 2: UnRRRReal ($107.45 in chips) 
Seat 3: Armin1992550 ($150.19 in chips) 
Seat 4: MAO_DZEDYN_S ($111.72 in chips) 
Seat 5: Aleqseuka ($118.53 in chips) 
Seat 6: raketkasix ($113.18 in chips) 
raketkasix: posts small blind $0.50
Y_19: posts big blind $1
*** HOLE CARDS ***
UnRRRReal: folds 
Armin1992550: raises $3 to $4
MAO_DZEDYN_S: raises $7 to $11
Aleqseuka: folds 
raketkasix: folds 
Y_19: folds 
Armin1992550: calls $7
*** FLOP *** [9d Ac 3c]
Armin1992550: checks 
MAO_DZEDYN_S: bets $8.70
Armin1992550: calls $8.70
*** TURN *** [9d Ac 3c] [Ad]
Armin1992550: checks 
MAO_DZEDYN_S: bets $24.71
Armin1992550: folds 
Uncalled bet ($24.71) returned to MAO_DZEDYN_S
MAO_DZEDYN_S collected $38.86 from pot
MAO_DZEDYN_S: doesn't show hand 
*** SUMMARY ***
Total pot $40.90 | Rake $2.04 
Board [9d Ac 3c Ad]
Seat 1: Y_19 (big blind) folded before Flop
Seat 2: UnRRRReal folded before Flop (didn't bet)
Seat 3: Armin1992550 folded on the Turn
Seat 4: MAO_DZEDYN_S collected ($38.86)
Seat 5: Aleqseuka (button) folded before Flop (didn't bet)
Seat 6: raketkasix (small blind) folded before Flop



PokerStars Hand #254373709097:  Hold'em No Limit ($0.50/$1.00 USD) - 2025/01/14 22:13:26 WET [2025/01/14 17:13:26 ET]
Table 'Gianfar III' 6-max Seat #6 is the button
Seat 1: Y_19 ($100 in chips) 
Seat 2: UnRRRReal ($107.45 in chips) 
Seat 3: Armin1992550 ($130.49 in chips) 
Seat 4: MAO_DZEDYN_S ($130.88 in chips) 
Seat 5: Aleqseuka ($118.53 in chips) 
Seat 6: raketkasix ($112.68 in chips) 
Y_19: posts small blind $0.50
UnRRRReal: posts big blind $1
*** HOLE CARDS ***
Armin1992550: raises $4 to $5
MAO_DZEDYN_S: folds 
Aleqseuka: folds 
raketkasix: folds 
Y_19: folds 
UnRRRReal: folds 
Uncalled bet ($4) returned to Armin1992550
Armin1992550 collected $2.50 from pot
*** SUMMARY ***
Total pot $2.50 | Rake $0 
Seat 1: Y_19 (small blind) folded before Flop
Seat 2: UnRRRReal (big blind) folded before Flop
Seat 3: Armin1992550 collected ($2.50)
Seat 4: MAO_DZEDYN_S folded before Flop (didn't bet)
Seat 5: Aleqseuka folded before Flop (didn't bet)
Seat 6: raketkasix (button) folded before Flop (didn't bet)



PokerStars Hand #254373715654:  Hold'em No Limit ($0.50/$1.00 USD) - 2025/01/14 22:13:48 WET [2025/01/14 17:13:48 ET]
Table 'Gianfar III' 6-max Seat #1 is the button
Seat 1: Y_19 ($100 in chips) 
Seat 2: UnRRRReal ($106.45 in chips) 
Seat 3: Armin1992550 ($131.99 in chips) 
Seat 4: MAO_DZEDYN_S ($130.88 in chips) 
Seat 5: Aleqseuka ($118.53 in chips) 
Seat 6: raketkasix ($112.68 in chips) 
UnRRRReal: posts small blind $0.50
Armin1992550: posts big blind $1
*** HOLE CARDS ***
MAO_DZEDYN_S: folds 
Aleqseuka: raises $1.35 to $2.35
raketkasix: folds 
Y_19: folds 
UnRRRReal: folds 
Armin1992550: raises $1.35 to $3.70
Aleqseuka: calls $1.35
*** FLOP *** [7d 6d 2s]
Armin1992550: bets $4
Aleqseuka: folds 
Uncalled bet ($4) returned to Armin1992550
Armin1992550 collected $7.40 from pot
*** SUMMARY ***
Total pot $7.90 | Rake $0.50 
Board [7d 6d 2s]
Seat 1: Y_19 (button) folded before Flop (didn't bet)
Seat 2: UnRRRReal (small blind) folded before Flop
Seat 3: Armin1992550 (big blind) collected ($7.40)
Seat 4: MAO_DZEDYN_S folded before Flop (didn't bet)
Seat 5: Aleqseuka folded on the Flop
Seat 6: raketkasix folded before Flop (didn't bet)



PokerStars Hand #254373728664:  Hold'em No Limit ($0.50/$1.00 USD) - 2025/01/14 22:14:31 WET [2025/01/14 17:14:31 ET]
Table 'Gianfar III' 6-max Seat #2 is the button
Seat 1: Y_19 ($100 in chips) 
Seat 2: UnRRRReal ($105.95 in chips) 
Seat 3: Armin1992550 ($135.69 in chips) 
Seat 4: MAO_DZEDYN_S ($130.88 in chips) 
Seat 5: Aleqseuka ($114.83 in chips) 
Seat 6: raketkasix ($112.68 in chips) 
Armin1992550: posts small blind $0.50
MAO_DZEDYN_S: posts big blind $1
*** HOLE CARDS ***
Aleqseuka: folds 
raketkasix: raises $1.50 to $2.50
Y_19: raises $5 to $7.50
UnRRRReal: folds 
Armin1992550: calls $7
MAO_DZEDYN_S: folds 
raketkasix: calls $5
*** FLOP *** [Ts Js 6s]
Armin1992550: checks 
raketkasix: checks 
Y_19: checks 
*** TURN *** [Ts Js 6s] [4h]
Armin1992550: bets $5
raketkasix: folds 
Y_19: calls $5
*** RIVER *** [Ts Js 6s 4h] [Ad]
Armin1992550: bets $5
Y_19: calls $5
*** SHOW DOWN ***
Armin1992550: shows [2d 6d] (a pair of Sixes)
Y_19: shows [8s 8h] (a pair of Eights)
Y_19 collected $41.32 from pot
*** SUMMARY ***
Total pot $43.50 | Rake $2.18 
Board [Ts Js 6s 4h Ad]
Seat 1: Y_19 showed [8s 8h] and won ($41.32) with a pair of Eights
Seat 2: UnRRRReal (button) folded before Flop (didn't bet)
Seat 3: Armin1992550 (small blind) showed [2d 6d] and lost with a pair of Sixes
Seat 4: MAO_DZEDYN_S (big blind) folded before Flop
Seat 5: Aleqseuka folded before Flop (didn't bet)
Seat 6: raketkasix folded on the Turn



PokerStars Hand #254373754052:  Hold'em No Limit ($0.50/$1.00 USD) - 2025/01/14 22:15:54 WET [2025/01/14 17:15:54 ET]
Table 'Gianfar III' 6-max Seat #3 is the button
Seat 1: Y_19 ($123.82 in chips) 
Seat 2: UnRRRReal ($105.95 in chips) 
Seat 3: Armin1992550 ($118.19 in chips) 
Seat 4: MAO_DZEDYN_S ($129.88 in chips) 
Seat 5: Aleqseuka ($114.83 in chips) 
Seat 6: raketkasix ($105.18 in chips) 
MAO_DZEDYN_S: posts small blind $0.50
Aleqseuka: posts big blind $1
*** HOLE CARDS ***
raketkasix: folds 
Y_19: raises $1.23 to $2.23
UnRRRReal: folds 
Armin1992550: raises $1.23 to $3.46
MAO_DZEDYN_S: folds 
Aleqseuka: folds 
Y_19: calls $1.23
*** FLOP *** [As 5s 6h]
Y_19: checks 
Armin1992550: checks 
*** TURN *** [As 5s 6h] [8s]
Y_19: bets $6
Armin1992550: calls $6
*** RIVER *** [As 5s 6h 8s] [3h]
Y_19: bets $14.55
Armin1992550: calls $14.55
*** SHOW DOWN ***
Y_19: shows [Qs 9s] (a flush, Ace high)
Armin1992550: mucks hand 
Y_19 collected $47.04 from pot
*** SUMMARY ***
Total pot $49.52 | Rake $2.48 
Board [As 5s 6h 8s 3h]
Seat 1: Y_19 showed [Qs 9s] and won ($47.04) with a flush, Ace high
Seat 2: UnRRRReal folded before Flop (didn't bet)
Seat 3: Armin1992550 (button) mucked
Seat 4: MAO_DZEDYN_S (small blind) folded before Flop
Seat 5: Aleqseuka (big blind) folded before Flop
Seat 6: raketkasix folded before Flop (didn't bet)



PokerStars Hand #254373768082:  Hold'em No Limit ($0.50/$1.00 USD) - 2025/01/14 22:16:40 WET [2025/01/14 17:16:40 ET]
Table 'Gianfar III' 6-max Seat #4 is the button
Seat 1: Y_19 ($146.85 in chips) 
Seat 2: UnRRRReal ($105.95 in chips) 
Seat 3: Armin1992550 ($94.18 in chips) 
Seat 4: MAO_DZEDYN_S ($129.38 in chips) 
Seat 5: Aleqseuka ($113.83 in chips) 
Seat 6: raketkasix ($105.18 in chips) 
Aleqseuka: posts small blind $0.50
raketkasix: posts big blind $1
*** HOLE CARDS ***
Y_19: folds 
UnRRRReal: raises $1.50 to $2.50
Armin1992550: folds 
MAO_DZEDYN_S: folds 
Aleqseuka: folds 
raketkasix: folds 
Uncalled bet ($1.50) returned to UnRRRReal
UnRRRReal collected $2.50 from pot
UnRRRReal: doesn't show hand 
*** SUMMARY ***
Total pot $2.50 | Rake $0 
Seat 1: Y_19 folded before Flop (didn't bet)
Seat 2: UnRRRReal collected ($2.50)
Seat 3: Armin1992550 folded before Flop (didn't bet)
Seat 4: MAO_DZEDYN_S (button) folded before Flop (didn't bet)
Seat 5: Aleqseuka (small blind) folded before Flop
Seat 6: raketkasix (big blind) folded before Flop



PokerStars Hand #254373774948:  Hold'em No Limit ($0.50/$1.00 USD) - 2025/01/14 22:17:03 WET [2025/01/14 17:17:03 ET]
Table 'Gianfar III' 6-max Seat #5 is the button
Seat 1: Y_19 ($146.85 in chips) 
Seat 2: UnRRRReal ($107.45 in chips) 
Seat 3: Armin1992550 ($94.18 in chips) 
Seat 4: MAO_DZEDYN_S ($129.38 in chips) 
Seat 5: Aleqseuka ($113.33 in chips) 
Seat 6: raketkasix ($104.18 in chips) 
raketkasix: posts small blind $0.50
Y_19: posts big blind $1
*** HOLE CARDS ***
UnRRRReal: raises $1.50 to $2.50
Armin1992550: folds 
MAO_DZEDYN_S: folds 
Aleqseuka: folds 
raketkasix: folds 
Y_19: folds 
Uncalled bet ($1.50) returned to UnRRRReal
UnRRRReal collected $2.50 from pot
UnRRRReal: doesn't show hand 
*** SUMMARY ***
Total pot $2.50 | Rake $0 
Seat 1: Y_19 (big blind) folded before Flop
Seat 2: UnRRRReal collected ($2.50)
Seat 3: Armin1992550 folded before Flop (didn't bet)
Seat 4: MAO_DZEDYN_S folded before Flop (didn't bet)
Seat 5: Aleqseuka (button) folded before Flop (didn't bet)
Seat 6: raketkasix (small blind) folded before Flop



PokerStars Hand #254373784895:  Hold'em No Limit ($0.50/$1.00 USD) - 2025/01/14 22:17:35 WET [2025/01/14 17:17:35 ET]
Table 'Gianfar III' 6-max Seat #6 is the button
Seat 1: Y_19 ($145.85 in chips) 
Seat 2: UnRRRReal ($108.95 in chips) 
Seat 3: Armin1992550 ($94.18 in chips) 
Seat 4: MAO_DZEDYN_S ($129.38 in chips) 
Seat 5: Aleqseuka ($113.33 in chips) 
Seat 6: raketkasix ($103.68 in chips) 
Y_19: posts small blind $0.50
UnRRRReal: posts big blind $1
*** HOLE CARDS ***
Armin1992550: raises $4 to $5
MAO_DZEDYN_S: raises $6.50 to $11.50
Aleqseuka: folds 
raketkasix: folds 
Y_19: folds 
UnRRRReal: folds 
Armin1992550: calls $6.50
*** FLOP *** [Jc As 8c]
Armin1992550: bets $82.68 and is all-in
MAO_DZEDYN_S: folds 
Uncalled bet ($82.68) returned to Armin1992550
Armin1992550 collected $22.98 from pot
*** SUMMARY ***
Total pot $24.50 | Rake $1.52 
Board [Jc As 8c]
Seat 1: Y_19 (small blind) folded before Flop
Seat 2: UnRRRReal (big blind) folded before Flop
Seat 3: Armin1992550 collected ($22.98)
Seat 4: MAO_DZEDYN_S folded on the Flop
Seat 5: Aleqseuka folded before Flop (didn't bet)
Seat 6: raketkasix (button) folded before Flop (didn't bet)



PokerStars Hand #254373793883:  Hold'em No Limit ($0.50/$1.00 USD) - 2025/01/14 22:18:04 WET [2025/01/14 17:18:04 ET]
Table 'Gianfar III' 6-max Seat #1 is the button
Seat 1: Y_19 ($145.35 in chips) 
Seat 2: UnRRRReal ($107.95 in chips) 
Seat 3: Armin1992550 ($105.66 in chips) 
Seat 4: MAO_DZEDYN_S ($117.88 in chips) 
Seat 5: Aleqseuka ($113.33 in chips) 
Seat 6: raketkasix ($103.68 in chips) 
UnRRRReal: posts small blind $0.50
Armin1992550: posts big blind $1
*** HOLE CARDS ***
MAO_DZEDYN_S: folds 
Aleqseuka: raises $1.35 to $2.35
raketkasix: raises $5.15 to $7.50
Y_19: folds 
UnRRRReal: folds 
Armin1992550: calls $6.50
Aleqseuka: calls $5.15
*** FLOP *** [2h 8s 4d]
Armin1992550: bets $98.16 and is all-in
Aleqseuka: folds 
raketkasix: folds 
Uncalled bet ($98.16) returned to Armin1992550
Armin1992550 collected $21.56 from pot
*** SUMMARY ***
Total pot $23 | Rake $1.44 
Board [2h 8s 4d]
Seat 1: Y_19 (button) folded before Flop (didn't bet)
Seat 2: UnRRRReal (small blind) folded before Flop
Seat 3: Armin1992550 (big blind) collected ($21.56)
Seat 4: MAO_DZEDYN_S folded before Flop (didn't bet)
Seat 5: Aleqseuka folded on the Flop
Seat 6: raketkasix folded on the Flop



PokerStars Hand #254373804706:  Hold'em No Limit ($0.50/$1.00 USD) - 2025/01/14 22:18:40 WET [2025/01/14 17:18:40 ET]
Table 'Gianfar III' 6-max Seat #2 is the button
Seat 1: Y_19 ($145.35 in chips) 
Seat 2: UnRRRReal ($107.45 in chips) 
Seat 3: Armin1992550 ($119.72 in chips) 
Seat 4: MAO_DZEDYN_S ($117.88 in chips) 
Seat 5: Aleqseuka ($105.83 in chips) 
Seat 6: raketkasix ($100 in chips) 
Armin1992550: posts small blind $0.50
MAO_DZEDYN_S: posts big blind $1
*** HOLE CARDS ***
Aleqseuka: folds 
raketkasix: folds 
Y_19: folds 
UnRRRReal: folds 
Armin1992550: raises $1 to $2
MAO_DZEDYN_S: calls $1
*** FLOP *** [6s Qh Qd]
Armin1992550: checks 
MAO_DZEDYN_S: bets $1.64
Armin1992550: folds 
Uncalled bet ($1.64) returned to MAO_DZEDYN_S
MAO_DZEDYN_S collected $3.80 from pot
MAO_DZEDYN_S: doesn't show hand 
*** SUMMARY ***
Total pot $4 | Rake $0.20 
Board [6s Qh Qd]
Seat 1: Y_19 folded before Flop (didn't bet)
Seat 2: UnRRRReal (button) folded before Flop (didn't bet)
Seat 3: Armin1992550 (small blind) folded on the Flop
Seat 4: MAO_DZEDYN_S (big blind) collected ($3.80)
Seat 5: Aleqseuka folded before Flop (didn't bet)
Seat 6: raketkasix folded before Flop (didn't bet)



PokerStars Hand #254373816512:  Hold'em No Limit ($0.50/$1.00 USD) - 2025/01/14 22:19:19 WET [2025/01/14 17:19:19 ET]
Table 'Gianfar III' 6-max Seat #3 is the button
Seat 1: Y_19 ($145.35 in chips) 
Seat 2: UnRRRReal ($107.45 in chips) 
Seat 3: Armin1992550 ($117.72 in chips) 
Seat 4: MAO_DZEDYN_S ($119.68 in chips) 
Seat 5: Aleqseuka ($105.83 in chips) 
Seat 6: raketkasix ($100 in chips) 
MAO_DZEDYN_S: posts small blind $0.50
Aleqseuka: posts big blind $1
*** HOLE CARDS ***
raketkasix: folds 
Y_19: folds 
UnRRRReal: raises $1.50 to $2.50
Armin1992550: raises $1.50 to $4
MAO_DZEDYN_S: folds 
Aleqseuka: folds 
UnRRRReal: raises $103.45 to $107.45 and is all-in
Armin1992550: calls $103.45
*** FLOP *** [Tc Ks Td]
*** TURN *** [Tc Ks Td] [2s]
*** RIVER *** [Tc Ks Td 2s] [3d]
*** SHOW DOWN ***
UnRRRReal: shows [As Kd] (two pair, Kings and Tens)
Armin1992550: shows [7d Jd] (a pair of Tens)
UnRRRReal collected $213.90 from pot
Armin1992550 cashed out the hand for $76.99 | Cash Out Fee $1.57
*** SUMMARY ***
Total pot $216.40 | Rake $2.50 
Board [Tc Ks Td 2s 3d]
Seat 1: Y_19 folded before Flop (didn't bet)
Seat 2: UnRRRReal showed [As Kd] and won ($213.90) with two pair, Kings and Tens
Seat 3: Armin1992550 (button) showed [7d Jd] and lost with a pair of Tens (cashed out).
Seat 4: MAO_DZEDYN_S (small blind) folded before Flop
Seat 5: Aleqseuka (big blind) folded before Flop
Seat 6: raketkasix folded before Flop (didn't bet)



PokerStars Hand #254373828024:  Hold'em No Limit ($0.50/$1.00 USD) - 2025/01/14 22:19:57 WET [2025/01/14 17:19:57 ET]
Table 'Gianfar III' 6-max Seat #4 is the button
Seat 1: Y_19 ($145.35 in chips) 
Seat 2: UnRRRReal ($213.90 in chips) 
Seat 3: Armin1992550 ($87.26 in chips) 
Seat 4: MAO_DZEDYN_S ($119.18 in chips) 
Seat 5: Aleqseuka ($104.83 in chips) 
Seat 6: raketkasix ($100 in chips) 
Aleqseuka: posts small blind $0.50
raketkasix: posts big blind $1
*** HOLE CARDS ***
Y_19: folds 
UnRRRReal: raises $1.50 to $2.50
Armin1992550: calls $2.50
MAO_DZEDYN_S: folds 
Aleqseuka: raises $11.50 to $14
raketkasix: raises $86 to $100 and is all-in
UnRRRReal: folds 
Armin1992550: folds 
Aleqseuka: folds 
Uncalled bet ($86) returned to raketkasix
raketkasix collected $33 from pot
raketkasix: doesn't show hand 
*** SUMMARY ***
Total pot $33 | Rake $0 
Seat 1: Y_19 folded before Flop (didn't bet)
Seat 2: UnRRRReal folded before Flop
Seat 3: Armin1992550 folded before Flop
Seat 4: MAO_DZEDYN_S (button) folded before Flop (didn't bet)
Seat 5: Aleqseuka (small blind) folded before Flop
Seat 6: raketkasix (big blind) collected ($33)



PokerStars Hand #254373837678:  Hold'em No Limit ($0.50/$1.00 USD) - 2025/01/14 22:20:30 WET [2025/01/14 17:20:30 ET]
Table 'Gianfar III' 6-max Seat #5 is the button
Seat 1: Y_19 ($145.35 in chips) 
Seat 2: UnRRRReal ($211.40 in chips) 
Seat 3: Armin1992550 ($84.76 in chips) 
Seat 4: MAO_DZEDYN_S ($119.18 in chips) 
Seat 5: Aleqseuka ($100 in chips) 
Seat 6: raketkasix ($119 in chips) 
raketkasix: posts small blind $0.50
Y_19: posts big blind $1
*** HOLE CARDS ***
UnRRRReal: folds 
Armin1992550: folds 
MAO_DZEDYN_S: raises $1.25 to $2.25
Aleqseuka: folds 
raketkasix: folds 
Y_19: calls $1.25
*** FLOP *** [Ah 4c Qd]
Y_19: checks 
MAO_DZEDYN_S: checks 
*** TURN *** [Ah 4c Qd] [8s]
Y_19: checks 
MAO_DZEDYN_S: bets $3.56
Y_19: calls $3.56
*** RIVER *** [Ah 4c Qd 8s] [Th]
Y_19: checks 
MAO_DZEDYN_S: checks 
*** SHOW DOWN ***
Y_19: shows [Qh Js] (a pair of Queens)
MAO_DZEDYN_S: shows [Ks Qs] (a pair of Queens - Ace+King kicker)
MAO_DZEDYN_S collected $11.51 from pot
*** SUMMARY ***
Total pot $12.12 | Rake $0.61 
Board [Ah 4c Qd 8s Th]
Seat 1: Y_19 (big blind) showed [Qh Js] and lost with a pair of Queens
Seat 2: UnRRRReal folded before Flop (didn't bet)
Seat 3: Armin1992550 folded before Flop (didn't bet)
Seat 4: MAO_DZEDYN_S showed [Ks Qs] and won ($11.51) with a pair of Queens
Seat 5: Aleqseuka (button) folded before Flop (didn't bet)
Seat 6: raketkasix (small blind) folded before Flop



PokerStars Hand #254373868061:  Hold'em No Limit ($0.50/$1.00 USD) - 2025/01/14 22:22:11 WET [2025/01/14 17:22:11 ET]
Table 'Gianfar III' 6-max Seat #6 is the button
Seat 1: Y_19 ($139.54 in chips) 
Seat 2: UnRRRReal ($211.40 in chips) 
Seat 3: Armin1992550 ($84.76 in chips) 
Seat 4: MAO_DZEDYN_S ($124.88 in chips) 
Seat 5: Aleqseuka ($100 in chips) 
Seat 6: raketkasix ($118.50 in chips) 
Y_19: posts small blind $0.50
UnRRRReal: posts big blind $1
*** HOLE CARDS ***
Armin1992550: calls $1
MAO_DZEDYN_S: folds 
Aleqseuka: folds 
raketkasix: folds 
Y_19: folds 
UnRRRReal: checks 
*** FLOP *** [8d 9h 7s]
UnRRRReal: checks 
Armin1992550: checks 
*** TURN *** [8d 9h 7s] [6c]
UnRRRReal: bets $1.79
Armin1992550: calls $1.79
*** RIVER *** [8d 9h 7s 6c] [Th]
UnRRRReal: checks 
Armin1992550: checks 
*** SHOW DOWN ***
UnRRRReal: shows [Ts 4c] (a straight, Six to Ten)
Armin1992550: shows [8h 5h] (a straight, Six to Ten)
UnRRRReal collected $2.89 from pot
Armin1992550 collected $2.85 from pot
*** SUMMARY ***
Total pot $6.08 | Rake $0.34 
Board [8d 9h 7s 6c Th]
Seat 1: Y_19 (small blind) folded before Flop
Seat 2: UnRRRReal (big blind) showed [Ts 4c] and won ($2.89) with a straight, Six to Ten
Seat 3: Armin1992550 showed [8h 5h] and won ($2.85) with a straight, Six to Ten
Seat 4: MAO_DZEDYN_S folded before Flop (didn't bet)
Seat 5: Aleqseuka folded before Flop (didn't bet)
Seat 6: raketkasix (button) folded before Flop (didn't bet)



PokerStars Hand #254373876871:  Hold'em No Limit ($0.50/$1.00 USD) - 2025/01/14 22:22:40 WET [2025/01/14 17:22:40 ET]
Table 'Gianfar III' 6-max Seat #1 is the button
Seat 1: Y_19 ($139.04 in chips) 
Seat 2: UnRRRReal ($211.50 in chips) 
Seat 3: Armin1992550 ($84.82 in chips) 
Seat 4: MAO_DZEDYN_S ($124.88 in chips) 
Seat 5: Aleqseuka ($100 in chips) 
Seat 6: raketkasix ($118.50 in chips) 
UnRRRReal: posts small blind $0.50
Armin1992550: posts big blind $1
*** HOLE CARDS ***
MAO_DZEDYN_S: folds 
Aleqseuka: folds 
raketkasix: raises $1.50 to $2.50
Y_19: calls $2.50
UnRRRReal: folds 
Armin1992550: raises $82.32 to $84.82 and is all-in
raketkasix: folds 
Y_19: folds 
Uncalled bet ($82.32) returned to Armin1992550
Armin1992550 collected $8 from pot
*** SUMMARY ***
Total pot $8 | Rake $0 
Seat 1: Y_19 (button) folded before Flop
Seat 2: UnRRRReal (small blind) folded before Flop
Seat 3: Armin1992550 (big blind) collected ($8)
Seat 4: MAO_DZEDYN_S folded before Flop (didn't bet)
Seat 5: Aleqseuka folded before Flop (didn't bet)
Seat 6: raketkasix folded before Flop



PokerStars Hand #254373885959:  Hold'em No Limit ($0.50/$1.00 USD) - 2025/01/14 22:23:11 WET [2025/01/14 17:23:11 ET]
Table 'Gianfar III' 6-max Seat #2 is the button
Seat 1: Y_19 ($136.54 in chips) 
Seat 2: UnRRRReal ($211 in chips) 
Seat 3: Armin1992550 ($90.32 in chips) 
Seat 4: MAO_DZEDYN_S ($124.88 in chips) 
Seat 5: Aleqseuka ($100 in chips) 
Seat 6: raketkasix ($116 in chips) 
Armin1992550: posts small blind $0.50
MAO_DZEDYN_S: posts big blind $1
*** HOLE CARDS ***
Aleqseuka: folds 
raketkasix: folds 
Y_19: folds 
UnRRRReal: folds 
Armin1992550: raises $3 to $4
MAO_DZEDYN_S: calls $3
*** FLOP *** [5h 9d 5d]
Armin1992550: checks 
MAO_DZEDYN_S: bets $2.28
Armin1992550: folds 
Uncalled bet ($2.28) returned to MAO_DZEDYN_S
MAO_DZEDYN_S collected $7.60 from pot
MAO_DZEDYN_S: doesn't show hand 
*** SUMMARY ***
Total pot $8 | Rake $0.40 
Board [5h 9d 5d]
Seat 1: Y_19 folded before Flop (didn't bet)
Seat 2: UnRRRReal (button) folded before Flop (didn't bet)
Seat 3: Armin1992550 (small blind) folded on the Flop
Seat 4: MAO_DZEDYN_S (big blind) collected ($7.60)
Seat 5: Aleqseuka folded before Flop (didn't bet)
Seat 6: raketkasix folded before Flop (didn't bet)



PokerStars Hand #254373896895:  Hold'em No Limit ($0.50/$1.00 USD) - 2025/01/14 22:23:47 WET [2025/01/14 17:23:47 ET]
Table 'Gianfar III' 6-max Seat #3 is the button
Seat 1: Y_19 ($136.54 in chips) 
Seat 2: UnRRRReal ($211 in chips) 
Seat 3: Armin1992550 ($86.32 in chips) 
Seat 4: MAO_DZEDYN_S ($128.48 in chips) 
Seat 5: Aleqseuka ($100 in chips) 
Seat 6: raketkasix ($116 in chips) 
MAO_DZEDYN_S: posts small blind $0.50
Aleqseuka: posts big blind $1
*** HOLE CARDS ***
raketkasix: folds 
Y_19: folds 
UnRRRReal: folds 
Armin1992550: calls $1
MAO_DZEDYN_S: folds 
Aleqseuka: raises $4 to $5
Armin1992550: calls $4
*** FLOP *** [Kc 7s Ts]
Aleqseuka: checks 
Armin1992550: checks 
*** TURN *** [Kc 7s Ts] [9c]
Aleqseuka: checks 
Armin1992550: checks 
*** RIVER *** [Kc 7s Ts 9c] [Qs]
Aleqseuka: bets $19.96
Armin1992550: folds 
Uncalled bet ($19.96) returned to Aleqseuka
Aleqseuka collected $9.98 from pot
Aleqseuka: doesn't show hand 
*** SUMMARY ***
Total pot $10.50 | Rake $0.52 
Board [Kc 7s Ts 9c Qs]
Seat 1: Y_19 folded before Flop (didn't bet)
Seat 2: UnRRRReal folded before Flop (didn't bet)
Seat 3: Armin1992550 (button) folded on the River
Seat 4: MAO_DZEDYN_S (small blind) folded before Flop
Seat 5: Aleqseuka (big blind) collected ($9.98)
Seat 6: raketkasix folded before Flop (didn't bet)



PokerStars Hand #254373917734:  Hold'em No Limit ($0.50/$1.00 USD) - 2025/01/14 22:24:57 WET [2025/01/14 17:24:57 ET]
Table 'Gianfar III' 6-max Seat #4 is the button
Seat 1: Y_19 ($136.54 in chips) 
Seat 2: UnRRRReal ($211 in chips) 
Seat 3: Armin1992550 ($81.32 in chips) 
Seat 4: MAO_DZEDYN_S ($127.98 in chips) 
Seat 5: Aleqseuka ($104.98 in chips) 
Seat 6: raketkasix ($116 in chips) 
Aleqseuka: posts small blind $0.50
raketkasix: posts big blind $1
*** HOLE CARDS ***
Y_19: folds 
UnRRRReal: folds 
Armin1992550: calls $1
MAO_DZEDYN_S: raises $2.50 to $3.50
Aleqseuka: folds 
raketkasix: folds 
Armin1992550: raises $2.50 to $6
MAO_DZEDYN_S: calls $2.50
*** FLOP *** [3c 6c 5s]
Armin1992550: checks 
MAO_DZEDYN_S: checks 
*** TURN *** [3c 6c 5s] [4h]
Armin1992550: checks 
MAO_DZEDYN_S: bets $9.10
Armin1992550: folds 
Uncalled bet ($9.10) returned to MAO_DZEDYN_S
MAO_DZEDYN_S collected $12.82 from pot
MAO_DZEDYN_S: doesn't show hand 
*** SUMMARY ***
Total pot $13.50 | Rake $0.68 
Board [3c 6c 5s 4h]
Seat 1: Y_19 folded before Flop (didn't bet)
Seat 2: UnRRRReal folded before Flop (didn't bet)
Seat 3: Armin1992550 folded on the Turn
Seat 4: MAO_DZEDYN_S (button) collected ($12.82)
Seat 5: Aleqseuka (small blind) folded before Flop
Seat 6: raketkasix (big blind) folded before Flop



PokerStars Hand #254373938777:  Hold'em No Limit ($0.50/$1.00 USD) - 2025/01/14 22:26:09 WET [2025/01/14 17:26:09 ET]
Table 'Gianfar III' 6-max Seat #5 is the button
Seat 1: Y_19 ($136.54 in chips) 
Seat 2: UnRRRReal ($211 in chips) 
Seat 3: Armin1992550 ($75.32 in chips) 
Seat 4: MAO_DZEDYN_S ($134.80 in chips) 
Seat 5: Aleqseuka ($104.48 in chips) 
Seat 6: raketkasix ($115 in chips) 
raketkasix: posts small blind $0.50
Y_19: posts big blind $1
*** HOLE CARDS ***
UnRRRReal: folds 
Armin1992550: raises $74.32 to $75.32 and is all-in
MAO_DZEDYN_S: folds 
Aleqseuka: folds 
raketkasix: folds 
Y_19: folds 
Uncalled bet ($74.32) returned to Armin1992550
Armin1992550 collected $2.50 from pot
*** SUMMARY ***
Total pot $2.50 | Rake $0 
Seat 1: Y_19 (big blind) folded before Flop
Seat 2: UnRRRReal folded before Flop (didn't bet)
Seat 3: Armin1992550 collected ($2.50)
Seat 4: MAO_DZEDYN_S folded before Flop (didn't bet)
Seat 5: Aleqseuka (button) folded before Flop (didn't bet)
Seat 6: raketkasix (small blind) folded before Flop



PokerStars Hand #254373942841:  Hold'em No Limit ($0.50/$1.00 USD) - 2025/01/14 22:26:22 WET [2025/01/14 17:26:22 ET]
Table 'Gianfar III' 6-max Seat #6 is the button
Seat 1: Y_19 ($135.54 in chips) 
Seat 2: UnRRRReal ($211 in chips) 
Seat 3: Armin1992550 ($76.82 in chips) 
Seat 4: MAO_DZEDYN_S ($134.80 in chips) 
Seat 5: Aleqseuka ($104.48 in chips) 
Seat 6: raketkasix ($114.50 in chips) 
Y_19: posts small blind $0.50
UnRRRReal: posts big blind $1
*** HOLE CARDS ***
Armin1992550: raises $2 to $3
MAO_DZEDYN_S: folds 
Aleqseuka: folds 
raketkasix: folds 
Y_19: folds 
UnRRRReal: calls $2
*** FLOP *** [8d 9h 4c]
UnRRRReal: checks 
Armin1992550: checks 
*** TURN *** [8d 9h 4c] [Ah]
UnRRRReal: bets $4.64
Armin1992550: calls $4.64
*** RIVER *** [8d 9h 4c Ah] [Ks]
UnRRRReal: bets $11.24
Armin1992550: folds 
Uncalled bet ($11.24) returned to UnRRRReal
UnRRRReal collected $14.99 from pot
UnRRRReal: doesn't show hand 
*** SUMMARY ***
Total pot $15.78 | Rake $0.79 
Board [8d 9h 4c Ah Ks]
Seat 1: Y_19 (small blind) folded before Flop
Seat 2: UnRRRReal (big blind) collected ($14.99)
Seat 3: Armin1992550 folded on the River
Seat 4: MAO_DZEDYN_S folded before Flop (didn't bet)
Seat 5: Aleqseuka folded before Flop (didn't bet)
Seat 6: raketkasix (button) folded before Flop (didn't bet)



PokerStars Hand #254373953433:  Hold'em No Limit ($0.50/$1.00 USD) - 2025/01/14 22:26:58 WET [2025/01/14 17:26:58 ET]
Table 'Gianfar III' 6-max Seat #1 is the button
Seat 1: Y_19 ($135.04 in chips) 
Seat 2: UnRRRReal ($218.35 in chips) 
Seat 3: Armin1992550 ($69.18 in chips) 
Seat 4: MAO_DZEDYN_S ($134.80 in chips) 
Seat 5: Aleqseuka ($104.48 in chips) 
Seat 6: raketkasix ($114.50 in chips) 
UnRRRReal: posts small blind $0.50
Armin1992550: posts big blind $1
*** HOLE CARDS ***
MAO_DZEDYN_S: folds 
Aleqseuka: folds 
raketkasix: folds 
Y_19: folds 
UnRRRReal: folds 
Uncalled bet ($0.50) returned to Armin1992550
Armin1992550 collected $1 from pot
*** SUMMARY ***
Total pot $1 | Rake $0 
Seat 1: Y_19 (button) folded before Flop (didn't bet)
Seat 2: UnRRRReal (small blind) folded before Flop
Seat 3: Armin1992550 (big blind) collected ($1)
Seat 4: MAO_DZEDYN_S folded before Flop (didn't bet)
Seat 5: Aleqseuka folded before Flop (didn't bet)
Seat 6: raketkasix folded before Flop (didn't bet)



PokerStars Hand #254373957612:  Hold'em No Limit ($0.50/$1.00 USD) - 2025/01/14 22:27:12 WET [2025/01/14 17:27:12 ET]
Table 'Gianfar III' 6-max Seat #2 is the button
Seat 1: Y_19 ($135.04 in chips) 
Seat 2: UnRRRReal ($217.85 in chips) 
Seat 3: Armin1992550 ($69.68 in chips) 
Seat 4: MAO_DZEDYN_S ($134.80 in chips) 
Seat 5: Aleqseuka ($104.48 in chips) 
Seat 6: raketkasix ($114.50 in chips) 
Armin1992550: posts small blind $0.50
MAO_DZEDYN_S: posts big blind $1
*** HOLE CARDS ***
Aleqseuka: raises $1.35 to $2.35
raketkasix: folds 
Y_19: folds 
UnRRRReal: folds 
Armin1992550: raises $1.35 to $3.70
MAO_DZEDYN_S: folds 
Aleqseuka: calls $1.35
*** FLOP *** [Kd Jd 6c]
Armin1992550: checks 
Aleqseuka: checks 
*** TURN *** [Kd Jd 6c] [Kh]
Armin1992550: checks 
Aleqseuka: bets $5.99
Armin1992550: calls $5.99
*** RIVER *** [Kd Jd 6c Kh] [6h]
Armin1992550: checks 
Aleqseuka: bets $14.52
Armin1992550: folds 
Uncalled bet ($14.52) returned to Aleqseuka
Aleqseuka collected $19.36 from pot
Aleqseuka: doesn't show hand 
*** SUMMARY ***
Total pot $20.38 | Rake $1.02 
Board [Kd Jd 6c Kh 6h]
Seat 1: Y_19 folded before Flop (didn't bet)
Seat 2: UnRRRReal (button) folded before Flop (didn't bet)
Seat 3: Armin1992550 (small blind) folded on the River
Seat 4: MAO_DZEDYN_S (big blind) folded before Flop
Seat 5: Aleqseuka collected ($19.36)
Seat 6: raketkasix folded before Flop (didn't bet)



PokerStars Hand #254373970578:  Hold'em No Limit ($0.50/$1.00 USD) - 2025/01/14 22:27:56 WET [2025/01/14 17:27:56 ET]
Table 'Gianfar III' 6-max Seat #3 is the button
Seat 1: Y_19 ($135.04 in chips) 
Seat 2: UnRRRReal ($217.85 in chips) 
Seat 3: Armin1992550 ($59.99 in chips) 
Seat 4: MAO_DZEDYN_S ($133.80 in chips) 
Seat 5: Aleqseuka ($114.15 in chips) 
Seat 6: raketkasix ($114.50 in chips) 
MAO_DZEDYN_S: posts small blind $0.50
Aleqseuka: posts big blind $1
*** HOLE CARDS ***
raketkasix: folds 
Y_19: folds 
UnRRRReal: raises $1.50 to $2.50
Armin1992550: folds 
MAO_DZEDYN_S: folds 
Aleqseuka: folds 
Uncalled bet ($1.50) returned to UnRRRReal
UnRRRReal collected $2.50 from pot
UnRRRReal: doesn't show hand 
*** SUMMARY ***
Total pot $2.50 | Rake $0 
Seat 1: Y_19 folded before Flop (didn't bet)
Seat 2: UnRRRReal collected ($2.50)
Seat 3: Armin1992550 (button) folded before Flop (didn't bet)
Seat 4: MAO_DZEDYN_S (small blind) folded before Flop
Seat 5: Aleqseuka (big blind) folded before Flop
Seat 6: raketkasix folded before Flop (didn't bet)



PokerStars Hand #254373978435:  Hold'em No Limit ($0.50/$1.00 USD) - 2025/01/14 22:28:22 WET [2025/01/14 17:28:22 ET]
Table 'Gianfar III' 6-max Seat #4 is the button
Seat 1: Y_19 ($135.04 in chips) 
Seat 2: UnRRRReal ($219.35 in chips) 
Seat 3: Armin1992550 ($59.99 in chips) 
Seat 4: MAO_DZEDYN_S ($133.30 in chips) 
Seat 5: Aleqseuka ($113.15 in chips) 
Seat 6: raketkasix ($114.50 in chips) 
Aleqseuka: posts small blind $0.50
raketkasix: posts big blind $1
*** HOLE CARDS ***
Y_19: folds 
UnRRRReal: folds 
Armin1992550: raises $58.99 to $59.99 and is all-in
MAO_DZEDYN_S: folds 
Aleqseuka: folds 
raketkasix: folds 
Uncalled bet ($58.99) returned to Armin1992550
Armin1992550 collected $2.50 from pot
*** SUMMARY ***
Total pot $2.50 | Rake $0 
Seat 1: Y_19 folded before Flop (didn't bet)
Seat 2: UnRRRReal folded before Flop (didn't bet)
Seat 3: Armin1992550 collected ($2.50)
Seat 4: MAO_DZEDYN_S (button) folded before Flop (didn't bet)
Seat 5: Aleqseuka (small blind) folded before Flop
Seat 6: raketkasix (big blind) folded before Flop



PokerStars Hand #254373987765:  Hold'em No Limit ($0.50/$1.00 USD) - 2025/01/14 22:28:54 WET [2025/01/14 17:28:54 ET]
Table 'Gianfar III' 6-max Seat #5 is the button
Seat 1: Y_19 ($135.04 in chips) 
Seat 2: UnRRRReal ($219.35 in chips) 
Seat 3: Armin1992550 ($61.49 in chips) 
Seat 4: MAO_DZEDYN_S ($133.30 in chips) 
Seat 5: Aleqseuka ($112.65 in chips) 
Seat 6: raketkasix ($113.50 in chips) 
raketkasix: posts small blind $0.50
Y_19: posts big blind $1
*** HOLE CARDS ***
UnRRRReal: folds 
Armin1992550: raises $60.49 to $61.49 and is all-in
MAO_DZEDYN_S: folds 
Aleqseuka: folds 
raketkasix: folds 
Y_19: folds 
Uncalled bet ($60.49) returned to Armin1992550
Armin1992550 collected $2.50 from pot
*** SUMMARY ***
Total pot $2.50 | Rake $0 
Seat 1: Y_19 (big blind) folded before Flop
Seat 2: UnRRRReal folded before Flop (didn't bet)
Seat 3: Armin1992550 collected ($2.50)
Seat 4: MAO_DZEDYN_S folded before Flop (didn't bet)
Seat 5: Aleqseuka (button) folded before Flop (didn't bet)
Seat 6: raketkasix (small blind) folded before Flop



PokerStars Hand #254373995026:  Hold'em No Limit ($0.50/$1.00 USD) - 2025/01/14 22:29:18 WET [2025/01/14 17:29:18 ET]
Table 'Gianfar III' 6-max Seat #6 is the button
Seat 1: Y_19 ($134.04 in chips) 
Seat 2: UnRRRReal ($219.35 in chips) 
Seat 3: Armin1992550 ($62.99 in chips) 
Seat 4: MAO_DZEDYN_S ($133.30 in chips) 
Seat 5: Aleqseuka ($112.65 in chips) 
Seat 6: raketkasix ($113 in chips) 
Y_19: posts small blind $0.50
UnRRRReal: posts big blind $1
*** HOLE CARDS ***
Armin1992550: raises $61.99 to $62.99 and is all-in
MAO_DZEDYN_S: folds 
Aleqseuka: folds 
raketkasix: folds 
Y_19: raises $71.05 to $134.04 and is all-in
UnRRRReal: folds 
Uncalled bet ($71.05) returned to Y_19
*** FLOP *** [Ac Kd 2h]
*** TURN *** [Ac Kd 2h] [8d]
*** RIVER *** [Ac Kd 2h 8d] [6s]
*** SHOW DOWN ***
Y_19: shows [Td Ts] (a pair of Tens)
Armin1992550: shows [As 9s] (a pair of Aces)
Armin1992550 collected $123.86 from pot
*** SUMMARY ***
Total pot $126.98 | Rake $3.12 
Board [Ac Kd 2h 8d 6s]
Seat 1: Y_19 (small blind) showed [Td Ts] and lost with a pair of Tens
Seat 2: UnRRRReal (big blind) folded before Flop
Seat 3: Armin1992550 showed [As 9s] and won ($123.86) with a pair of Aces
Seat 4: MAO_DZEDYN_S folded before Flop (didn't bet)
Seat 5: Aleqseuka folded before Flop (didn't bet)
Seat 6: raketkasix (button) folded before Flop (didn't bet)



PokerStars Hand #254374006350:  Hold'em No Limit ($0.50/$1.00 USD) - 2025/01/14 22:29:56 WET [2025/01/14 17:29:56 ET]
Table 'Gianfar III' 6-max Seat #1 is the button
Seat 1: Y_19 ($100 in chips) 
Seat 2: UnRRRReal ($218.35 in chips) 
Seat 3: Armin1992550 ($123.86 in chips) 
Seat 4: MAO_DZEDYN_S ($133.30 in chips) 
Seat 5: Aleqseuka ($112.65 in chips) 
Seat 6: raketkasix ($113 in chips) 
UnRRRReal: posts small blind $0.50
Armin1992550: posts big blind $1
*** HOLE CARDS ***
MAO_DZEDYN_S: folds 
Aleqseuka: folds 
raketkasix: folds 
Y_19: raises $1.23 to $2.23
UnRRRReal: folds 
Armin1992550: calls $1.23
*** FLOP *** [Qh 2d 2c]
Armin1992550: checks 
Y_19: bets $1.55
Armin1992550: folds 
Uncalled bet ($1.55) returned to Y_19
Y_19 collected $4.71 from pot
Y_19: doesn't show hand 
*** SUMMARY ***
Total pot $4.96 | Rake $0.25 
Board [Qh 2d 2c]
Seat 1: Y_19 (button) collected ($4.71)
Seat 2: UnRRRReal (small blind) folded before Flop
Seat 3: Armin1992550 (big blind) folded on the Flop
Seat 4: MAO_DZEDYN_S folded before Flop (didn't bet)
Seat 5: Aleqseuka folded before Flop (didn't bet)
Seat 6: raketkasix folded before Flop (didn't bet)



PokerStars Hand #254374014172:  Hold'em No Limit ($0.50/$1.00 USD) - 2025/01/14 22:30:22 WET [2025/01/14 17:30:22 ET]
Table 'Gianfar III' 6-max Seat #2 is the button
Seat 1: Y_19 ($102.48 in chips) 
Seat 2: UnRRRReal ($217.85 in chips) 
Seat 3: Armin1992550 ($121.63 in chips) 
Seat 4: MAO_DZEDYN_S ($133.30 in chips) 
Seat 5: Aleqseuka ($112.65 in chips) 
Seat 6: raketkasix ($113 in chips) 
Armin1992550: posts small blind $0.50
MAO_DZEDYN_S: posts big blind $1
*** HOLE CARDS ***
Aleqseuka: folds 
raketkasix: folds 
Y_19: folds 
UnRRRReal: folds 
Armin1992550: calls $0.50
MAO_DZEDYN_S: checks 
*** FLOP *** [9c 2d 7d]
Armin1992550: checks 
MAO_DZEDYN_S: checks 
*** TURN *** [9c 2d 7d] [2c]
Armin1992550: checks 
MAO_DZEDYN_S: checks 
*** RIVER *** [9c 2d 7d 2c] [As]
Armin1992550: checks 
MAO_DZEDYN_S: checks 
*** SHOW DOWN ***
Armin1992550: shows [Tc Th] (two pair, Tens and Deuces)
MAO_DZEDYN_S: mucks hand 
Armin1992550 collected $1.88 from pot
*** SUMMARY ***
Total pot $2 | Rake $0.12 
Board [9c 2d 7d 2c As]
Seat 1: Y_19 folded before Flop (didn't bet)
Seat 2: UnRRRReal (button) folded before Flop (didn't bet)
Seat 3: Armin1992550 (small blind) showed [Tc Th] and won ($1.88) with two pair, Tens and Deuces
Seat 4: MAO_DZEDYN_S (big blind) mucked
Seat 5: Aleqseuka folded before Flop (didn't bet)
Seat 6: raketkasix folded before Flop (didn't bet)



PokerStars Hand #254374029421:  Hold'em No Limit ($0.50/$1.00 USD) - 2025/01/14 22:31:13 WET [2025/01/14 17:31:13 ET]
Table 'Gianfar III' 6-max Seat #3 is the button
Seat 5: Aleqseuka ($112.65 in chips) is sitting out
Seat 1: Y_19 ($102.48 in chips) 
Seat 2: UnRRRReal ($217.85 in chips) 
Seat 3: Armin1992550 ($122.51 in chips) 
Seat 4: MAO_DZEDYN_S ($132.30 in chips) 
Seat 6: raketkasix ($113 in chips) 
MAO_DZEDYN_S: posts small blind $0.50
Aleqseuka: is sitting out 
raketkasix: posts big blind $1
*** HOLE CARDS ***
Y_19: folds 
UnRRRReal: folds 
Armin1992550: raises $2 to $3
MAO_DZEDYN_S: folds 
raketkasix: folds 
Uncalled bet ($2) returned to Armin1992550
Armin1992550 collected $2.50 from pot
*** SUMMARY ***
Total pot $2.50 | Rake $0 
Seat 5: Aleqseuka
Seat 1: Y_19 folded before Flop (didn't bet)
Seat 2: UnRRRReal folded before Flop (didn't bet)
Seat 3: Armin1992550 (button) collected ($2.50)
Seat 4: MAO_DZEDYN_S (small blind) folded before Flop
Seat 6: raketkasix (big blind) folded before Flop



PokerStars Hand #254374036861:  Hold'em No Limit ($0.50/$1.00 USD) - 2025/01/14 22:31:38 WET [2025/01/14 17:31:38 ET]
Table 'Gianfar III' 6-max Seat #4 is the button
Seat 5: Aleqseuka ($112.65 in chips) is sitting out
Seat 1: Y_19 ($102.48 in chips) 
Seat 2: UnRRRReal ($217.85 in chips) 
Seat 3: Armin1992550 ($124.01 in chips) 
Seat 4: MAO_DZEDYN_S ($131.80 in chips) 
Seat 6: raketkasix ($112 in chips) 
raketkasix: posts small blind $0.50
Y_19: posts big blind $1
*** HOLE CARDS ***
UnRRRReal: folds 
Armin1992550: raises $1 to $2
MAO_DZEDYN_S: folds 
raketkasix: folds 
Y_19: calls $1
*** FLOP *** [5c 2d 9d]
Y_19: checks 
Armin1992550: checks 
*** TURN *** [5c 2d 9d] [8c]
Y_19: bets $2.14
Armin1992550: calls $2.14
*** RIVER *** [5c 2d 9d 8c] [Jc]
Y_19: checks 
Armin1992550: bets $5
Y_19: raises $15 to $20
Armin1992550: calls $15
*** SHOW DOWN ***
Y_19: shows [Tc 6c] (a flush, Jack high)
Armin1992550: mucks hand 
Y_19 collected $46.34 from pot
*** SUMMARY ***
Total pot $48.78 | Rake $2.44 
Board [5c 2d 9d 8c Jc]
Seat 5: Aleqseuka
Seat 1: Y_19 (big blind) showed [Tc 6c] and won ($46.34) with a flush, Jack high
Seat 2: UnRRRReal folded before Flop (didn't bet)
Seat 3: Armin1992550 mucked
Seat 4: MAO_DZEDYN_S (button) folded before Flop (didn't bet)
Seat 6: raketkasix (small blind) folded before Flop



PokerStars Hand #254374053659:  Hold'em No Limit ($0.50/$1.00 USD) - 2025/01/14 22:32:35 WET [2025/01/14 17:32:35 ET]
Table 'Gianfar III' 6-max Seat #6 is the button
Seat 5: Aleqseuka ($112.65 in chips) is sitting out
Seat 1: Y_19 ($124.68 in chips) 
Seat 2: UnRRRReal ($217.85 in chips) 
Seat 3: Armin1992550 ($99.87 in chips) 
Seat 4: MAO_DZEDYN_S ($131.80 in chips) 
Seat 6: raketkasix ($111.50 in chips) 
Y_19: posts small blind $0.50
UnRRRReal: posts big blind $1
*** HOLE CARDS ***
Armin1992550: calls $1
MAO_DZEDYN_S: raises $3.25 to $4.25
raketkasix: folds 
Y_19: folds 
UnRRRReal: folds 
Armin1992550: raises $95.62 to $99.87 and is all-in
MAO_DZEDYN_S: folds 
Uncalled bet ($95.62) returned to Armin1992550
Armin1992550 collected $10 from pot
*** SUMMARY ***
Total pot $10 | Rake $0 
Seat 5: Aleqseuka
Seat 1: Y_19 (small blind) folded before Flop
Seat 2: UnRRRReal (big blind) folded before Flop
Seat 3: Armin1992550 collected ($10)
Seat 4: MAO_DZEDYN_S folded before Flop
Seat 6: raketkasix (button) folded before Flop (didn't bet)



PokerStars Hand #254374060227:  Hold'em No Limit ($0.50/$1.00 USD) - 2025/01/14 22:32:57 WET [2025/01/14 17:32:57 ET]
Table 'Gianfar III' 6-max Seat #1 is the button
Seat 5: Aleqseuka ($112.65 in chips) is sitting out
Seat 1: Y_19 ($124.18 in chips) 
Seat 2: UnRRRReal ($216.85 in chips) 
Seat 3: Armin1992550 ($105.62 in chips) 
Seat 4: MAO_DZEDYN_S ($127.55 in chips) 
Seat 6: raketkasix ($111.50 in chips) 
UnRRRReal: posts small blind $0.50
Armin1992550: posts big blind $1
*** HOLE CARDS ***
MAO_DZEDYN_S: folds 
raketkasix: folds 
Y_19: raises $1.23 to $2.23
UnRRRReal: folds 
Armin1992550: calls $1.23
*** FLOP *** [As Ts 3c]
Armin1992550: checks 
Y_19: bets $1.55
Armin1992550: calls $1.55
*** TURN *** [As Ts 3c] [Kc]
Armin1992550: checks 
Y_19: checks 
*** RIVER *** [As Ts 3c Kc] [Ks]
Armin1992550: checks 
Y_19: checks 
*** SHOW DOWN ***
Armin1992550: shows [4c 2c] (a pair of Kings)
Y_19: shows [Qs Td] (two pair, Kings and Tens)
Y_19 collected $7.66 from pot
*** SUMMARY ***
Total pot $8.06 | Rake $0.40 
Board [As Ts 3c Kc Ks]
Seat 5: Aleqseuka
Seat 1: Y_19 (button) showed [Qs Td] and won ($7.66) with two pair, Kings and Tens
Seat 2: UnRRRReal (small blind) folded before Flop
Seat 3: Armin1992550 (big blind) showed [4c 2c] and lost with a pair of Kings
Seat 4: MAO_DZEDYN_S folded before Flop (didn't bet)
Seat 6: raketkasix folded before Flop (didn't bet)



PokerStars Hand #254374070321:  Hold'em No Limit ($0.50/$1.00 USD) - 2025/01/14 22:33:32 WET [2025/01/14 17:33:32 ET]
Table 'Gianfar III' 6-max Seat #2 is the button
Seat 5: Aleqseuka ($112.65 in chips) is sitting out
Seat 1: Y_19 ($128.06 in chips) 
Seat 2: UnRRRReal ($216.35 in chips) 
Seat 3: Armin1992550 ($101.84 in chips) 
Seat 4: MAO_DZEDYN_S ($127.55 in chips) 
Seat 6: raketkasix ($111.50 in chips) 
Armin1992550: posts small blind $0.50
MAO_DZEDYN_S: posts big blind $1
*** HOLE CARDS ***
raketkasix: folds 
Y_19: folds 
UnRRRReal: raises $1.50 to $2.50
Armin1992550: calls $2
MAO_DZEDYN_S: calls $1.50
*** FLOP *** [2h Kd Td]
Armin1992550: checks 
MAO_DZEDYN_S: checks 
UnRRRReal: checks 
*** TURN *** [2h Kd Td] [8h]
Armin1992550: checks 
MAO_DZEDYN_S: bets $6.84
UnRRRReal: folds 
Armin1992550: folds 
Uncalled bet ($6.84) returned to MAO_DZEDYN_S
MAO_DZEDYN_S collected $7.12 from pot
MAO_DZEDYN_S: doesn't show hand 
*** SUMMARY ***
Total pot $7.50 | Rake $0.38 
Board [2h Kd Td 8h]
Seat 5: Aleqseuka
Seat 1: Y_19 folded before Flop (didn't bet)
Seat 2: UnRRRReal (button) folded on the Turn
Seat 3: Armin1992550 (small blind) folded on the Turn
Seat 4: MAO_DZEDYN_S (big blind) collected ($7.12)
Seat 6: raketkasix folded before Flop (didn't bet)



PokerStars Hand #254374082201:  Hold'em No Limit ($0.50/$1.00 USD) - 2025/01/14 22:34:13 WET [2025/01/14 17:34:13 ET]
Table 'Gianfar III' 6-max Seat #3 is the button
Seat 5: Aleqseuka ($112.65 in chips) is sitting out
Seat 1: Y_19 ($128.06 in chips) 
Seat 2: UnRRRReal ($213.85 in chips) 
Seat 3: Armin1992550 ($99.34 in chips) 
Seat 4: MAO_DZEDYN_S ($132.17 in chips) 
Seat 6: raketkasix ($111.50 in chips) 
MAO_DZEDYN_S: posts small blind $0.50
raketkasix: posts big blind $1
*** HOLE CARDS ***
Y_19: raises $1.23 to $2.23
UnRRRReal: folds 
Armin1992550: raises $3.23 to $5.46
MAO_DZEDYN_S: folds 
raketkasix: folds 
Y_19: calls $3.23
*** FLOP *** [4h 4d 9s]
Y_19: checks 
Armin1992550: checks 
*** TURN *** [4h 4d 9s] [6h]
Y_19: bets $3.89
Armin1992550: calls $3.89
*** RIVER *** [4h 4d 9s 6h] [9d]
Y_19: checks 
Armin1992550: checks 
*** SHOW DOWN ***
Y_19: shows [Kh 8h] (two pair, Nines and Fours)
Armin1992550: mucks hand 
Y_19 collected $19.19 from pot
*** SUMMARY ***
Total pot $20.20 | Rake $1.01 
Board [4h 4d 9s 6h 9d]
Seat 5: Aleqseuka
Seat 1: Y_19 showed [Kh 8h] and won ($19.19) with two pair, Nines and Fours
Seat 2: UnRRRReal folded before Flop (didn't bet)
Seat 3: Armin1992550 (button) mucked
Seat 4: MAO_DZEDYN_S (small blind) folded before Flop
Seat 6: raketkasix (big blind) folded before Flop



PokerStars Hand #254374096849:  Hold'em No Limit ($0.50/$1.00 USD) - 2025/01/14 22:35:02 WET [2025/01/14 17:35:02 ET]
Table 'Gianfar III' 6-max Seat #4 is the button
Seat 5: Aleqseuka ($112.65 in chips) is sitting out
Seat 1: Y_19 ($137.90 in chips) 
Seat 2: UnRRRReal ($213.85 in chips) 
Seat 3: Armin1992550 ($89.99 in chips) 
Seat 4: MAO_DZEDYN_S ($131.67 in chips) 
Seat 6: raketkasix ($110.50 in chips) 
raketkasix: posts small blind $0.50
Y_19: posts big blind $1
*** HOLE CARDS ***
UnRRRReal: folds 
Armin1992550: raises $4 to $5
MAO_DZEDYN_S: calls $5
raketkasix: folds 
Y_19: folds 
*** FLOP *** [Th Ad 7s]
Armin1992550: checks 
MAO_DZEDYN_S: bets $4.76
Armin1992550: folds 
Uncalled bet ($4.76) returned to MAO_DZEDYN_S
MAO_DZEDYN_S collected $10.92 from pot
MAO_DZEDYN_S: doesn't show hand 
*** SUMMARY ***
Total pot $11.50 | Rake $0.58 
Board [Th Ad 7s]
Seat 5: Aleqseuka
Seat 1: Y_19 (big blind) folded before Flop
Seat 2: UnRRRReal folded before Flop (didn't bet)
Seat 3: Armin1992550 folded on the Flop
Seat 4: MAO_DZEDYN_S (button) collected ($10.92)
Seat 6: raketkasix (small blind) folded before Flop



PokerStars Hand #254374109115:  Hold'em No Limit ($0.50/$1.00 USD) - 2025/01/14 22:35:44 WET [2025/01/14 17:35:44 ET]
Table 'Gianfar III' 6-max Seat #6 is the button
Seat 5: Aleqseuka ($112.65 in chips) is sitting out
Seat 1: Y_19 ($136.90 in chips) 
Seat 2: UnRRRReal ($213.85 in chips) 
Seat 3: Armin1992550 ($84.99 in chips) 
Seat 4: MAO_DZEDYN_S ($137.59 in chips) 
Seat 6: raketkasix ($110 in chips) 
Y_19: posts small blind $0.50
UnRRRReal: posts big blind $1
*** HOLE CARDS ***
Armin1992550: raises $83.99 to $84.99 and is all-in
MAO_DZEDYN_S: folds 
raketkasix: folds 
Y_19: folds 
UnRRRReal: folds 
Uncalled bet ($83.99) returned to Armin1992550
Armin1992550 collected $2.50 from pot
*** SUMMARY ***
Total pot $2.50 | Rake $0 
Seat 5: Aleqseuka
Seat 1: Y_19 (small blind) folded before Flop
Seat 2: UnRRRReal (big blind) folded before Flop
Seat 3: Armin1992550 collected ($2.50)
Seat 4: MAO_DZEDYN_S folded before Flop (didn't bet)
Seat 6: raketkasix (button) folded before Flop (didn't bet)



PokerStars Hand #254374112928:  Hold'em No Limit ($0.50/$1.00 USD) - 2025/01/14 22:35:57 WET [2025/01/14 17:35:57 ET]
Table 'Gianfar III' 6-max Seat #1 is the button
Seat 5: Aleqseuka ($112.65 in chips) is sitting out
Seat 1: Y_19 ($136.40 in chips) 
Seat 2: UnRRRReal ($212.85 in chips) 
Seat 3: Armin1992550 ($86.49 in chips) 
Seat 4: MAO_DZEDYN_S ($137.59 in chips) 
Seat 6: raketkasix ($110 in chips) 
UnRRRReal: posts small blind $0.50
Armin1992550: posts big blind $1
*** HOLE CARDS ***
MAO_DZEDYN_S: raises $1.25 to $2.25
raketkasix: folds 
Y_19: folds 
UnRRRReal: folds 
Armin1992550: raises $8.25 to $10.50
MAO_DZEDYN_S: calls $8.25
*** FLOP *** [Ts 2s Jd]
Armin1992550: bets $75.99 and is all-in
MAO_DZEDYN_S: calls $75.99
*** TURN *** [Ts 2s Jd] [Qh]
*** RIVER *** [Ts 2s Jd Qh] [9s]
*** SHOW DOWN ***
Armin1992550: shows [9h Qd] (two pair, Queens and Nines)
MAO_DZEDYN_S: shows [Th Ah] (a pair of Tens)
Armin1992550 collected $170.36 from pot
*** SUMMARY ***
Total pot $173.48 | Rake $3.12 
Board [Ts 2s Jd Qh 9s]
Seat 5: Aleqseuka
Seat 1: Y_19 (button) folded before Flop (didn't bet)
Seat 2: UnRRRReal (small blind) folded before Flop
Seat 3: Armin1992550 (big blind) showed [9h Qd] and won ($170.36) with two pair, Queens and Nines
Seat 4: MAO_DZEDYN_S showed [Th Ah] and lost with a pair of Tens
Seat 6: raketkasix folded before Flop (didn't bet)



PokerStars Hand #254374125985:  Hold'em No Limit ($0.50/$1.00 USD) - 2025/01/14 22:36:42 WET [2025/01/14 17:36:42 ET]
Table 'Gianfar III' 6-max Seat #2 is the button
Seat 5: Aleqseuka ($112.65 in chips) is sitting out
Seat 1: Y_19 ($136.40 in chips) 
Seat 2: UnRRRReal ($212.35 in chips) 
Seat 3: Armin1992550 ($170.36 in chips) 
Seat 4: MAO_DZEDYN_S ($100 in chips) 
Seat 6: raketkasix ($110 in chips) 
Armin1992550: posts small blind $0.50
MAO_DZEDYN_S: posts big blind $1
*** HOLE CARDS ***
raketkasix: raises $1.50 to $2.50
Y_19: folds 
UnRRRReal: folds 
Armin1992550: calls $2
MAO_DZEDYN_S: folds 
*** FLOP *** [4s Kd 7h]
Armin1992550: checks 
raketkasix: bets $1.88
Armin1992550: folds 
Uncalled bet ($1.88) returned to raketkasix
raketkasix collected $5.70 from pot
raketkasix: doesn't show hand 
*** SUMMARY ***
Total pot $6 | Rake $0.30 
Board [4s Kd 7h]
Seat 5: Aleqseuka
Seat 1: Y_19 folded before Flop (didn't bet)
Seat 2: UnRRRReal (button) folded before Flop (didn't bet)
Seat 3: Armin1992550 (small blind) folded on the Flop
Seat 4: MAO_DZEDYN_S (big blind) folded before Flop
Seat 6: raketkasix collected ($5.70)



PokerStars Hand #254374135756:  Hold'em No Limit ($0.50/$1.00 USD) - 2025/01/14 22:37:15 WET [2025/01/14 17:37:15 ET]
Table 'Gianfar III' 6-max Seat #3 is the button
Seat 5: Aleqseuka ($112.65 in chips) is sitting out
Seat 1: Y_19 ($136.40 in chips) 
Seat 2: UnRRRReal ($212.35 in chips) 
Seat 3: Armin1992550 ($167.86 in chips) 
Seat 4: MAO_DZEDYN_S ($100 in chips) 
Seat 6: raketkasix ($113.20 in chips) 
MAO_DZEDYN_S: posts small blind $0.50
raketkasix: posts big blind $1
*** HOLE CARDS ***
Y_19: raises $1.23 to $2.23
UnRRRReal: folds 
Armin1992550: raises $3.23 to $5.46
MAO_DZEDYN_S: folds 
raketkasix: folds 
Y_19: raises $9.54 to $15
Armin1992550: calls $9.54
*** FLOP *** [6h Ah 5s]
Y_19: bets $9.87
Armin1992550: raises $142.99 to $152.86 and is all-in
Y_19: calls $111.53 and is all-in
Uncalled bet ($31.46) returned to Armin1992550
*** TURN *** [6h Ah 5s] [7c]
*** RIVER *** [6h Ah 5s 7c] [9h]
*** SHOW DOWN ***
Y_19: shows [Kc Ad] (a pair of Aces)
Armin1992550: shows [2s Ac] (a pair of Aces - lower kicker)
Y_19 collected $271.80 from pot
*** SUMMARY ***
Total pot $274.30 | Rake $2.50 
Board [6h Ah 5s 7c 9h]
Seat 5: Aleqseuka
Seat 1: Y_19 showed [Kc Ad] and won ($271.80) with a pair of Aces
Seat 2: UnRRRReal folded before Flop (didn't bet)
Seat 3: Armin1992550 (button) showed [2s Ac] and lost with a pair of Aces
Seat 4: MAO_DZEDYN_S (small blind) folded before Flop
Seat 6: raketkasix (big blind) folded before Flop



PokerStars Hand #254374151679:  Hold'em No Limit ($0.50/$1.00 USD) - 2025/01/14 22:38:10 WET [2025/01/14 17:38:10 ET]
Table 'Gianfar III' 6-max Seat #4 is the button
Seat 5: Aleqseuka ($112.65 in chips) is sitting out
Seat 1: Y_19 ($271.80 in chips) 
Seat 2: UnRRRReal ($212.35 in chips) 
Seat 3: Armin1992550 ($31.46 in chips) 
Seat 4: MAO_DZEDYN_S ($100 in chips) 
Seat 6: raketkasix ($112.20 in chips) 
raketkasix: posts small blind $0.50
Y_19: posts big blind $1
*** HOLE CARDS ***
UnRRRReal: folds 
Armin1992550: raises $30.46 to $31.46 and is all-in
MAO_DZEDYN_S: raises $68.54 to $100 and is all-in
raketkasix: folds 
Y_19: folds 
Uncalled bet ($68.54) returned to MAO_DZEDYN_S
*** FLOP *** [Kc Qh 3h]
*** TURN *** [Kc Qh 3h] [7d]
*** RIVER *** [Kc Qh 3h 7d] [As]
*** SHOW DOWN ***
Armin1992550: shows [Js Ah] (a pair of Aces)
MAO_DZEDYN_S: shows [Ac Ts] (a pair of Aces - lower kicker)
Armin1992550 collected $61.30 from pot
*** SUMMARY ***
Total pot $64.42 | Rake $3.12 
Board [Kc Qh 3h 7d As]
Seat 5: Aleqseuka
Seat 1: Y_19 (big blind) folded before Flop
Seat 2: UnRRRReal folded before Flop (didn't bet)
Seat 3: Armin1992550 showed [Js Ah] and won ($61.30) with a pair of Aces
Seat 4: MAO_DZEDYN_S (button) showed [Ac Ts] and lost with a pair of Aces
Seat 6: raketkasix (small blind) folded before Flop



PokerStars Hand #254374159226:  Hold'em No Limit ($0.50/$1.00 USD) - 2025/01/14 22:38:36 WET [2025/01/14 17:38:36 ET]
Table 'Gianfar III' 6-max Seat #6 is the button
Seat 5: Aleqseuka ($112.65 in chips) is sitting out
Seat 1: Y_19 ($270.80 in chips) 
Seat 2: UnRRRReal ($212.35 in chips) 
Seat 3: Armin1992550 ($61.30 in chips) 
Seat 4: MAO_DZEDYN_S ($100 in chips) 
Seat 6: raketkasix ($111.70 in chips) 
Y_19: posts small blind $0.50
UnRRRReal: posts big blind $1
Aleqseuka: sits out 
*** HOLE CARDS ***
Armin1992550: raises $4 to $5
MAO_DZEDYN_S: folds 
raketkasix: folds 
Y_19: folds 
UnRRRReal: calls $4
*** FLOP *** [Jc 7d Ah]
UnRRRReal: checks 
Armin1992550: checks 
*** TURN *** [Jc 7d Ah] [3h]
UnRRRReal: bets $7.49
Armin1992550: folds 
Uncalled bet ($7.49) returned to UnRRRReal
UnRRRReal collected $9.98 from pot
UnRRRReal: doesn't show hand 
*** SUMMARY ***
Total pot $10.50 | Rake $0.52 
Board [Jc 7d Ah 3h]
Seat 5: Aleqseuka
Seat 1: Y_19 (small blind) folded before Flop
Seat 2: UnRRRReal (big blind) collected ($9.98)
Seat 3: Armin1992550 folded on the Turn
Seat 4: MAO_DZEDYN_S folded before Flop (didn't bet)
Seat 6: raketkasix (button) folded before Flop (didn't bet)



PokerStars Hand #254374168684:  Hold'em No Limit ($0.50/$1.00 USD) - 2025/01/14 22:39:09 WET [2025/01/14 17:39:09 ET]
Table 'Gianfar III' 6-max Seat #1 is the button
Seat 5: Aleqseuka ($112.65 in chips) is sitting out
Seat 1: Y_19 ($270.30 in chips) 
Seat 2: UnRRRReal ($217.33 in chips) 
Seat 3: Armin1992550 ($56.30 in chips) 
Seat 4: MAO_DZEDYN_S ($100 in chips) 
Seat 6: raketkasix ($111.70 in chips) 
UnRRRReal: posts small blind $0.50
Armin1992550: posts big blind $1
Aleqseuka: sits out 
*** HOLE CARDS ***
MAO_DZEDYN_S: folds 
raketkasix: folds 
Y_19: raises $1.23 to $2.23
UnRRRReal: folds 
Armin1992550: calls $1.23
*** FLOP *** [4s 6c Qd]
Armin1992550: checks 
Y_19: bets $1.55
Armin1992550: calls $1.55
*** TURN *** [4s 6c Qd] [Ks]
Armin1992550: checks 
Y_19: bets $5.75
Armin1992550: calls $5.75
*** RIVER *** [4s 6c Qd Ks] [5d]
Armin1992550: checks 
Y_19: bets $13.94
Armin1992550: raises $32.83 to $46.77 and is all-in
Y_19: calls $32.83
*** SHOW DOWN ***
Armin1992550: shows [Qh 2d] (a pair of Queens)
Y_19: shows [Kh Jc] (a pair of Kings)
Y_19 collected $110.60 from pot
*** SUMMARY ***
Total pot $113.10 | Rake $2.50 
Board [4s 6c Qd Ks 5d]
Seat 5: Aleqseuka
Seat 1: Y_19 (button) showed [Kh Jc] and won ($110.60) with a pair of Kings
Seat 2: UnRRRReal (small blind) folded before Flop
Seat 3: Armin1992550 (big blind) showed [Qh 2d] and lost with a pair of Queens
Seat 4: MAO_DZEDYN_S folded before Flop (didn't bet)
Seat 6: raketkasix folded before Flop (didn't bet)



PokerStars Hand #254374186037:  Hold'em No Limit ($0.50/$1.00 USD) - 2025/01/14 22:40:09 WET [2025/01/14 17:40:09 ET]
Table 'Gianfar III' 6-max Seat #2 is the button
Seat 3: Armin1992550 ($0 in chips) is sitting out
Seat 1: Y_19 ($324.60 in chips) 
Seat 2: UnRRRReal ($216.83 in chips) 
Seat 4: MAO_DZEDYN_S ($100 in chips) 
Seat 5: Aleqseuka ($112.65 in chips) 
Seat 6: raketkasix ($111.70 in chips) 
MAO_DZEDYN_S: posts small blind $0.50
Aleqseuka: posts big blind $1
*** HOLE CARDS ***
Armin1992550 is disconnected 
raketkasix: folds 
Y_19: folds 
UnRRRReal: folds 
MAO_DZEDYN_S: raises $2 to $3
Aleqseuka: folds 
Uncalled bet ($2) returned to MAO_DZEDYN_S
MAO_DZEDYN_S collected $2 from pot
MAO_DZEDYN_S: doesn't show hand 
*** SUMMARY ***
Total pot $2 | Rake $0 
Seat 3: Armin1992550
Seat 1: Y_19 folded before Flop (didn't bet)
Seat 2: UnRRRReal (button) folded before Flop (didn't bet)
Seat 4: MAO_DZEDYN_S (small blind) collected ($2)
Seat 5: Aleqseuka (big blind) folded before Flop
Seat 6: raketkasix folded before Flop (didn't bet)



PokerStars Hand #254374196124:  Hold'em No Limit ($0.50/$1.00 USD) - 2025/01/14 22:40:44 WET [2025/01/14 17:40:44 ET]
Table 'Gianfar III' 6-max Seat #4 is the button
Seat 3: Armin1992550 ($0 in chips) is sitting out
Seat 6: raketkasix ($111.70 in chips) is sitting out
Seat 1: Y_19 ($324.60 in chips) 
Seat 2: UnRRRReal ($216.83 in chips) 
Seat 4: MAO_DZEDYN_S ($101 in chips) 
Seat 5: Aleqseuka ($111.65 in chips) 
Aleqseuka: posts small blind $0.50
Y_19: posts big blind $1
*** HOLE CARDS ***
UnRRRReal: folds 
MAO_DZEDYN_S: folds 
Aleqseuka: raises $2 to $3
Y_19: folds 
Uncalled bet ($2) returned to Aleqseuka
Aleqseuka collected $2 from pot
Aleqseuka: doesn't show hand 
*** SUMMARY ***
Total pot $2 | Rake $0 
Seat 3: Armin1992550
Seat 6: raketkasix
Seat 1: Y_19 (big blind) folded before Flop
Seat 2: UnRRRReal folded before Flop (didn't bet)
Seat 4: MAO_DZEDYN_S (button) folded before Flop (didn't bet)
Seat 5: Aleqseuka (small blind) collected ($2)



PokerStars Hand #254374202616:  Hold'em No Limit ($0.50/$1.00 USD) - 2025/01/14 22:41:05 WET [2025/01/14 17:41:05 ET]
Table 'Gianfar III' 6-max Seat #5 is the button
Seat 3: Armin1992550 ($0 in chips) is sitting out
Seat 6: raketkasix ($111.70 in chips) is sitting out
Seat 1: Y_19 ($323.60 in chips) 
Seat 2: UnRRRReal ($216.83 in chips) 
Seat 4: MAO_DZEDYN_S ($101 in chips) 
Seat 5: Aleqseuka ($112.65 in chips) 
Y_19: posts small blind $0.50
UnRRRReal: posts big blind $1
*** HOLE CARDS ***
raketkasix leaves the table
MAO_DZEDYN_S: folds 
Aleqseuka: folds 
Y_19: raises $2 to $3
UnRRRReal: calls $2
*** FLOP *** [Ad Td 4c]
Y_19: checks 
UnRRRReal: bets $1.88
Y_19: calls $1.88
*** TURN *** [Ad Td 4c] [3c]
Y_19: checks 
UnRRRReal: bets $19
Y_19: folds 
Uncalled bet ($19) returned to UnRRRReal
UnRRRReal collected $9.27 from pot
UnRRRReal: doesn't show hand 
*** SUMMARY ***
Total pot $9.76 | Rake $0.49 
Board [Ad Td 4c 3c]
Seat 3: Armin1992550
Seat 6: raketkasix
Seat 1: Y_19 (small blind) folded on the Turn
Seat 2: UnRRRReal (big blind) collected ($9.27)
Seat 4: MAO_DZEDYN_S folded before Flop (didn't bet)
Seat 5: Aleqseuka (button) folded before Flop (didn't bet)



PokerStars Hand #254374222266:  Hold'em No Limit ($0.50/$1.00 USD) - 2025/01/14 22:42:14 WET [2025/01/14 17:42:14 ET]
Table 'Gianfar III' 6-max Seat #1 is the button
Seat 3: Armin1992550 ($0 in chips) is sitting out
Seat 1: Y_19 ($318.72 in chips) 
Seat 2: UnRRRReal ($221.22 in chips) 
Seat 4: MAO_DZEDYN_S ($101 in chips) 
Seat 5: Aleqseuka ($112.65 in chips) 
UnRRRReal: posts small blind $0.50
MAO_DZEDYN_S: posts big blind $1
*** HOLE CARDS ***
Aleqseuka: folds 
Y_19: raises $1.23 to $2.23
UnRRRReal: folds 
MAO_DZEDYN_S: folds 
Uncalled bet ($1.23) returned to Y_19
Y_19 collected $2.50 from pot
Y_19: doesn't show hand 
*** SUMMARY ***
Total pot $2.50 | Rake $0 
Seat 3: Armin1992550
Seat 1: Y_19 (button) collected ($2.50)
Seat 2: UnRRRReal (small blind) folded before Flop
Seat 4: MAO_DZEDYN_S (big blind) folded before Flop
Seat 5: Aleqseuka folded before Flop (didn't bet)



