PokerStars Hand #254372067882:  Hold'em No Limit ($0.50/$1.00 USD) - 2025/01/14 20:42:33 WET [2025/01/14 15:42:33 ET]
Table 'Aunus III' 6-max Seat #4 is the button
Seat 2: tintin641 ($123.50 in chips) 
Seat 4: MAO_DZEDYN_S ($100 in chips) 
Seat 6: Supermegopro ($103 in chips) 
Supermegopro: posts small blind $0.50
tintin641: posts big blind $1
*** HOLE CARDS ***
MAO_DZEDYN_S: folds 
Supermegopro: raises $2 to $3
tintin641: folds 
Uncalled bet ($2) returned to Supermegopro
Supermegopro collected $2 from pot
Supermegopro: doesn't show hand 
*** SUMMARY ***
Total pot $2 | Rake $0 
Seat 2: tintin641 (big blind) folded before Flop
Seat 4: MAO_DZEDYN_S (button) folded before Flop (didn't bet)
Seat 6: Supermegopro (small blind) collected ($2)



PokerStars Hand #254372074016:  Hold'em No Limit ($0.50/$1.00 USD) - 2025/01/14 20:42:52 WET [2025/01/14 15:42:52 ET]
Table 'Aunus III' 6-max Seat #6 is the button
Seat 2: tintin641 ($122.50 in chips) 
Seat 4: MAO_DZEDYN_S ($100 in chips) 
Seat 6: Supermegopro ($104 in chips) 
tintin641: posts small blind $0.50
MAO_DZEDYN_S: posts big blind $1
*** HOLE CARDS ***
Supermegopro: raises $1.50 to $2.50
tintin641: folds 
MAO_DZEDYN_S: calls $1.50
*** FLOP *** [5s 4s 9h]
MAO_DZEDYN_S: bets $1.57
Supermegopro: calls $1.57
*** TURN *** [5s 4s 9h] [6s]
MAO_DZEDYN_S: bets $2.46
Supermegopro: folds 
Uncalled bet ($2.46) returned to MAO_DZEDYN_S
MAO_DZEDYN_S collected $8.21 from pot
MAO_DZEDYN_S: doesn't show hand 
*** SUMMARY ***
Total pot $8.64 | Rake $0.43 
Board [5s 4s 9h 6s]
Seat 2: tintin641 (small blind) folded before Flop
Seat 4: MAO_DZEDYN_S (big blind) collected ($8.21)
Seat 6: Supermegopro (button) folded on the Turn



PokerStars Hand #254372091689:  Hold'em No Limit ($0.50/$1.00 USD) - 2025/01/14 20:43:47 WET [2025/01/14 15:43:47 ET]
Table 'Aunus III' 6-max Seat #2 is the button
Seat 2: tintin641 ($122 in chips) 
Seat 4: MAO_DZEDYN_S ($104.14 in chips) 
Seat 6: Supermegopro ($100 in chips) 
MAO_DZEDYN_S: posts small blind $0.50
Supermegopro: posts big blind $1
*** HOLE CARDS ***
tintin641: folds 
MAO_DZEDYN_S: folds 
Uncalled bet ($0.50) returned to Supermegopro
Supermegopro collected $1 from pot
Supermegopro: doesn't show hand 
*** SUMMARY ***
Total pot $1 | Rake $0 
Seat 2: tintin641 (button) folded before Flop (didn't bet)
Seat 4: MAO_DZEDYN_S (small blind) folded before Flop
Seat 6: Supermegopro (big blind) collected ($1)



PokerStars Hand #254372094635:  Hold'em No Limit ($0.50/$1.00 USD) - 2025/01/14 20:43:56 WET [2025/01/14 15:43:56 ET]
Table 'Aunus III' 6-max Seat #4 is the button
Seat 2: tintin641 ($122 in chips) 
Seat 4: MAO_DZEDYN_S ($103.64 in chips) 
Seat 6: Supermegopro ($100.50 in chips) 
Supermegopro: posts small blind $0.50
tintin641: posts big blind $1
*** HOLE CARDS ***
MAO_DZEDYN_S: raises $1.50 to $2.50
Supermegopro: folds 
tintin641: folds 
Uncalled bet ($1.50) returned to MAO_DZEDYN_S
MAO_DZEDYN_S collected $2.50 from pot
MAO_DZEDYN_S: doesn't show hand 
*** SUMMARY ***
Total pot $2.50 | Rake $0 
Seat 2: tintin641 (big blind) folded before Flop
Seat 4: MAO_DZEDYN_S (button) collected ($2.50)
Seat 6: Supermegopro (small blind) folded before Flop



PokerStars Hand #254372099355:  Hold'em No Limit ($0.50/$1.00 USD) - 2025/01/14 20:44:11 WET [2025/01/14 15:44:11 ET]
Table 'Aunus III' 6-max Seat #6 is the button
Seat 2: tintin641 ($121 in chips) 
Seat 4: MAO_DZEDYN_S ($105.14 in chips) 
Seat 6: Supermegopro ($100 in chips) 
tintin641: posts small blind $0.50
MAO_DZEDYN_S: posts big blind $1
*** HOLE CARDS ***
Supermegopro: raises $2 to $3
tintin641: folds 
MAO_DZEDYN_S: raises $10 to $13
Supermegopro: calls $10
*** FLOP *** [8d 7s 6s]
MAO_DZEDYN_S: checks 
Supermegopro: checks 
*** TURN *** [8d 7s 6s] [6h]
MAO_DZEDYN_S: bets $7.65
Paiiiiii joins the table at seat #3 
Paiiiiii is disconnected 
Supermegopro: raises $15.30 to $22.95
XneferX joins the table at seat #5 
EasyGamerrr joins the table at seat #1 
MAO_DZEDYN_S: calls $15.30
*** RIVER *** [8d 7s 6s 6h] [Kd]
MAO_DZEDYN_S: checks 
Supermegopro: checks 
*** SHOW DOWN ***
MAO_DZEDYN_S: shows [Kc Kh] (a full house, Kings full of Sixes)
Supermegopro: mucks hand 
MAO_DZEDYN_S collected $71.40 from pot
*** SUMMARY ***
Total pot $72.40 | Rake $1 
Board [8d 7s 6s 6h Kd]
Seat 2: tintin641 (small blind) folded before Flop
Seat 4: MAO_DZEDYN_S (big blind) showed [Kc Kh] and won ($71.40) with a full house, Kings full of Sixes
Seat 6: Supermegopro (button) mucked



PokerStars Hand #254372130590:  Hold'em No Limit ($0.50/$1.00 USD) - 2025/01/14 20:45:50 WET [2025/01/14 15:45:50 ET]
Table 'Aunus III' 6-max Seat #2 is the button
Seat 1: EasyGamerrr ($100 in chips) is sitting out
Seat 3: Paiiiiii ($100 in chips) is sitting out
Seat 2: tintin641 ($120.50 in chips) 
Seat 4: MAO_DZEDYN_S ($140.59 in chips) 
Seat 5: XneferX ($100 in chips) 
Seat 6: Supermegopro ($100 in chips) 
MAO_DZEDYN_S: posts small blind $0.50
XneferX: posts big blind $1
EasyGamerrr: sits out 
*** HOLE CARDS ***
Supermegopro: raises $1.50 to $2.50
tintin641: folds 
MAO_DZEDYN_S: folds 
XneferX: folds 
Uncalled bet ($1.50) returned to Supermegopro
Supermegopro collected $2.50 from pot
Supermegopro: doesn't show hand 
*** SUMMARY ***
Total pot $2.50 | Rake $0 
Seat 1: EasyGamerrr
Seat 3: Paiiiiii
Seat 2: tintin641 (button) folded before Flop (didn't bet)
Seat 4: MAO_DZEDYN_S (small blind) folded before Flop
Seat 5: XneferX (big blind) folded before Flop
Seat 6: Supermegopro collected ($2.50)



PokerStars Hand #254372136571:  Hold'em No Limit ($0.50/$1.00 USD) - 2025/01/14 20:46:09 WET [2025/01/14 15:46:09 ET]
Table 'Aunus III' 6-max Seat #4 is the button
Seat 1: EasyGamerrr ($100 in chips) is sitting out
Seat 2: tintin641 ($120.50 in chips) 
Seat 3: Paiiiiii ($100 in chips) 
Seat 4: MAO_DZEDYN_S ($140.09 in chips) 
Seat 5: XneferX ($100 in chips) 
Seat 6: Supermegopro ($101.50 in chips) 
XneferX: posts small blind $0.50
Supermegopro: posts big blind $1
EasyGamerrr: sits out 
Paiiiiii: posts big blind $1
*** HOLE CARDS ***
tintin641: folds 
Paiiiiii: checks 
MAO_DZEDYN_S: raises $3 to $4
XneferX: folds 
Supermegopro: calls $3
Paiiiiii: folds 
*** FLOP *** [Qc Tc 5h]
Supermegopro: checks 
MAO_DZEDYN_S: bets $2.71
Supermegopro: calls $2.71
*** TURN *** [Qc Tc 5h] [7s]
Supermegopro: bets $17.71
MAO_DZEDYN_S: folds 
Uncalled bet ($17.71) returned to Supermegopro
Supermegopro collected $14.17 from pot
Supermegopro: doesn't show hand 
*** SUMMARY ***
Total pot $14.92 | Rake $0.75 
Board [Qc Tc 5h 7s]
Seat 1: EasyGamerrr
Seat 2: tintin641 folded before Flop (didn't bet)
Seat 3: Paiiiiii folded before Flop (didn't bet)
Seat 4: MAO_DZEDYN_S (button) folded on the Turn
Seat 5: XneferX (small blind) folded before Flop
Seat 6: Supermegopro (big blind) collected ($14.17)



PokerStars Hand #254372153481:  Hold'em No Limit ($0.50/$1.00 USD) - 2025/01/14 20:47:02 WET [2025/01/14 15:47:02 ET]
Table 'Aunus III' 6-max Seat #5 is the button
Seat 1: EasyGamerrr ($100 in chips) 
Seat 2: tintin641 ($120.50 in chips) 
Seat 3: Paiiiiii ($99 in chips) 
Seat 4: MAO_DZEDYN_S ($133.38 in chips) 
Seat 5: XneferX ($100 in chips) 
Seat 6: Supermegopro ($108.96 in chips) 
Supermegopro: posts small blind $0.50
EasyGamerrr: posts big blind $1
*** HOLE CARDS ***
tintin641: folds 
Paiiiiii: raises $2 to $3
MAO_DZEDYN_S: raises $6 to $9
XneferX: folds 
Supermegopro: folds 
EasyGamerrr: folds 
Paiiiiii: calls $6
*** FLOP *** [Kc 8s Qd]
Paiiiiii: checks 
MAO_DZEDYN_S: checks 
*** TURN *** [Kc 8s Qd] [Ah]
Paiiiiii: checks 
MAO_DZEDYN_S: checks 
*** RIVER *** [Kc 8s Qd Ah] [Qh]
Paiiiiii: checks 
MAO_DZEDYN_S: checks 
*** SHOW DOWN ***
Paiiiiii: shows [As 5d] (two pair, Aces and Queens)
MAO_DZEDYN_S: mucks hand 
Paiiiiii collected $18.52 from pot
*** SUMMARY ***
Total pot $19.50 | Rake $0.98 
Board [Kc 8s Qd Ah Qh]
Seat 1: EasyGamerrr (big blind) folded before Flop
Seat 2: tintin641 folded before Flop (didn't bet)
Seat 3: Paiiiiii showed [As 5d] and won ($18.52) with two pair, Aces and Queens
Seat 4: MAO_DZEDYN_S mucked
Seat 5: XneferX (button) folded before Flop (didn't bet)
Seat 6: Supermegopro (small blind) folded before Flop



PokerStars Hand #254372174598:  Hold'em No Limit ($0.50/$1.00 USD) - 2025/01/14 20:48:10 WET [2025/01/14 15:48:10 ET]
Table 'Aunus III' 6-max Seat #6 is the button
Seat 2: tintin641 ($120.50 in chips) is sitting out
Seat 1: EasyGamerrr ($100 in chips) 
Seat 3: Paiiiiii ($108.52 in chips) 
Seat 4: MAO_DZEDYN_S ($124.38 in chips) 
Seat 5: XneferX ($100 in chips) 
Seat 6: Supermegopro ($108.46 in chips) 
EasyGamerrr: posts small blind $0.50
tintin641: is sitting out 
Paiiiiii: posts big blind $1
*** HOLE CARDS ***
tintin641 leaves the table
MAO_DZEDYN_S: folds 
XneferX: folds 
kars0n joins the table at seat #2 
Supermegopro: raises $1.50 to $2.50
EasyGamerrr: folds 
Paiiiiii: calls $1.50
*** FLOP *** [Kd 3d Qs]
Paiiiiii: checks 
Supermegopro: bets $2.61
Paiiiiii: folds 
Uncalled bet ($2.61) returned to Supermegopro
Supermegopro collected $5.22 from pot
Supermegopro: doesn't show hand 
*** SUMMARY ***
Total pot $5.50 | Rake $0.28 
Board [Kd 3d Qs]
Seat 2: tintin641
Seat 1: EasyGamerrr (small blind) folded before Flop
Seat 3: Paiiiiii (big blind) folded on the Flop
Seat 4: MAO_DZEDYN_S folded before Flop (didn't bet)
Seat 5: XneferX folded before Flop (didn't bet)
Seat 6: Supermegopro (button) collected ($5.22)



PokerStars Hand #254372183443:  Hold'em No Limit ($0.50/$1.00 USD) - 2025/01/14 20:48:38 WET [2025/01/14 15:48:38 ET]
Table 'Aunus III' 6-max Seat #1 is the button
Seat 2: kars0n ($100 in chips) is sitting out
Seat 4: MAO_DZEDYN_S ($124.38 in chips) is sitting out
Seat 5: XneferX ($100 in chips) is sitting out
Seat 1: EasyGamerrr ($100 in chips) 
Seat 3: Paiiiiii ($106.02 in chips) 
Seat 6: Supermegopro ($111.18 in chips) 
Paiiiiii: posts small blind $0.50
MAO_DZEDYN_S: is sitting out 
XneferX: is sitting out 
Supermegopro: posts big blind $1
*** HOLE CARDS ***
EasyGamerrr: folds 
Paiiiiii: calls $0.50
Supermegopro: checks 
*** FLOP *** [Th As 5s]
Paiiiiii: bets $1.90
XneferX leaves the table
Supermegopro: calls $1.90
*** TURN *** [Th As 5s] [6s]
Paiiiiii: checks 
Nazareno1999 joins the table at seat #5 
Supermegopro: checks 
*** RIVER *** [Th As 5s 6s] [8h]
Paiiiiii: checks 
Supermegopro: checks 
*** SHOW DOWN ***
Paiiiiii: shows [2h 9s] (high card Ace)
Supermegopro: shows [Td 7h] (a pair of Tens)
Supermegopro collected $5.51 from pot
*** SUMMARY ***
Total pot $5.80 | Rake $0.29 
Board [Th As 5s 6s 8h]
Seat 2: kars0n
Seat 4: MAO_DZEDYN_S
Seat 5: XneferX
Seat 1: EasyGamerrr (button) folded before Flop (didn't bet)
Seat 3: Paiiiiii (small blind) showed [2h 9s] and lost with high card Ace
Seat 6: Supermegopro (big blind) showed [Td 7h] and won ($5.51) with a pair of Tens



PokerStars Hand #254372193086:  Hold'em No Limit ($0.50/$1.00 USD) - 2025/01/14 20:49:08 WET [2025/01/14 15:49:08 ET]
Table 'Aunus III' 6-max Seat #3 is the button
Seat 1: EasyGamerrr ($100 in chips) is sitting out
Seat 4: MAO_DZEDYN_S ($124.38 in chips) is sitting out
Seat 5: Nazareno1999 ($100 in chips) is sitting out
Seat 2: kars0n ($100 in chips) 
Seat 3: Paiiiiii ($103.12 in chips) 
Seat 6: Supermegopro ($113.79 in chips) 
Supermegopro: posts small blind $0.50
EasyGamerrr: is sitting out 
kars0n: posts big blind $1
*** HOLE CARDS ***
Paiiiiii: calls $1
Supermegopro: folds 
EasyGamerrr leaves the table
kars0n: checks 
*** FLOP *** [6d 4s Jc]
kars0n: checks 
Paiiiiii: bets $1
kars0n: folds 
Uncalled bet ($1) returned to Paiiiiii
Unipoker11 joins the table at seat #1 
Paiiiiii collected $2.38 from pot
Paiiiiii: doesn't show hand 
*** SUMMARY ***
Total pot $2.50 | Rake $0.12 
Board [6d 4s Jc]
Seat 1: EasyGamerrr
Seat 4: MAO_DZEDYN_S
Seat 5: Nazareno1999
Seat 2: kars0n (big blind) folded on the Flop
Seat 3: Paiiiiii (button) collected ($2.38)
Seat 6: Supermegopro (small blind) folded before Flop



PokerStars Hand #254372197880:  Hold'em No Limit ($0.50/$1.00 USD) - 2025/01/14 20:49:24 WET [2025/01/14 15:49:24 ET]
Table 'Aunus III' 6-max Seat #6 is the button
Seat 1: Unipoker11 ($100 in chips) is sitting out
Seat 4: MAO_DZEDYN_S ($124.38 in chips) is sitting out
Seat 5: Nazareno1999 ($100 in chips) is sitting out
Seat 2: kars0n ($100 in chips) 
Seat 3: Paiiiiii ($104.50 in chips) 
Seat 6: Supermegopro ($113.29 in chips) 
kars0n: posts small blind $0.50
Paiiiiii: posts big blind $1
Nazareno1999: sits out 
*** HOLE CARDS ***
Supermegopro: folds 
kars0n: folds 
Uncalled bet ($0.50) returned to Paiiiiii
Paiiiiii collected $1 from pot
Paiiiiii: doesn't show hand 
*** SUMMARY ***
Total pot $1 | Rake $0 
Seat 1: Unipoker11
Seat 4: MAO_DZEDYN_S
Seat 5: Nazareno1999
Seat 2: kars0n (small blind) folded before Flop
Seat 3: Paiiiiii (big blind) collected ($1)
Seat 6: Supermegopro (button) folded before Flop (didn't bet)



PokerStars Hand #254372200852:  Hold'em No Limit ($0.50/$1.00 USD) - 2025/01/14 20:49:33 WET [2025/01/14 15:49:33 ET]
Table 'Aunus III' 6-max Seat #2 is the button
Seat 1: Unipoker11 ($100 in chips) is sitting out
Seat 4: MAO_DZEDYN_S ($124.38 in chips) is sitting out
Seat 2: kars0n ($100 in chips) 
Seat 3: Paiiiiii ($105 in chips) 
Seat 5: Nazareno1999 ($100 in chips) 
Seat 6: Supermegopro ($113.29 in chips) 
Paiiiiii: posts small blind $0.50
Nazareno1999: posts big blind $1
Unipoker11: sits out 
*** HOLE CARDS ***
Supermegopro: folds 
kars0n: raises $1.50 to $2.50
Paiiiiii: calls $2
Nazareno1999: calls $1.50
*** FLOP *** [Kd Ks 2s]
Paiiiiii: checks 
Nazareno1999: checks 
kars0n: bets $1.78
Paiiiiii: folds 
Nazareno1999: calls $1.78
*** TURN *** [Kd Ks 2s] [Qc]
Nazareno1999: checks 
kars0n: bets $7.88
Nazareno1999: folds 
Uncalled bet ($7.88) returned to kars0n
kars0n collected $10.51 from pot
kars0n: doesn't show hand 
*** SUMMARY ***
Total pot $11.06 | Rake $0.55 
Board [Kd Ks 2s Qc]
Seat 1: Unipoker11
Seat 4: MAO_DZEDYN_S
Seat 2: kars0n (button) collected ($10.51)
Seat 3: Paiiiiii (small blind) folded on the Flop
Seat 5: Nazareno1999 (big blind) folded on the Turn
Seat 6: Supermegopro folded before Flop (didn't bet)



PokerStars Hand #254372214790:  Hold'em No Limit ($0.50/$1.00 USD) - 2025/01/14 20:50:18 WET [2025/01/14 15:50:18 ET]
Table 'Aunus III' 6-max Seat #3 is the button
Seat 1: Unipoker11 ($100 in chips) is sitting out
Seat 4: MAO_DZEDYN_S ($124.38 in chips) is sitting out
Seat 2: kars0n ($106.23 in chips) 
Seat 3: Paiiiiii ($102.50 in chips) 
Seat 5: Nazareno1999 ($100 in chips) 
Seat 6: Supermegopro ($113.29 in chips) 
Nazareno1999: posts small blind $0.50
Supermegopro: posts big blind $1
Unipoker11: sits out 
*** HOLE CARDS ***
kars0n: raises $1.50 to $2.50
Paiiiiii: folds 
Nazareno1999: folds 
Supermegopro: folds 
Uncalled bet ($1.50) returned to kars0n
kars0n collected $2.50 from pot
kars0n: doesn't show hand 
*** SUMMARY ***
Total pot $2.50 | Rake $0 
Seat 1: Unipoker11
Seat 4: MAO_DZEDYN_S
Seat 2: kars0n collected ($2.50)
Seat 3: Paiiiiii (button) folded before Flop (didn't bet)
Seat 5: Nazareno1999 (small blind) folded before Flop
Seat 6: Supermegopro (big blind) folded before Flop



PokerStars Hand #254372219179:  Hold'em No Limit ($0.50/$1.00 USD) - 2025/01/14 20:50:33 WET [2025/01/14 15:50:33 ET]
Table 'Aunus III' 6-max Seat #5 is the button
Seat 4: MAO_DZEDYN_S ($124.38 in chips) is sitting out
Seat 1: Unipoker11 ($100 in chips) 
Seat 2: kars0n ($107.73 in chips) 
Seat 3: Paiiiiii ($102.50 in chips) 
Seat 5: Nazareno1999 ($100 in chips) 
Seat 6: Supermegopro ($112.29 in chips) 
Supermegopro: posts small blind $0.50
Unipoker11: posts big blind $1
MAO_DZEDYN_S: sits out 
*** HOLE CARDS ***
kars0n: folds 
Paiiiiii: folds 
Nazareno1999: folds 
Supermegopro: raises $2 to $3
Unipoker11: folds 
Uncalled bet ($2) returned to Supermegopro
Supermegopro collected $2 from pot
Supermegopro: doesn't show hand 
*** SUMMARY ***
Total pot $2 | Rake $0 
Seat 4: MAO_DZEDYN_S
Seat 1: Unipoker11 (big blind) folded before Flop
Seat 2: kars0n folded before Flop (didn't bet)
Seat 3: Paiiiiii folded before Flop (didn't bet)
Seat 5: Nazareno1999 (button) folded before Flop (didn't bet)
Seat 6: Supermegopro (small blind) collected ($2)



PokerStars Hand #254372226463:  Hold'em No Limit ($0.50/$1.00 USD) - 2025/01/14 20:50:55 WET [2025/01/14 15:50:55 ET]
Table 'Aunus III' 6-max Seat #6 is the button
Seat 4: MAO_DZEDYN_S ($124.38 in chips) is sitting out
Seat 1: Unipoker11 ($100 in chips) 
Seat 2: kars0n ($107.73 in chips) 
Seat 3: Paiiiiii ($102.50 in chips) 
Seat 5: Nazareno1999 ($100 in chips) 
Seat 6: Supermegopro ($113.29 in chips) 
Unipoker11: posts small blind $0.50
kars0n: posts big blind $1
MAO_DZEDYN_S: sits out 
*** HOLE CARDS ***
Paiiiiii: folds 
Nazareno1999: folds 
Supermegopro: folds 
Unipoker11: folds 
Uncalled bet ($0.50) returned to kars0n
kars0n collected $1 from pot
kars0n: doesn't show hand 
*** SUMMARY ***
Total pot $1 | Rake $0 
Seat 4: MAO_DZEDYN_S
Seat 1: Unipoker11 (small blind) folded before Flop
Seat 2: kars0n (big blind) collected ($1)
Seat 3: Paiiiiii folded before Flop (didn't bet)
Seat 5: Nazareno1999 folded before Flop (didn't bet)
Seat 6: Supermegopro (button) folded before Flop (didn't bet)



PokerStars Hand #254372231176:  Hold'em No Limit ($0.50/$1.00 USD) - 2025/01/14 20:51:11 WET [2025/01/14 15:51:11 ET]
Table 'Aunus III' 6-max Seat #1 is the button
Seat 4: MAO_DZEDYN_S ($124.38 in chips) is sitting out
Seat 1: Unipoker11 ($100 in chips) 
Seat 2: kars0n ($108.23 in chips) 
Seat 3: Paiiiiii ($102.50 in chips) 
Seat 5: Nazareno1999 ($100 in chips) 
Seat 6: Supermegopro ($113.29 in chips) 
kars0n: posts small blind $0.50
Paiiiiii: posts big blind $1
MAO_DZEDYN_S: sits out 
*** HOLE CARDS ***
Nazareno1999: raises $1.20 to $2.20
Supermegopro: folds 
Unipoker11: folds 
kars0n: folds 
Paiiiiii: calls $1.20
*** FLOP *** [Td 4c 3s]
Paiiiiii: checks 
Nazareno1999: bets $2.33
Paiiiiii: calls $2.33
*** TURN *** [Td 4c 3s] [Ad]
Paiiiiii: checks 
Nazareno1999: bets $6.81
Paiiiiii: folds 
Uncalled bet ($6.81) returned to Nazareno1999
Nazareno1999 collected $9.08 from pot
Nazareno1999: doesn't show hand 
*** SUMMARY ***
Total pot $9.56 | Rake $0.48 
Board [Td 4c 3s Ad]
Seat 4: MAO_DZEDYN_S
Seat 1: Unipoker11 (button) folded before Flop (didn't bet)
Seat 2: kars0n (small blind) folded before Flop
Seat 3: Paiiiiii (big blind) folded on the Turn
Seat 5: Nazareno1999 collected ($9.08)
Seat 6: Supermegopro folded before Flop (didn't bet)



PokerStars Hand #254372252655:  Hold'em No Limit ($0.50/$1.00 USD) - 2025/01/14 20:52:18 WET [2025/01/14 15:52:18 ET]
Table 'Aunus III' 6-max Seat #2 is the button
Seat 1: Unipoker11 ($100 in chips) 
Seat 2: kars0n ($107.73 in chips) 
Seat 3: Paiiiiii ($97.97 in chips) 
Seat 4: MAO_DZEDYN_S ($124.38 in chips) 
Seat 5: Nazareno1999 ($104.55 in chips) 
Seat 6: Supermegopro ($113.29 in chips) 
Paiiiiii: posts small blind $0.50
MAO_DZEDYN_S: posts big blind $1
*** HOLE CARDS ***
Nazareno1999: folds 
Supermegopro: folds 
Unipoker11: raises $1.30 to $2.30
kars0n: folds 
Paiiiiii: calls $1.80
MAO_DZEDYN_S: folds 
*** FLOP *** [8d 4c Td]
Paiiiiii: checks 
Unipoker11: bets $3.56
Paiiiiii: raises $8.22 to $11.78
Unipoker11: calls $8.22
*** TURN *** [8d 4c Td] [4s]
Paiiiiii: bets $13.85
Unipoker11: calls $13.85
*** RIVER *** [8d 4c Td 4s] [Jd]
Paiiiiii: checks 
Unipoker11: checks 
*** SHOW DOWN ***
Paiiiiii: shows [Qh 9d] (a straight, Eight to Queen)
Unipoker11: mucks hand 
Paiiiiii collected $54.36 from pot
*** SUMMARY ***
Total pot $56.86 | Rake $2.50 
Board [8d 4c Td 4s Jd]
Seat 1: Unipoker11 mucked
Seat 2: kars0n (button) folded before Flop (didn't bet)
Seat 3: Paiiiiii (small blind) showed [Qh 9d] and won ($54.36) with a straight, Eight to Queen
Seat 4: MAO_DZEDYN_S (big blind) folded before Flop
Seat 5: Nazareno1999 folded before Flop (didn't bet)
Seat 6: Supermegopro folded before Flop (didn't bet)



PokerStars Hand #254372284301:  Hold'em No Limit ($0.50/$1.00 USD) - 2025/01/14 20:53:59 WET [2025/01/14 15:53:59 ET]
Table 'Aunus III' 6-max Seat #3 is the button
Seat 1: Unipoker11 ($100 in chips) 
Seat 2: kars0n ($107.73 in chips) 
Seat 3: Paiiiiii ($124.40 in chips) 
Seat 4: MAO_DZEDYN_S ($123.38 in chips) 
Seat 5: Nazareno1999 ($104.55 in chips) 
Seat 6: Supermegopro ($113.29 in chips) 
MAO_DZEDYN_S: posts small blind $0.50
Nazareno1999: posts big blind $1
*** HOLE CARDS ***
Supermegopro: folds 
Unipoker11: folds 
kars0n: raises $1.50 to $2.50
Paiiiiii: folds 
MAO_DZEDYN_S: folds 
Nazareno1999: calls $1.50
*** FLOP *** [Tc Kd 2d]
Nazareno1999: checks 
kars0n: checks 
*** TURN *** [Tc Kd 2d] [Jd]
Nazareno1999: bets $1.72
kars0n: calls $1.72
*** RIVER *** [Tc Kd 2d Jd] [8d]
Nazareno1999: checks 
kars0n: bets $6.37
Nazareno1999: calls $6.37
*** SHOW DOWN ***
kars0n: shows [Kc 9d] (a flush, King high)
Nazareno1999: mucks hand 
kars0n collected $20.60 from pot
*** SUMMARY ***
Total pot $21.68 | Rake $1.08 
Board [Tc Kd 2d Jd 8d]
Seat 1: Unipoker11 folded before Flop (didn't bet)
Seat 2: kars0n showed [Kc 9d] and won ($20.60) with a flush, King high
Seat 3: Paiiiiii (button) folded before Flop (didn't bet)
Seat 4: MAO_DZEDYN_S (small blind) folded before Flop
Seat 5: Nazareno1999 (big blind) mucked
Seat 6: Supermegopro folded before Flop (didn't bet)



PokerStars Hand #254372301619:  Hold'em No Limit ($0.50/$1.00 USD) - 2025/01/14 20:54:56 WET [2025/01/14 15:54:56 ET]
Table 'Aunus III' 6-max Seat #4 is the button
Seat 1: Unipoker11 ($100 in chips) 
Seat 2: kars0n ($117.74 in chips) 
Seat 3: Paiiiiii ($124.40 in chips) 
Seat 4: MAO_DZEDYN_S ($122.88 in chips) 
Seat 5: Nazareno1999 ($100 in chips) 
Seat 6: Supermegopro ($113.29 in chips) 
Nazareno1999: posts small blind $0.50
Supermegopro: posts big blind $1
*** HOLE CARDS ***
Unipoker11: folds 
kars0n: folds 
Paiiiiii: folds 
MAO_DZEDYN_S: raises $1.50 to $2.50
Nazareno1999: raises $9 to $11.50
Supermegopro: folds 
MAO_DZEDYN_S: calls $9
*** FLOP *** [Qc 4s Ad]
Nazareno1999: bets $7.52
MAO_DZEDYN_S: calls $7.52
*** TURN *** [Qc 4s Ad] [Kc]
Nazareno1999: checks 
MAO_DZEDYN_S: checks 
*** RIVER *** [Qc 4s Ad Kc] [4c]
Nazareno1999: bets $12.24
MAO_DZEDYN_S: calls $12.24
*** SHOW DOWN ***
Nazareno1999: shows [As Jd] (two pair, Aces and Fours)
MAO_DZEDYN_S: shows [Jh Ah] (two pair, Aces and Fours)
Nazareno1999 collected $30.51 from pot
MAO_DZEDYN_S collected $30.51 from pot
*** SUMMARY ***
Total pot $63.52 | Rake $2.50 
Board [Qc 4s Ad Kc 4c]
Seat 1: Unipoker11 folded before Flop (didn't bet)
Seat 2: kars0n folded before Flop (didn't bet)
Seat 3: Paiiiiii folded before Flop (didn't bet)
Seat 4: MAO_DZEDYN_S (button) showed [Jh Ah] and won ($30.51) with two pair, Aces and Fours
Seat 5: Nazareno1999 (small blind) showed [As Jd] and won ($30.51) with two pair, Aces and Fours
Seat 6: Supermegopro (big blind) folded before Flop



PokerStars Hand #254372322694:  Hold'em No Limit ($0.50/$1.00 USD) - 2025/01/14 20:56:25 WET [2025/01/14 15:56:25 ET]
Table 'Aunus III' 6-max Seat #5 is the button
Seat 1: Unipoker11 ($100 in chips) 
Seat 2: kars0n ($117.74 in chips) 
Seat 3: Paiiiiii ($124.40 in chips) 
Seat 4: MAO_DZEDYN_S ($122.13 in chips) 
Seat 5: Nazareno1999 ($100 in chips) 
Seat 6: Supermegopro ($112.29 in chips) 
Supermegopro: posts small blind $0.50
Unipoker11: posts big blind $1
*** HOLE CARDS ***
kars0n: folds 
Paiiiiii: folds 
MAO_DZEDYN_S: folds 
Nazareno1999: raises $1.20 to $2.20
Supermegopro: folds 
Unipoker11: raises $10.30 to $12.50
Nazareno1999: folds 
Uncalled bet ($10.30) returned to Unipoker11
Unipoker11 collected $4.90 from pot
Unipoker11: doesn't show hand 
*** SUMMARY ***
Total pot $4.90 | Rake $0 
Seat 1: Unipoker11 (big blind) collected ($4.90)
Seat 2: kars0n folded before Flop (didn't bet)
Seat 3: Paiiiiii folded before Flop (didn't bet)
Seat 4: MAO_DZEDYN_S folded before Flop (didn't bet)
Seat 5: Nazareno1999 (button) folded before Flop
Seat 6: Supermegopro (small blind) folded before Flop



PokerStars Hand #254372330709:  Hold'em No Limit ($0.50/$1.00 USD) - 2025/01/14 20:57:02 WET [2025/01/14 15:57:02 ET]
Table 'Aunus III' 6-max Seat #6 is the button
Seat 1: Unipoker11 ($102.70 in chips) 
Seat 2: kars0n ($117.74 in chips) 
Seat 3: Paiiiiii ($124.40 in chips) 
Seat 4: MAO_DZEDYN_S ($122.13 in chips) 
Seat 5: Nazareno1999 ($100 in chips) 
Seat 6: Supermegopro ($111.79 in chips) 
Unipoker11: posts small blind $0.50
kars0n: posts big blind $1
*** HOLE CARDS ***
Paiiiiii: folds 
MAO_DZEDYN_S: folds 
Nazareno1999: folds 
Supermegopro: raises $1.50 to $2.50
Unipoker11: folds 
kars0n: folds 
Uncalled bet ($1.50) returned to Supermegopro
Supermegopro collected $2.50 from pot
Supermegopro: doesn't show hand 
*** SUMMARY ***
Total pot $2.50 | Rake $0 
Seat 1: Unipoker11 (small blind) folded before Flop
Seat 2: kars0n (big blind) folded before Flop
Seat 3: Paiiiiii folded before Flop (didn't bet)
Seat 4: MAO_DZEDYN_S folded before Flop (didn't bet)
Seat 5: Nazareno1999 folded before Flop (didn't bet)
Seat 6: Supermegopro (button) collected ($2.50)



PokerStars Hand #254372334656:  Hold'em No Limit ($0.50/$1.00 USD) - 2025/01/14 20:57:20 WET [2025/01/14 15:57:20 ET]
Table 'Aunus III' 6-max Seat #1 is the button
Seat 1: Unipoker11 ($102.20 in chips) 
Seat 2: kars0n ($116.74 in chips) 
Seat 3: Paiiiiii ($124.40 in chips) 
Seat 4: MAO_DZEDYN_S ($122.13 in chips) 
Seat 5: Nazareno1999 ($100 in chips) 
Seat 6: Supermegopro ($113.29 in chips) 
kars0n: posts small blind $0.50
Paiiiiii: posts big blind $1
*** HOLE CARDS ***
MAO_DZEDYN_S: folds 
Nazareno1999: raises $1.20 to $2.20
MAO_DZEDYN_S leaves the table
Supermegopro: folds 
Unipoker11: folds 
kars0n: folds 
Paiiiiii: calls $1.20
*** FLOP *** [Js Kh 8h]
UnRRRReal joins the table at seat #4 
Paiiiiii: checks 
Nazareno1999: bets $1.54
Paiiiiii: calls $1.54
*** TURN *** [Js Kh 8h] [5h]
Paiiiiii: checks 
Nazareno1999: bets $5
Paiiiiii: calls $5
*** RIVER *** [Js Kh 8h 5h] [8s]
Paiiiiii: checks 
Nazareno1999: bets $12.81
Paiiiiii: calls $12.81
*** SHOW DOWN ***
Nazareno1999: shows [As Ac] (two pair, Aces and Eights)
Paiiiiii: mucks hand 
Nazareno1999 collected $41.42 from pot
*** SUMMARY ***
Total pot $43.60 | Rake $2.18 
Board [Js Kh 8h 5h 8s]
Seat 1: Unipoker11 (button) folded before Flop (didn't bet)
Seat 2: kars0n (small blind) folded before Flop
Seat 3: Paiiiiii (big blind) mucked
Seat 4: MAO_DZEDYN_S folded before Flop (didn't bet)
Seat 5: Nazareno1999 showed [As Ac] and won ($41.42) with two pair, Aces and Eights
Seat 6: Supermegopro folded before Flop (didn't bet)



PokerStars Hand #254372343337:  Hold'em No Limit ($0.50/$1.00 USD) - 2025/01/14 20:57:59 WET [2025/01/14 15:57:59 ET]
Table 'Aunus III' 6-max Seat #2 is the button
Seat 1: Unipoker11 ($102.20 in chips) 
Seat 2: kars0n ($116.24 in chips) 
Seat 3: Paiiiiii ($102.85 in chips) 
Seat 4: UnRRRReal ($100 in chips) 
Seat 5: Nazareno1999 ($119.87 in chips) 
Seat 6: Supermegopro ($113.29 in chips) 
Paiiiiii: posts small blind $0.50
UnRRRReal: posts big blind $1
*** HOLE CARDS ***
Nazareno1999: raises $1.20 to $2.20
Supermegopro: raises $5.30 to $7.50
Unipoker11: folds 
kars0n: folds 
Paiiiiii: folds 
UnRRRReal: folds 
Nazareno1999: folds 
Uncalled bet ($5.30) returned to Supermegopro
Supermegopro collected $5.90 from pot
Supermegopro: doesn't show hand 
*** SUMMARY ***
Total pot $5.90 | Rake $0 
Seat 1: Unipoker11 folded before Flop (didn't bet)
Seat 2: kars0n (button) folded before Flop (didn't bet)
Seat 3: Paiiiiii (small blind) folded before Flop
Seat 4: UnRRRReal (big blind) folded before Flop
Seat 5: Nazareno1999 folded before Flop
Seat 6: Supermegopro collected ($5.90)



PokerStars Hand #254373150335:  Hold'em No Limit ($0.50/$1.00 USD) - 2025/01/14 21:41:33 WET [2025/01/14 16:41:33 ET]
Table 'Aunus III' 6-max Seat #2 is the button
Seat 1: Unipoker11 ($127.41 in chips) 
Seat 2: kars0n ($100.78 in chips) 
Seat 3: Paiiiiii ($131.97 in chips) 
Seat 4: UnRRRReal ($101.50 in chips) 
Seat 5: Nazareno1999 ($100 in chips) 
Seat 6: Supermegopro ($181.99 in chips) 
Paiiiiii: posts small blind $0.50
UnRRRReal: posts big blind $1
*** HOLE CARDS ***
Nazareno1999: folds 
Supermegopro: raises $1.50 to $2.50
Unipoker11: folds 
kars0n: calls $2.50
Paiiiiii: folds 
UnRRRReal: folds 
*** FLOP *** [Ts 8s Th]
Supermegopro: checks 
kars0n: checks 
*** TURN *** [Ts 8s Th] [2s]
Supermegopro: bets $7.73
kars0n: folds 
Uncalled bet ($7.73) returned to Supermegopro
Supermegopro collected $6.18 from pot
Supermegopro: doesn't show hand 
*** SUMMARY ***
Total pot $6.50 | Rake $0.32 
Board [Ts 8s Th 2s]
Seat 1: Unipoker11 folded before Flop (didn't bet)
Seat 2: kars0n (button) folded on the Turn
Seat 3: Paiiiiii (small blind) folded before Flop
Seat 4: UnRRRReal (big blind) folded before Flop
Seat 5: Nazareno1999 folded before Flop (didn't bet)
Seat 6: Supermegopro collected ($6.18)



PokerStars Hand #254373162451:  Hold'em No Limit ($0.50/$1.00 USD) - 2025/01/14 21:42:12 WET [2025/01/14 16:42:12 ET]
Table 'Aunus III' 6-max Seat #3 is the button
Seat 1: Unipoker11 ($127.41 in chips) 
Seat 2: kars0n ($100 in chips) 
Seat 3: Paiiiiii ($131.47 in chips) 
Seat 4: UnRRRReal ($100.50 in chips) 
Seat 5: Nazareno1999 ($100 in chips) 
Seat 6: Supermegopro ($185.67 in chips) 
UnRRRReal: posts small blind $0.50
Nazareno1999: posts big blind $1
*** HOLE CARDS ***
Supermegopro: folds 
Unipoker11: folds 
kars0n: raises $1.50 to $2.50
Paiiiiii: calls $2.50
UnRRRReal: folds 
Nazareno1999: folds 
*** FLOP *** [Td Kd Js]
kars0n: bets $4.64
Paiiiiii: calls $4.64
*** TURN *** [Td Kd Js] [4h]
kars0n: bets $22.48
Paiiiiii: folds 
Uncalled bet ($22.48) returned to kars0n
kars0n collected $14.99 from pot
kars0n: doesn't show hand 
*** SUMMARY ***
Total pot $15.78 | Rake $0.79 
Board [Td Kd Js 4h]
Seat 1: Unipoker11 folded before Flop (didn't bet)
Seat 2: kars0n collected ($14.99)
Seat 3: Paiiiiii (button) folded on the Turn
Seat 4: UnRRRReal (small blind) folded before Flop
Seat 5: Nazareno1999 (big blind) folded before Flop
Seat 6: Supermegopro folded before Flop (didn't bet)



PokerStars Hand #254373365446:  Hold'em No Limit ($0.50/$1.00 USD) - 2025/01/14 21:53:10 WET [2025/01/14 16:53:10 ET]
Table 'Aunus III' 6-max Seat #2 is the button
Seat 6: fataleggs13 ($89.80 in chips) is sitting out
Seat 1: Unipoker11 ($218.38 in chips) 
Seat 2: kars0n ($100 in chips) 
Seat 3: Paiiiiii ($133.70 in chips) 
Seat 4: UnRRRReal ($104.62 in chips) 
Seat 5: Nazareno1999 ($106.06 in chips) 
Paiiiiii: posts small blind $0.50
UnRRRReal: posts big blind $1
*** HOLE CARDS ***
Nazareno1999: folds 
Unipoker11: raises $1.30 to $2.30
kars0n: folds 
Paiiiiii: folds 
UnRRRReal: folds 
Uncalled bet ($1.30) returned to Unipoker11
Unipoker11 collected $2.50 from pot
Unipoker11: doesn't show hand 
*** SUMMARY ***
Total pot $2.50 | Rake $0 
Seat 6: fataleggs13
Seat 1: Unipoker11 collected ($2.50)
Seat 2: kars0n (button) folded before Flop (didn't bet)
Seat 3: Paiiiiii (small blind) folded before Flop
Seat 4: UnRRRReal (big blind) folded before Flop
Seat 5: Nazareno1999 folded before Flop (didn't bet)



PokerStars Hand #254373374701:  Hold'em No Limit ($0.50/$1.00 USD) - 2025/01/14 21:53:40 WET [2025/01/14 16:53:40 ET]
Table 'Aunus III' 6-max Seat #3 is the button
Seat 6: fataleggs13 ($89.80 in chips) is sitting out
Seat 1: Unipoker11 ($219.88 in chips) 
Seat 2: kars0n ($100 in chips) 
Seat 3: Paiiiiii ($133.20 in chips) 
Seat 4: UnRRRReal ($103.62 in chips) 
Seat 5: Nazareno1999 ($106.06 in chips) 
UnRRRReal: posts small blind $0.50
Nazareno1999: posts big blind $1
*** HOLE CARDS ***
Unipoker11: folds 
kars0n: raises $1.50 to $2.50
Paiiiiii: folds 
UnRRRReal: folds 
Nazareno1999: folds 
Uncalled bet ($1.50) returned to kars0n
kars0n collected $2.50 from pot
kars0n: doesn't show hand 
*** SUMMARY ***
Total pot $2.50 | Rake $0 
Seat 6: fataleggs13
Seat 1: Unipoker11 folded before Flop (didn't bet)
Seat 2: kars0n collected ($2.50)
Seat 3: Paiiiiii (button) folded before Flop (didn't bet)
Seat 4: UnRRRReal (small blind) folded before Flop
Seat 5: Nazareno1999 (big blind) folded before Flop



PokerStars Hand #254373379923:  Hold'em No Limit ($0.50/$1.00 USD) - 2025/01/14 21:53:57 WET [2025/01/14 16:53:57 ET]
Table 'Aunus III' 6-max Seat #4 is the button
Seat 6: fataleggs13 ($89.80 in chips) is sitting out
Seat 1: Unipoker11 ($219.88 in chips) 
Seat 2: kars0n ($101.50 in chips) 
Seat 3: Paiiiiii ($133.20 in chips) 
Seat 4: UnRRRReal ($103.12 in chips) 
Seat 5: Nazareno1999 ($105.06 in chips) 
Nazareno1999: posts small blind $0.50
Unipoker11: posts big blind $1
*** HOLE CARDS ***
kars0n: folds 
Paiiiiii: raises $2 to $3
UnRRRReal: folds 
Nazareno1999: folds 
Unipoker11: folds 
Uncalled bet ($2) returned to Paiiiiii
Paiiiiii collected $2.50 from pot
Paiiiiii: doesn't show hand 
*** SUMMARY ***
Total pot $2.50 | Rake $0 
Seat 6: fataleggs13
Seat 1: Unipoker11 (big blind) folded before Flop
Seat 2: kars0n folded before Flop (didn't bet)
Seat 3: Paiiiiii collected ($2.50)
Seat 4: UnRRRReal (button) folded before Flop (didn't bet)
Seat 5: Nazareno1999 (small blind) folded before Flop



PokerStars Hand #254373386408:  Hold'em No Limit ($0.50/$1.00 USD) - 2025/01/14 21:54:18 WET [2025/01/14 16:54:18 ET]
Table 'Aunus III' 6-max Seat #5 is the button
Seat 6: fataleggs13 ($89.80 in chips) is sitting out
Seat 1: Unipoker11 ($218.88 in chips) 
Seat 2: kars0n ($101.50 in chips) 
Seat 3: Paiiiiii ($134.70 in chips) 
Seat 4: UnRRRReal ($103.12 in chips) 
Seat 5: Nazareno1999 ($104.56 in chips) 
Unipoker11: posts small blind $0.50
kars0n: posts big blind $1
*** HOLE CARDS ***
Paiiiiii: calls $1
UnRRRReal: folds 
Nazareno1999: folds 
Unipoker11: calls $0.50
kars0n: raises $3.50 to $4.50
Paiiiiii: calls $3.50
Unipoker11: folds 
*** FLOP *** [3d Js 3c]
kars0n: checks 
Paiiiiii: bets $3
kars0n: calls $3
*** TURN *** [3d Js 3c] [6d]
kars0n: checks 
Paiiiiii: bets $6
kars0n: calls $6
*** RIVER *** [3d Js 3c 6d] [6c]
kars0n: checks 
Paiiiiii: checks 
*** SHOW DOWN ***
kars0n: shows [Tc Th] (two pair, Tens and Sixes)
Paiiiiii: shows [Jd Ac] (two pair, Jacks and Sixes)
Paiiiiii collected $26.60 from pot
*** SUMMARY ***
Total pot $28 | Rake $1.40 
Board [3d Js 3c 6d 6c]
Seat 6: fataleggs13
Seat 1: Unipoker11 (small blind) folded before Flop
Seat 2: kars0n (big blind) showed [Tc Th] and lost with two pair, Tens and Sixes
Seat 3: Paiiiiii showed [Jd Ac] and won ($26.60) with two pair, Jacks and Sixes
Seat 4: UnRRRReal folded before Flop (didn't bet)
Seat 5: Nazareno1999 (button) folded before Flop (didn't bet)



PokerStars Hand #254373401926:  Hold'em No Limit ($0.50/$1.00 USD) - 2025/01/14 21:55:09 WET [2025/01/14 16:55:09 ET]
Table 'Aunus III' 6-max Seat #1 is the button
Seat 6: fataleggs13 ($89.80 in chips) is sitting out
Seat 1: Unipoker11 ($217.88 in chips) 
Seat 2: kars0n ($100 in chips) 
Seat 3: Paiiiiii ($147.80 in chips) 
Seat 4: UnRRRReal ($103.12 in chips) 
Seat 5: Nazareno1999 ($104.56 in chips) 
kars0n: posts small blind $0.50
Paiiiiii: posts big blind $1
*** HOLE CARDS ***
UnRRRReal: folds 
Nazareno1999: raises $1.20 to $2.20
Unipoker11: calls $2.20
kars0n: folds 
Paiiiiii: calls $1.20
*** FLOP *** [8s 8c Js]
Paiiiiii: checks 
Nazareno1999: bets $2.22
Unipoker11: folds 
Paiiiiii: folds 
Uncalled bet ($2.22) returned to Nazareno1999
Nazareno1999 collected $6.74 from pot
Nazareno1999: doesn't show hand 
*** SUMMARY ***
Total pot $7.10 | Rake $0.36 
Board [8s 8c Js]
Seat 6: fataleggs13
Seat 1: Unipoker11 (button) folded on the Flop
Seat 2: kars0n (small blind) folded before Flop
Seat 3: Paiiiiii (big blind) folded on the Flop
Seat 4: UnRRRReal folded before Flop (didn't bet)
Seat 5: Nazareno1999 collected ($6.74)



PokerStars Hand #254373411905:  Hold'em No Limit ($0.50/$1.00 USD) - 2025/01/14 21:55:52 WET [2025/01/14 16:55:52 ET]
Table 'Aunus III' 6-max Seat #2 is the button
Seat 6: fataleggs13 ($89.80 in chips) is sitting out
Seat 1: Unipoker11 ($215.68 in chips) 
Seat 2: kars0n ($100 in chips) 
Seat 3: Paiiiiii ($145.60 in chips) 
Seat 4: UnRRRReal ($103.12 in chips) 
Seat 5: Nazareno1999 ($109.10 in chips) 
Paiiiiii: posts small blind $0.50
UnRRRReal: posts big blind $1
fataleggs13: sits out 
*** HOLE CARDS ***
Nazareno1999: folds 
Unipoker11: folds 
kars0n: raises $1.50 to $2.50
Paiiiiii: folds 
UnRRRReal: folds 
Uncalled bet ($1.50) returned to kars0n
kars0n collected $2.50 from pot
kars0n: doesn't show hand 
*** SUMMARY ***
Total pot $2.50 | Rake $0 
Seat 6: fataleggs13
Seat 1: Unipoker11 folded before Flop (didn't bet)
Seat 2: kars0n (button) collected ($2.50)
Seat 3: Paiiiiii (small blind) folded before Flop
Seat 4: UnRRRReal (big blind) folded before Flop
Seat 5: Nazareno1999 folded before Flop (didn't bet)



PokerStars Hand #254373415262:  Hold'em No Limit ($0.50/$1.00 USD) - 2025/01/14 21:56:08 WET [2025/01/14 16:56:08 ET]
Table 'Aunus III' 6-max Seat #3 is the button
Seat 6: fataleggs13 ($89.80 in chips) is sitting out
Seat 1: Unipoker11 ($215.68 in chips) 
Seat 2: kars0n ($101.50 in chips) 
Seat 3: Paiiiiii ($145.10 in chips) 
Seat 4: UnRRRReal ($102.12 in chips) 
Seat 5: Nazareno1999 ($109.10 in chips) 
UnRRRReal: posts small blind $0.50
Nazareno1999: posts big blind $1
fataleggs13: sits out 
*** HOLE CARDS ***
Unipoker11: raises $1 to $2
kars0n: folds 
Paiiiiii: raises $5.50 to $7.50
UnRRRReal: folds 
Nazareno1999: folds 
Unipoker11: raises $13.50 to $21
Paiiiiii: calls $13.50
*** FLOP *** [5d 2s 8s]
Unipoker11: checks 
Paiiiiii: checks 
*** TURN *** [5d 2s 8s] [Ts]
Unipoker11: checks 
Paiiiiii: checks 
*** RIVER *** [5d 2s 8s Ts] [4h]
Unipoker11: checks 
Paiiiiii: checks 
*** SHOW DOWN ***
Unipoker11: shows [Kh Ac] (high card Ace)
Paiiiiii: mucks hand 
Unipoker11 collected $41.32 from pot
*** SUMMARY ***
Total pot $43.50 | Rake $2.18 
Board [5d 2s 8s Ts 4h]
Seat 6: fataleggs13
Seat 1: Unipoker11 showed [Kh Ac] and won ($41.32) with high card Ace
Seat 2: kars0n folded before Flop (didn't bet)
Seat 3: Paiiiiii (button) mucked
Seat 4: UnRRRReal (small blind) folded before Flop
Seat 5: Nazareno1999 (big blind) folded before Flop



PokerStars Hand #254373435155:  Hold'em No Limit ($0.50/$1.00 USD) - 2025/01/14 21:57:37 WET [2025/01/14 16:57:37 ET]
Table 'Aunus III' 6-max Seat #4 is the button
Seat 1: Unipoker11 ($236 in chips) 
Seat 2: kars0n ($101.50 in chips) 
Seat 3: Paiiiiii ($124.10 in chips) 
Seat 4: UnRRRReal ($101.62 in chips) 
Seat 5: Nazareno1999 ($108.10 in chips) 
Seat 6: fataleggs13 ($89.80 in chips) 
Nazareno1999: posts small blind $0.50
fataleggs13: posts big blind $1
*** HOLE CARDS ***
Unipoker11: folds 
kars0n: folds 
Paiiiiii: calls $1
UnRRRReal: folds 
Nazareno1999: calls $0.50
fataleggs13: checks 
*** FLOP *** [5d 2c 9d]
Nazareno1999: checks 
fataleggs13: checks 
Paiiiiii: bets $2.85
Nazareno1999: calls $2.85
fataleggs13: calls $2.85
*** TURN *** [5d 2c 9d] [Ad]
Nazareno1999: checks 
fataleggs13: checks 
Paiiiiii: bets $5.49
Nazareno1999: folds 
fataleggs13: folds 
Uncalled bet ($5.49) returned to Paiiiiii
Paiiiiii collected $10.97 from pot
Paiiiiii: doesn't show hand 
*** SUMMARY ***
Total pot $11.55 | Rake $0.58 
Board [5d 2c 9d Ad]
Seat 1: Unipoker11 folded before Flop (didn't bet)
Seat 2: kars0n folded before Flop (didn't bet)
Seat 3: Paiiiiii collected ($10.97)
Seat 4: UnRRRReal (button) folded before Flop (didn't bet)
Seat 5: Nazareno1999 (small blind) folded on the Turn
Seat 6: fataleggs13 (big blind) folded on the Turn



PokerStars Hand #254373176773:  Hold'em No Limit ($0.50/$1.00 USD) - 2025/01/14 21:42:58 WET [2025/01/14 16:42:58 ET]
Table 'Aunus III' 6-max Seat #4 is the button
Seat 6: Supermegopro ($185.67 in chips) is sitting out
Seat 1: Unipoker11 ($127.41 in chips) 
Seat 2: kars0n ($107.85 in chips) 
Seat 3: Paiiiiii ($124.33 in chips) 
Seat 4: UnRRRReal ($100 in chips) 
Seat 5: Nazareno1999 ($100 in chips) 
Nazareno1999: posts small blind $0.50
Supermegopro: is sitting out 
Unipoker11: posts big blind $1
*** HOLE CARDS ***
kars0n: folds 
Paiiiiii: folds 
UnRRRReal: folds 
Nazareno1999: raises $1.50 to $2.50
Unipoker11: raises $6.50 to $9
Nazareno1999: raises $13.50 to $22.50
Supermegopro leaves the table
Unipoker11: raises $104.91 to $127.41 and is all-in
Nazareno1999: calls $77.50 and is all-in
Uncalled bet ($27.41) returned to Unipoker11
*** FLOP *** [5h Tc Js]
*** TURN *** [5h Tc Js] [8s]
*** RIVER *** [5h Tc Js 8s] [9c]
*** SHOW DOWN ***
Nazareno1999: shows [Ac As] (a pair of Aces)
Unipoker11: shows [Qs Ah] (a straight, Eight to Queen)
Unipoker11 collected $197.50 from pot
*** SUMMARY ***
Total pot $200 | Rake $2.50 
Board [5h Tc Js 8s 9c]
Seat 6: Supermegopro
Seat 1: Unipoker11 (big blind) showed [Qs Ah] and won ($197.50) with a straight, Eight to Queen
Seat 2: kars0n folded before Flop (didn't bet)
Seat 3: Paiiiiii folded before Flop (didn't bet)
Seat 4: UnRRRReal (button) folded before Flop (didn't bet)
Seat 5: Nazareno1999 (small blind) showed [Ac As] and lost with a pair of Aces



PokerStars Hand #254373201673:  Hold'em No Limit ($0.50/$1.00 USD) - 2025/01/14 21:44:19 WET [2025/01/14 16:44:19 ET]
Table 'Aunus III' 6-max Seat #5 is the button
Seat 1: Unipoker11 ($224.91 in chips) 
Seat 2: kars0n ($107.85 in chips) 
Seat 3: Paiiiiii ($124.33 in chips) 
Seat 4: UnRRRReal ($100 in chips) 
Seat 5: Nazareno1999 ($100 in chips) 
Unipoker11: posts small blind $0.50
kars0n: posts big blind $1
*** HOLE CARDS ***
Paiiiiii: calls $1
UnRRRReal: folds 
Nazareno1999: folds 
Unipoker11: calls $0.50
fataleggs13 joins the table at seat #6 
kars0n: checks 
*** FLOP *** [7d 2h 6h]
Unipoker11: checks 
kars0n: checks 
Paiiiiii: checks 
*** TURN *** [7d 2h 6h] [Qs]
Unipoker11: checks 
kars0n: checks 
Paiiiiii: checks 
*** RIVER *** [7d 2h 6h Qs] [4h]
Unipoker11: bets $2.14
kars0n: calls $2.14
Paiiiiii: folds 
*** SHOW DOWN ***
Unipoker11: shows [Qc 9s] (a pair of Queens)
kars0n: shows [3c 5h] (a straight, Three to Seven)
kars0n collected $6.92 from pot
*** SUMMARY ***
Total pot $7.28 | Rake $0.36 
Board [7d 2h 6h Qs 4h]
Seat 1: Unipoker11 (small blind) showed [Qc 9s] and lost with a pair of Queens
Seat 2: kars0n (big blind) showed [3c 5h] and won ($6.92) with a straight, Three to Seven
Seat 3: Paiiiiii folded on the River
Seat 4: UnRRRReal folded before Flop (didn't bet)
Seat 5: Nazareno1999 (button) folded before Flop (didn't bet)



PokerStars Hand #254373230740:  Hold'em No Limit ($0.50/$1.00 USD) - 2025/01/14 21:45:53 WET [2025/01/14 16:45:53 ET]
Table 'Aunus III' 6-max Seat #1 is the button
Seat 6: fataleggs13 ($75 in chips) is sitting out
Seat 1: Unipoker11 ($221.77 in chips) 
Seat 2: kars0n ($111.63 in chips) 
Seat 3: Paiiiiii ($123.33 in chips) 
Seat 4: UnRRRReal ($100 in chips) 
Seat 5: Nazareno1999 ($100 in chips) 
kars0n: posts small blind $0.50
Paiiiiii: posts big blind $1
fataleggs13: sits out 
*** HOLE CARDS ***
UnRRRReal: folds 
Nazareno1999: folds 
Unipoker11: raises $1.50 to $2.50
kars0n: folds 
Paiiiiii: calls $1.50
*** FLOP *** [Qs Jc Qc]
Paiiiiii: checks 
Unipoker11: bets $1.30
Paiiiiii: folds 
Uncalled bet ($1.30) returned to Unipoker11
Unipoker11 collected $5.22 from pot
Unipoker11: doesn't show hand 
*** SUMMARY ***
Total pot $5.50 | Rake $0.28 
Board [Qs Jc Qc]
Seat 6: fataleggs13
Seat 1: Unipoker11 (button) collected ($5.22)
Seat 2: kars0n (small blind) folded before Flop
Seat 3: Paiiiiii (big blind) folded on the Flop
Seat 4: UnRRRReal folded before Flop (didn't bet)
Seat 5: Nazareno1999 folded before Flop (didn't bet)



PokerStars Hand #254373242637:  Hold'em No Limit ($0.50/$1.00 USD) - 2025/01/14 21:46:32 WET [2025/01/14 16:46:32 ET]
Table 'Aunus III' 6-max Seat #2 is the button
Seat 6: fataleggs13 ($75 in chips) is sitting out
Seat 1: Unipoker11 ($224.49 in chips) 
Seat 2: kars0n ($111.13 in chips) 
Seat 3: Paiiiiii ($120.83 in chips) 
Seat 4: UnRRRReal ($100 in chips) 
Seat 5: Nazareno1999 ($100 in chips) 
Paiiiiii: posts small blind $0.50
UnRRRReal: posts big blind $1
fataleggs13: sits out 
*** HOLE CARDS ***
Nazareno1999: folds 
Unipoker11: folds 
kars0n: raises $1.50 to $2.50
Paiiiiii: raises $6 to $8.50
UnRRRReal: folds 
kars0n: calls $6
*** FLOP *** [2d 2c 4s]
Paiiiiii: bets $7.55
kars0n: calls $7.55
*** TURN *** [2d 2c 4s] [9s]
Paiiiiii: bets $15.72
kars0n: folds 
Uncalled bet ($15.72) returned to Paiiiiii
Paiiiiii collected $31.44 from pot
Paiiiiii: doesn't show hand 
*** SUMMARY ***
Total pot $33.10 | Rake $1.66 
Board [2d 2c 4s 9s]
Seat 6: fataleggs13
Seat 1: Unipoker11 folded before Flop (didn't bet)
Seat 2: kars0n (button) folded on the Turn
Seat 3: Paiiiiii (small blind) collected ($31.44)
Seat 4: UnRRRReal (big blind) folded before Flop
Seat 5: Nazareno1999 folded before Flop (didn't bet)



PokerStars Hand #254373259344:  Hold'em No Limit ($0.50/$1.00 USD) - 2025/01/14 21:47:26 WET [2025/01/14 16:47:26 ET]
Table 'Aunus III' 6-max Seat #3 is the button
Seat 6: fataleggs13 ($75 in chips) is sitting out
Seat 1: Unipoker11 ($224.49 in chips) 
Seat 2: kars0n ($100 in chips) 
Seat 3: Paiiiiii ($136.22 in chips) 
Seat 4: UnRRRReal ($100 in chips) 
Seat 5: Nazareno1999 ($100 in chips) 
UnRRRReal: posts small blind $0.50
Nazareno1999: posts big blind $1
fataleggs13: sits out 
*** HOLE CARDS ***
Unipoker11: raises $1 to $2
kars0n: folds 
Paiiiiii: calls $2
UnRRRReal: folds 
Nazareno1999: folds 
*** FLOP *** [8c 9d Kd]
Unipoker11: checks 
Paiiiiii: bets $2.61
Unipoker11: calls $2.61
*** TURN *** [8c 9d Kd] [Jc]
Unipoker11: checks 
Paiiiiii: bets $7.09
Unipoker11: folds 
Uncalled bet ($7.09) returned to Paiiiiii
Paiiiiii collected $10.18 from pot
Paiiiiii: doesn't show hand 
*** SUMMARY ***
Total pot $10.72 | Rake $0.54 
Board [8c 9d Kd Jc]
Seat 6: fataleggs13
Seat 1: Unipoker11 folded on the Turn
Seat 2: kars0n folded before Flop (didn't bet)
Seat 3: Paiiiiii (button) collected ($10.18)
Seat 4: UnRRRReal (small blind) folded before Flop
Seat 5: Nazareno1999 (big blind) folded before Flop



PokerStars Hand #254373271709:  Hold'em No Limit ($0.50/$1.00 USD) - 2025/01/14 21:48:06 WET [2025/01/14 16:48:06 ET]
Table 'Aunus III' 6-max Seat #4 is the button
Seat 1: Unipoker11 ($219.88 in chips) 
Seat 2: kars0n ($100 in chips) 
Seat 3: Paiiiiii ($141.79 in chips) 
Seat 4: UnRRRReal ($100 in chips) 
Seat 5: Nazareno1999 ($100 in chips) 
Seat 6: fataleggs13 ($75 in chips) 
Nazareno1999: posts small blind $0.50
fataleggs13: posts big blind $1
*** HOLE CARDS ***
Unipoker11: folds 
kars0n: folds 
Paiiiiii: folds 
UnRRRReal: raises $1.50 to $2.50
Nazareno1999: folds 
fataleggs13: folds 
Uncalled bet ($1.50) returned to UnRRRReal
UnRRRReal collected $2.50 from pot
UnRRRReal: doesn't show hand 
*** SUMMARY ***
Total pot $2.50 | Rake $0 
Seat 1: Unipoker11 folded before Flop (didn't bet)
Seat 2: kars0n folded before Flop (didn't bet)
Seat 3: Paiiiiii folded before Flop (didn't bet)
Seat 4: UnRRRReal (button) collected ($2.50)
Seat 5: Nazareno1999 (small blind) folded before Flop
Seat 6: fataleggs13 (big blind) folded before Flop



PokerStars Hand #254373284786:  Hold'em No Limit ($0.50/$1.00 USD) - 2025/01/14 21:48:48 WET [2025/01/14 16:48:48 ET]
Table 'Aunus III' 6-max Seat #5 is the button
Seat 1: Unipoker11 ($219.88 in chips) 
Seat 2: kars0n ($100 in chips) 
Seat 3: Paiiiiii ($141.79 in chips) 
Seat 4: UnRRRReal ($101.50 in chips) 
Seat 5: Nazareno1999 ($100 in chips) 
Seat 6: fataleggs13 ($75 in chips) 
fataleggs13: posts small blind $0.50
Unipoker11: posts big blind $1
*** HOLE CARDS ***
kars0n: raises $1 to $2
Paiiiiii: folds 
UnRRRReal: folds 
Nazareno1999: folds 
fataleggs13: folds 
Unipoker11: folds 
Uncalled bet ($1) returned to kars0n
kars0n collected $2.50 from pot
kars0n: doesn't show hand 
*** SUMMARY ***
Total pot $2.50 | Rake $0 
Seat 1: Unipoker11 (big blind) folded before Flop
Seat 2: kars0n collected ($2.50)
Seat 3: Paiiiiii folded before Flop (didn't bet)
Seat 4: UnRRRReal folded before Flop (didn't bet)
Seat 5: Nazareno1999 (button) folded before Flop (didn't bet)
Seat 6: fataleggs13 (small blind) folded before Flop



PokerStars Hand #254373297107:  Hold'em No Limit ($0.50/$1.00 USD) - 2025/01/14 21:49:28 WET [2025/01/14 16:49:28 ET]
Table 'Aunus III' 6-max Seat #6 is the button
Seat 1: Unipoker11 ($218.88 in chips) 
Seat 2: kars0n ($101.50 in chips) 
Seat 3: Paiiiiii ($141.79 in chips) 
Seat 4: UnRRRReal ($101.50 in chips) 
Seat 5: Nazareno1999 ($100 in chips) 
Seat 6: fataleggs13 ($75 in chips) 
Unipoker11: posts small blind $0.50
kars0n: posts big blind $1
*** HOLE CARDS ***
Paiiiiii: folds 
UnRRRReal: folds 
Nazareno1999: folds 
fataleggs13: raises $1.50 to $2.50
Unipoker11: folds 
kars0n: calls $1.50
*** FLOP *** [3s Ah 5h]
kars0n: checks 
fataleggs13: checks 
*** TURN *** [3s Ah 5h] [8h]
kars0n: bets $3.92
fataleggs13: calls $3.92
*** RIVER *** [3s Ah 5h 8h] [Qd]
kars0n: bets $9.50
fataleggs13: calls $9.50
*** SHOW DOWN ***
kars0n: shows [Th Jd] (high card Ace)
fataleggs13: shows [Ac 6c] (a pair of Aces)
fataleggs13 collected $30.72 from pot
*** SUMMARY ***
Total pot $32.34 | Rake $1.62 
Board [3s Ah 5h 8h Qd]
Seat 1: Unipoker11 (small blind) folded before Flop
Seat 2: kars0n (big blind) showed [Th Jd] and lost with high card Ace
Seat 3: Paiiiiii folded before Flop (didn't bet)
Seat 4: UnRRRReal folded before Flop (didn't bet)
Seat 5: Nazareno1999 folded before Flop (didn't bet)
Seat 6: fataleggs13 (button) showed [Ac 6c] and won ($30.72) with a pair of Aces



PokerStars Hand #254373317446:  Hold'em No Limit ($0.50/$1.00 USD) - 2025/01/14 21:50:34 WET [2025/01/14 16:50:34 ET]
Table 'Aunus III' 6-max Seat #1 is the button
Seat 1: Unipoker11 ($218.38 in chips) 
Seat 2: kars0n ($100 in chips) 
Seat 3: Paiiiiii ($141.79 in chips) 
Seat 4: UnRRRReal ($101.50 in chips) 
Seat 5: Nazareno1999 ($100 in chips) 
Seat 6: fataleggs13 ($89.80 in chips) 
kars0n: posts small blind $0.50
Paiiiiii: posts big blind $1
*** HOLE CARDS ***
UnRRRReal: raises $1.50 to $2.50
Nazareno1999: folds 
fataleggs13: folds 
Unipoker11: folds 
kars0n: folds 
Paiiiiii: calls $1.50
*** FLOP *** [6s Tc Ad]
Paiiiiii: checks 
UnRRRReal: bets $7.83
Paiiiiii: folds 
Uncalled bet ($7.83) returned to UnRRRReal
UnRRRReal collected $5.22 from pot
UnRRRReal: doesn't show hand 
*** SUMMARY ***
Total pot $5.50 | Rake $0.28 
Board [6s Tc Ad]
Seat 1: Unipoker11 (button) folded before Flop (didn't bet)
Seat 2: kars0n (small blind) folded before Flop
Seat 3: Paiiiiii (big blind) folded on the Flop
Seat 4: UnRRRReal collected ($5.22)
Seat 5: Nazareno1999 folded before Flop (didn't bet)
Seat 6: fataleggs13 folded before Flop (didn't bet)



PokerStars Hand #254373326584:  Hold'em No Limit ($0.50/$1.00 USD) - 2025/01/14 21:51:04 WET [2025/01/14 16:51:04 ET]
Table 'Aunus III' 6-max Seat #2 is the button
Seat 1: Unipoker11 ($218.38 in chips) 
Seat 2: kars0n ($100 in chips) 
Seat 3: Paiiiiii ($139.29 in chips) 
Seat 4: UnRRRReal ($104.22 in chips) 
Seat 5: Nazareno1999 ($100 in chips) 
Seat 6: fataleggs13 ($89.80 in chips) 
Paiiiiii: posts small blind $0.50
UnRRRReal: posts big blind $1
*** HOLE CARDS ***
Nazareno1999: folds 
fataleggs13: folds 
Unipoker11: folds 
kars0n: folds 
Paiiiiii: calls $0.50
UnRRRReal: checks 
*** FLOP *** [3h 5h Jc]
Paiiiiii: checks 
UnRRRReal: bets $2.85
Paiiiiii: folds 
Uncalled bet ($2.85) returned to UnRRRReal
UnRRRReal collected $1.90 from pot
UnRRRReal: doesn't show hand 
*** SUMMARY ***
Total pot $2 | Rake $0.10 
Board [3h 5h Jc]
Seat 1: Unipoker11 folded before Flop (didn't bet)
Seat 2: kars0n (button) folded before Flop (didn't bet)
Seat 3: Paiiiiii (small blind) folded on the Flop
Seat 4: UnRRRReal (big blind) collected ($1.90)
Seat 5: Nazareno1999 folded before Flop (didn't bet)
Seat 6: fataleggs13 folded before Flop (didn't bet)



PokerStars Hand #254373339718:  Hold'em No Limit ($0.50/$1.00 USD) - 2025/01/14 21:51:46 WET [2025/01/14 16:51:46 ET]
Table 'Aunus III' 6-max Seat #3 is the button
Seat 6: fataleggs13 ($89.80 in chips) is sitting out
Seat 1: Unipoker11 ($218.38 in chips) 
Seat 2: kars0n ($100 in chips) 
Seat 3: Paiiiiii ($138.29 in chips) 
Seat 4: UnRRRReal ($105.12 in chips) 
Seat 5: Nazareno1999 ($100 in chips) 
UnRRRReal: posts small blind $0.50
Nazareno1999: posts big blind $1
*** HOLE CARDS ***
Unipoker11: folds 
kars0n: folds 
Paiiiiii: raises $2 to $3
UnRRRReal: folds 
Nazareno1999: calls $2
*** FLOP *** [Jd 9h 2s]
Nazareno1999: checks 
Paiiiiii: bets $2.09
Nazareno1999: calls $2.09
*** TURN *** [Jd 9h 2s] [5s]
Nazareno1999: checks 
Paiiiiii: checks 
*** RIVER *** [Jd 9h 2s 5s] [Qc]
Nazareno1999: checks 
Paiiiiii: checks 
*** SHOW DOWN ***
Nazareno1999: shows [9c 8d] (a pair of Nines)
Paiiiiii: mucks hand 
Nazareno1999 collected $10.15 from pot
*** SUMMARY ***
Total pot $10.68 | Rake $0.53 
Board [Jd 9h 2s 5s Qc]
Seat 6: fataleggs13
Seat 1: Unipoker11 folded before Flop (didn't bet)
Seat 2: kars0n folded before Flop (didn't bet)
Seat 3: Paiiiiii (button) mucked
Seat 4: UnRRRReal (small blind) folded before Flop
Seat 5: Nazareno1999 (big blind) showed [9c 8d] and won ($10.15) with a pair of Nines



PokerStars Hand #254373353821:  Hold'em No Limit ($0.50/$1.00 USD) - 2025/01/14 21:52:32 WET [2025/01/14 16:52:32 ET]
Table 'Aunus III' 6-max Seat #4 is the button
Seat 6: fataleggs13 ($89.80 in chips) is sitting out
Seat 1: Unipoker11 ($218.38 in chips) 
Seat 2: kars0n ($100 in chips) 
Seat 3: Paiiiiii ($133.20 in chips) 
Seat 4: UnRRRReal ($104.62 in chips) 
Seat 5: Nazareno1999 ($105.06 in chips) 
Nazareno1999: posts small blind $0.50
Unipoker11: posts big blind $1
*** HOLE CARDS ***
kars0n: folds 
Paiiiiii: folds 
UnRRRReal: folds 
Nazareno1999: folds 
Uncalled bet ($0.50) returned to Unipoker11
Unipoker11 collected $1 from pot
Unipoker11: doesn't show hand 
*** SUMMARY ***
Total pot $1 | Rake $0 
Seat 6: fataleggs13
Seat 1: Unipoker11 (big blind) collected ($1)
Seat 2: kars0n folded before Flop (didn't bet)
Seat 3: Paiiiiii folded before Flop (didn't bet)
Seat 4: UnRRRReal (button) folded before Flop (didn't bet)
Seat 5: Nazareno1999 (small blind) folded before Flop



PokerStars Hand #254373356820:  Hold'em No Limit ($0.50/$1.00 USD) - 2025/01/14 21:52:42 WET [2025/01/14 16:52:42 ET]
Table 'Aunus III' 6-max Seat #5 is the button
Seat 6: fataleggs13 ($89.80 in chips) is sitting out
Seat 1: Unipoker11 ($218.88 in chips) 
Seat 2: kars0n ($100 in chips) 
Seat 3: Paiiiiii ($133.20 in chips) 
Seat 4: UnRRRReal ($104.62 in chips) 
Seat 5: Nazareno1999 ($104.56 in chips) 
Unipoker11: posts small blind $0.50
kars0n: posts big blind $1
*** HOLE CARDS ***
Paiiiiii: folds 
UnRRRReal: folds 
Nazareno1999: raises $1.20 to $2.20
Unipoker11: folds 
kars0n: folds 
Uncalled bet ($1.20) returned to Nazareno1999
Nazareno1999 collected $2.50 from pot
Nazareno1999: doesn't show hand 
*** SUMMARY ***
Total pot $2.50 | Rake $0 
Seat 6: fataleggs13
Seat 1: Unipoker11 (small blind) folded before Flop
Seat 2: kars0n (big blind) folded before Flop
Seat 3: Paiiiiii folded before Flop (didn't bet)
Seat 4: UnRRRReal folded before Flop (didn't bet)
Seat 5: Nazareno1999 (button) collected ($2.50)



PokerStars Hand #254373361466:  Hold'em No Limit ($0.50/$1.00 USD) - 2025/01/14 21:52:57 WET [2025/01/14 16:52:57 ET]
Table 'Aunus III' 6-max Seat #1 is the button
Seat 6: fataleggs13 ($89.80 in chips) is sitting out
Seat 1: Unipoker11 ($218.38 in chips) 
Seat 2: kars0n ($100 in chips) 
Seat 3: Paiiiiii ($133.20 in chips) 
Seat 4: UnRRRReal ($104.62 in chips) 
Seat 5: Nazareno1999 ($106.06 in chips) 
kars0n: posts small blind $0.50
Paiiiiii: posts big blind $1
*** HOLE CARDS ***
UnRRRReal: folds 
Nazareno1999: folds 
Unipoker11: folds 
kars0n: folds 
Uncalled bet ($0.50) returned to Paiiiiii
Paiiiiii collected $1 from pot
Paiiiiii: doesn't show hand 
*** SUMMARY ***
Total pot $1 | Rake $0 
Seat 6: fataleggs13
Seat 1: Unipoker11 (button) folded before Flop (didn't bet)
Seat 2: kars0n (small blind) folded before Flop
Seat 3: Paiiiiii (big blind) collected ($1)
Seat 4: UnRRRReal folded before Flop (didn't bet)
Seat 5: Nazareno1999 folded before Flop (didn't bet)



PokerStars Hand #254373592427:  Hold'em No Limit ($0.50/$1.00 USD) - 2025/01/14 22:07:06 WET [2025/01/14 17:07:06 ET]
Table 'Aunus III' 6-max Seat #4 is the button
Seat 1: Unipoker11 ($295.02 in chips) 
Seat 2: kars0n ($103.03 in chips) 
Seat 3: Paiiiiii ($88.67 in chips) 
Seat 4: UnRRRReal ($103.77 in chips) 
Seat 5: Nazareno1999 ($100 in chips) 
Seat 6: fataleggs13 ($83.95 in chips) 
Nazareno1999: posts small blind $0.50
fataleggs13: posts big blind $1
*** HOLE CARDS ***
Unipoker11: raises $1 to $2
kars0n: folds 
Paiiiiii: folds 
UnRRRReal: folds 
Nazareno1999: folds 
fataleggs13: calls $1
*** FLOP *** [7d 9h Ah]
fataleggs13: checks 
Unipoker11: bets $1.07
fataleggs13: calls $1.07
*** TURN *** [7d 9h Ah] [9c]
fataleggs13: checks 
Unipoker11: checks 
*** RIVER *** [7d 9h Ah 9c] [7c]
fataleggs13: checks 
Unipoker11: checks 
*** SHOW DOWN ***
fataleggs13: shows [Jh Qh] (two pair, Nines and Sevens)
Unipoker11: shows [Js Kc] (two pair, Nines and Sevens)
fataleggs13 collected $3.16 from pot
Unipoker11 collected $3.15 from pot
*** SUMMARY ***
Total pot $6.64 | Rake $0.33 
Board [7d 9h Ah 9c 7c]
Seat 1: Unipoker11 showed [Js Kc] and won ($3.15) with two pair, Nines and Sevens
Seat 2: kars0n folded before Flop (didn't bet)
Seat 3: Paiiiiii folded before Flop (didn't bet)
Seat 4: UnRRRReal (button) folded before Flop (didn't bet)
Seat 5: Nazareno1999 (small blind) folded before Flop
Seat 6: fataleggs13 (big blind) showed [Jh Qh] and won ($3.16) with two pair, Nines and Sevens



PokerStars Hand #254373618156:  Hold'em No Limit ($0.50/$1.00 USD) - 2025/01/14 22:08:30 WET [2025/01/14 17:08:30 ET]
Table 'Aunus III' 6-max Seat #5 is the button
Seat 1: Unipoker11 ($295.10 in chips) is sitting out
Seat 2: kars0n ($103.03 in chips) 
Seat 3: Paiiiiii ($88.67 in chips) 
Seat 4: UnRRRReal ($103.77 in chips) 
Seat 5: Nazareno1999 ($100 in chips) 
Seat 6: fataleggs13 ($84.04 in chips) 
fataleggs13: posts small blind $0.50
Unipoker11: is sitting out 
Unipoker11 leaves the table
kars0n: posts big blind $1
*** HOLE CARDS ***
Paiiiiii: folds 
UnRRRReal: raises $1.50 to $2.50
Nazareno1999: calls $2.50
fataleggs13: folds 
kars0n: folds 
*** FLOP *** [Ah 8s 5d]
UnRRRReal: checks 
Nazareno1999: bets $2.04
UnRRRReal: folds 
Uncalled bet ($2.04) returned to Nazareno1999
Nazareno1999 collected $6.18 from pot
Nazareno1999: doesn't show hand 
*** SUMMARY ***
Total pot $6.50 | Rake $0.32 
Board [Ah 8s 5d]
Seat 1: Unipoker11
Seat 2: kars0n (big blind) folded before Flop
Seat 3: Paiiiiii folded before Flop (didn't bet)
Seat 4: UnRRRReal folded on the Flop
Seat 5: Nazareno1999 (button) collected ($6.18)
Seat 6: fataleggs13 (small blind) folded before Flop



PokerStars Hand #254373629087:  Hold'em No Limit ($0.50/$1.00 USD) - 2025/01/14 22:09:06 WET [2025/01/14 17:09:06 ET]
Table 'Aunus III' 6-max Seat #6 is the button
Seat 2: kars0n ($102.03 in chips) 
Seat 3: Paiiiiii ($88.67 in chips) 
Seat 4: UnRRRReal ($101.27 in chips) 
Seat 5: Nazareno1999 ($103.68 in chips) 
Seat 6: fataleggs13 ($83.54 in chips) 
kars0n: posts small blind $0.50
Paiiiiii: posts big blind $1
*** HOLE CARDS ***
UnRRRReal: folds 
Nazareno1999: folds 
fataleggs13: raises $1.50 to $2.50
kars0n: folds 
Paiiiiii: calls $1.50
*** FLOP *** [9h Kh 3c]
Paiiiiii: checks 
fataleggs13: bets $3.92
IREQO joins the table at seat #1 
Paiiiiii: calls $3.92
*** TURN *** [9h Kh 3c] [Ad]
Paiiiiii: checks 
fataleggs13: bets $4.43
Paiiiiii: raises $10.77 to $15.20
fataleggs13: calls $10.77
*** RIVER *** [9h Kh 3c Ad] [Ks]
Paiiiiii: checks 
fataleggs13: bets $61.92 and is all-in
Paiiiiii: folds 
Uncalled bet ($61.92) returned to fataleggs13
fataleggs13 collected $41.55 from pot
fataleggs13: doesn't show hand 
*** SUMMARY ***
Total pot $43.74 | Rake $2.19 
Board [9h Kh 3c Ad Ks]
Seat 2: kars0n (small blind) folded before Flop
Seat 3: Paiiiiii (big blind) folded on the River
Seat 4: UnRRRReal folded before Flop (didn't bet)
Seat 5: Nazareno1999 folded before Flop (didn't bet)
Seat 6: fataleggs13 (button) collected ($41.55)



PokerStars Hand #254373653691:  Hold'em No Limit ($0.50/$1.00 USD) - 2025/01/14 22:10:26 WET [2025/01/14 17:10:26 ET]
Table 'Aunus III' 6-max Seat #2 is the button
Seat 1: IREQO ($100 in chips) is sitting out
Seat 2: kars0n ($101.53 in chips) 
Seat 3: Paiiiiii ($67.05 in chips) 
Seat 4: UnRRRReal ($101.27 in chips) 
Seat 5: Nazareno1999 ($103.68 in chips) 
Seat 6: fataleggs13 ($103.47 in chips) 
Paiiiiii: posts small blind $0.50
UnRRRReal: posts big blind $1
IREQO: sits out 
*** HOLE CARDS ***
Nazareno1999: folds 
fataleggs13: folds 
kars0n: raises $1.50 to $2.50
Paiiiiii: calls $2
UnRRRReal: folds 
*** FLOP *** [8s 2h Th]
Paiiiiii: checks 
kars0n: bets $4.28
Paiiiiii: folds 
Uncalled bet ($4.28) returned to kars0n
kars0n collected $5.70 from pot
kars0n: doesn't show hand 
*** SUMMARY ***
Total pot $6 | Rake $0.30 
Board [8s 2h Th]
Seat 1: IREQO
Seat 2: kars0n (button) collected ($5.70)
Seat 3: Paiiiiii (small blind) folded on the Flop
Seat 4: UnRRRReal (big blind) folded before Flop
Seat 5: Nazareno1999 folded before Flop (didn't bet)
Seat 6: fataleggs13 folded before Flop (didn't bet)



PokerStars Hand #254373661900:  Hold'em No Limit ($0.50/$1.00 USD) - 2025/01/14 22:10:52 WET [2025/01/14 17:10:52 ET]
Table 'Aunus III' 6-max Seat #3 is the button
Seat 1: IREQO ($100 in chips) is sitting out
Seat 2: kars0n ($104.73 in chips) 
Seat 3: Paiiiiii ($64.55 in chips) 
Seat 4: UnRRRReal ($100.27 in chips) 
Seat 5: Nazareno1999 ($103.68 in chips) 
Seat 6: fataleggs13 ($103.47 in chips) 
UnRRRReal: posts small blind $0.50
Nazareno1999: posts big blind $1
IREQO: sits out 
*** HOLE CARDS ***
fataleggs13: folds 
kars0n: raises $1.50 to $2.50
Paiiiiii: folds 
UnRRRReal: folds 
Nazareno1999: folds 
Uncalled bet ($1.50) returned to kars0n
kars0n collected $2.50 from pot
kars0n: doesn't show hand 
*** SUMMARY ***
Total pot $2.50 | Rake $0 
Seat 1: IREQO
Seat 2: kars0n collected ($2.50)
Seat 3: Paiiiiii (button) folded before Flop (didn't bet)
Seat 4: UnRRRReal (small blind) folded before Flop
Seat 5: Nazareno1999 (big blind) folded before Flop
Seat 6: fataleggs13 folded before Flop (didn't bet)



PokerStars Hand #254373668132:  Hold'em No Limit ($0.50/$1.00 USD) - 2025/01/14 22:11:12 WET [2025/01/14 17:11:12 ET]
Table 'Aunus III' 6-max Seat #4 is the button
Seat 1: IREQO ($100 in chips) is sitting out
Seat 2: kars0n ($106.23 in chips) 
Seat 3: Paiiiiii ($100 in chips) 
Seat 4: UnRRRReal ($100 in chips) 
Seat 5: Nazareno1999 ($102.68 in chips) 
Seat 6: fataleggs13 ($103.47 in chips) 
Nazareno1999: posts small blind $0.50
fataleggs13: posts big blind $1
IREQO: sits out 
*** HOLE CARDS ***
kars0n: folds 
Paiiiiii: folds 
UnRRRReal: folds 
Nazareno1999: raises $1.50 to $2.50
fataleggs13: calls $1.50
*** FLOP *** [Js 8d 3s]
Nazareno1999: bets $1.57
fataleggs13: raises $3.43 to $5
Nazareno1999: calls $3.43
*** TURN *** [Js 8d 3s] [6s]
Nazareno1999: checks 
fataleggs13: bets $10.69
Nazareno1999: raises $15.81 to $26.50
fataleggs13: calls $15.81
*** RIVER *** [Js 8d 3s 6s] [2c]
Nazareno1999: checks 
fataleggs13: bets $22.93
Nazareno1999: folds 
Uncalled bet ($22.93) returned to fataleggs13
fataleggs13 collected $65.50 from pot
fataleggs13: doesn't show hand 
*** SUMMARY ***
Total pot $68 | Rake $2.50 
Board [Js 8d 3s 6s 2c]
Seat 1: IREQO
Seat 2: kars0n folded before Flop (didn't bet)
Seat 3: Paiiiiii folded before Flop (didn't bet)
Seat 4: UnRRRReal (button) folded before Flop (didn't bet)
Seat 5: Nazareno1999 (small blind) folded on the River
Seat 6: fataleggs13 (big blind) collected ($65.50)



PokerStars Hand #254373699841:  Hold'em No Limit ($0.50/$1.00 USD) - 2025/01/14 22:12:56 WET [2025/01/14 17:12:56 ET]
Table 'Aunus III' 6-max Seat #5 is the button
Seat 1: IREQO ($100 in chips) 
Seat 2: kars0n ($106.23 in chips) 
Seat 3: Paiiiiii ($100 in chips) 
Seat 4: UnRRRReal ($100 in chips) 
Seat 5: Nazareno1999 ($100 in chips) 
Seat 6: fataleggs13 ($134.97 in chips) 
fataleggs13: posts small blind $0.50
IREQO: posts big blind $1
*** HOLE CARDS ***
kars0n: folds 
Paiiiiii: raises $2 to $3
UnRRRReal: folds 
Nazareno1999: calls $3
fataleggs13: folds 
IREQO: folds 
*** FLOP *** [Tc 5s 3c]
Paiiiiii: bets $3.56
Nazareno1999: calls $3.56
*** TURN *** [Tc 5s 3c] [Js]
Paiiiiii: checks 
Nazareno1999: checks 
*** RIVER *** [Tc 5s 3c Js] [7c]
Paiiiiii: checks 
Nazareno1999: checks 
*** SHOW DOWN ***
Paiiiiii: shows [2c Ad] (high card Ace)
Nazareno1999: shows [6h 5h] (a pair of Fives)
Nazareno1999 collected $13.89 from pot
*** SUMMARY ***
Total pot $14.62 | Rake $0.73 
Board [Tc 5s 3c Js 7c]
Seat 1: IREQO (big blind) folded before Flop
Seat 2: kars0n folded before Flop (didn't bet)
Seat 3: Paiiiiii showed [2c Ad] and lost with high card Ace
Seat 4: UnRRRReal folded before Flop (didn't bet)
Seat 5: Nazareno1999 (button) showed [6h 5h] and won ($13.89) with a pair of Fives
Seat 6: fataleggs13 (small blind) folded before Flop



PokerStars Hand #254373718990:  Hold'em No Limit ($0.50/$1.00 USD) - 2025/01/14 22:13:58 WET [2025/01/14 17:13:58 ET]
Table 'Aunus III' 6-max Seat #6 is the button
Seat 1: IREQO ($100 in chips) 
Seat 2: kars0n ($106.23 in chips) 
Seat 3: Paiiiiii ($93.44 in chips) 
Seat 4: UnRRRReal ($100 in chips) 
Seat 5: Nazareno1999 ($107.33 in chips) 
Seat 6: fataleggs13 ($134.47 in chips) 
IREQO: posts small blind $0.50
kars0n: posts big blind $1
*** HOLE CARDS ***
Paiiiiii: raises $2.50 to $3.50
UnRRRReal: folds 
Nazareno1999: folds 
fataleggs13: folds 
IREQO: folds 
kars0n: folds 
Uncalled bet ($2.50) returned to Paiiiiii
Paiiiiii collected $2.50 from pot
Paiiiiii: doesn't show hand 
*** SUMMARY ***
Total pot $2.50 | Rake $0 
Seat 1: IREQO (small blind) folded before Flop
Seat 2: kars0n (big blind) folded before Flop
Seat 3: Paiiiiii collected ($2.50)
Seat 4: UnRRRReal folded before Flop (didn't bet)
Seat 5: Nazareno1999 folded before Flop (didn't bet)
Seat 6: fataleggs13 (button) folded before Flop (didn't bet)



PokerStars Hand #254373729555:  Hold'em No Limit ($0.50/$1.00 USD) - 2025/01/14 22:14:34 WET [2025/01/14 17:14:34 ET]
Table 'Aunus III' 6-max Seat #1 is the button
Seat 1: IREQO ($100 in chips) 
Seat 2: kars0n ($105.23 in chips) 
Seat 3: Paiiiiii ($94.94 in chips) 
Seat 4: UnRRRReal ($100 in chips) 
Seat 5: Nazareno1999 ($107.33 in chips) 
Seat 6: fataleggs13 ($134.47 in chips) 
kars0n: posts small blind $0.50
Paiiiiii: posts big blind $1
*** HOLE CARDS ***
UnRRRReal: folds 
Nazareno1999: folds 
fataleggs13: folds 
IREQO: folds 
kars0n: raises $2 to $3
Paiiiiii: calls $2
*** FLOP *** [4d 6d Ad]
kars0n: checks 
Paiiiiii: checks 
*** TURN *** [4d 6d Ad] [Qc]
kars0n: checks 
Paiiiiii: checks 
*** RIVER *** [4d 6d Ad Qc] [8h]
kars0n: bets $15
Paiiiiii: folds 
Uncalled bet ($15) returned to kars0n
kars0n collected $5.70 from pot
kars0n: doesn't show hand 
*** SUMMARY ***
Total pot $6 | Rake $0.30 
Board [4d 6d Ad Qc 8h]
Seat 1: IREQO (button) folded before Flop (didn't bet)
Seat 2: kars0n (small blind) collected ($5.70)
Seat 3: Paiiiiii (big blind) folded on the River
Seat 4: UnRRRReal folded before Flop (didn't bet)
Seat 5: Nazareno1999 folded before Flop (didn't bet)
Seat 6: fataleggs13 folded before Flop (didn't bet)



PokerStars Hand #254373742423:  Hold'em No Limit ($0.50/$1.00 USD) - 2025/01/14 22:15:16 WET [2025/01/14 17:15:16 ET]
Table 'Aunus III' 6-max Seat #2 is the button
Seat 1: IREQO ($100 in chips) 
Seat 2: kars0n ($107.93 in chips) 
Seat 3: Paiiiiii ($91.94 in chips) 
Seat 4: UnRRRReal ($100 in chips) 
Seat 5: Nazareno1999 ($107.33 in chips) 
Seat 6: fataleggs13 ($134.47 in chips) 
Paiiiiii: posts small blind $0.50
UnRRRReal: posts big blind $1
*** HOLE CARDS ***
Nazareno1999: folds 
fataleggs13: raises $1.20 to $2.20
IREQO: folds 
kars0n: folds 
Paiiiiii: calls $1.70
UnRRRReal: folds 
*** FLOP *** [5d 5c 2d]
Paiiiiii: checks 
fataleggs13: bets $1.80
Paiiiiii: folds 
Uncalled bet ($1.80) returned to fataleggs13
fataleggs13 collected $5.13 from pot
fataleggs13: doesn't show hand 
*** SUMMARY ***
Total pot $5.40 | Rake $0.27 
Board [5d 5c 2d]
Seat 1: IREQO folded before Flop (didn't bet)
Seat 2: kars0n (button) folded before Flop (didn't bet)
Seat 3: Paiiiiii (small blind) folded on the Flop
Seat 4: UnRRRReal (big blind) folded before Flop
Seat 5: Nazareno1999 folded before Flop (didn't bet)
Seat 6: fataleggs13 collected ($5.13)



PokerStars Hand #254373758992:  Hold'em No Limit ($0.50/$1.00 USD) - 2025/01/14 22:16:10 WET [2025/01/14 17:16:10 ET]
Table 'Aunus III' 6-max Seat #3 is the button
Seat 1: IREQO ($100 in chips) 
Seat 2: kars0n ($107.93 in chips) 
Seat 3: Paiiiiii ($89.74 in chips) 
Seat 4: UnRRRReal ($100 in chips) 
Seat 5: Nazareno1999 ($107.33 in chips) 
Seat 6: fataleggs13 ($137.40 in chips) 
UnRRRReal: posts small blind $0.50
Nazareno1999: posts big blind $1
*** HOLE CARDS ***
fataleggs13: raises $1.20 to $2.20
IREQO: calls $2.20
kars0n: folds 
Paiiiiii: calls $2.20
UnRRRReal: folds 
Nazareno1999: calls $1.20
*** FLOP *** [2s Kc Jd]
Nazareno1999: checks 
fataleggs13: checks 
IREQO: checks 
Paiiiiii: checks 
*** TURN *** [2s Kc Jd] [7s]
Nazareno1999: bets $6.63
fataleggs13: calls $6.63
IREQO: folds 
Paiiiiii: folds 
*** RIVER *** [2s Kc Jd 7s] [4h]
Nazareno1999: bets $26.50
fataleggs13: calls $26.50
*** SHOW DOWN ***
Nazareno1999: shows [2d Kd] (two pair, Kings and Deuces)
fataleggs13: mucks hand 
Nazareno1999 collected $73.06 from pot
*** SUMMARY ***
Total pot $75.56 | Rake $2.50 
Board [2s Kc Jd 7s 4h]
Seat 1: IREQO folded on the Turn
Seat 2: kars0n folded before Flop (didn't bet)
Seat 3: Paiiiiii (button) folded on the Turn
Seat 4: UnRRRReal (small blind) folded before Flop
Seat 5: Nazareno1999 (big blind) showed [2d Kd] and won ($73.06) with two pair, Kings and Deuces
Seat 6: fataleggs13 mucked



PokerStars Hand #254373789892:  Hold'em No Limit ($0.50/$1.00 USD) - 2025/01/14 22:17:51 WET [2025/01/14 17:17:51 ET]
Table 'Aunus III' 6-max Seat #4 is the button
Seat 1: IREQO ($100 in chips) 
Seat 2: kars0n ($107.93 in chips) 
Seat 3: Paiiiiii ($87.54 in chips) 
Seat 4: UnRRRReal ($100 in chips) 
Seat 5: Nazareno1999 ($145.06 in chips) 
Seat 6: fataleggs13 ($102.07 in chips) 
Nazareno1999: posts small blind $0.50
fataleggs13: posts big blind $1
*** HOLE CARDS ***
IREQO: folds 
kars0n: raises $1 to $2
Paiiiiii: folds 
UnRRRReal: folds 
Nazareno1999: folds 
fataleggs13: calls $1
*** FLOP *** [Qs Jd 3h]
fataleggs13: checks 
kars0n: checks 
*** TURN *** [Qs Jd 3h] [9d]
fataleggs13: checks 
kars0n: checks 
*** RIVER *** [Qs Jd 3h 9d] [Qd]
fataleggs13: checks 
kars0n: checks 
*** SHOW DOWN ***
fataleggs13: shows [8c Kc] (a pair of Queens)
kars0n: shows [4h 4d] (two pair, Queens and Fours)
kars0n collected $4.28 from pot
*** SUMMARY ***
Total pot $4.50 | Rake $0.22 
Board [Qs Jd 3h 9d Qd]
Seat 1: IREQO folded before Flop (didn't bet)
Seat 2: kars0n showed [4h 4d] and won ($4.28) with two pair, Queens and Fours
Seat 3: Paiiiiii folded before Flop (didn't bet)
Seat 4: UnRRRReal (button) folded before Flop (didn't bet)
Seat 5: Nazareno1999 (small blind) folded before Flop
Seat 6: fataleggs13 (big blind) showed [8c Kc] and lost with a pair of Queens



PokerStars Hand #254373799029:  Hold'em No Limit ($0.50/$1.00 USD) - 2025/01/14 22:18:21 WET [2025/01/14 17:18:21 ET]
Table 'Aunus III' 6-max Seat #5 is the button
Seat 1: IREQO ($100 in chips) 
Seat 2: kars0n ($110.21 in chips) 
Seat 3: Paiiiiii ($87.54 in chips) 
Seat 4: UnRRRReal ($100 in chips) 
Seat 5: Nazareno1999 ($144.56 in chips) 
Seat 6: fataleggs13 ($100.07 in chips) 
fataleggs13: posts small blind $0.50
IREQO: posts big blind $1
*** HOLE CARDS ***
kars0n: folds 
Paiiiiii: folds 
UnRRRReal: folds 
Nazareno1999: folds 
fataleggs13: raises $2 to $3
IREQO: calls $2
*** FLOP *** [5h 4c Qc]
fataleggs13: bets $4.28
IREQO: folds 
Uncalled bet ($4.28) returned to fataleggs13
fataleggs13 collected $5.70 from pot
fataleggs13: doesn't show hand 
*** SUMMARY ***
Total pot $6 | Rake $0.30 
Board [5h 4c Qc]
Seat 1: IREQO (big blind) folded on the Flop
Seat 2: kars0n folded before Flop (didn't bet)
Seat 3: Paiiiiii folded before Flop (didn't bet)
Seat 4: UnRRRReal folded before Flop (didn't bet)
Seat 5: Nazareno1999 (button) folded before Flop (didn't bet)
Seat 6: fataleggs13 (small blind) collected ($5.70)



PokerStars Hand #254373810694:  Hold'em No Limit ($0.50/$1.00 USD) - 2025/01/14 22:19:00 WET [2025/01/14 17:19:00 ET]
Table 'Aunus III' 6-max Seat #6 is the button
Seat 1: IREQO ($100 in chips) 
Seat 2: kars0n ($110.21 in chips) 
Seat 3: Paiiiiii ($87.54 in chips) 
Seat 4: UnRRRReal ($100 in chips) 
Seat 5: Nazareno1999 ($144.56 in chips) 
Seat 6: fataleggs13 ($102.77 in chips) 
IREQO: posts small blind $0.50
kars0n: posts big blind $1
*** HOLE CARDS ***
Paiiiiii: folds 
UnRRRReal: raises $1.50 to $2.50
Nazareno1999: folds 
fataleggs13: folds 
IREQO: folds 
kars0n: calls $1.50
*** FLOP *** [4h 8s 4c]
kars0n: checks 
UnRRRReal: bets $1.72
kars0n: raises $3.78 to $5.50
UnRRRReal: calls $3.78
*** TURN *** [4h 8s 4c] [2d]
kars0n: checks 
UnRRRReal: bets $8.15
kars0n: calls $8.15
*** RIVER *** [4h 8s 4c 2d] [Ks]
kars0n: checks 
UnRRRReal: checks 
*** SHOW DOWN ***
kars0n: shows [6s 6h] (two pair, Sixes and Fours)
UnRRRReal: shows [Jh Jd] (two pair, Jacks and Fours)
UnRRRReal collected $31.16 from pot
*** SUMMARY ***
Total pot $32.80 | Rake $1.64 
Board [4h 8s 4c 2d Ks]
Seat 1: IREQO (small blind) folded before Flop
Seat 2: kars0n (big blind) showed [6s 6h] and lost with two pair, Sixes and Fours
Seat 3: Paiiiiii folded before Flop (didn't bet)
Seat 4: UnRRRReal showed [Jh Jd] and won ($31.16) with two pair, Jacks and Fours
Seat 5: Nazareno1999 folded before Flop (didn't bet)
Seat 6: fataleggs13 (button) folded before Flop (didn't bet)



PokerStars Hand #254373828516:  Hold'em No Limit ($0.50/$1.00 USD) - 2025/01/14 22:19:59 WET [2025/01/14 17:19:59 ET]
Table 'Aunus III' 6-max Seat #1 is the button
Seat 1: IREQO ($100 in chips) 
Seat 2: kars0n ($100 in chips) 
Seat 3: Paiiiiii ($87.54 in chips) 
Seat 4: UnRRRReal ($115.01 in chips) 
Seat 5: Nazareno1999 ($144.56 in chips) 
Seat 6: fataleggs13 ($102.77 in chips) 
kars0n: posts small blind $0.50
Paiiiiii: posts big blind $1
*** HOLE CARDS ***
UnRRRReal: folds 
Nazareno1999: raises $1.20 to $2.20
fataleggs13: raises $4.80 to $7
IREQO: folds 
kars0n: folds 
Paiiiiii: folds 
Nazareno1999: raises $14 to $21
fataleggs13: folds 
Uncalled bet ($14) returned to Nazareno1999
Nazareno1999 collected $15.50 from pot
*** SUMMARY ***
Total pot $15.50 | Rake $0 
Seat 1: IREQO (button) folded before Flop (didn't bet)
Seat 2: kars0n (small blind) folded before Flop
Seat 3: Paiiiiii (big blind) folded before Flop
Seat 4: UnRRRReal folded before Flop (didn't bet)
Seat 5: Nazareno1999 collected ($15.50)
Seat 6: fataleggs13 folded before Flop



PokerStars Hand #254373843781:  Hold'em No Limit ($0.50/$1.00 USD) - 2025/01/14 22:20:50 WET [2025/01/14 17:20:50 ET]
Table 'Aunus III' 6-max Seat #2 is the button
Seat 1: IREQO ($100 in chips) 
Seat 2: kars0n ($100 in chips) 
Seat 3: Paiiiiii ($86.54 in chips) 
Seat 4: UnRRRReal ($115.01 in chips) 
Seat 5: Nazareno1999 ($153.06 in chips) 
Seat 6: fataleggs13 ($95.77 in chips) 
Paiiiiii: posts small blind $0.50
UnRRRReal: posts big blind $1
*** HOLE CARDS ***
Nazareno1999: raises $1.20 to $2.20
fataleggs13: folds 
IREQO: folds 
kars0n: folds 
Paiiiiii: folds 
UnRRRReal: folds 
Uncalled bet ($1.20) returned to Nazareno1999
Nazareno1999 collected $2.50 from pot
Nazareno1999: doesn't show hand 
*** SUMMARY ***
Total pot $2.50 | Rake $0 
Seat 1: IREQO folded before Flop (didn't bet)
Seat 2: kars0n (button) folded before Flop (didn't bet)
Seat 3: Paiiiiii (small blind) folded before Flop
Seat 4: UnRRRReal (big blind) folded before Flop
Seat 5: Nazareno1999 collected ($2.50)
Seat 6: fataleggs13 folded before Flop (didn't bet)



PokerStars Hand #254373852170:  Hold'em No Limit ($0.50/$1.00 USD) - 2025/01/14 22:21:18 WET [2025/01/14 17:21:18 ET]
Table 'Aunus III' 6-max Seat #3 is the button
Seat 1: IREQO ($100 in chips) 
Seat 2: kars0n ($100 in chips) 
Seat 3: Paiiiiii ($86.04 in chips) 
Seat 4: UnRRRReal ($114.01 in chips) 
Seat 5: Nazareno1999 ($154.56 in chips) 
Seat 6: fataleggs13 ($95.77 in chips) 
UnRRRReal: posts small blind $0.50
Nazareno1999: posts big blind $1
*** HOLE CARDS ***
fataleggs13: raises $1.20 to $2.20
IREQO: folds 
kars0n: raises $5.30 to $7.50
Paiiiiii: folds 
UnRRRReal: folds 
Nazareno1999: folds 
fataleggs13: calls $5.30
*** FLOP *** [3h 9s Ts]
fataleggs13: checks 
kars0n: bets $5.17
fataleggs13: folds 
Uncalled bet ($5.17) returned to kars0n
kars0n collected $15.68 from pot
kars0n: doesn't show hand 
*** SUMMARY ***
Total pot $16.50 | Rake $0.82 
Board [3h 9s Ts]
Seat 1: IREQO folded before Flop (didn't bet)
Seat 2: kars0n collected ($15.68)
Seat 3: Paiiiiii (button) folded before Flop (didn't bet)
Seat 4: UnRRRReal (small blind) folded before Flop
Seat 5: Nazareno1999 (big blind) folded before Flop
Seat 6: fataleggs13 folded on the Flop



PokerStars Hand #254373867191:  Hold'em No Limit ($0.50/$1.00 USD) - 2025/01/14 22:22:08 WET [2025/01/14 17:22:08 ET]
Table 'Aunus III' 6-max Seat #4 is the button
Seat 1: IREQO ($100 in chips) 
Seat 2: kars0n ($108.18 in chips) 
Seat 3: Paiiiiii ($86.04 in chips) 
Seat 4: UnRRRReal ($113.51 in chips) 
Seat 5: Nazareno1999 ($153.56 in chips) 
Seat 6: fataleggs13 ($88.27 in chips) 
Nazareno1999: posts small blind $0.50
fataleggs13: posts big blind $1
*** HOLE CARDS ***
IREQO: folds 
kars0n: raises $1 to $2
Paiiiiii: calls $2
UnRRRReal: folds 
Nazareno1999: folds 
fataleggs13: folds 
*** FLOP *** [3d Ac Qh]
kars0n: bets $3.92
Paiiiiii: calls $3.92
*** TURN *** [3d Ac Qh] [Ts]
kars0n: checks 
Paiiiiii: checks 
*** RIVER *** [3d Ac Qh Ts] [3s]
kars0n: checks 
Paiiiiii: bets $6.34
kars0n: folds 
Uncalled bet ($6.34) returned to Paiiiiii
Paiiiiii collected $12.67 from pot
Paiiiiii: doesn't show hand 
*** SUMMARY ***
Total pot $13.34 | Rake $0.67 
Board [3d Ac Qh Ts 3s]
Seat 1: IREQO folded before Flop (didn't bet)
Seat 2: kars0n folded on the River
Seat 3: Paiiiiii collected ($12.67)
Seat 4: UnRRRReal (button) folded before Flop (didn't bet)
Seat 5: Nazareno1999 (small blind) folded before Flop
Seat 6: fataleggs13 (big blind) folded before Flop



PokerStars Hand #254373882124:  Hold'em No Limit ($0.50/$1.00 USD) - 2025/01/14 22:22:58 WET [2025/01/14 17:22:58 ET]
Table 'Aunus III' 6-max Seat #5 is the button
Seat 1: IREQO ($100 in chips) 
Seat 2: kars0n ($102.26 in chips) 
Seat 3: Paiiiiii ($92.79 in chips) 
Seat 4: UnRRRReal ($113.51 in chips) 
Seat 5: Nazareno1999 ($153.06 in chips) 
Seat 6: fataleggs13 ($87.27 in chips) 
fataleggs13: posts small blind $0.50
IREQO: posts big blind $1
*** HOLE CARDS ***
kars0n: folds 
Paiiiiii: calls $1
UnRRRReal: folds 
Nazareno1999: folds 
fataleggs13: calls $0.50
IREQO: checks 
*** FLOP *** [Jh Jd Qs]
fataleggs13: checks 
IREQO: checks 
Paiiiiii: bets $1.43
fataleggs13: raises $5.07 to $6.50
IREQO: folds 
Paiiiiii: calls $5.07
*** TURN *** [Jh Jd Qs] [2s]
fataleggs13: bets $12
Paiiiiii: calls $12
*** RIVER *** [Jh Jd Qs 2s] [6h]
fataleggs13: bets $38
Paiiiiii: calls $38
*** SHOW DOWN ***
fataleggs13: shows [Js 8s] (three of a kind, Jacks)
Paiiiiii: shows [Ts Jc] (three of a kind, Jacks - Queen+Ten kicker)
Paiiiiii collected $113.50 from pot
*** SUMMARY ***
Total pot $116 | Rake $2.50 
Board [Jh Jd Qs 2s 6h]
Seat 1: IREQO (big blind) folded on the Flop
Seat 2: kars0n folded before Flop (didn't bet)
Seat 3: Paiiiiii showed [Ts Jc] and won ($113.50) with three of a kind, Jacks
Seat 4: UnRRRReal folded before Flop (didn't bet)
Seat 5: Nazareno1999 (button) folded before Flop (didn't bet)
Seat 6: fataleggs13 (small blind) showed [Js 8s] and lost with three of a kind, Jacks



PokerStars Hand #254373904966:  Hold'em No Limit ($0.50/$1.00 USD) - 2025/01/14 22:24:14 WET [2025/01/14 17:24:14 ET]
Table 'Aunus III' 6-max Seat #6 is the button
Seat 1: IREQO ($100 in chips) 
Seat 2: kars0n ($102.26 in chips) 
Seat 3: Paiiiiii ($148.79 in chips) 
Seat 4: UnRRRReal ($113.51 in chips) 
Seat 5: Nazareno1999 ($153.06 in chips) 
Seat 6: fataleggs13 ($75 in chips) 
IREQO: posts small blind $0.50
kars0n: posts big blind $1
*** HOLE CARDS ***
Paiiiiii: folds 
UnRRRReal: folds 
Nazareno1999: folds 
fataleggs13: raises $1.50 to $2.50
IREQO: folds 
kars0n: calls $1.50
*** FLOP *** [Ad 4d Th]
kars0n: checks 
fataleggs13: checks 
*** TURN *** [Ad 4d Th] [Ac]
kars0n: checks 
fataleggs13: checks 
*** RIVER *** [Ad 4d Th Ac] [5s]
kars0n: bets $4
fataleggs13: folds 
Uncalled bet ($4) returned to kars0n
kars0n collected $5.22 from pot
kars0n: doesn't show hand 
*** SUMMARY ***
Total pot $5.50 | Rake $0.28 
Board [Ad 4d Th Ac 5s]
Seat 1: IREQO (small blind) folded before Flop
Seat 2: kars0n (big blind) collected ($5.22)
Seat 3: Paiiiiii folded before Flop (didn't bet)
Seat 4: UnRRRReal folded before Flop (didn't bet)
Seat 5: Nazareno1999 folded before Flop (didn't bet)
Seat 6: fataleggs13 (button) folded on the River



PokerStars Hand #254373919896:  Hold'em No Limit ($0.50/$1.00 USD) - 2025/01/14 22:25:05 WET [2025/01/14 17:25:05 ET]
Table 'Aunus III' 6-max Seat #1 is the button
Seat 1: IREQO ($100 in chips) 
Seat 2: kars0n ($104.98 in chips) 
Seat 3: Paiiiiii ($148.79 in chips) 
Seat 4: UnRRRReal ($113.51 in chips) 
Seat 5: Nazareno1999 ($153.06 in chips) 
Seat 6: fataleggs13 ($75 in chips) 
kars0n: posts small blind $0.50
Paiiiiii: posts big blind $1
*** HOLE CARDS ***
UnRRRReal: folds 
Nazareno1999: folds 
fataleggs13: folds 
IREQO: raises $1.50 to $2.50
kars0n: folds 
Paiiiiii: folds 
Uncalled bet ($1.50) returned to IREQO
IREQO collected $2.50 from pot
IREQO: doesn't show hand 
*** SUMMARY ***
Total pot $2.50 | Rake $0 
Seat 1: IREQO (button) collected ($2.50)
Seat 2: kars0n (small blind) folded before Flop
Seat 3: Paiiiiii (big blind) folded before Flop
Seat 4: UnRRRReal folded before Flop (didn't bet)
Seat 5: Nazareno1999 folded before Flop (didn't bet)
Seat 6: fataleggs13 folded before Flop (didn't bet)



PokerStars Hand #254373928888:  Hold'em No Limit ($0.50/$1.00 USD) - 2025/01/14 22:25:35 WET [2025/01/14 17:25:35 ET]
Table 'Aunus III' 6-max Seat #2 is the button
Seat 1: IREQO ($101.50 in chips) 
Seat 2: kars0n ($104.48 in chips) 
Seat 3: Paiiiiii ($147.79 in chips) 
Seat 4: UnRRRReal ($113.51 in chips) 
Seat 5: Nazareno1999 ($153.06 in chips) 
Seat 6: fataleggs13 ($75 in chips) 
Paiiiiii: posts small blind $0.50
UnRRRReal: posts big blind $1
*** HOLE CARDS ***
Nazareno1999: folds 
fataleggs13: folds 
IREQO: folds 
kars0n: raises $1.50 to $2.50
Paiiiiii: folds 
UnRRRReal: folds 
Uncalled bet ($1.50) returned to kars0n
kars0n collected $2.50 from pot
kars0n: doesn't show hand 
*** SUMMARY ***
Total pot $2.50 | Rake $0 
Seat 1: IREQO folded before Flop (didn't bet)
Seat 2: kars0n (button) collected ($2.50)
Seat 3: Paiiiiii (small blind) folded before Flop
Seat 4: UnRRRReal (big blind) folded before Flop
Seat 5: Nazareno1999 folded before Flop (didn't bet)
Seat 6: fataleggs13 folded before Flop (didn't bet)



PokerStars Hand #254373939491:  Hold'em No Limit ($0.50/$1.00 USD) - 2025/01/14 22:26:11 WET [2025/01/14 17:26:11 ET]
Table 'Aunus III' 6-max Seat #3 is the button
Seat 1: IREQO ($101.50 in chips) 
Seat 2: kars0n ($105.98 in chips) 
Seat 3: Paiiiiii ($147.29 in chips) 
Seat 4: UnRRRReal ($112.51 in chips) 
Seat 5: Nazareno1999 ($153.06 in chips) 
Seat 6: fataleggs13 ($75 in chips) 
UnRRRReal: posts small blind $0.50
Nazareno1999: posts big blind $1
*** HOLE CARDS ***
fataleggs13: folds 
IREQO: folds 
kars0n: raises $1.50 to $2.50
Paiiiiii: calls $2.50
UnRRRReal: calls $2
Nazareno1999: calls $1.50
*** FLOP *** [5s 2c 7s]
UnRRRReal: bets $3.14
Nazareno1999: folds 
kars0n: folds 
Paiiiiii: folds 
Uncalled bet ($3.14) returned to UnRRRReal
UnRRRReal collected $9.50 from pot
UnRRRReal: doesn't show hand 
*** SUMMARY ***
Total pot $10 | Rake $0.50 
Board [5s 2c 7s]
Seat 1: IREQO folded before Flop (didn't bet)
Seat 2: kars0n folded on the Flop
Seat 3: Paiiiiii (button) folded on the Flop
Seat 4: UnRRRReal (small blind) collected ($9.50)
Seat 5: Nazareno1999 (big blind) folded on the Flop
Seat 6: fataleggs13 folded before Flop (didn't bet)



PokerStars Hand #254373949953:  Hold'em No Limit ($0.50/$1.00 USD) - 2025/01/14 22:26:46 WET [2025/01/14 17:26:46 ET]
Table 'Aunus III' 6-max Seat #4 is the button
Seat 1: IREQO ($101.50 in chips) 
Seat 2: kars0n ($103.48 in chips) 
Seat 3: Paiiiiii ($144.79 in chips) 
Seat 4: UnRRRReal ($119.51 in chips) 
Seat 5: Nazareno1999 ($150.56 in chips) 
Seat 6: fataleggs13 ($75 in chips) 
Nazareno1999: posts small blind $0.50
fataleggs13: posts big blind $1
*** HOLE CARDS ***
IREQO: folds 
kars0n: folds 
Paiiiiii: calls $1
UnRRRReal: raises $3.50 to $4.50
Nazareno1999: folds 
fataleggs13: folds 
Paiiiiii: calls $3.50
*** FLOP *** [Kc 8s Td]
Paiiiiii: checks 
UnRRRReal: bets $3.29
Paiiiiii: calls $3.29
*** TURN *** [Kc 8s Td] [Kd]
Paiiiiii: checks 
UnRRRReal: bets $12.17
Paiiiiii: calls $12.17
*** RIVER *** [Kc 8s Td Kd] [2h]
Paiiiiii: checks 
UnRRRReal: checks 
*** SHOW DOWN ***
Paiiiiii: shows [4d 8d] (two pair, Kings and Eights)
UnRRRReal: mucks hand 
Paiiiiii collected $39.35 from pot
*** SUMMARY ***
Total pot $41.42 | Rake $2.07 
Board [Kc 8s Td Kd 2h]
Seat 1: IREQO folded before Flop (didn't bet)
Seat 2: kars0n folded before Flop (didn't bet)
Seat 3: Paiiiiii showed [4d 8d] and won ($39.35) with two pair, Kings and Eights
Seat 4: UnRRRReal (button) mucked
Seat 5: Nazareno1999 (small blind) folded before Flop
Seat 6: fataleggs13 (big blind) folded before Flop



PokerStars Hand #254373963202:  Hold'em No Limit ($0.50/$1.00 USD) - 2025/01/14 22:27:31 WET [2025/01/14 17:27:31 ET]
Table 'Aunus III' 6-max Seat #5 is the button
Seat 1: IREQO ($101.50 in chips) 
Seat 2: kars0n ($103.48 in chips) 
Seat 3: Paiiiiii ($164.18 in chips) 
Seat 4: UnRRRReal ($100 in chips) 
Seat 5: Nazareno1999 ($150.06 in chips) 
Seat 6: fataleggs13 ($75 in chips) 
fataleggs13: posts small blind $0.50
IREQO: posts big blind $1
*** HOLE CARDS ***
kars0n: folds 
Paiiiiii: folds 
UnRRRReal: folds 
Nazareno1999: folds 
fataleggs13: raises $2 to $3
IREQO: raises $7 to $10
fataleggs13: calls $7
*** FLOP *** [7h 9d Ad]
fataleggs13: checks 
IREQO: checks 
*** TURN *** [7h 9d Ad] [3d]
fataleggs13: checks 
IREQO: bets $9.50
fataleggs13: calls $9.50
*** RIVER *** [7h 9d Ad 3d] [5d]
fataleggs13: bets $1
IREQO: calls $1
*** SHOW DOWN ***
fataleggs13: shows [Qc Kd] (a flush, Ace high)
IREQO: mucks hand 
fataleggs13 collected $38.95 from pot
*** SUMMARY ***
Total pot $41 | Rake $2.05 
Board [7h 9d Ad 3d 5d]
Seat 1: IREQO (big blind) mucked
Seat 2: kars0n folded before Flop (didn't bet)
Seat 3: Paiiiiii folded before Flop (didn't bet)
Seat 4: UnRRRReal folded before Flop (didn't bet)
Seat 5: Nazareno1999 (button) folded before Flop (didn't bet)
Seat 6: fataleggs13 (small blind) showed [Qc Kd] and won ($38.95) with a flush, Ace high



PokerStars Hand #254373991347:  Hold'em No Limit ($0.50/$1.00 USD) - 2025/01/14 22:29:06 WET [2025/01/14 17:29:06 ET]
Table 'Aunus III' 6-max Seat #6 is the button
Seat 1: IREQO ($100 in chips) 
Seat 2: kars0n ($103.48 in chips) 
Seat 3: Paiiiiii ($164.18 in chips) 
Seat 4: UnRRRReal ($100 in chips) 
Seat 5: Nazareno1999 ($150.06 in chips) 
Seat 6: fataleggs13 ($93.45 in chips) 
IREQO: posts small blind $0.50
kars0n: posts big blind $1
*** HOLE CARDS ***
Paiiiiii: calls $1
UnRRRReal: folds 
Nazareno1999: folds 
fataleggs13: folds 
IREQO: folds 
kars0n: checks 
*** FLOP *** [Kh Kd 7s]
kars0n: checks 
Paiiiiii: checks 
*** TURN *** [Kh Kd 7s] [Kc]
kars0n: checks 
Paiiiiii: checks 
*** RIVER *** [Kh Kd 7s Kc] [Qd]
kars0n: bets $2
Paiiiiii: raises $161.18 to $163.18 and is all-in
kars0n: folds 
Uncalled bet ($161.18) returned to Paiiiiii
Paiiiiii collected $6.18 from pot
Paiiiiii: doesn't show hand 
*** SUMMARY ***
Total pot $6.50 | Rake $0.32 
Board [Kh Kd 7s Kc Qd]
Seat 1: IREQO (small blind) folded before Flop
Seat 2: kars0n (big blind) folded on the River
Seat 3: Paiiiiii collected ($6.18)
Seat 4: UnRRRReal folded before Flop (didn't bet)
Seat 5: Nazareno1999 folded before Flop (didn't bet)
Seat 6: fataleggs13 (button) folded before Flop (didn't bet)



PokerStars Hand #254374006203:  Hold'em No Limit ($0.50/$1.00 USD) - 2025/01/14 22:29:56 WET [2025/01/14 17:29:56 ET]
Table 'Aunus III' 6-max Seat #1 is the button
Seat 1: IREQO ($100 in chips) 
Seat 2: kars0n ($100.48 in chips) 
Seat 3: Paiiiiii ($167.36 in chips) 
Seat 4: UnRRRReal ($100 in chips) 
Seat 5: Nazareno1999 ($150.06 in chips) 
Seat 6: fataleggs13 ($93.45 in chips) 
kars0n: posts small blind $0.50
Paiiiiii: posts big blind $1
*** HOLE CARDS ***
UnRRRReal: folds 
Nazareno1999: raises $1.20 to $2.20
fataleggs13: folds 
IREQO: folds 
kars0n: folds 
Paiiiiii: calls $1.20
*** FLOP *** [8h Qd Kd]
Paiiiiii: checks 
Nazareno1999: bets $1.17
Paiiiiii: calls $1.17
*** TURN *** [8h Qd Kd] [4c]
Paiiiiii: checks 
Nazareno1999: checks 
*** RIVER *** [8h Qd Kd 4c] [6s]
Paiiiiii: bets $6.88
Nazareno1999: folds 
Uncalled bet ($6.88) returned to Paiiiiii
Paiiiiii collected $6.88 from pot
Paiiiiii: doesn't show hand 
*** SUMMARY ***
Total pot $7.24 | Rake $0.36 
Board [8h Qd Kd 4c 6s]
Seat 1: IREQO (button) folded before Flop (didn't bet)
Seat 2: kars0n (small blind) folded before Flop
Seat 3: Paiiiiii (big blind) collected ($6.88)
Seat 4: UnRRRReal folded before Flop (didn't bet)
Seat 5: Nazareno1999 folded on the River
Seat 6: fataleggs13 folded before Flop (didn't bet)



PokerStars Hand #254374017986:  Hold'em No Limit ($0.50/$1.00 USD) - 2025/01/14 22:30:35 WET [2025/01/14 17:30:35 ET]
Table 'Aunus III' 6-max Seat #2 is the button
Seat 1: IREQO ($100 in chips) 
Seat 2: kars0n ($100 in chips) 
Seat 3: Paiiiiii ($170.87 in chips) 
Seat 4: UnRRRReal ($100 in chips) 
Seat 5: Nazareno1999 ($146.69 in chips) 
Seat 6: fataleggs13 ($93.45 in chips) 
Paiiiiii: posts small blind $0.50
UnRRRReal: posts big blind $1
*** HOLE CARDS ***
Nazareno1999: raises $1.20 to $2.20
fataleggs13: folds 
IREQO: folds 
kars0n: folds 
Paiiiiii: folds 
UnRRRReal: calls $1.20
*** FLOP *** [3d 4h Qh]
UnRRRReal: checks 
Nazareno1999: bets $1.54
UnRRRReal: calls $1.54
*** TURN *** [3d 4h Qh] [6c]
UnRRRReal: checks 
Nazareno1999: checks 
*** RIVER *** [3d 4h Qh 6c] [4c]
UnRRRReal: checks 
Nazareno1999: bets $6.19
UnRRRReal: raises $29.94 to $36.13
Nazareno1999: calls $29.94
*** SHOW DOWN ***
UnRRRReal: shows [6s 6h] (a full house, Sixes full of Fours)
Nazareno1999: mucks hand 
UnRRRReal collected $77.74 from pot
*** SUMMARY ***
Total pot $80.24 | Rake $2.50 
Board [3d 4h Qh 6c 4c]
Seat 1: IREQO folded before Flop (didn't bet)
Seat 2: kars0n (button) folded before Flop (didn't bet)
Seat 3: Paiiiiii (small blind) folded before Flop
Seat 4: UnRRRReal (big blind) showed [6s 6h] and won ($77.74) with a full house, Sixes full of Fours
Seat 5: Nazareno1999 mucked
Seat 6: fataleggs13 folded before Flop (didn't bet)



PokerStars Hand #254374052356:  Hold'em No Limit ($0.50/$1.00 USD) - 2025/01/14 22:32:31 WET [2025/01/14 17:32:31 ET]
Table 'Aunus III' 6-max Seat #3 is the button
Seat 1: IREQO ($100 in chips) 
Seat 2: kars0n ($100 in chips) 
Seat 3: Paiiiiii ($170.37 in chips) 
Seat 4: UnRRRReal ($137.87 in chips) 
Seat 5: Nazareno1999 ($106.82 in chips) 
Seat 6: fataleggs13 ($93.45 in chips) 
UnRRRReal: posts small blind $0.50
Nazareno1999: posts big blind $1
*** HOLE CARDS ***
fataleggs13: folds 
IREQO: folds 
kars0n: folds 
Paiiiiii: calls $1
UnRRRReal: raises $3 to $4
Nazareno1999: folds 
Paiiiiii: calls $3
*** FLOP *** [2h Tc 6c]
UnRRRReal: checks 
Paiiiiii: checks 
*** TURN *** [2h Tc 6c] [Ad]
UnRRRReal: bets $6.41
Paiiiiii: folds 
Uncalled bet ($6.41) returned to UnRRRReal
UnRRRReal collected $8.55 from pot
UnRRRReal: doesn't show hand 
*** SUMMARY ***
Total pot $9 | Rake $0.45 
Board [2h Tc 6c Ad]
Seat 1: IREQO folded before Flop (didn't bet)
Seat 2: kars0n folded before Flop (didn't bet)
Seat 3: Paiiiiii (button) folded on the Turn
Seat 4: UnRRRReal (small blind) collected ($8.55)
Seat 5: Nazareno1999 (big blind) folded before Flop
Seat 6: fataleggs13 folded before Flop (didn't bet)



PokerStars Hand #254374062494:  Hold'em No Limit ($0.50/$1.00 USD) - 2025/01/14 22:33:05 WET [2025/01/14 17:33:05 ET]
Table 'Aunus III' 6-max Seat #4 is the button
Seat 1: IREQO ($100 in chips) 
Seat 2: kars0n ($100 in chips) 
Seat 3: Paiiiiii ($166.37 in chips) 
Seat 4: UnRRRReal ($142.42 in chips) 
Seat 5: Nazareno1999 ($105.82 in chips) 
Seat 6: fataleggs13 ($93.45 in chips) 
Nazareno1999: posts small blind $0.50
fataleggs13: posts big blind $1
*** HOLE CARDS ***
IREQO: folds 
kars0n: folds 
Paiiiiii: calls $1
UnRRRReal: raises $3 to $4
Nazareno1999: folds 
fataleggs13: folds 
Paiiiiii: calls $3
*** FLOP *** [2d 8s 6s]
Paiiiiii: checks 
UnRRRReal: bets $2.98
Paiiiiii: calls $2.98
*** TURN *** [2d 8s 6s] [Ad]
Paiiiiii: checks 
UnRRRReal: bets $11.02
Paiiiiii: calls $11.02
*** RIVER *** [2d 8s 6s Ad] [Td]
Paiiiiii: checks 
UnRRRReal: checks 
*** SHOW DOWN ***
Paiiiiii: shows [9h 8h] (a pair of Eights)
UnRRRReal: shows [As 7c] (a pair of Aces)
UnRRRReal collected $35.62 from pot
*** SUMMARY ***
Total pot $37.50 | Rake $1.88 
Board [2d 8s 6s Ad Td]
Seat 1: IREQO folded before Flop (didn't bet)
Seat 2: kars0n folded before Flop (didn't bet)
Seat 3: Paiiiiii showed [9h 8h] and lost with a pair of Eights
Seat 4: UnRRRReal (button) showed [As 7c] and won ($35.62) with a pair of Aces
Seat 5: Nazareno1999 (small blind) folded before Flop
Seat 6: fataleggs13 (big blind) folded before Flop



PokerStars Hand #254374075329:  Hold'em No Limit ($0.50/$1.00 USD) - 2025/01/14 22:33:49 WET [2025/01/14 17:33:49 ET]
Table 'Aunus III' 6-max Seat #5 is the button
Seat 1: IREQO ($100 in chips) 
Seat 2: kars0n ($100 in chips) 
Seat 3: Paiiiiii ($148.37 in chips) 
Seat 4: UnRRRReal ($160.04 in chips) 
Seat 5: Nazareno1999 ($105.32 in chips) 
Seat 6: fataleggs13 ($92.45 in chips) 
fataleggs13: posts small blind $0.50
IREQO: posts big blind $1
*** HOLE CARDS ***
kars0n has timed out
kars0n: folds 
Paiiiiii: folds 
UnRRRReal: raises $1.50 to $2.50
Nazareno1999: folds 
fataleggs13: folds 
IREQO: folds 
Uncalled bet ($1.50) returned to UnRRRReal
UnRRRReal collected $2.50 from pot
UnRRRReal: doesn't show hand 
*** SUMMARY ***
Total pot $2.50 | Rake $0 
Seat 1: IREQO (big blind) folded before Flop
Seat 2: kars0n folded before Flop (didn't bet)
Seat 3: Paiiiiii folded before Flop (didn't bet)
Seat 4: UnRRRReal collected ($2.50)
Seat 5: Nazareno1999 (button) folded before Flop (didn't bet)
Seat 6: fataleggs13 (small blind) folded before Flop



PokerStars Hand #254374091354:  Hold'em No Limit ($0.50/$1.00 USD) - 2025/01/14 22:34:44 WET [2025/01/14 17:34:44 ET]
Table 'Aunus III' 6-max Seat #6 is the button
Seat 2: kars0n ($100 in chips) is sitting out
Seat 1: IREQO ($100 in chips) 
Seat 3: Paiiiiii ($148.37 in chips) 
Seat 4: UnRRRReal ($161.54 in chips) 
Seat 5: Nazareno1999 ($105.32 in chips) 
Seat 6: fataleggs13 ($91.95 in chips) 
IREQO: posts small blind $0.50
Paiiiiii: posts big blind $1
*** HOLE CARDS ***
UnRRRReal: folds 
Nazareno1999: folds 
fataleggs13: folds 
IREQO: raises $1.50 to $2.50
Paiiiiii: calls $1.50
*** FLOP *** [8d Ks Ad]
IREQO: bets $1.57
Paiiiiii: calls $1.57
*** TURN *** [8d Ks Ad] [Kc]
IREQO: checks 
Paiiiiii: checks 
*** RIVER *** [8d Ks Ad Kc] [8c]
IREQO: bets $3.87
Paiiiiii: calls $3.87
*** SHOW DOWN ***
IREQO: shows [5c Jc] (two pair, Kings and Eights)
Paiiiiii: shows [Ac 6c] (two pair, Aces and Kings)
Paiiiiii collected $15.09 from pot
*** SUMMARY ***
Total pot $15.88 | Rake $0.79 
Board [8d Ks Ad Kc 8c]
Seat 2: kars0n
Seat 1: IREQO (small blind) showed [5c Jc] and lost with two pair, Kings and Eights
Seat 3: Paiiiiii (big blind) showed [Ac 6c] and won ($15.09) with two pair, Aces and Kings
Seat 4: UnRRRReal folded before Flop (didn't bet)
Seat 5: Nazareno1999 folded before Flop (didn't bet)
Seat 6: fataleggs13 (button) folded before Flop (didn't bet)



PokerStars Hand #254374114584:  Hold'em No Limit ($0.50/$1.00 USD) - 2025/01/14 22:36:03 WET [2025/01/14 17:36:03 ET]
Table 'Aunus III' 6-max Seat #1 is the button
Seat 2: kars0n ($100 in chips) is sitting out
Seat 1: IREQO ($100 in chips) 
Seat 3: Paiiiiii ($155.52 in chips) 
Seat 4: UnRRRReal ($161.54 in chips) 
Seat 5: Nazareno1999 ($105.32 in chips) 
Seat 6: fataleggs13 ($91.95 in chips) 
Paiiiiii: posts small blind $0.50
UnRRRReal: posts big blind $1
*** HOLE CARDS ***
Nazareno1999: folds 
fataleggs13: folds 
IREQO: folds 
Paiiiiii: folds 
Uncalled bet ($0.50) returned to UnRRRReal
UnRRRReal collected $1 from pot
UnRRRReal: doesn't show hand 
*** SUMMARY ***
Total pot $1 | Rake $0 
Seat 2: kars0n
Seat 1: IREQO (button) folded before Flop (didn't bet)
Seat 3: Paiiiiii (small blind) folded before Flop
Seat 4: UnRRRReal (big blind) collected ($1)
Seat 5: Nazareno1999 folded before Flop (didn't bet)
Seat 6: fataleggs13 folded before Flop (didn't bet)



PokerStars Hand #254374119383:  Hold'em No Limit ($0.50/$1.00 USD) - 2025/01/14 22:36:19 WET [2025/01/14 17:36:19 ET]
Table 'Aunus III' 6-max Seat #3 is the button
Seat 2: kars0n ($100 in chips) is sitting out
Seat 5: Nazareno1999 ($105.32 in chips) is sitting out
Seat 1: IREQO ($100 in chips) 
Seat 3: Paiiiiii ($155.02 in chips) 
Seat 4: UnRRRReal ($162.04 in chips) 
Seat 6: fataleggs13 ($91.95 in chips) 
UnRRRReal: posts small blind $0.50
Nazareno1999: is sitting out 
fataleggs13: posts big blind $1
kars0n: sits out 
*** HOLE CARDS ***
IREQO: folds 
Nazareno1999 leaves the table
Paiiiiii: folds 
UnRRRReal: folds 
Uncalled bet ($0.50) returned to fataleggs13
fataleggs13 collected $1 from pot
fataleggs13: doesn't show hand 
*** SUMMARY ***
Total pot $1 | Rake $0 
Seat 2: kars0n
Seat 5: Nazareno1999
Seat 1: IREQO folded before Flop (didn't bet)
Seat 3: Paiiiiii (button) folded before Flop (didn't bet)
Seat 4: UnRRRReal (small blind) folded before Flop
Seat 6: fataleggs13 (big blind) collected ($1)



PokerStars Hand #254374121812:  Hold'em No Limit ($0.50/$1.00 USD) - 2025/01/14 22:36:28 WET [2025/01/14 17:36:28 ET]
Table 'Aunus III' 6-max Seat #4 is the button
Seat 2: kars0n ($100 in chips) is sitting out
Seat 1: IREQO ($100 in chips) 
Seat 3: Paiiiiii ($155.02 in chips) 
Seat 4: UnRRRReal ($161.54 in chips) 
Seat 6: fataleggs13 ($92.45 in chips) 
fataleggs13: posts small blind $0.50
IREQO: posts big blind $1
kars0n: sits out 
*** HOLE CARDS ***
Paiiiiii: folds 
UnRRRReal: folds 
shootingGRID joins the table at seat #5 
fataleggs13: folds 
Uncalled bet ($0.50) returned to IREQO
IREQO collected $1 from pot
IREQO: doesn't show hand 
*** SUMMARY ***
Total pot $1 | Rake $0 
Seat 2: kars0n
Seat 1: IREQO (big blind) collected ($1)
Seat 3: Paiiiiii folded before Flop (didn't bet)
Seat 4: UnRRRReal (button) folded before Flop (didn't bet)
Seat 6: fataleggs13 (small blind) folded before Flop



PokerStars Hand #254374132547:  Hold'em No Limit ($0.50/$1.00 USD) - 2025/01/14 22:37:04 WET [2025/01/14 17:37:04 ET]
Table 'Aunus III' 6-max Seat #6 is the button
Seat 5: shootingGRID ($100 in chips) is sitting out
Seat 1: IREQO ($100.50 in chips) 
Seat 2: kars0n ($100 in chips) 
Seat 3: Paiiiiii ($155.02 in chips) 
Seat 4: UnRRRReal ($161.54 in chips) 
Seat 6: fataleggs13 ($91.95 in chips) 
IREQO: posts small blind $0.50
kars0n: posts big blind $1
shootingGRID: sits out 
*** HOLE CARDS ***
Paiiiiii: calls $1
UnRRRReal: raises $3 to $4
fataleggs13: folds 
IREQO: folds 
kars0n: folds 
Paiiiiii: calls $3
*** FLOP *** [Th 3c 9h]
Paiiiiii: checks 
UnRRRReal: bets $2.98
Paiiiiii: calls $2.98
*** TURN *** [Th 3c 9h] [4d]
Paiiiiii: checks 
UnRRRReal: bets $29
Paiiiiii: folds 
Uncalled bet ($29) returned to UnRRRReal
UnRRRReal collected $14.69 from pot
UnRRRReal: doesn't show hand 
*** SUMMARY ***
Total pot $15.46 | Rake $0.77 
Board [Th 3c 9h 4d]
Seat 5: shootingGRID
Seat 1: IREQO (small blind) folded before Flop
Seat 2: kars0n (big blind) folded before Flop
Seat 3: Paiiiiii folded on the Turn
Seat 4: UnRRRReal collected ($14.69)
Seat 6: fataleggs13 (button) folded before Flop (didn't bet)



PokerStars Hand #254374143684:  Hold'em No Limit ($0.50/$1.00 USD) - 2025/01/14 22:37:42 WET [2025/01/14 17:37:42 ET]
Table 'Aunus III' 6-max Seat #1 is the button
Seat 5: shootingGRID ($100 in chips) is sitting out
Seat 1: IREQO ($100 in chips) 
Seat 2: kars0n ($100 in chips) 
Seat 3: Paiiiiii ($148.04 in chips) 
Seat 4: UnRRRReal ($169.25 in chips) 
Seat 6: fataleggs13 ($91.95 in chips) 
kars0n: posts small blind $0.50
Paiiiiii: posts big blind $1
shootingGRID: sits out 
*** HOLE CARDS ***
UnRRRReal: folds 
fataleggs13: folds 
IREQO: folds 
kars0n: raises $2 to $3
Paiiiiii: calls $2
*** FLOP *** [6h 4d 6s]
kars0n: bets $1.43
Paiiiiii: folds 
Uncalled bet ($1.43) returned to kars0n
kars0n collected $5.70 from pot
kars0n: doesn't show hand 
*** SUMMARY ***
Total pot $6 | Rake $0.30 
Board [6h 4d 6s]
Seat 5: shootingGRID
Seat 1: IREQO (button) folded before Flop (didn't bet)
Seat 2: kars0n (small blind) collected ($5.70)
Seat 3: Paiiiiii (big blind) folded on the Flop
Seat 4: UnRRRReal folded before Flop (didn't bet)
Seat 6: fataleggs13 folded before Flop (didn't bet)



PokerStars Hand #254374152168:  Hold'em No Limit ($0.50/$1.00 USD) - 2025/01/14 22:38:12 WET [2025/01/14 17:38:12 ET]
Table 'Aunus III' 6-max Seat #2 is the button
Seat 5: shootingGRID ($100 in chips) is sitting out
Seat 1: IREQO ($100 in chips) 
Seat 2: kars0n ($102.70 in chips) 
Seat 3: Paiiiiii ($145.04 in chips) 
Seat 4: UnRRRReal ($169.25 in chips) 
Seat 6: fataleggs13 ($91.95 in chips) 
Paiiiiii: posts small blind $0.50
UnRRRReal: posts big blind $1
shootingGRID: sits out 
*** HOLE CARDS ***
fataleggs13: folds 
IREQO: folds 
kars0n: raises $1.50 to $2.50
Paiiiiii: folds 
UnRRRReal: folds 
Uncalled bet ($1.50) returned to kars0n
kars0n collected $2.50 from pot
kars0n: doesn't show hand 
*** SUMMARY ***
Total pot $2.50 | Rake $0 
Seat 5: shootingGRID
Seat 1: IREQO folded before Flop (didn't bet)
Seat 2: kars0n (button) collected ($2.50)
Seat 3: Paiiiiii (small blind) folded before Flop
Seat 4: UnRRRReal (big blind) folded before Flop
Seat 6: fataleggs13 folded before Flop (didn't bet)



PokerStars Hand #254374154699:  Hold'em No Limit ($0.50/$1.00 USD) - 2025/01/14 22:38:21 WET [2025/01/14 17:38:21 ET]
Table 'Aunus III' 6-max Seat #3 is the button
Seat 1: IREQO ($100 in chips) 
Seat 2: kars0n ($104.20 in chips) 
Seat 3: Paiiiiii ($144.54 in chips) 
Seat 4: UnRRRReal ($168.25 in chips) 
Seat 5: shootingGRID ($100 in chips) 
Seat 6: fataleggs13 ($91.95 in chips) 
UnRRRReal: posts small blind $0.50
shootingGRID: posts big blind $1
*** HOLE CARDS ***
fataleggs13: folds 
IREQO: folds 
kars0n: raises $1.50 to $2.50
Paiiiiii: raises $5.50 to $8
UnRRRReal: folds 
shootingGRID: folds 
kars0n: folds 
Uncalled bet ($5.50) returned to Paiiiiii
Paiiiiii collected $6.50 from pot
Paiiiiii: doesn't show hand 
*** SUMMARY ***
Total pot $6.50 | Rake $0 
Seat 1: IREQO folded before Flop (didn't bet)
Seat 2: kars0n folded before Flop
Seat 3: Paiiiiii (button) collected ($6.50)
Seat 4: UnRRRReal (small blind) folded before Flop
Seat 5: shootingGRID (big blind) folded before Flop
Seat 6: fataleggs13 folded before Flop (didn't bet)



PokerStars Hand #254374162029:  Hold'em No Limit ($0.50/$1.00 USD) - 2025/01/14 22:38:46 WET [2025/01/14 17:38:46 ET]
Table 'Aunus III' 6-max Seat #4 is the button
Seat 1: IREQO ($100 in chips) 
Seat 2: kars0n ($101.70 in chips) 
Seat 3: Paiiiiii ($148.54 in chips) 
Seat 4: UnRRRReal ($167.75 in chips) 
Seat 5: shootingGRID ($100 in chips) 
Seat 6: fataleggs13 ($91.95 in chips) 
shootingGRID: posts small blind $0.50
fataleggs13: posts big blind $1
*** HOLE CARDS ***
IREQO: folds 
kars0n: folds 
Paiiiiii: calls $1
UnRRRReal: folds 
shootingGRID: raises $2.50 to $3.50
fataleggs13: folds 
Paiiiiii: calls $2.50
*** FLOP *** [Th Kh Jd]
shootingGRID: checks 
Paiiiiii: checks 
*** TURN *** [Th Kh Jd] [6s]
shootingGRID: bets $3.80
Paiiiiii: calls $3.80
*** RIVER *** [Th Kh Jd 6s] [As]
shootingGRID: checks 
Paiiiiii: bets $14.82
shootingGRID: folds 
Uncalled bet ($14.82) returned to Paiiiiii
Paiiiiii collected $14.82 from pot
Paiiiiii: doesn't show hand 
*** SUMMARY ***
Total pot $15.60 | Rake $0.78 
Board [Th Kh Jd 6s As]
Seat 1: IREQO folded before Flop (didn't bet)
Seat 2: kars0n folded before Flop (didn't bet)
Seat 3: Paiiiiii collected ($14.82)
Seat 4: UnRRRReal (button) folded before Flop (didn't bet)
Seat 5: shootingGRID (small blind) folded on the River
Seat 6: fataleggs13 (big blind) folded before Flop



PokerStars Hand #254374184489:  Hold'em No Limit ($0.50/$1.00 USD) - 2025/01/14 22:40:04 WET [2025/01/14 17:40:04 ET]
Table 'Aunus III' 6-max Seat #5 is the button
Seat 1: IREQO ($100 in chips) 
Seat 2: kars0n ($101.70 in chips) 
Seat 3: Paiiiiii ($156.06 in chips) 
Seat 4: UnRRRReal ($167.75 in chips) 
Seat 5: shootingGRID ($100 in chips) 
Seat 6: fataleggs13 ($90.95 in chips) 
fataleggs13: posts small blind $0.50
IREQO: posts big blind $1
*** HOLE CARDS ***
kars0n: folds 
Paiiiiii: calls $1
UnRRRReal: folds 
shootingGRID: folds 
fataleggs13: folds 
IREQO: checks 
*** FLOP *** [Qc Td 4c]
IREQO: checks 
Paiiiiii: bets $1
IREQO: calls $1
*** TURN *** [Qc Td 4c] [Th]
IREQO: checks 
Paiiiiii: checks 
*** RIVER *** [Qc Td 4c Th] [Qd]
IREQO: checks 
Paiiiiii: checks 
*** SHOW DOWN ***
IREQO: shows [4d 5d] (two pair, Queens and Tens)
Paiiiiii: shows [8h 7s] (two pair, Queens and Tens - Eight kicker)
Paiiiiii collected $4.28 from pot
*** SUMMARY ***
Total pot $4.50 | Rake $0.22 
Board [Qc Td 4c Th Qd]
Seat 1: IREQO (big blind) showed [4d 5d] and lost with two pair, Queens and Tens
Seat 2: kars0n folded before Flop (didn't bet)
Seat 3: Paiiiiii showed [8h 7s] and won ($4.28) with two pair, Queens and Tens
Seat 4: UnRRRReal folded before Flop (didn't bet)
Seat 5: shootingGRID (button) folded before Flop (didn't bet)
Seat 6: fataleggs13 (small blind) folded before Flop



PokerStars Hand #254374202096:  Hold'em No Limit ($0.50/$1.00 USD) - 2025/01/14 22:41:04 WET [2025/01/14 17:41:04 ET]
Table 'Aunus III' 6-max Seat #6 is the button
Seat 1: IREQO ($100 in chips) 
Seat 2: kars0n ($101.70 in chips) 
Seat 3: Paiiiiii ($158.34 in chips) 
Seat 4: UnRRRReal ($167.75 in chips) 
Seat 5: shootingGRID ($100 in chips) 
Seat 6: fataleggs13 ($90.45 in chips) 
IREQO: posts small blind $0.50
kars0n: posts big blind $1
*** HOLE CARDS ***
Paiiiiii: calls $1
UnRRRReal: folds 
shootingGRID: folds 
fataleggs13: raises $3 to $4
IREQO: folds 
kars0n: folds 
Paiiiiii: calls $3
*** FLOP *** [6c 3s 5s]
Paiiiiii: checks 
fataleggs13: bets $4.69
Paiiiiii: calls $4.69
*** TURN *** [6c 3s 5s] [Jc]
Paiiiiii: checks 
fataleggs13: bets $13.46
Paiiiiii: calls $13.46
*** RIVER *** [6c 3s 5s Jc] [Tc]
Paiiiiii: checks 
fataleggs13: bets $34
Paiiiiii: folds 
Uncalled bet ($34) returned to fataleggs13
fataleggs13 collected $43.51 from pot
fataleggs13: doesn't show hand 
*** SUMMARY ***
Total pot $45.80 | Rake $2.29 
Board [6c 3s 5s Jc Tc]
Seat 1: IREQO (small blind) folded before Flop
Seat 2: kars0n (big blind) folded before Flop
Seat 3: Paiiiiii folded on the River
Seat 4: UnRRRReal folded before Flop (didn't bet)
Seat 5: shootingGRID folded before Flop (didn't bet)
Seat 6: fataleggs13 (button) collected ($43.51)



PokerStars Hand #254374218558:  Hold'em No Limit ($0.50/$1.00 USD) - 2025/01/14 22:42:01 WET [2025/01/14 17:42:01 ET]
Table 'Aunus III' 6-max Seat #1 is the button
Seat 1: IREQO ($100 in chips) 
Seat 2: kars0n ($100.70 in chips) 
Seat 3: Paiiiiii ($136.19 in chips) 
Seat 4: UnRRRReal ($167.75 in chips) 
Seat 5: shootingGRID ($100 in chips) 
Seat 6: fataleggs13 ($111.81 in chips) 
kars0n: posts small blind $0.50
Paiiiiii: posts big blind $1
*** HOLE CARDS ***
UnRRRReal: folds 
shootingGRID: folds 
fataleggs13: raises $1.20 to $2.20
IREQO: folds 
kars0n: raises $10.30 to $12.50
Paiiiiii: folds 
fataleggs13: folds 
Uncalled bet ($10.30) returned to kars0n
kars0n collected $5.40 from pot
kars0n: doesn't show hand 
*** SUMMARY ***
Total pot $5.40 | Rake $0 
Seat 1: IREQO (button) folded before Flop (didn't bet)
Seat 2: kars0n (small blind) collected ($5.40)
Seat 3: Paiiiiii (big blind) folded before Flop
Seat 4: UnRRRReal folded before Flop (didn't bet)
Seat 5: shootingGRID folded before Flop (didn't bet)
Seat 6: fataleggs13 folded before Flop



PokerStars Hand #254374229452:  Hold'em No Limit ($0.50/$1.00 USD) - 2025/01/14 22:42:38 WET [2025/01/14 17:42:38 ET]
Table 'Aunus III' 6-max Seat #2 is the button
Seat 1: IREQO ($100 in chips) 
Seat 2: kars0n ($103.90 in chips) 
Seat 3: Paiiiiii ($135.19 in chips) 
Seat 4: UnRRRReal ($167.75 in chips) 
Seat 5: shootingGRID ($100 in chips) 
Seat 6: fataleggs13 ($109.61 in chips) 
Paiiiiii: posts small blind $0.50
UnRRRReal: posts big blind $1
*** HOLE CARDS ***
shootingGRID: raises $1.25 to $2.25
fataleggs13: folds 
IREQO: folds 
kars0n: folds 
Paiiiiii: folds 
UnRRRReal: folds 
Uncalled bet ($1.25) returned to shootingGRID
shootingGRID collected $2.50 from pot
*** SUMMARY ***
Total pot $2.50 | Rake $0 
Seat 1: IREQO folded before Flop (didn't bet)
Seat 2: kars0n (button) folded before Flop (didn't bet)
Seat 3: Paiiiiii (small blind) folded before Flop
Seat 4: UnRRRReal (big blind) folded before Flop
Seat 5: shootingGRID collected ($2.50)
Seat 6: fataleggs13 folded before Flop (didn't bet)



PokerStars Hand #254374384182:  Hold'em No Limit ($0.50/$1.00 USD) - 2025/01/14 22:51:39 WET [2025/01/14 17:51:39 ET]
Table 'Aunus III' 6-max Seat #2 is the button
Seat 1: IREQO ($100.96 in chips) 
Seat 2: kars0n ($106.67 in chips) 
Seat 3: Paiiiiii ($126.93 in chips) 
Seat 4: Parabelum911 ($104 in chips) 
Seat 5: shootingGRID ($107.27 in chips) 
Seat 6: fataleggs13 ($106.04 in chips) 
Paiiiiii: posts small blind $0.50
Parabelum911: posts big blind $1
*** HOLE CARDS ***
shootingGRID: folds 
fataleggs13: folds 
IREQO: raises $1.50 to $2.50
kars0n: folds 
Paiiiiii: calls $2
Parabelum911: calls $1.50
*** FLOP *** [Ad 5c 6c]
Paiiiiii: bets $3.56
Parabelum911: calls $3.56
IREQO: calls $3.56
*** TURN *** [Ad 5c 6c] [3c]
Paiiiiii: checks 
Parabelum911: checks 
IREQO: bets $11
Paiiiiii: folds 
Parabelum911: folds 
Uncalled bet ($11) returned to IREQO
IREQO collected $17.27 from pot
IREQO: doesn't show hand 
*** SUMMARY ***
Total pot $18.18 | Rake $0.91 
Board [Ad 5c 6c 3c]
Seat 1: IREQO collected ($17.27)
Seat 2: kars0n (button) folded before Flop (didn't bet)
Seat 3: Paiiiiii (small blind) folded on the Turn
Seat 4: Parabelum911 (big blind) folded on the Turn
Seat 5: shootingGRID folded before Flop (didn't bet)
Seat 6: fataleggs13 folded before Flop (didn't bet)



PokerStars Hand #254374404913:  Hold'em No Limit ($0.50/$1.00 USD) - 2025/01/14 22:52:54 WET [2025/01/14 17:52:54 ET]
Table 'Aunus III' 6-max Seat #3 is the button
Seat 1: IREQO ($112.17 in chips) 
Seat 2: kars0n ($106.67 in chips) 
Seat 3: Paiiiiii ($120.87 in chips) 
Seat 4: Parabelum911 ($100 in chips) 
Seat 5: shootingGRID ($107.27 in chips) 
Seat 6: fataleggs13 ($106.04 in chips) 
Parabelum911: posts small blind $0.50
shootingGRID: posts big blind $1
*** HOLE CARDS ***
fataleggs13: folds 
IREQO: folds 
kars0n: folds 
Paiiiiii: raises $2 to $3
Parabelum911: folds 
shootingGRID: calls $2
*** FLOP *** [Qh 6d 4s]
shootingGRID: checks 
Paiiiiii: checks 
*** TURN *** [Qh 6d 4s] [Ac]
shootingGRID: bets $6.50
Paiiiiii: folds 
Uncalled bet ($6.50) returned to shootingGRID
shootingGRID collected $6.18 from pot
*** SUMMARY ***
Total pot $6.50 | Rake $0.32 
Board [Qh 6d 4s Ac]
Seat 1: IREQO folded before Flop (didn't bet)
Seat 2: kars0n folded before Flop (didn't bet)
Seat 3: Paiiiiii (button) folded on the Turn
Seat 4: Parabelum911 (small blind) folded before Flop
Seat 5: shootingGRID (big blind) collected ($6.18)
Seat 6: fataleggs13 folded before Flop (didn't bet)



PokerStars Hand #254374412839:  Hold'em No Limit ($0.50/$1.00 USD) - 2025/01/14 22:53:22 WET [2025/01/14 17:53:22 ET]
Table 'Aunus III' 6-max Seat #4 is the button
Seat 1: IREQO ($112.17 in chips) 
Seat 2: kars0n ($106.67 in chips) 
Seat 3: Paiiiiii ($117.87 in chips) 
Seat 4: Parabelum911 ($100 in chips) 
Seat 5: shootingGRID ($110.45 in chips) 
Seat 6: fataleggs13 ($106.04 in chips) 
shootingGRID: posts small blind $0.50
fataleggs13: posts big blind $1
*** HOLE CARDS ***
IREQO: folds 
kars0n: folds 
Paiiiiii: calls $1
Parabelum911: folds 
shootingGRID: raises $5 to $6
fataleggs13: folds 
Paiiiiii: calls $5
*** FLOP *** [7c Js 9c]
shootingGRID: checks 
Paiiiiii: bets $6.18
shootingGRID: folds 
Uncalled bet ($6.18) returned to Paiiiiii
Paiiiiii collected $12.35 from pot
Paiiiiii: doesn't show hand 
*** SUMMARY ***
Total pot $13 | Rake $0.65 
Board [7c Js 9c]
Seat 1: IREQO folded before Flop (didn't bet)
Seat 2: kars0n folded before Flop (didn't bet)
Seat 3: Paiiiiii collected ($12.35)
Seat 4: Parabelum911 (button) folded before Flop (didn't bet)
Seat 5: shootingGRID (small blind) folded on the Flop
Seat 6: fataleggs13 (big blind) folded before Flop



PokerStars Hand #254374425494:  Hold'em No Limit ($0.50/$1.00 USD) - 2025/01/14 22:54:08 WET [2025/01/14 17:54:08 ET]
Table 'Aunus III' 6-max Seat #5 is the button
Seat 1: IREQO ($112.17 in chips) 
Seat 2: kars0n ($106.67 in chips) 
Seat 3: Paiiiiii ($124.22 in chips) 
Seat 4: Parabelum911 ($100 in chips) 
Seat 5: shootingGRID ($104.45 in chips) 
Seat 6: fataleggs13 ($105.04 in chips) 
fataleggs13: posts small blind $0.50
IREQO: posts big blind $1
*** HOLE CARDS ***
kars0n: folds 
Paiiiiii: folds 
Parabelum911: folds 
shootingGRID: folds 
fataleggs13: raises $2 to $3
IREQO: folds 
Uncalled bet ($2) returned to fataleggs13
fataleggs13 collected $2 from pot
fataleggs13: doesn't show hand 
*** SUMMARY ***
Total pot $2 | Rake $0 
Seat 1: IREQO (big blind) folded before Flop
Seat 2: kars0n folded before Flop (didn't bet)
Seat 3: Paiiiiii folded before Flop (didn't bet)
Seat 4: Parabelum911 folded before Flop (didn't bet)
Seat 5: shootingGRID (button) folded before Flop (didn't bet)
Seat 6: fataleggs13 (small blind) collected ($2)



PokerStars Hand #254374432443:  Hold'em No Limit ($0.50/$1.00 USD) - 2025/01/14 22:54:33 WET [2025/01/14 17:54:33 ET]
Table 'Aunus III' 6-max Seat #6 is the button
Seat 1: IREQO ($111.17 in chips) 
Seat 2: kars0n ($106.67 in chips) 
Seat 3: Paiiiiii ($124.22 in chips) 
Seat 4: Parabelum911 ($100 in chips) 
Seat 5: shootingGRID ($104.45 in chips) 
Seat 6: fataleggs13 ($106.04 in chips) 
IREQO: posts small blind $0.50
kars0n: posts big blind $1
*** HOLE CARDS ***
Paiiiiii: calls $1
Parabelum911: folds 
shootingGRID: folds 
fataleggs13: raises $3 to $4
IREQO: folds 
kars0n: folds 
Paiiiiii: calls $3
*** FLOP *** [2d Qd 5d]
Paiiiiii: checks 
fataleggs13: checks 
*** TURN *** [2d Qd 5d] [3d]
Paiiiiii: checks 
fataleggs13: checks 
*** RIVER *** [2d Qd 5d 3d] [Js]
Paiiiiii: bets $9.02
fataleggs13: folds 
Uncalled bet ($9.02) returned to Paiiiiii
Paiiiiii collected $9.02 from pot
Paiiiiii: doesn't show hand 
*** SUMMARY ***
Total pot $9.50 | Rake $0.48 
Board [2d Qd 5d 3d Js]
Seat 1: IREQO (small blind) folded before Flop
Seat 2: kars0n (big blind) folded before Flop
Seat 3: Paiiiiii collected ($9.02)
Seat 4: Parabelum911 folded before Flop (didn't bet)
Seat 5: shootingGRID folded before Flop (didn't bet)
Seat 6: fataleggs13 (button) folded on the River



PokerStars Hand #254374446242:  Hold'em No Limit ($0.50/$1.00 USD) - 2025/01/14 22:55:25 WET [2025/01/14 17:55:25 ET]
Table 'Aunus III' 6-max Seat #1 is the button
Seat 1: IREQO ($110.67 in chips) 
Seat 2: kars0n ($105.67 in chips) 
Seat 3: Paiiiiii ($129.24 in chips) 
Seat 4: Parabelum911 ($100 in chips) 
Seat 5: shootingGRID ($104.45 in chips) 
Seat 6: fataleggs13 ($102.04 in chips) 
kars0n: posts small blind $0.50
Paiiiiii: posts big blind $1
*** HOLE CARDS ***
Parabelum911: folds 
shootingGRID: folds 
fataleggs13: folds 
IREQO: folds 
kars0n: raises $2 to $3
Paiiiiii: calls $2
*** FLOP *** [Td 9s Ad]
kars0n: checks 
Paiiiiii: checks 
*** TURN *** [Td 9s Ad] [6d]
kars0n: checks 
Paiiiiii: checks 
*** RIVER *** [Td 9s Ad 6d] [9d]
kars0n: bets $4.28
Paiiiiii: folds 
Uncalled bet ($4.28) returned to kars0n
kars0n collected $5.70 from pot
kars0n: doesn't show hand 
*** SUMMARY ***
Total pot $6 | Rake $0.30 
Board [Td 9s Ad 6d 9d]
Seat 1: IREQO (button) folded before Flop (didn't bet)
Seat 2: kars0n (small blind) collected ($5.70)
Seat 3: Paiiiiii (big blind) folded on the River
Seat 4: Parabelum911 folded before Flop (didn't bet)
Seat 5: shootingGRID folded before Flop (didn't bet)
Seat 6: fataleggs13 folded before Flop (didn't bet)



PokerStars Hand #254374452995:  Hold'em No Limit ($0.50/$1.00 USD) - 2025/01/14 22:55:58 WET [2025/01/14 17:55:58 ET]
Table 'Aunus III' 6-max Seat #2 is the button
Seat 1: IREQO ($110.67 in chips) 
Seat 2: kars0n ($108.37 in chips) 
Seat 3: Paiiiiii ($126.24 in chips) 
Seat 4: Parabelum911 ($100 in chips) 
Seat 5: shootingGRID ($104.45 in chips) 
Seat 6: fataleggs13 ($102.04 in chips) 
Paiiiiii: posts small blind $0.50
Parabelum911: posts big blind $1
*** HOLE CARDS ***
shootingGRID: folds 
fataleggs13: folds 
IREQO: folds 
kars0n: raises $1.50 to $2.50
Paiiiiii: folds 
Parabelum911: calls $1.50
*** FLOP *** [5s 6h 2h]
Parabelum911: checks 
kars0n: checks 
*** TURN *** [5s 6h 2h] [Js]
Parabelum911: bets $1.57
kars0n: folds 
Uncalled bet ($1.57) returned to Parabelum911
Parabelum911 collected $5.22 from pot
Parabelum911: doesn't show hand 
*** SUMMARY ***
Total pot $5.50 | Rake $0.28 
Board [5s 6h 2h Js]
Seat 1: IREQO folded before Flop (didn't bet)
Seat 2: kars0n (button) folded on the Turn
Seat 3: Paiiiiii (small blind) folded before Flop
Seat 4: Parabelum911 (big blind) collected ($5.22)
Seat 5: shootingGRID folded before Flop (didn't bet)
Seat 6: fataleggs13 folded before Flop (didn't bet)



PokerStars Hand #254374460163:  Hold'em No Limit ($0.50/$1.00 USD) - 2025/01/14 22:56:33 WET [2025/01/14 17:56:33 ET]
Table 'Aunus III' 6-max Seat #3 is the button
Seat 1: IREQO ($110.67 in chips) 
Seat 2: kars0n ($105.87 in chips) 
Seat 3: Paiiiiii ($125.74 in chips) 
Seat 4: Parabelum911 ($102.72 in chips) 
Seat 5: shootingGRID ($104.45 in chips) 
Seat 6: fataleggs13 ($102.04 in chips) 
Parabelum911: posts small blind $0.50
shootingGRID: posts big blind $1
*** HOLE CARDS ***
fataleggs13: folds 
IREQO: folds 
kars0n: folds 
Paiiiiii: calls $1
Parabelum911: folds 
shootingGRID: checks 
*** FLOP *** [Qc 4c Jh]
shootingGRID: checks 
Paiiiiii: checks 
*** TURN *** [Qc 4c Jh] [9c]
shootingGRID: checks 
Paiiiiii: checks 
*** RIVER *** [Qc 4c Jh 9c] [5c]
shootingGRID: checks 
Paiiiiii: checks 
*** SHOW DOWN ***
shootingGRID: shows [As 3c] (a flush, Queen high)
Paiiiiii: mucks hand 
shootingGRID collected $2.38 from pot
*** SUMMARY ***
Total pot $2.50 | Rake $0.12 
Board [Qc 4c Jh 9c 5c]
Seat 1: IREQO folded before Flop (didn't bet)
Seat 2: kars0n folded before Flop (didn't bet)
Seat 3: Paiiiiii (button) mucked
Seat 4: Parabelum911 (small blind) folded before Flop
Seat 5: shootingGRID (big blind) showed [As 3c] and won ($2.38) with a flush, Queen high
Seat 6: fataleggs13 folded before Flop (didn't bet)



PokerStars Hand #254374469343:  Hold'em No Limit ($0.50/$1.00 USD) - 2025/01/14 22:57:16 WET [2025/01/14 17:57:16 ET]
Table 'Aunus III' 6-max Seat #4 is the button
Seat 1: IREQO ($110.67 in chips) 
Seat 2: kars0n ($105.87 in chips) 
Seat 3: Paiiiiii ($124.74 in chips) 
Seat 4: Parabelum911 ($102.22 in chips) 
Seat 5: shootingGRID ($105.83 in chips) 
Seat 6: fataleggs13 ($102.04 in chips) 
shootingGRID: posts small blind $0.50
fataleggs13: posts big blind $1
*** HOLE CARDS ***
IREQO: folds 
kars0n: raises $1 to $2
Paiiiiii: calls $2
Parabelum911: folds 
shootingGRID: folds 
fataleggs13: folds 
*** FLOP *** [3h 3s Jc]
kars0n: checks 
Paiiiiii: bets $2.61
kars0n: folds 
Uncalled bet ($2.61) returned to Paiiiiii
Paiiiiii collected $5.22 from pot
Paiiiiii: doesn't show hand 
*** SUMMARY ***
Total pot $5.50 | Rake $0.28 
Board [3h 3s Jc]
Seat 1: IREQO folded before Flop (didn't bet)
Seat 2: kars0n folded on the Flop
Seat 3: Paiiiiii collected ($5.22)
Seat 4: Parabelum911 (button) folded before Flop (didn't bet)
Seat 5: shootingGRID (small blind) folded before Flop
Seat 6: fataleggs13 (big blind) folded before Flop



PokerStars Hand #254374475553:  Hold'em No Limit ($0.50/$1.00 USD) - 2025/01/14 22:57:46 WET [2025/01/14 17:57:46 ET]
Table 'Aunus III' 6-max Seat #5 is the button
Seat 1: IREQO ($110.67 in chips) 
Seat 2: kars0n ($103.87 in chips) 
Seat 3: Paiiiiii ($127.96 in chips) 
Seat 4: Parabelum911 ($102.22 in chips) 
Seat 5: shootingGRID ($105.33 in chips) 
Seat 6: fataleggs13 ($101.04 in chips) 
fataleggs13: posts small blind $0.50
IREQO: posts big blind $1
*** HOLE CARDS ***
kars0n: folds 
Paiiiiii: folds 
Parabelum911: raises $1.50 to $2.50
shootingGRID: folds 
fataleggs13: folds 
IREQO: folds 
Uncalled bet ($1.50) returned to Parabelum911
Parabelum911 collected $2.50 from pot
Parabelum911: doesn't show hand 
*** SUMMARY ***
Total pot $2.50 | Rake $0 
Seat 1: IREQO (big blind) folded before Flop
Seat 2: kars0n folded before Flop (didn't bet)
Seat 3: Paiiiiii folded before Flop (didn't bet)
Seat 4: Parabelum911 collected ($2.50)
Seat 5: shootingGRID (button) folded before Flop (didn't bet)
Seat 6: fataleggs13 (small blind) folded before Flop



PokerStars Hand #254374480707:  Hold'em No Limit ($0.50/$1.00 USD) - 2025/01/14 22:58:10 WET [2025/01/14 17:58:10 ET]
Table 'Aunus III' 6-max Seat #6 is the button
Seat 1: IREQO ($109.67 in chips) 
Seat 2: kars0n ($103.87 in chips) 
Seat 3: Paiiiiii ($127.96 in chips) 
Seat 4: Parabelum911 ($103.72 in chips) 
Seat 5: shootingGRID ($105.33 in chips) 
Seat 6: fataleggs13 ($100.54 in chips) 
IREQO: posts small blind $0.50
kars0n: posts big blind $1
*** HOLE CARDS ***
Paiiiiii: folds 
Parabelum911: folds 
shootingGRID: raises $1.25 to $2.25
fataleggs13: folds 
IREQO: raises $8.75 to $11
kars0n: folds 
shootingGRID: folds 
Uncalled bet ($8.75) returned to IREQO
IREQO collected $5.50 from pot
IREQO: doesn't show hand 
*** SUMMARY ***
Total pot $5.50 | Rake $0 
Seat 1: IREQO (small blind) collected ($5.50)
Seat 2: kars0n (big blind) folded before Flop
Seat 3: Paiiiiii folded before Flop (didn't bet)
Seat 4: Parabelum911 folded before Flop (didn't bet)
Seat 5: shootingGRID folded before Flop
Seat 6: fataleggs13 (button) folded before Flop (didn't bet)



PokerStars Hand #254374490560:  Hold'em No Limit ($0.50/$1.00 USD) - 2025/01/14 22:58:58 WET [2025/01/14 17:58:58 ET]
Table 'Aunus III' 6-max Seat #1 is the button
Seat 1: IREQO ($112.92 in chips) 
Seat 2: kars0n ($102.87 in chips) 
Seat 3: Paiiiiii ($127.96 in chips) 
Seat 4: Parabelum911 ($103.72 in chips) 
Seat 5: shootingGRID ($103.08 in chips) 
Seat 6: fataleggs13 ($100.54 in chips) 
kars0n: posts small blind $0.50
Paiiiiii: posts big blind $1
*** HOLE CARDS ***
Parabelum911: folds 
shootingGRID: raises $1.25 to $2.25
fataleggs13: folds 
IREQO: raises $4.75 to $7
kars0n: folds 
Paiiiiii: folds 
shootingGRID: folds 
Uncalled bet ($4.75) returned to IREQO
IREQO collected $6 from pot
IREQO: doesn't show hand 
*** SUMMARY ***
Total pot $6 | Rake $0 
Seat 1: IREQO (button) collected ($6)
Seat 2: kars0n (small blind) folded before Flop
Seat 3: Paiiiiii (big blind) folded before Flop
Seat 4: Parabelum911 folded before Flop (didn't bet)
Seat 5: shootingGRID folded before Flop
Seat 6: fataleggs13 folded before Flop (didn't bet)



PokerStars Hand #254374499017:  Hold'em No Limit ($0.50/$1.00 USD) - 2025/01/14 22:59:39 WET [2025/01/14 17:59:39 ET]
Table 'Aunus III' 6-max Seat #2 is the button
Seat 1: IREQO ($116.67 in chips) 
Seat 2: kars0n ($102.37 in chips) 
Seat 3: Paiiiiii ($126.96 in chips) 
Seat 4: Parabelum911 ($103.72 in chips) 
Seat 5: shootingGRID ($100.83 in chips) 
Seat 6: fataleggs13 ($100.54 in chips) 
Paiiiiii: posts small blind $0.50
Parabelum911: posts big blind $1
*** HOLE CARDS ***
shootingGRID: folds 
fataleggs13: folds 
IREQO: folds 
kars0n: raises $1.50 to $2.50
Paiiiiii: calls $2
Parabelum911: folds 
*** FLOP *** [9c 6h 5h]
Paiiiiii: checks 
kars0n: bets $1.88
Paiiiiii: raises $4.73 to $6.61
kars0n: calls $4.73
*** TURN *** [9c 6h 5h] [5d]
Paiiiiii: bets $9.13
kars0n: calls $9.13
*** RIVER *** [9c 6h 5h 5d] [2d]
Paiiiiii: checks 
kars0n: checks 
*** SHOW DOWN ***
Paiiiiii: shows [Ah 8h] (a pair of Fives)
kars0n: shows [9s Jh] (two pair, Nines and Fives)
kars0n collected $35.61 from pot
*** SUMMARY ***
Total pot $37.48 | Rake $1.87 
Board [9c 6h 5h 5d 2d]
Seat 1: IREQO folded before Flop (didn't bet)
Seat 2: kars0n (button) showed [9s Jh] and won ($35.61) with two pair, Nines and Fives
Seat 3: Paiiiiii (small blind) showed [Ah 8h] and lost with a pair of Fives
Seat 4: Parabelum911 (big blind) folded before Flop
Seat 5: shootingGRID folded before Flop (didn't bet)
Seat 6: fataleggs13 folded before Flop (didn't bet)



PokerStars Hand #254374512815:  Hold'em No Limit ($0.50/$1.00 USD) - 2025/01/14 23:00:44 WET [2025/01/14 18:00:44 ET]
Table 'Aunus III' 6-max Seat #3 is the button
Seat 1: IREQO ($116.67 in chips) 
Seat 2: kars0n ($119.74 in chips) 
Seat 3: Paiiiiii ($108.72 in chips) 
Seat 4: Parabelum911 ($102.72 in chips) 
Seat 5: shootingGRID ($100.83 in chips) 
Seat 6: fataleggs13 ($100.54 in chips) 
Parabelum911: posts small blind $0.50
shootingGRID: posts big blind $1
*** HOLE CARDS ***
fataleggs13: folds 
IREQO: folds 
kars0n: folds 
Paiiiiii: folds 
Parabelum911: folds 
Uncalled bet ($0.50) returned to shootingGRID
shootingGRID collected $1 from pot
*** SUMMARY ***
Total pot $1 | Rake $0 
Seat 1: IREQO folded before Flop (didn't bet)
Seat 2: kars0n folded before Flop (didn't bet)
Seat 3: Paiiiiii (button) folded before Flop (didn't bet)
Seat 4: Parabelum911 (small blind) folded before Flop
Seat 5: shootingGRID (big blind) collected ($1)
Seat 6: fataleggs13 folded before Flop (didn't bet)



PokerStars Hand #254374519427:  Hold'em No Limit ($0.50/$1.00 USD) - 2025/01/14 23:01:12 WET [2025/01/14 18:01:12 ET]
Table 'Aunus III' 6-max Seat #4 is the button
Seat 1: IREQO ($116.67 in chips) 
Seat 2: kars0n ($119.74 in chips) 
Seat 3: Paiiiiii ($108.72 in chips) 
Seat 4: Parabelum911 ($102.22 in chips) 
Seat 5: shootingGRID ($101.33 in chips) 
Seat 6: fataleggs13 ($100.54 in chips) 
shootingGRID: posts small blind $0.50
fataleggs13: posts big blind $1
*** HOLE CARDS ***
IREQO: folds 
kars0n: folds 
Paiiiiii: raises $2 to $3
Parabelum911: folds 
shootingGRID: folds 
fataleggs13: folds 
Uncalled bet ($2) returned to Paiiiiii
Paiiiiii collected $2.50 from pot
Paiiiiii: doesn't show hand 
*** SUMMARY ***
Total pot $2.50 | Rake $0 
Seat 1: IREQO folded before Flop (didn't bet)
Seat 2: kars0n folded before Flop (didn't bet)
Seat 3: Paiiiiii collected ($2.50)
Seat 4: Parabelum911 (button) folded before Flop (didn't bet)
Seat 5: shootingGRID (small blind) folded before Flop
Seat 6: fataleggs13 (big blind) folded before Flop



PokerStars Hand #254374525463:  Hold'em No Limit ($0.50/$1.00 USD) - 2025/01/14 23:01:35 WET [2025/01/14 18:01:35 ET]
Table 'Aunus III' 6-max Seat #5 is the button
Seat 1: IREQO ($116.67 in chips) 
Seat 2: kars0n ($119.74 in chips) 
Seat 3: Paiiiiii ($110.22 in chips) 
Seat 4: Parabelum911 ($102.22 in chips) 
Seat 5: shootingGRID ($100.83 in chips) 
Seat 6: fataleggs13 ($99.54 in chips) 
fataleggs13: posts small blind $0.50
IREQO: posts big blind $1
*** HOLE CARDS ***
kars0n: folds 
Paiiiiii: folds 
Parabelum911: folds 
shootingGRID: raises $1.50 to $2.50
fataleggs13: folds 
IREQO: calls $1.50
*** FLOP *** [8c Jc 4h]
IREQO: checks 
shootingGRID: bets $1.72
IREQO: calls $1.72
*** TURN *** [8c Jc 4h] [7c]
IREQO: checks 
shootingGRID: checks 
*** RIVER *** [8c Jc 4h 7c] [Tc]
IREQO: bets $4.25
shootingGRID: raises $17.25 to $21.50
IREQO: folds 
Uncalled bet ($17.25) returned to shootingGRID
shootingGRID collected $16.57 from pot
*** SUMMARY ***
Total pot $17.44 | Rake $0.87 
Board [8c Jc 4h 7c Tc]
Seat 1: IREQO (big blind) folded on the River
Seat 2: kars0n folded before Flop (didn't bet)
Seat 3: Paiiiiii folded before Flop (didn't bet)
Seat 4: Parabelum911 folded before Flop (didn't bet)
Seat 5: shootingGRID (button) collected ($16.57)
Seat 6: fataleggs13 (small blind) folded before Flop



PokerStars Hand #254374557786:  Hold'em No Limit ($0.50/$1.00 USD) - 2025/01/14 23:03:35 WET [2025/01/14 18:03:35 ET]
Table 'Aunus III' 6-max Seat #6 is the button
Seat 1: IREQO ($108.20 in chips) 
Seat 2: kars0n ($119.74 in chips) 
Seat 3: Paiiiiii ($110.22 in chips) 
Seat 4: Parabelum911 ($102.22 in chips) 
Seat 5: shootingGRID ($108.93 in chips) 
Seat 6: fataleggs13 ($99.04 in chips) 
IREQO: posts small blind $0.50
kars0n: posts big blind $1
*** HOLE CARDS ***
Paiiiiii: raises $2 to $3
Parabelum911: raises $6 to $9
shootingGRID: folds 
fataleggs13: folds 
IREQO: folds 
kars0n: folds 
Paiiiiii: calls $6
*** FLOP *** [Th 3c Ac]
Paiiiiii: checks 
Parabelum911: checks 
*** TURN *** [Th 3c Ac] [4s]
Paiiiiii: bets $16.26
Parabelum911: folds 
Uncalled bet ($16.26) returned to Paiiiiii
Paiiiiii collected $18.52 from pot
Paiiiiii: doesn't show hand 
*** SUMMARY ***
Total pot $19.50 | Rake $0.98 
Board [Th 3c Ac 4s]
Seat 1: IREQO (small blind) folded before Flop
Seat 2: kars0n (big blind) folded before Flop
Seat 3: Paiiiiii collected ($18.52)
Seat 4: Parabelum911 folded on the Turn
Seat 5: shootingGRID folded before Flop (didn't bet)
Seat 6: fataleggs13 (button) folded before Flop (didn't bet)



PokerStars Hand #254374573928:  Hold'em No Limit ($0.50/$1.00 USD) - 2025/01/14 23:04:35 WET [2025/01/14 18:04:35 ET]
Table 'Aunus III' 6-max Seat #1 is the button
Seat 1: IREQO ($107.70 in chips) 
Seat 2: kars0n ($118.74 in chips) 
Seat 3: Paiiiiii ($119.74 in chips) 
Seat 4: Parabelum911 ($100 in chips) 
Seat 5: shootingGRID ($108.93 in chips) 
Seat 6: fataleggs13 ($99.04 in chips) 
kars0n: posts small blind $0.50
Paiiiiii: posts big blind $1
*** HOLE CARDS ***
Parabelum911: folds 
shootingGRID: folds 
fataleggs13: folds 
IREQO: raises $1.50 to $2.50
kars0n: raises $10 to $12.50
Paiiiiii: calls $11.50
IREQO: calls $10
*** FLOP *** [Kh 8c Ts]
kars0n: checks 
Paiiiiii: checks 
IREQO: checks 
*** TURN *** [Kh 8c Ts] [5c]
kars0n: bets $17.81
Paiiiiii: folds 
IREQO: folds 
Uncalled bet ($17.81) returned to kars0n
kars0n collected $35.62 from pot
kars0n: doesn't show hand 
*** SUMMARY ***
Total pot $37.50 | Rake $1.88 
Board [Kh 8c Ts 5c]
Seat 1: IREQO (button) folded on the Turn
Seat 2: kars0n (small blind) collected ($35.62)
Seat 3: Paiiiiii (big blind) folded on the Turn
Seat 4: Parabelum911 folded before Flop (didn't bet)
Seat 5: shootingGRID folded before Flop (didn't bet)
Seat 6: fataleggs13 folded before Flop (didn't bet)



PokerStars Hand #254374598903:  Hold'em No Limit ($0.50/$1.00 USD) - 2025/01/14 23:06:06 WET [2025/01/14 18:06:06 ET]
Table 'Aunus III' 6-max Seat #2 is the button
Seat 1: IREQO ($100 in chips) 
Seat 2: kars0n ($141.86 in chips) 
Seat 3: Paiiiiii ($107.24 in chips) 
Seat 4: Parabelum911 ($100 in chips) 
Seat 5: shootingGRID ($108.93 in chips) 
Seat 6: fataleggs13 ($99.04 in chips) 
Paiiiiii: posts small blind $0.50
Parabelum911: posts big blind $1
*** HOLE CARDS ***
shootingGRID: raises $1.25 to $2.25
fataleggs13: folds 
IREQO has timed out
IREQO: folds 
kars0n: folds 
Paiiiiii: calls $1.75
Parabelum911: folds 
*** FLOP *** [Jd 9h Qs]
Paiiiiii: checks 
shootingGRID: checks 
*** TURN *** [Jd 9h Qs] [6s]
Paiiiiii: bets $2.61
shootingGRID: folds 
Uncalled bet ($2.61) returned to Paiiiiii
Paiiiiii collected $5.22 from pot
Paiiiiii: doesn't show hand 
*** SUMMARY ***
Total pot $5.50 | Rake $0.28 
Board [Jd 9h Qs 6s]
Seat 1: IREQO folded before Flop (didn't bet)
Seat 2: kars0n (button) folded before Flop (didn't bet)
Seat 3: Paiiiiii (small blind) collected ($5.22)
Seat 4: Parabelum911 (big blind) folded before Flop
Seat 5: shootingGRID folded on the Turn
Seat 6: fataleggs13 folded before Flop (didn't bet)



PokerStars Hand #254374610604:  Hold'em No Limit ($0.50/$1.00 USD) - 2025/01/14 23:06:49 WET [2025/01/14 18:06:49 ET]
Table 'Aunus III' 6-max Seat #3 is the button
Seat 1: IREQO ($100 in chips) is sitting out
Seat 2: kars0n ($141.86 in chips) 
Seat 3: Paiiiiii ($110.21 in chips) 
Seat 4: Parabelum911 ($100 in chips) 
Seat 5: shootingGRID ($106.68 in chips) 
Seat 6: fataleggs13 ($99.04 in chips) 
Parabelum911: posts small blind $0.50
shootingGRID: posts big blind $1
*** HOLE CARDS ***
IREQO is disconnected 
fataleggs13: folds 
kars0n: raises $1.50 to $2.50
Paiiiiii: folds 
Parabelum911: folds 
shootingGRID: folds 
Uncalled bet ($1.50) returned to kars0n
kars0n collected $2.50 from pot
kars0n: doesn't show hand 
*** SUMMARY ***
Total pot $2.50 | Rake $0 
Seat 1: IREQO
Seat 2: kars0n collected ($2.50)
Seat 3: Paiiiiii (button) folded before Flop (didn't bet)
Seat 4: Parabelum911 (small blind) folded before Flop
Seat 5: shootingGRID (big blind) folded before Flop
Seat 6: fataleggs13 folded before Flop (didn't bet)



PokerStars Hand #254374615678:  Hold'em No Limit ($0.50/$1.00 USD) - 2025/01/14 23:07:07 WET [2025/01/14 18:07:07 ET]
Table 'Aunus III' 6-max Seat #4 is the button
Seat 1: IREQO ($100 in chips) is sitting out
Seat 2: kars0n ($143.36 in chips) 
Seat 3: Paiiiiii ($110.21 in chips) 
Seat 4: Parabelum911 ($100 in chips) 
Seat 5: shootingGRID ($105.68 in chips) 
Seat 6: fataleggs13 ($99.04 in chips) 
shootingGRID: posts small blind $0.50
fataleggs13: posts big blind $1
*** HOLE CARDS ***
kars0n: raises $1 to $2
Paiiiiii: calls $2
Parabelum911: folds 
shootingGRID: folds 
fataleggs13: calls $1
*** FLOP *** [5h Js Kd]
fataleggs13: checks 
kars0n: checks 
Paiiiiii: checks 
*** TURN *** [5h Js Kd] [8d]
fataleggs13: checks 
kars0n: checks 
Paiiiiii: checks 
*** RIVER *** [5h Js Kd 8d] [Ks]
fataleggs13: checks 
kars0n: checks 
Paiiiiii: checks 
*** SHOW DOWN ***
fataleggs13: shows [2h Th] (a pair of Kings)
kars0n: shows [9c 9h] (two pair, Kings and Nines)
Paiiiiii: mucks hand 
kars0n collected $6.18 from pot
*** SUMMARY ***
Total pot $6.50 | Rake $0.32 
Board [5h Js Kd 8d Ks]
Seat 1: IREQO
Seat 2: kars0n showed [9c 9h] and won ($6.18) with two pair, Kings and Nines
Seat 3: Paiiiiii mucked
Seat 4: Parabelum911 (button) folded before Flop (didn't bet)
Seat 5: shootingGRID (small blind) folded before Flop
Seat 6: fataleggs13 (big blind) showed [2h Th] and lost with a pair of Kings



PokerStars Hand #254374628141:  Hold'em No Limit ($0.50/$1.00 USD) - 2025/01/14 23:07:54 WET [2025/01/14 18:07:54 ET]
Table 'Aunus III' 6-max Seat #5 is the button
Seat 1: IREQO ($100 in chips) is sitting out
Seat 2: kars0n ($147.54 in chips) 
Seat 3: Paiiiiii ($108.21 in chips) 
Seat 4: Parabelum911 ($100 in chips) 
Seat 5: shootingGRID ($105.18 in chips) 
Seat 6: fataleggs13 ($97.04 in chips) 
fataleggs13: posts small blind $0.50
kars0n: posts big blind $1
*** HOLE CARDS ***
Paiiiiii: folds 
Parabelum911: folds 
shootingGRID: raises $1.50 to $2.50
fataleggs13: folds 
kars0n: folds 
Uncalled bet ($1.50) returned to shootingGRID
shootingGRID collected $2.50 from pot
*** SUMMARY ***
Total pot $2.50 | Rake $0 
Seat 1: IREQO
Seat 2: kars0n (big blind) folded before Flop
Seat 3: Paiiiiii folded before Flop (didn't bet)
Seat 4: Parabelum911 folded before Flop (didn't bet)
Seat 5: shootingGRID (button) collected ($2.50)
Seat 6: fataleggs13 (small blind) folded before Flop



PokerStars Hand #254374633470:  Hold'em No Limit ($0.50/$1.00 USD) - 2025/01/14 23:08:14 WET [2025/01/14 18:08:14 ET]
Table 'Aunus III' 6-max Seat #6 is the button
Seat 1: IREQO ($100 in chips) is sitting out
Seat 2: kars0n ($146.54 in chips) 
Seat 3: Paiiiiii ($108.21 in chips) 
Seat 4: Parabelum911 ($100 in chips) 
Seat 5: shootingGRID ($106.68 in chips) 
Seat 6: fataleggs13 ($96.54 in chips) 
kars0n: posts small blind $0.50
Paiiiiii: posts big blind $1
*** HOLE CARDS ***
Parabelum911: raises $1.50 to $2.50
shootingGRID: folds 
fataleggs13: folds 
kars0n: folds 
Paiiiiii: calls $1.50
*** FLOP *** [Td Ks 3h]
Paiiiiii: checks 
Parabelum911: bets $1.77
Paiiiiii: folds 
Uncalled bet ($1.77) returned to Parabelum911
Parabelum911 collected $5.22 from pot
Parabelum911: doesn't show hand 
*** SUMMARY ***
Total pot $5.50 | Rake $0.28 
Board [Td Ks 3h]
Seat 1: IREQO
Seat 2: kars0n (small blind) folded before Flop
Seat 3: Paiiiiii (big blind) folded on the Flop
Seat 4: Parabelum911 collected ($5.22)
Seat 5: shootingGRID folded before Flop (didn't bet)
Seat 6: fataleggs13 (button) folded before Flop (didn't bet)



PokerStars Hand #254374641936:  Hold'em No Limit ($0.50/$1.00 USD) - 2025/01/14 23:08:45 WET [2025/01/14 18:08:45 ET]
Table 'Aunus III' 6-max Seat #2 is the button
Seat 1: IREQO ($100 in chips) is sitting out
Seat 2: kars0n ($146.04 in chips) 
Seat 3: Paiiiiii ($105.71 in chips) 
Seat 4: Parabelum911 ($102.72 in chips) 
Seat 5: shootingGRID ($106.68 in chips) 
Seat 6: fataleggs13 ($96.54 in chips) 
Paiiiiii: posts small blind $0.50
Parabelum911: posts big blind $1
*** HOLE CARDS ***
shootingGRID: raises $1.25 to $2.25
fataleggs13: folds 
kars0n: raises $5.25 to $7.50
Paiiiiii: folds 
Parabelum911: folds 
shootingGRID: folds 
Uncalled bet ($5.25) returned to kars0n
kars0n collected $6 from pot
kars0n: doesn't show hand 
*** SUMMARY ***
Total pot $6 | Rake $0 
Seat 1: IREQO
Seat 2: kars0n (button) collected ($6)
Seat 3: Paiiiiii (small blind) folded before Flop
Seat 4: Parabelum911 (big blind) folded before Flop
Seat 5: shootingGRID folded before Flop
Seat 6: fataleggs13 folded before Flop (didn't bet)



PokerStars Hand #254374648747:  Hold'em No Limit ($0.50/$1.00 USD) - 2025/01/14 23:09:10 WET [2025/01/14 18:09:10 ET]
Table 'Aunus III' 6-max Seat #3 is the button
Seat 1: IREQO ($100 in chips) is sitting out
Seat 2: kars0n ($149.79 in chips) 
Seat 3: Paiiiiii ($105.21 in chips) 
Seat 4: Parabelum911 ($101.72 in chips) 
Seat 5: shootingGRID ($104.43 in chips) 
Seat 6: fataleggs13 ($96.54 in chips) 
Parabelum911: posts small blind $0.50
shootingGRID: posts big blind $1
*** HOLE CARDS ***
fataleggs13: folds 
kars0n: folds 
Paiiiiii: raises $2 to $3
Parabelum911: folds 
shootingGRID: folds 
Uncalled bet ($2) returned to Paiiiiii
Paiiiiii collected $2.50 from pot
Paiiiiii: doesn't show hand 
*** SUMMARY ***
Total pot $2.50 | Rake $0 
Seat 1: IREQO
Seat 2: kars0n folded before Flop (didn't bet)
Seat 3: Paiiiiii (button) collected ($2.50)
Seat 4: Parabelum911 (small blind) folded before Flop
Seat 5: shootingGRID (big blind) folded before Flop
Seat 6: fataleggs13 folded before Flop (didn't bet)



PokerStars Hand #254374652702:  Hold'em No Limit ($0.50/$1.00 USD) - 2025/01/14 23:09:25 WET [2025/01/14 18:09:25 ET]
Table 'Aunus III' 6-max Seat #4 is the button
Seat 1: IREQO ($100 in chips) is sitting out
Seat 2: kars0n ($149.79 in chips) 
Seat 3: Paiiiiii ($106.71 in chips) 
Seat 4: Parabelum911 ($101.22 in chips) 
Seat 5: shootingGRID ($103.43 in chips) 
Seat 6: fataleggs13 ($96.54 in chips) 
shootingGRID: posts small blind $0.50
fataleggs13: posts big blind $1
*** HOLE CARDS ***
kars0n: folds 
Paiiiiii: raises $2 to $3
Parabelum911: folds 
shootingGRID: folds 
fataleggs13: calls $2
*** FLOP *** [Ac Td As]
fataleggs13: checks 
Paiiiiii: checks 
*** TURN *** [Ac Td As] [Ks]
fataleggs13: checks 
Paiiiiii: checks 
*** RIVER *** [Ac Td As Ks] [8d]
fataleggs13: checks 
Paiiiiii: checks 
*** SHOW DOWN ***
fataleggs13: shows [Qh 9d] (a pair of Aces)
Paiiiiii: shows [4d 4h] (two pair, Aces and Fours)
Paiiiiii collected $6.18 from pot
*** SUMMARY ***
Total pot $6.50 | Rake $0.32 
Board [Ac Td As Ks 8d]
Seat 1: IREQO
Seat 2: kars0n folded before Flop (didn't bet)
Seat 3: Paiiiiii showed [4d 4h] and won ($6.18) with two pair, Aces and Fours
Seat 4: Parabelum911 (button) folded before Flop (didn't bet)
Seat 5: shootingGRID (small blind) folded before Flop
Seat 6: fataleggs13 (big blind) showed [Qh 9d] and lost with a pair of Aces



PokerStars Hand #254374658133:  Hold'em No Limit ($0.50/$1.00 USD) - 2025/01/14 23:09:46 WET [2025/01/14 18:09:46 ET]
Table 'Aunus III' 6-max Seat #5 is the button
Seat 1: IREQO ($100 in chips) is sitting out
Seat 2: kars0n ($149.79 in chips) 
Seat 3: Paiiiiii ($109.89 in chips) 
Seat 4: Parabelum911 ($101.22 in chips) 
Seat 5: shootingGRID ($102.93 in chips) 
Seat 6: fataleggs13 ($93.54 in chips) 
fataleggs13: posts small blind $0.50
kars0n: posts big blind $1
*** HOLE CARDS ***
Paiiiiii: calls $1
Parabelum911: raises $3 to $4
shootingGRID: calls $4
fataleggs13: folds 
kars0n: folds 
Paiiiiii: calls $3
*** FLOP *** [Ad As 5s]
Paiiiiii: checks 
Parabelum911: bets $6.41
shootingGRID: calls $6.41
Paiiiiii: folds 
*** TURN *** [Ad As 5s] [8c]
Parabelum911: bets $12.50
shootingGRID: folds 
Uncalled bet ($12.50) returned to Parabelum911
Parabelum911 collected $25 from pot
Parabelum911: doesn't show hand 
*** SUMMARY ***
Total pot $26.32 | Rake $1.32 
Board [Ad As 5s 8c]
Seat 1: IREQO
Seat 2: kars0n (big blind) folded before Flop
Seat 3: Paiiiiii folded on the Flop
Seat 4: Parabelum911 collected ($25)
Seat 5: shootingGRID (button) folded on the Turn
Seat 6: fataleggs13 (small blind) folded before Flop



PokerStars Hand #254374676570:  Hold'em No Limit ($0.50/$1.00 USD) - 2025/01/14 23:10:54 WET [2025/01/14 18:10:54 ET]
Table 'Aunus III' 6-max Seat #6 is the button
Seat 1: IREQO ($100 in chips) is sitting out
Seat 2: kars0n ($148.79 in chips) 
Seat 3: Paiiiiii ($105.89 in chips) 
Seat 4: Parabelum911 ($115.81 in chips) 
Seat 5: shootingGRID ($100 in chips) 
Seat 6: fataleggs13 ($93.04 in chips) 
kars0n: posts small blind $0.50
Paiiiiii: posts big blind $1
*** HOLE CARDS ***
Parabelum911: folds 
shootingGRID: raises $1.25 to $2.25
fataleggs13: folds 
kars0n: folds 
Paiiiiii: calls $1.25
*** FLOP *** [Tc Kc Qs]
Paiiiiii: checks 
shootingGRID: checks 
*** TURN *** [Tc Kc Qs] [Ad]
Paiiiiii: checks 
shootingGRID: checks 
*** RIVER *** [Tc Kc Qs Ad] [7h]
Paiiiiii: checks 
shootingGRID: checks 
*** SHOW DOWN ***
Paiiiiii: shows [6d 8s] (high card Ace)
shootingGRID: shows [5d Ah] (a pair of Aces)
shootingGRID collected $4.75 from pot
*** SUMMARY ***
Total pot $5 | Rake $0.25 
Board [Tc Kc Qs Ad 7h]
Seat 1: IREQO
Seat 2: kars0n (small blind) folded before Flop
Seat 3: Paiiiiii (big blind) showed [6d 8s] and lost with high card Ace
Seat 4: Parabelum911 folded before Flop (didn't bet)
Seat 5: shootingGRID showed [5d Ah] and won ($4.75) with a pair of Aces
Seat 6: fataleggs13 (button) folded before Flop (didn't bet)



PokerStars Hand #254374690354:  Hold'em No Limit ($0.50/$1.00 USD) - 2025/01/14 23:11:46 WET [2025/01/14 18:11:46 ET]
Table 'Aunus III' 6-max Seat #2 is the button
Seat 1: IREQO ($100 in chips) is sitting out
Seat 2: kars0n ($148.29 in chips) 
Seat 3: Paiiiiii ($103.64 in chips) 
Seat 4: Parabelum911 ($115.81 in chips) 
Seat 5: shootingGRID ($102.50 in chips) 
Seat 6: fataleggs13 ($93.04 in chips) 
Paiiiiii: posts small blind $0.50
Parabelum911: posts big blind $1
*** HOLE CARDS ***
shootingGRID: folds 
fataleggs13: folds 
kars0n: raises $1.50 to $2.50
Paiiiiii: folds 
Parabelum911: calls $1.50
*** FLOP *** [Kc Ac 9h]
Parabelum911: checks 
kars0n: checks 
*** TURN *** [Kc Ac 9h] [4h]
Parabelum911: bets $1.57
kars0n: calls $1.57
*** RIVER *** [Kc Ac 9h 4h] [Qc]
Parabelum911: bets $7
kars0n: calls $7
*** SHOW DOWN ***
Parabelum911: shows [4s Ks] (two pair, Kings and Fours)
kars0n: mucks hand 
Parabelum911 collected $21.51 from pot
*** SUMMARY ***
Total pot $22.64 | Rake $1.13 
Board [Kc Ac 9h 4h Qc]
Seat 1: IREQO
Seat 2: kars0n (button) mucked
Seat 3: Paiiiiii (small blind) folded before Flop
Seat 4: Parabelum911 (big blind) showed [4s Ks] and won ($21.51) with two pair, Kings and Fours
Seat 5: shootingGRID folded before Flop (didn't bet)
Seat 6: fataleggs13 folded before Flop (didn't bet)



PokerStars Hand #254374703394:  Hold'em No Limit ($0.50/$1.00 USD) - 2025/01/14 23:12:35 WET [2025/01/14 18:12:35 ET]
Table 'Aunus III' 6-max Seat #3 is the button
Seat 1: IREQO ($100 in chips) is sitting out
Seat 2: kars0n ($137.22 in chips) 
Seat 3: Paiiiiii ($103.14 in chips) 
Seat 4: Parabelum911 ($126.25 in chips) 
Seat 5: shootingGRID ($102.50 in chips) 
Seat 6: fataleggs13 ($93.04 in chips) 
Parabelum911: posts small blind $0.50
shootingGRID: posts big blind $1
*** HOLE CARDS ***
fataleggs13: raises $1.20 to $2.20
kars0n: folds 
Paiiiiii: calls $2.20
Parabelum911: folds 
shootingGRID: raises $11.80 to $14
fataleggs13: folds 
Paiiiiii: folds 
Uncalled bet ($11.80) returned to shootingGRID
shootingGRID collected $7.10 from pot
*** SUMMARY ***
Total pot $7.10 | Rake $0 
Seat 1: IREQO
Seat 2: kars0n folded before Flop (didn't bet)
Seat 3: Paiiiiii (button) folded before Flop
Seat 4: Parabelum911 (small blind) folded before Flop
Seat 5: shootingGRID (big blind) collected ($7.10)
Seat 6: fataleggs13 folded before Flop



PokerStars Hand #254374711171:  Hold'em No Limit ($0.50/$1.00 USD) - 2025/01/14 23:13:05 WET [2025/01/14 18:13:05 ET]
Table 'Aunus III' 6-max Seat #4 is the button
Seat 1: IREQO ($100 in chips) is sitting out
Seat 2: kars0n ($137.22 in chips) 
Seat 3: Paiiiiii ($100.94 in chips) 
Seat 4: Parabelum911 ($125.75 in chips) 
Seat 5: shootingGRID ($107.40 in chips) 
Seat 6: fataleggs13 ($90.84 in chips) 
shootingGRID: posts small blind $0.50
fataleggs13: posts big blind $1
*** HOLE CARDS ***
kars0n: folds 
Paiiiiii: calls $1
Parabelum911: folds 
shootingGRID: folds 
fataleggs13: checks 
*** FLOP *** [8s 6h 3c]
fataleggs13: checks 
Paiiiiii: bets $1.19
fataleggs13: folds 
Uncalled bet ($1.19) returned to Paiiiiii
Paiiiiii collected $2.38 from pot
Paiiiiii: doesn't show hand 
*** SUMMARY ***
Total pot $2.50 | Rake $0.12 
Board [8s 6h 3c]
Seat 1: IREQO
Seat 2: kars0n folded before Flop (didn't bet)
Seat 3: Paiiiiii collected ($2.38)
Seat 4: Parabelum911 (button) folded before Flop (didn't bet)
Seat 5: shootingGRID (small blind) folded before Flop
Seat 6: fataleggs13 (big blind) folded on the Flop



PokerStars Hand #254374717761:  Hold'em No Limit ($0.50/$1.00 USD) - 2025/01/14 23:13:30 WET [2025/01/14 18:13:30 ET]
Table 'Aunus III' 6-max Seat #5 is the button
Seat 1: IREQO ($100 in chips) is sitting out
Seat 2: kars0n ($137.22 in chips) 
Seat 3: Paiiiiii ($102.32 in chips) 
Seat 4: Parabelum911 ($125.75 in chips) 
Seat 5: shootingGRID ($106.90 in chips) 
Seat 6: fataleggs13 ($89.84 in chips) 
fataleggs13: posts small blind $0.50
kars0n: posts big blind $1
*** HOLE CARDS ***
Paiiiiii: calls $1
Parabelum911: raises $3 to $4
shootingGRID: folds 
fataleggs13: folds 
kars0n: folds 
Paiiiiii: raises $9.50 to $13.50
Parabelum911: calls $9.50
*** FLOP *** [Ts Qd 3s]
Paiiiiii: bets $17.54
Parabelum911: folds 
Uncalled bet ($17.54) returned to Paiiiiii
Paiiiiii collected $27.08 from pot
Paiiiiii: doesn't show hand 
*** SUMMARY ***
Total pot $28.50 | Rake $1.42 
Board [Ts Qd 3s]
Seat 1: IREQO
Seat 2: kars0n (big blind) folded before Flop
Seat 3: Paiiiiii collected ($27.08)
Seat 4: Parabelum911 folded on the Flop
Seat 5: shootingGRID (button) folded before Flop (didn't bet)
Seat 6: fataleggs13 (small blind) folded before Flop



PokerStars Hand #254374727963:  Hold'em No Limit ($0.50/$1.00 USD) - 2025/01/14 23:14:09 WET [2025/01/14 18:14:09 ET]
Table 'Aunus III' 6-max Seat #6 is the button
Seat 1: IREQO ($100 in chips) is sitting out
Seat 2: kars0n ($136.22 in chips) 
Seat 3: Paiiiiii ($115.90 in chips) 
Seat 4: Parabelum911 ($112.25 in chips) 
Seat 5: shootingGRID ($106.90 in chips) 
Seat 6: fataleggs13 ($89.34 in chips) 
kars0n: posts small blind $0.50
Paiiiiii: posts big blind $1
*** HOLE CARDS ***
Parabelum911: folds 
shootingGRID: raises $1.25 to $2.25
fataleggs13: folds 
kars0n: folds 
Paiiiiii: folds 
Uncalled bet ($1.25) returned to shootingGRID
shootingGRID collected $2.50 from pot
*** SUMMARY ***
Total pot $2.50 | Rake $0 
Seat 1: IREQO
Seat 2: kars0n (small blind) folded before Flop
Seat 3: Paiiiiii (big blind) folded before Flop
Seat 4: Parabelum911 folded before Flop (didn't bet)
Seat 5: shootingGRID collected ($2.50)
Seat 6: fataleggs13 (button) folded before Flop (didn't bet)



PokerStars Hand #254374731730:  Hold'em No Limit ($0.50/$1.00 USD) - 2025/01/14 23:14:23 WET [2025/01/14 18:14:23 ET]
Table 'Aunus III' 6-max Seat #2 is the button
Seat 1: IREQO ($100 in chips) is sitting out
Seat 2: kars0n ($135.72 in chips) 
Seat 3: Paiiiiii ($114.90 in chips) 
Seat 4: Parabelum911 ($112.25 in chips) 
Seat 5: shootingGRID ($108.40 in chips) 
Seat 6: fataleggs13 ($89.34 in chips) 
Paiiiiii: posts small blind $0.50
Parabelum911: posts big blind $1
*** HOLE CARDS ***
shootingGRID: folds 
fataleggs13: raises $1.20 to $2.20
kars0n: folds 
Paiiiiii: folds 
Parabelum911: calls $1.20
*** FLOP *** [4d 9d Td]
Parabelum911: checks 
fataleggs13: bets $1.63
Parabelum911: calls $1.63
*** TURN *** [4d 9d Td] [As]
Parabelum911: checks 
fataleggs13: checks 
*** RIVER *** [4d 9d Td As] [2d]
Parabelum911: checks 
fataleggs13: checks 
*** SHOW DOWN ***
Parabelum911: shows [Ts Js] (a pair of Tens)
fataleggs13: shows [Tc Kh] (a pair of Tens - Ace+King kicker)
fataleggs13 collected $7.75 from pot
*** SUMMARY ***
Total pot $8.16 | Rake $0.41 
Board [4d 9d Td As 2d]
Seat 1: IREQO
Seat 2: kars0n (button) folded before Flop (didn't bet)
Seat 3: Paiiiiii (small blind) folded before Flop
Seat 4: Parabelum911 (big blind) showed [Ts Js] and lost with a pair of Tens
Seat 5: shootingGRID folded before Flop (didn't bet)
Seat 6: fataleggs13 showed [Tc Kh] and won ($7.75) with a pair of Tens



PokerStars Hand #254374746024:  Hold'em No Limit ($0.50/$1.00 USD) - 2025/01/14 23:15:18 WET [2025/01/14 18:15:18 ET]
Table 'Aunus III' 6-max Seat #3 is the button
Seat 1: IREQO ($100 in chips) is sitting out
Seat 2: kars0n ($135.72 in chips) 
Seat 3: Paiiiiii ($114.40 in chips) 
Seat 4: Parabelum911 ($108.42 in chips) 
Seat 5: shootingGRID ($108.40 in chips) 
Seat 6: fataleggs13 ($93.26 in chips) 
Parabelum911: posts small blind $0.50
shootingGRID: posts big blind $1
*** HOLE CARDS ***
fataleggs13: folds 
kars0n: folds 
Paiiiiii: calls $1
Parabelum911: raises $4 to $5
shootingGRID: folds 
Paiiiiii: calls $4
*** FLOP *** [3d 4d Kh]
Parabelum911: checks 
Paiiiiii: checks 
*** TURN *** [3d 4d Kh] [Ts]
Parabelum911: checks 
Paiiiiii: bets $5.23
Parabelum911: calls $5.23
*** RIVER *** [3d 4d Kh Ts] [4s]
Parabelum911: checks 
Paiiiiii: bets $20.39
Parabelum911: folds 
Uncalled bet ($20.39) returned to Paiiiiii
Paiiiiii collected $20.39 from pot
Paiiiiii: doesn't show hand 
*** SUMMARY ***
Total pot $21.46 | Rake $1.07 
Board [3d 4d Kh Ts 4s]
Seat 1: IREQO
Seat 2: kars0n folded before Flop (didn't bet)
Seat 3: Paiiiiii (button) collected ($20.39)
Seat 4: Parabelum911 (small blind) folded on the River
Seat 5: shootingGRID (big blind) folded before Flop
Seat 6: fataleggs13 folded before Flop (didn't bet)



PokerStars Hand #254374758622:  Hold'em No Limit ($0.50/$1.00 USD) - 2025/01/14 23:16:06 WET [2025/01/14 18:16:06 ET]
Table 'Aunus III' 6-max Seat #4 is the button
Seat 1: IREQO ($100 in chips) is sitting out
Seat 2: kars0n ($135.72 in chips) 
Seat 3: Paiiiiii ($124.56 in chips) 
Seat 4: Parabelum911 ($100 in chips) 
Seat 5: shootingGRID ($107.40 in chips) 
Seat 6: fataleggs13 ($93.26 in chips) 
shootingGRID: posts small blind $0.50
fataleggs13: posts big blind $1
*** HOLE CARDS ***
kars0n: folds 
Paiiiiii: folds 
Parabelum911: raises $1.10 to $2.10
shootingGRID: folds 
fataleggs13: calls $1.10
*** FLOP *** [7s Th 7d]
fataleggs13: checks 
Parabelum911: bets $1.52
fataleggs13: calls $1.52
*** TURN *** [7s Th 7d] [8h]
fataleggs13: checks 
Parabelum911: checks 
*** RIVER *** [7s Th 7d 8h] [Ks]
fataleggs13: checks 
IREQO leaves the table
p0pa4poker joins the table at seat #1 
Parabelum911: bets $5.50
fataleggs13: calls $5.50
*** SHOW DOWN ***
Parabelum911: shows [Jc Qd] (a pair of Sevens)
fataleggs13: shows [Kd 6d] (two pair, Kings and Sevens)
fataleggs13 collected $17.80 from pot
*** SUMMARY ***
Total pot $18.74 | Rake $0.94 
Board [7s Th 7d 8h Ks]
Seat 1: IREQO
Seat 2: kars0n folded before Flop (didn't bet)
Seat 3: Paiiiiii folded before Flop (didn't bet)
Seat 4: Parabelum911 (button) showed [Jc Qd] and lost with a pair of Sevens
Seat 5: shootingGRID (small blind) folded before Flop
Seat 6: fataleggs13 (big blind) showed [Kd 6d] and won ($17.80) with two pair, Kings and Sevens



PokerStars Hand #254374775532:  Hold'em No Limit ($0.50/$1.00 USD) - 2025/01/14 23:17:12 WET [2025/01/14 18:17:12 ET]
Table 'Aunus III' 6-max Seat #5 is the button
Seat 1: p0pa4poker ($100 in chips) 
Seat 2: kars0n ($135.72 in chips) 
Seat 3: Paiiiiii ($124.56 in chips) 
Seat 4: Parabelum911 ($100 in chips) 
Seat 5: shootingGRID ($106.90 in chips) 
Seat 6: fataleggs13 ($101.94 in chips) 
fataleggs13: posts small blind $0.50
p0pa4poker: posts big blind $1
*** HOLE CARDS ***
kars0n: folds 
Paiiiiii: folds 
Parabelum911: folds 
shootingGRID: folds 
fataleggs13: folds 
Uncalled bet ($0.50) returned to p0pa4poker
p0pa4poker collected $1 from pot
p0pa4poker: doesn't show hand 
*** SUMMARY ***
Total pot $1 | Rake $0 
Seat 1: p0pa4poker (big blind) collected ($1)
Seat 2: kars0n folded before Flop (didn't bet)
Seat 3: Paiiiiii folded before Flop (didn't bet)
Seat 4: Parabelum911 folded before Flop (didn't bet)
Seat 5: shootingGRID (button) folded before Flop (didn't bet)
Seat 6: fataleggs13 (small blind) folded before Flop



PokerStars Hand #254374780225:  Hold'em No Limit ($0.50/$1.00 USD) - 2025/01/14 23:17:29 WET [2025/01/14 18:17:29 ET]
Table 'Aunus III' 6-max Seat #6 is the button
Seat 1: p0pa4poker ($100.50 in chips) 
Seat 2: kars0n ($135.72 in chips) 
Seat 3: Paiiiiii ($124.56 in chips) 
Seat 4: Parabelum911 ($100 in chips) 
Seat 5: shootingGRID ($106.90 in chips) 
Seat 6: fataleggs13 ($101.44 in chips) 
p0pa4poker: posts small blind $0.50
kars0n: posts big blind $1
*** HOLE CARDS ***
Paiiiiii: folds 
Parabelum911: folds 
shootingGRID: folds 
fataleggs13: raises $1.50 to $2.50
p0pa4poker: folds 
kars0n: folds 
Uncalled bet ($1.50) returned to fataleggs13
fataleggs13 collected $2.50 from pot
fataleggs13: doesn't show hand 
*** SUMMARY ***
Total pot $2.50 | Rake $0 
Seat 1: p0pa4poker (small blind) folded before Flop
Seat 2: kars0n (big blind) folded before Flop
Seat 3: Paiiiiii folded before Flop (didn't bet)
Seat 4: Parabelum911 folded before Flop (didn't bet)
Seat 5: shootingGRID folded before Flop (didn't bet)
Seat 6: fataleggs13 (button) collected ($2.50)



PokerStars Hand #254374784252:  Hold'em No Limit ($0.50/$1.00 USD) - 2025/01/14 23:17:45 WET [2025/01/14 18:17:45 ET]
Table 'Aunus III' 6-max Seat #1 is the button
Seat 1: p0pa4poker ($100 in chips) 
Seat 2: kars0n ($134.72 in chips) 
Seat 3: Paiiiiii ($124.56 in chips) 
Seat 4: Parabelum911 ($100 in chips) 
Seat 5: shootingGRID ($106.90 in chips) 
Seat 6: fataleggs13 ($102.94 in chips) 
kars0n: posts small blind $0.50
Paiiiiii: posts big blind $1
*** HOLE CARDS ***
Parabelum911: folds 
shootingGRID: folds 
fataleggs13: folds 
p0pa4poker: raises $1.50 to $2.50
kars0n: folds 
Paiiiiii: calls $1.50
*** FLOP *** [7d Qh 8s]
Paiiiiii: checks 
p0pa4poker: bets $1.36
Paiiiiii: folds 
Uncalled bet ($1.36) returned to p0pa4poker
p0pa4poker collected $5.22 from pot
p0pa4poker: doesn't show hand 
*** SUMMARY ***
Total pot $5.50 | Rake $0.28 
Board [7d Qh 8s]
Seat 1: p0pa4poker (button) collected ($5.22)
Seat 2: kars0n (small blind) folded before Flop
Seat 3: Paiiiiii (big blind) folded on the Flop
Seat 4: Parabelum911 folded before Flop (didn't bet)
Seat 5: shootingGRID folded before Flop (didn't bet)
Seat 6: fataleggs13 folded before Flop (didn't bet)



PokerStars Hand #254374796269:  Hold'em No Limit ($0.50/$1.00 USD) - 2025/01/14 23:18:30 WET [2025/01/14 18:18:30 ET]
Table 'Aunus III' 6-max Seat #2 is the button
Seat 1: p0pa4poker ($102.72 in chips) 
Seat 2: kars0n ($134.22 in chips) 
Seat 3: Paiiiiii ($122.06 in chips) 
Seat 4: Parabelum911 ($100 in chips) 
Seat 5: shootingGRID ($106.90 in chips) 
Seat 6: fataleggs13 ($102.94 in chips) 
Paiiiiii: posts small blind $0.50
Parabelum911: posts big blind $1
*** HOLE CARDS ***
shootingGRID: raises $1.25 to $2.25
fataleggs13: folds 
p0pa4poker: folds 
kars0n: folds 
Paiiiiii: calls $1.75
Parabelum911: folds 
*** FLOP *** [3s 7s 3c]
Paiiiiii: checks 
shootingGRID: bets $1.72
Paiiiiii: folds 
Uncalled bet ($1.72) returned to shootingGRID
shootingGRID collected $5.22 from pot
*** SUMMARY ***
Total pot $5.50 | Rake $0.28 
Board [3s 7s 3c]
Seat 1: p0pa4poker folded before Flop (didn't bet)
Seat 2: kars0n (button) folded before Flop (didn't bet)
Seat 3: Paiiiiii (small blind) folded on the Flop
Seat 4: Parabelum911 (big blind) folded before Flop
Seat 5: shootingGRID collected ($5.22)
Seat 6: fataleggs13 folded before Flop (didn't bet)



PokerStars Hand #254374804939:  Hold'em No Limit ($0.50/$1.00 USD) - 2025/01/14 23:19:04 WET [2025/01/14 18:19:04 ET]
Table 'Aunus III' 6-max Seat #3 is the button
Seat 1: p0pa4poker ($102.72 in chips) 
Seat 2: kars0n ($134.22 in chips) 
Seat 3: Paiiiiii ($119.81 in chips) 
Seat 4: Parabelum911 ($100 in chips) 
Seat 5: shootingGRID ($109.87 in chips) 
Seat 6: fataleggs13 ($102.94 in chips) 
Parabelum911: posts small blind $0.50
shootingGRID: posts big blind $1
*** HOLE CARDS ***
fataleggs13: folds 
p0pa4poker: folds 
kars0n: raises $1.50 to $2.50
Paiiiiii: folds 
Parabelum911: folds 
shootingGRID: folds 
Uncalled bet ($1.50) returned to kars0n
kars0n collected $2.50 from pot
kars0n: doesn't show hand 
*** SUMMARY ***
Total pot $2.50 | Rake $0 
Seat 1: p0pa4poker folded before Flop (didn't bet)
Seat 2: kars0n collected ($2.50)
Seat 3: Paiiiiii (button) folded before Flop (didn't bet)
Seat 4: Parabelum911 (small blind) folded before Flop
Seat 5: shootingGRID (big blind) folded before Flop
Seat 6: fataleggs13 folded before Flop (didn't bet)



PokerStars Hand #254374810802:  Hold'em No Limit ($0.50/$1.00 USD) - 2025/01/14 23:19:27 WET [2025/01/14 18:19:27 ET]
Table 'Aunus III' 6-max Seat #4 is the button
Seat 1: p0pa4poker ($102.72 in chips) 
Seat 2: kars0n ($135.72 in chips) 
Seat 3: Paiiiiii ($119.81 in chips) 
Seat 4: Parabelum911 ($100 in chips) 
Seat 5: shootingGRID ($108.87 in chips) 
Seat 6: fataleggs13 ($102.94 in chips) 
shootingGRID: posts small blind $0.50
fataleggs13: posts big blind $1
*** HOLE CARDS ***
p0pa4poker: raises $1.30 to $2.30
kars0n: folds 
Paiiiiii: calls $2.30
Parabelum911: folds 
shootingGRID: raises $11.70 to $14
fataleggs13: folds 
p0pa4poker: calls $11.70
Paiiiiii: calls $11.70
*** FLOP *** [8h 3s 9c]
shootingGRID: bets $13.48
p0pa4poker: calls $13.48
Paiiiiii: calls $13.48
*** TURN *** [8h 3s 9c] [9h]
shootingGRID: bets $81.39 and is all-in
p0pa4poker: calls $75.24 and is all-in
Paiiiiii: calls $81.39
*** RIVER *** [8h 3s 9c 9h] [2h]
*** SHOW DOWN ***
shootingGRID: shows [Qs Kc] (a pair of Nines)
Paiiiiii: shows [6h 7h] (a flush, Nine high)
Paiiiiii collected $12.30 from side pot
p0pa4poker: shows [Jc Js] (two pair, Jacks and Nines)
Paiiiiii collected $306.66 from main pot
p0pa4poker cashed out the hand for $171.74 | Cash Out Fee $3.50
*** SUMMARY ***
Total pot $321.46 Main pot $306.66. Side pot $12.30. | Rake $2.50 
Board [8h 3s 9c 9h 2h]
Seat 1: p0pa4poker showed [Jc Js] and lost with two pair, Jacks and Nines (cashed out).
Seat 2: kars0n folded before Flop (didn't bet)
Seat 3: Paiiiiii showed [6h 7h] and won ($318.96) with a flush, Nine high
Seat 4: Parabelum911 (button) folded before Flop (didn't bet)
Seat 5: shootingGRID (small blind) showed [Qs Kc] and lost with a pair of Nines
Seat 6: fataleggs13 (big blind) folded before Flop



PokerStars Hand #254374841844:  Hold'em No Limit ($0.50/$1.00 USD) - 2025/01/14 23:21:27 WET [2025/01/14 18:21:27 ET]
Table 'Aunus III' 6-max Seat #5 is the button
Seat 1: p0pa4poker ($171.74 in chips) 
Seat 2: kars0n ($135.72 in chips) 
Seat 3: Paiiiiii ($329.90 in chips) 
Seat 4: Parabelum911 ($100 in chips) 
Seat 5: shootingGRID ($100 in chips) 
Seat 6: fataleggs13 ($101.94 in chips) 
fataleggs13: posts small blind $0.50
p0pa4poker: posts big blind $1
*** HOLE CARDS ***
kars0n: raises $1 to $2
Paiiiiii: folds 
Parabelum911: folds 
shootingGRID: folds 
fataleggs13: folds 
p0pa4poker: calls $1
*** FLOP *** [Qh Jh 9s]
p0pa4poker: checks 
kars0n: checks 
*** TURN *** [Qh Jh 9s] [9h]
p0pa4poker: bets $3.30
kars0n: folds 
Uncalled bet ($3.30) returned to p0pa4poker
p0pa4poker collected $4.28 from pot
p0pa4poker: doesn't show hand 
*** SUMMARY ***
Total pot $4.50 | Rake $0.22 
Board [Qh Jh 9s 9h]
Seat 1: p0pa4poker (big blind) collected ($4.28)
Seat 2: kars0n folded on the Turn
Seat 3: Paiiiiii folded before Flop (didn't bet)
Seat 4: Parabelum911 folded before Flop (didn't bet)
Seat 5: shootingGRID (button) folded before Flop (didn't bet)
Seat 6: fataleggs13 (small blind) folded before Flop



PokerStars Hand #254374860915:  Hold'em No Limit ($0.50/$1.00 USD) - 2025/01/14 23:22:41 WET [2025/01/14 18:22:41 ET]
Table 'Aunus III' 6-max Seat #6 is the button
Seat 1: p0pa4poker ($174.02 in chips) 
Seat 2: kars0n ($133.72 in chips) 
Seat 3: Paiiiiii ($329.90 in chips) 
Seat 4: Parabelum911 ($100 in chips) 
Seat 5: shootingGRID ($100 in chips) 
Seat 6: fataleggs13 ($101.44 in chips) 
p0pa4poker: posts small blind $0.50
kars0n: posts big blind $1
*** HOLE CARDS ***
Paiiiiii: folds 
Parabelum911: raises $1.50 to $2.50
shootingGRID: folds 
fataleggs13: folds 
Paiiiiii leaves the table
p0pa4poker: folds 
kars0n: folds 
Uncalled bet ($1.50) returned to Parabelum911
franco232315 joins the table at seat #3 
Parabelum911 collected $2.50 from pot
Parabelum911: doesn't show hand 
franco232315 leaves the table
*** SUMMARY ***
Total pot $2.50 | Rake $0 
Seat 1: p0pa4poker (small blind) folded before Flop
Seat 2: kars0n (big blind) folded before Flop
Seat 3: Paiiiiii folded before Flop (didn't bet)
Seat 4: Parabelum911 collected ($2.50)
Seat 5: shootingGRID folded before Flop (didn't bet)
Seat 6: fataleggs13 (button) folded before Flop (didn't bet)



PokerStars Hand #254374865187:  Hold'em No Limit ($0.50/$1.00 USD) - 2025/01/14 23:22:58 WET [2025/01/14 18:22:58 ET]
Table 'Aunus III' 6-max Seat #1 is the button
Seat 1: p0pa4poker ($173.52 in chips) 
Seat 2: kars0n ($132.72 in chips) 
Seat 4: Parabelum911 ($101.50 in chips) 
Seat 5: shootingGRID ($100 in chips) 
Seat 6: fataleggs13 ($101.44 in chips) 
kars0n: posts small blind $0.50
Parabelum911: posts big blind $1
*** HOLE CARDS ***
shootingGRID: folds 
fataleggs13: folds 
p0pa4poker: folds 
kars0n: raises $2 to $3
Parabelum911: folds 
Uncalled bet ($2) returned to kars0n
kars0n collected $2 from pot
kars0n: doesn't show hand 
*** SUMMARY ***
Total pot $2 | Rake $0 
Seat 1: p0pa4poker (button) folded before Flop (didn't bet)
Seat 2: kars0n (small blind) collected ($2)
Seat 4: Parabelum911 (big blind) folded before Flop
Seat 5: shootingGRID folded before Flop (didn't bet)
Seat 6: fataleggs13 folded before Flop (didn't bet)



PokerStars Hand #254374870667:  Hold'em No Limit ($0.50/$1.00 USD) - 2025/01/14 23:23:19 WET [2025/01/14 18:23:19 ET]
Table 'Aunus III' 6-max Seat #2 is the button
Seat 1: p0pa4poker ($173.52 in chips) 
Seat 2: kars0n ($133.72 in chips) 
Seat 4: Parabelum911 ($100.50 in chips) 
Seat 5: shootingGRID ($100 in chips) 
Seat 6: fataleggs13 ($101.44 in chips) 
Parabelum911: posts small blind $0.50
shootingGRID: posts big blind $1
*** HOLE CARDS ***
fataleggs13: raises $1.20 to $2.20
avstero joins the table at seat #3 
p0pa4poker: folds 
kars0n: folds 
Parabelum911: folds 
shootingGRID: calls $1.20
*** FLOP *** [7h Ac Tc]
shootingGRID: checks 
fataleggs13: bets $2.42
shootingGRID: folds 
Uncalled bet ($2.42) returned to fataleggs13
fataleggs13 collected $4.66 from pot
fataleggs13: doesn't show hand 
*** SUMMARY ***
Total pot $4.90 | Rake $0.24 
Board [7h Ac Tc]
Seat 1: p0pa4poker folded before Flop (didn't bet)
Seat 2: kars0n (button) folded before Flop (didn't bet)
Seat 4: Parabelum911 (small blind) folded before Flop
Seat 5: shootingGRID (big blind) folded on the Flop
Seat 6: fataleggs13 collected ($4.66)



PokerStars Hand #254374881754:  Hold'em No Limit ($0.50/$1.00 USD) - 2025/01/14 23:24:02 WET [2025/01/14 18:24:02 ET]
Table 'Aunus III' 6-max Seat #4 is the button
Seat 3: avstero ($100 in chips) is sitting out
Seat 1: p0pa4poker ($173.52 in chips) 
Seat 2: kars0n ($133.72 in chips) 
Seat 4: Parabelum911 ($100 in chips) 
Seat 5: shootingGRID ($100 in chips) 
Seat 6: fataleggs13 ($103.90 in chips) 
shootingGRID: posts small blind $0.50
fataleggs13: posts big blind $1
avstero: sits out 
*** HOLE CARDS ***
p0pa4poker: folds 
kars0n: raises $1.50 to $2.50
Parabelum911: folds 
shootingGRID: folds 
fataleggs13: folds 
Uncalled bet ($1.50) returned to kars0n
kars0n collected $2.50 from pot
kars0n: doesn't show hand 
*** SUMMARY ***
Total pot $2.50 | Rake $0 
Seat 3: avstero
Seat 1: p0pa4poker folded before Flop (didn't bet)
Seat 2: kars0n collected ($2.50)
Seat 4: Parabelum911 (button) folded before Flop (didn't bet)
Seat 5: shootingGRID (small blind) folded before Flop
Seat 6: fataleggs13 (big blind) folded before Flop



PokerStars Hand #254374885999:  Hold'em No Limit ($0.50/$1.00 USD) - 2025/01/14 23:24:19 WET [2025/01/14 18:24:19 ET]
Table 'Aunus III' 6-max Seat #5 is the button
Seat 3: avstero ($100 in chips) is sitting out
Seat 1: p0pa4poker ($173.52 in chips) 
Seat 2: kars0n ($135.22 in chips) 
Seat 4: Parabelum911 ($100 in chips) 
Seat 5: shootingGRID ($100 in chips) 
Seat 6: fataleggs13 ($102.90 in chips) 
fataleggs13: posts small blind $0.50
p0pa4poker: posts big blind $1
avstero: sits out 
*** HOLE CARDS ***
kars0n: folds 
Parabelum911: raises $1.50 to $2.50
shootingGRID: folds 
fataleggs13: folds 
p0pa4poker: calls $1.50
*** FLOP *** [6d 9s 4s]
p0pa4poker: checks 
Parabelum911: bets $3.92
p0pa4poker: calls $3.92
*** TURN *** [6d 9s 4s] [Qc]
p0pa4poker: checks 
Parabelum911: bets $9.50
p0pa4poker: folds 
Uncalled bet ($9.50) returned to Parabelum911
Parabelum911 collected $12.67 from pot
Parabelum911: doesn't show hand 
*** SUMMARY ***
Total pot $13.34 | Rake $0.67 
Board [6d 9s 4s Qc]
Seat 3: avstero
Seat 1: p0pa4poker (big blind) folded on the Turn
Seat 2: kars0n folded before Flop (didn't bet)
Seat 4: Parabelum911 collected ($12.67)
Seat 5: shootingGRID (button) folded before Flop (didn't bet)
Seat 6: fataleggs13 (small blind) folded before Flop



PokerStars Hand #254374907791:  Hold'em No Limit ($0.50/$1.00 USD) - 2025/01/14 23:25:44 WET [2025/01/14 18:25:44 ET]
Table 'Aunus III' 6-max Seat #6 is the button
Seat 3: avstero ($100 in chips) is sitting out
Seat 1: p0pa4poker ($167.10 in chips) 
Seat 2: kars0n ($135.22 in chips) 
Seat 4: Parabelum911 ($106.25 in chips) 
Seat 5: shootingGRID ($100 in chips) 
Seat 6: fataleggs13 ($102.40 in chips) 
p0pa4poker: posts small blind $0.50
kars0n: posts big blind $1
avstero: sits out 
*** HOLE CARDS ***
Parabelum911: folds 
shootingGRID: folds 
Parabelum911 leaves the table
fataleggs13: raises $1.50 to $2.50
p0pa4poker: folds 
kars0n: calls $1.50
*** FLOP *** [2s Qc 6d]
kars0n: checks 
fataleggs13: bets $1.83
kars0n: folds 
Uncalled bet ($1.83) returned to fataleggs13
fataleggs13 collected $5.22 from pot
fataleggs13: doesn't show hand 
*** SUMMARY ***
Total pot $5.50 | Rake $0.28 
Board [2s Qc 6d]
Seat 3: avstero
Seat 1: p0pa4poker (small blind) folded before Flop
Seat 2: kars0n (big blind) folded on the Flop
Seat 4: Parabelum911 folded before Flop (didn't bet)
Seat 5: shootingGRID folded before Flop (didn't bet)
Seat 6: fataleggs13 (button) collected ($5.22)



PokerStars Hand #254374914985:  Hold'em No Limit ($0.50/$1.00 USD) - 2025/01/14 23:26:12 WET [2025/01/14 18:26:12 ET]
Table 'Aunus III' 6-max Seat #1 is the button
Seat 1: p0pa4poker ($166.60 in chips) 
Seat 2: kars0n ($132.72 in chips) 
Seat 3: avstero ($100 in chips) 
Seat 5: shootingGRID ($100 in chips) 
Seat 6: fataleggs13 ($105.12 in chips) 
kars0n: posts small blind $0.50
avstero: posts big blind $1
*** HOLE CARDS ***
shootingGRID: raises $1.25 to $2.25
fataleggs13: folds 
p0pa4poker: folds 
kars0n: folds 
avstero: folds 
Uncalled bet ($1.25) returned to shootingGRID
shootingGRID collected $2.50 from pot
*** SUMMARY ***
Total pot $2.50 | Rake $0 
Seat 1: p0pa4poker (button) folded before Flop (didn't bet)
Seat 2: kars0n (small blind) folded before Flop
Seat 3: avstero (big blind) folded before Flop
Seat 5: shootingGRID collected ($2.50)
Seat 6: fataleggs13 folded before Flop (didn't bet)



PokerStars Hand #254374919574:  Hold'em No Limit ($0.50/$1.00 USD) - 2025/01/14 23:26:30 WET [2025/01/14 18:26:30 ET]
Table 'Aunus III' 6-max Seat #2 is the button
Seat 1: p0pa4poker ($166.60 in chips) 
Seat 2: kars0n ($132.22 in chips) 
Seat 3: avstero ($99 in chips) 
Seat 5: shootingGRID ($101.50 in chips) 
Seat 6: fataleggs13 ($105.12 in chips) 
avstero: posts small blind $0.50
shootingGRID: posts big blind $1
*** HOLE CARDS ***
fataleggs13: folds 
p0pa4poker: folds 
kars0n: folds 
avstero: raises $1.80 to $2.80
shootingGRID: raises $5.60 to $8.40
avstero: folds 
Uncalled bet ($5.60) returned to shootingGRID
shootingGRID collected $5.60 from pot
*** SUMMARY ***
Total pot $5.60 | Rake $0 
Seat 1: p0pa4poker folded before Flop (didn't bet)
Seat 2: kars0n (button) folded before Flop (didn't bet)
Seat 3: avstero (small blind) folded before Flop
Seat 5: shootingGRID (big blind) collected ($5.60)
Seat 6: fataleggs13 folded before Flop (didn't bet)



PokerStars Hand #254374928547:  Hold'em No Limit ($0.50/$1.00 USD) - 2025/01/14 23:27:05 WET [2025/01/14 18:27:05 ET]
Table 'Aunus III' 6-max Seat #3 is the button
Seat 1: p0pa4poker ($166.60 in chips) is sitting out
Seat 6: fataleggs13 ($105.12 in chips) is sitting out
Seat 2: kars0n ($132.22 in chips) 
Seat 3: avstero ($100 in chips) 
Seat 5: shootingGRID ($104.30 in chips) 
shootingGRID: posts small blind $0.50
fataleggs13: is sitting out 
p0pa4poker: is sitting out 
kars0n: posts big blind $1
*** HOLE CARDS ***
avstero: raises $1.20 to $2.20
shootingGRID: folds 
kars0n: folds 
Uncalled bet ($1.20) returned to avstero
avstero collected $2.50 from pot
avstero: doesn't show hand 
*** SUMMARY ***
Total pot $2.50 | Rake $0 
Seat 1: p0pa4poker
Seat 6: fataleggs13
Seat 2: kars0n (big blind) folded before Flop
Seat 3: avstero (button) collected ($2.50)
Seat 5: shootingGRID (small blind) folded before Flop



PokerStars Hand #254374931562:  Hold'em No Limit ($0.50/$1.00 USD) - 2025/01/14 23:27:17 WET [2025/01/14 18:27:17 ET]
Table 'Aunus III' 6-max Seat #2 is the button
Seat 1: p0pa4poker ($166.60 in chips) is sitting out
Seat 3: avstero ($101.50 in chips) is sitting out
Seat 6: fataleggs13 ($105.12 in chips) is sitting out
Seat 2: kars0n ($131.22 in chips) 
Seat 5: shootingGRID ($103.80 in chips) 
kars0n: posts small blind $0.50
avstero: is sitting out 
shootingGRID: posts big blind $1
*** HOLE CARDS ***
p0pa4poker leaves the table
avstero leaves the table
kars0n: raises $1.50 to $2.50
fataleggs13 leaves the table
shootingGRID: folds 
Uncalled bet ($1.50) returned to kars0n
kars0n collected $2 from pot
kars0n: doesn't show hand 
*** SUMMARY ***
Total pot $2 | Rake $0 
Seat 1: p0pa4poker
Seat 3: avstero
Seat 6: fataleggs13
Seat 2: kars0n (button) (small blind) collected ($2)
Seat 5: shootingGRID (big blind) folded before Flop



PokerStars Hand #254374936616:  Hold'em No Limit ($0.50/$1.00 USD) - 2025/01/14 23:27:38 WET [2025/01/14 18:27:38 ET]
Table 'Aunus III' 6-max Seat #5 is the button
Seat 2: kars0n ($132.22 in chips) 
Seat 5: shootingGRID ($102.80 in chips) 
shootingGRID: posts small blind $0.50
kars0n: posts big blind $1
*** HOLE CARDS ***
shootingGRID: raises $1.25 to $2.25
kars0n: calls $1.25
*** FLOP *** [8c Ts 9h]
kars0n: checks 
shootingGRID: bets $2.14
kars0n: folds 
Uncalled bet ($2.14) returned to shootingGRID
shootingGRID collected $4.28 from pot
*** SUMMARY ***
Total pot $4.50 | Rake $0.22 
Board [8c Ts 9h]
Seat 2: kars0n (big blind) folded on the Flop
Seat 5: shootingGRID (button) (small blind) collected ($4.28)



PokerStars Hand #254375003943:  Hold'em No Limit ($0.50/$1.00 USD) - 2025/01/14 23:31:59 WET [2025/01/14 18:31:59 ET]
Table 'Aunus III' 6-max Seat #6 is the button
Seat 5: shootingGRID ($104.83 in chips) is sitting out
Seat 4: Espada Fish ($100 in chips) 
Seat 6: Zvst ($100 in chips) 
Zvst: posts small blind $0.50
Espada Fish: posts big blind $1
*** HOLE CARDS ***
Zvst: raises $1.50 to $2.50
Espada Fish: calls $1.50
*** FLOP *** [8c 9h Kh]
Espada Fish: checks 
Zvst: bets $3.17
Espada Fish: folds 
Uncalled bet ($3.17) returned to Zvst
Zvst collected $4.75 from pot
Zvst: doesn't show hand 
*** SUMMARY ***
Total pot $5 | Rake $0.25 
Board [8c 9h Kh]
Seat 5: shootingGRID
Seat 4: Espada Fish (big blind) folded on the Flop
Seat 6: Zvst (button) (small blind) collected ($4.75)



PokerStars Hand #254375014541:  Hold'em No Limit ($0.50/$1.00 USD) - 2025/01/14 23:32:41 WET [2025/01/14 18:32:41 ET]
Table 'Aunus III' 6-max Seat #4 is the button
Seat 5: shootingGRID ($104.83 in chips) is sitting out
Seat 4: Espada Fish ($100 in chips) 
Seat 6: Zvst ($102.25 in chips) 
Espada Fish: posts small blind $0.50
Zvst: posts big blind $1
*** HOLE CARDS ***
Espada Fish: raises $1.50 to $2.50
Zvst: folds 
Uncalled bet ($1.50) returned to Espada Fish
Espada Fish collected $2 from pot
Espada Fish: doesn't show hand 
*** SUMMARY ***
Total pot $2 | Rake $0 
Seat 5: shootingGRID
Seat 4: Espada Fish (button) (small blind) collected ($2)
Seat 6: Zvst (big blind) folded before Flop



PokerStars Hand #254375043647:  Hold'em No Limit ($0.50/$1.00 USD) - 2025/01/14 23:34:37 WET [2025/01/14 18:34:37 ET]
Table 'Aunus III' 6-max Seat #2 is the button
Seat 5: shootingGRID ($104.83 in chips) is sitting out
Seat 2: equilibrium_tv ($40 in chips) 
Seat 3: Aleqseuka ($100 in chips) 
equilibrium_tv: posts small blind $0.50
Aleqseuka: posts big blind $1
*** HOLE CARDS ***
equilibrium_tv: raises $1 to $2
Aleqseuka: calls $1
*** FLOP *** [Js 7h 9c]
Aleqseuka: checks 
equilibrium_tv: checks 
*** TURN *** [Js 7h 9c] [8h]
Aleqseuka: checks 
shootingGRID leaves the table
equilibrium_tv: checks 
*** RIVER *** [Js 7h 9c 8h] [Qc]
Aleqseuka: bets $4.75
equilibrium_tv: folds 
Uncalled bet ($4.75) returned to Aleqseuka
Aleqseuka collected $3.80 from pot
Aleqseuka: doesn't show hand 
*** SUMMARY ***
Total pot $4 | Rake $0.20 
Board [Js 7h 9c 8h Qc]
Seat 5: shootingGRID
Seat 2: equilibrium_tv (button) (small blind) folded on the River
Seat 3: Aleqseuka (big blind) collected ($3.80)



