PokerStars Hand #254376219199:  Hold'em No Limit ($0.50/$1.00 USD) - 2025/01/14 1:11:15 WET [2025/01/14 20:11:15 ET]
Table 'Boda II' 6-max Seat #6 is the button
Seat 4: XneferX ($135.22 in chips) 
Seat 6: shootingGRID ($100 in chips) 
shootingGRID: posts small blind $0.50
XneferX: posts big blind $1
*** HOLE CARDS ***
shootingGRID: folds 
Uncalled bet ($0.50) returned to XneferX
XneferX collected $1 from pot
XneferX: doesn't show hand 
*** SUMMARY ***
Total pot $1 | Rake $0 
Seat 4: XneferX (big blind) collected ($1)
Seat 6: shootingGRID (button) (small blind) folded before Flop



PokerStars Hand #254376269322:  Hold'em No Limit ($0.50/$1.00 USD) - 2025/01/14 1:16:03 WET [2025/01/14 20:16:03 ET]
Table 'Boda II' 6-max Seat #2 is the button
Seat 2: nikalas22 ($100 in chips) 
Seat 4: XneferX ($135.72 in chips) 
Seat 6: shootingGRID ($100 in chips) 
XneferX: posts small blind $0.50
shootingGRID: posts big blind $1
*** HOLE CARDS ***
nikalas22: folds 
XneferX: folds 
Uncalled bet ($0.50) returned to shootingGRID
shootingGRID collected $1 from pot
*** SUMMARY ***
Total pot $1 | Rake $0 
Seat 2: nikalas22 (button) folded before Flop (didn't bet)
Seat 4: XneferX (small blind) folded before Flop
Seat 6: shootingGRID (big blind) collected ($1)



PokerStars Hand #254376271541:  Hold'em No Limit ($0.50/$1.00 USD) - 2025/01/14 1:16:16 WET [2025/01/14 20:16:16 ET]
Table 'Boda II' 6-max Seat #4 is the button
Seat 2: nikalas22 ($100 in chips) 
Seat 4: XneferX ($135.22 in chips) 
Seat 6: shootingGRID ($100.50 in chips) 
shootingGRID: posts small blind $0.50
nikalas22: posts big blind $1
*** HOLE CARDS ***
XneferX: folds 
shootingGRID: folds 
Uncalled bet ($0.50) returned to nikalas22
nikalas22 collected $1 from pot
nikalas22: doesn't show hand 
*** SUMMARY ***
Total pot $1 | Rake $0 
Seat 2: nikalas22 (big blind) collected ($1)
Seat 4: XneferX (button) folded before Flop (didn't bet)
Seat 6: shootingGRID (small blind) folded before Flop



PokerStars Hand #254376274417:  Hold'em No Limit ($0.50/$1.00 USD) - 2025/01/14 1:16:33 WET [2025/01/14 20:16:33 ET]
Table 'Boda II' 6-max Seat #6 is the button
Seat 2: nikalas22 ($100.50 in chips) 
Seat 4: XneferX ($135.22 in chips) 
Seat 6: shootingGRID ($100 in chips) 
nikalas22: posts small blind $0.50
XneferX: posts big blind $1
*** HOLE CARDS ***
shootingGRID: folds 
nikalas22: folds 
Uncalled bet ($0.50) returned to XneferX
XneferX collected $1 from pot
XneferX: doesn't show hand 
lazyG007605 joins the table at seat #3 
*** SUMMARY ***
Total pot $1 | Rake $0 
Seat 2: nikalas22 (small blind) folded before Flop
Seat 4: XneferX (big blind) collected ($1)
Seat 6: shootingGRID (button) folded before Flop (didn't bet)



PokerStars Hand #254376277429:  Hold'em No Limit ($0.50/$1.00 USD) - 2025/01/14 1:16:50 WET [2025/01/14 20:16:50 ET]
Table 'Boda II' 6-max Seat #2 is the button
Seat 3: lazyG007605 ($31.26 in chips) is sitting out
Seat 2: nikalas22 ($100 in chips) 
Seat 4: XneferX ($135.72 in chips) 
Seat 6: shootingGRID ($100 in chips) 
lazyG007605 is disconnected 
XneferX: posts small blind $0.50
shootingGRID: posts big blind $1
*** HOLE CARDS ***
BumHuntKing joins the table at seat #5 
nikalas22: raises $1.50 to $2.50
XneferX: folds 
MaRKiToScoK joins the table at seat #1 
shootingGRID: folds 
Uncalled bet ($1.50) returned to nikalas22
nikalas22 collected $2.50 from pot
nikalas22: doesn't show hand 
*** SUMMARY ***
Total pot $2.50 | Rake $0 
Seat 3: lazyG007605
Seat 2: nikalas22 (button) collected ($2.50)
Seat 4: XneferX (small blind) folded before Flop
Seat 6: shootingGRID (big blind) folded before Flop



PokerStars Hand #254376281401:  Hold'em No Limit ($0.50/$1.00 USD) - 2025/01/14 1:17:13 WET [2025/01/14 20:17:13 ET]
Table 'Boda II' 6-max Seat #4 is the button
Seat 3: lazyG007605 ($31.26 in chips) is sitting out
Seat 5: BumHuntKing ($100 in chips) is sitting out
Seat 1: MaRKiToScoK ($100 in chips) 
Seat 2: nikalas22 ($101.50 in chips) 
Seat 4: XneferX ($135.22 in chips) 
Seat 6: shootingGRID ($100 in chips) 
shootingGRID: posts small blind $0.50
MaRKiToScoK: posts big blind $1
lazyG007605: sits out 
*** HOLE CARDS ***
nikalas22: folds 
XneferX: raises $1.77 to $2.77
shootingGRID: folds 
MaRKiToScoK: calls $1.77
*** FLOP *** [Ks 6h 4d]
MaRKiToScoK: checks 
XneferX: bets $1.95
MaRKiToScoK: calls $1.95
*** TURN *** [Ks 6h 4d] [7d]
MaRKiToScoK: checks 
XneferX: checks 
*** RIVER *** [Ks 6h 4d 7d] [4c]
MaRKiToScoK: bets $7.08
XneferX: folds 
Uncalled bet ($7.08) returned to MaRKiToScoK
MaRKiToScoK collected $9.44 from pot
*** SUMMARY ***
Total pot $9.94 | Rake $0.50 
Board [Ks 6h 4d 7d 4c]
Seat 3: lazyG007605
Seat 5: BumHuntKing
Seat 1: MaRKiToScoK (big blind) collected ($9.44)
Seat 2: nikalas22 folded before Flop (didn't bet)
Seat 4: XneferX (button) folded on the River
Seat 6: shootingGRID (small blind) folded before Flop



PokerStars Hand #254376293258:  Hold'em No Limit ($0.50/$1.00 USD) - 2025/01/14 1:18:21 WET [2025/01/14 20:18:21 ET]
Table 'Boda II' 6-max Seat #6 is the button
Seat 5: BumHuntKing ($100 in chips) is sitting out
Seat 1: MaRKiToScoK ($104.72 in chips) 
Seat 2: nikalas22 ($101.50 in chips) 
Seat 3: lazyG007605 ($31.26 in chips) 
Seat 4: XneferX ($130.50 in chips) 
Seat 6: shootingGRID ($100 in chips) 
MaRKiToScoK: posts small blind $0.50
nikalas22: posts big blind $1
lazyG007605: posts big blind $1
BumHuntKing: sits out 
*** HOLE CARDS ***
lazyG007605: checks 
XneferX: folds 
shootingGRID: raises $2.50 to $3.50
MaRKiToScoK: folds 
nikalas22: folds 
lazyG007605 is disconnected 
lazyG007605 is connected 
lazyG007605: calls $2.50
*** FLOP *** [9c Kd 2c]
lazyG007605: checks 
shootingGRID: bets $2.67
lazyG007605: raises $2.67 to $5.34
shootingGRID: calls $2.67
*** TURN *** [9c Kd 2c] [7h]
lazyG007605: checks 
shootingGRID: checks 
*** RIVER *** [9c Kd 2c 7h] [Kc]
lazyG007605: bets $7
shootingGRID: folds 
Uncalled bet ($7) returned to lazyG007605
lazyG007605 collected $18.22 from pot
*** SUMMARY ***
Total pot $19.18 | Rake $0.96 
Board [9c Kd 2c 7h Kc]
Seat 5: BumHuntKing
Seat 1: MaRKiToScoK (small blind) folded before Flop
Seat 2: nikalas22 (big blind) folded before Flop
Seat 3: lazyG007605 collected ($18.22)
Seat 4: XneferX folded before Flop (didn't bet)
Seat 6: shootingGRID (button) folded on the River



PokerStars Hand #254376312134:  Hold'em No Limit ($0.50/$1.00 USD) - 2025/01/14 1:20:10 WET [2025/01/14 20:20:10 ET]
Table 'Boda II' 6-max Seat #1 is the button
Seat 5: BumHuntKing ($100 in chips) is sitting out
Seat 1: MaRKiToScoK ($104.22 in chips) 
Seat 2: nikalas22 ($100.50 in chips) 
Seat 3: lazyG007605 ($40.64 in chips) 
Seat 4: XneferX ($130.50 in chips) 
Seat 6: shootingGRID ($100 in chips) 
nikalas22: posts small blind $0.50
lazyG007605: posts big blind $1
BumHuntKing: sits out 
*** HOLE CARDS ***
XneferX: folds 
shootingGRID: folds 
MaRKiToScoK: folds 
nikalas22: folds 
Uncalled bet ($0.50) returned to lazyG007605
lazyG007605 collected $1 from pot
*** SUMMARY ***
Total pot $1 | Rake $0 
Seat 5: BumHuntKing
Seat 1: MaRKiToScoK (button) folded before Flop (didn't bet)
Seat 2: nikalas22 (small blind) folded before Flop
Seat 3: lazyG007605 (big blind) collected ($1)
Seat 4: XneferX folded before Flop (didn't bet)
Seat 6: shootingGRID folded before Flop (didn't bet)



PokerStars Hand #254376316651:  Hold'em No Limit ($0.50/$1.00 USD) - 2025/01/14 1:20:35 WET [2025/01/14 20:20:35 ET]
Table 'Boda II' 6-max Seat #2 is the button
Seat 5: BumHuntKing ($100 in chips) is sitting out
Seat 1: MaRKiToScoK ($104.22 in chips) 
Seat 2: nikalas22 ($100 in chips) 
Seat 3: lazyG007605 ($41.14 in chips) 
Seat 4: XneferX ($130.50 in chips) 
Seat 6: shootingGRID ($100 in chips) 
lazyG007605: posts small blind $0.50
XneferX: posts big blind $1
BumHuntKing: sits out 
*** HOLE CARDS ***
shootingGRID: folds 
MaRKiToScoK: folds 
nikalas22: folds 
lazyG007605: calls $0.50
XneferX: checks 
*** FLOP *** [5c 3d Qd]
lazyG007605: bets $2
XneferX: folds 
Uncalled bet ($2) returned to lazyG007605
lazyG007605 collected $1.90 from pot
*** SUMMARY ***
Total pot $2 | Rake $0.10 
Board [5c 3d Qd]
Seat 5: BumHuntKing
Seat 1: MaRKiToScoK folded before Flop (didn't bet)
Seat 2: nikalas22 (button) folded before Flop (didn't bet)
Seat 3: lazyG007605 (small blind) collected ($1.90)
Seat 4: XneferX (big blind) folded on the Flop
Seat 6: shootingGRID folded before Flop (didn't bet)



PokerStars Hand #254376325592:  Hold'em No Limit ($0.50/$1.00 USD) - 2025/01/14 1:21:26 WET [2025/01/14 20:21:26 ET]
Table 'Boda II' 6-max Seat #3 is the button
Seat 1: MaRKiToScoK ($104.22 in chips) 
Seat 2: nikalas22 ($100 in chips) 
Seat 3: lazyG007605 ($42.04 in chips) 
Seat 4: XneferX ($129.50 in chips) 
Seat 5: BumHuntKing ($100 in chips) 
Seat 6: shootingGRID ($100 in chips) 
XneferX: posts small blind $0.50
BumHuntKing: posts big blind $1
*** HOLE CARDS ***
shootingGRID: folds 
MaRKiToScoK: folds 
lazyG007605 is disconnected 
nikalas22: folds 
lazyG007605: calls $1
XneferX: folds 
BumHuntKing: checks 
*** FLOP *** [8h 2h 2d]
BumHuntKing: bets $3.57
lazyG007605: folds 
Uncalled bet ($3.57) returned to BumHuntKing
BumHuntKing collected $2.38 from pot
BumHuntKing: doesn't show hand 
*** SUMMARY ***
Total pot $2.50 | Rake $0.12 
Board [8h 2h 2d]
Seat 1: MaRKiToScoK folded before Flop (didn't bet)
Seat 2: nikalas22 folded before Flop (didn't bet)
Seat 3: lazyG007605 (button) folded on the Flop
Seat 4: XneferX (small blind) folded before Flop
Seat 5: BumHuntKing (big blind) collected ($2.38)
Seat 6: shootingGRID folded before Flop (didn't bet)



PokerStars Hand #254376331636:  Hold'em No Limit ($0.50/$1.00 USD) - 2025/01/14 1:22:00 WET [2025/01/14 20:22:00 ET]
Table 'Boda II' 6-max Seat #4 is the button
Seat 1: MaRKiToScoK ($104.22 in chips) 
Seat 2: nikalas22 ($100 in chips) 
Seat 3: lazyG007605 ($41.04 in chips) 
Seat 4: XneferX ($129 in chips) 
Seat 5: BumHuntKing ($101.38 in chips) 
Seat 6: shootingGRID ($100 in chips) 
BumHuntKing: posts small blind $0.50
shootingGRID: posts big blind $1
*** HOLE CARDS ***
MaRKiToScoK: raises $1.10 to $2.10
nikalas22: folds 
lazyG007605: folds 
XneferX: folds 
BumHuntKing: raises $8.90 to $11
shootingGRID: folds 
MaRKiToScoK: folds 
Uncalled bet ($8.90) returned to BumHuntKing
BumHuntKing collected $5.20 from pot
BumHuntKing: doesn't show hand 
*** SUMMARY ***
Total pot $5.20 | Rake $0 
Seat 1: MaRKiToScoK folded before Flop
Seat 2: nikalas22 folded before Flop (didn't bet)
Seat 3: lazyG007605 folded before Flop (didn't bet)
Seat 4: XneferX (button) folded before Flop (didn't bet)
Seat 5: BumHuntKing (small blind) collected ($5.20)
Seat 6: shootingGRID (big blind) folded before Flop



PokerStars Hand #254376334881:  Hold'em No Limit ($0.50/$1.00 USD) - 2025/01/14 1:22:19 WET [2025/01/14 20:22:19 ET]
Table 'Boda II' 6-max Seat #5 is the button
Seat 1: MaRKiToScoK ($102.12 in chips) 
Seat 2: nikalas22 ($100 in chips) 
Seat 3: lazyG007605 ($41.04 in chips) 
Seat 4: XneferX ($129 in chips) 
Seat 5: BumHuntKing ($104.48 in chips) 
Seat 6: shootingGRID ($100 in chips) 
shootingGRID: posts small blind $0.50
MaRKiToScoK: posts big blind $1
*** HOLE CARDS ***
nikalas22: folds 
lazyG007605: calls $1
XneferX: folds 
BumHuntKing: folds 
shootingGRID: folds 
MaRKiToScoK: checks 
*** FLOP *** [2h 8c 9s]
MaRKiToScoK: checks 
lazyG007605: bets $1
MaRKiToScoK: folds 
Uncalled bet ($1) returned to lazyG007605
lazyG007605 collected $2.38 from pot
*** SUMMARY ***
Total pot $2.50 | Rake $0.12 
Board [2h 8c 9s]
Seat 1: MaRKiToScoK (big blind) folded on the Flop
Seat 2: nikalas22 folded before Flop (didn't bet)
Seat 3: lazyG007605 collected ($2.38)
Seat 4: XneferX folded before Flop (didn't bet)
Seat 5: BumHuntKing (button) folded before Flop (didn't bet)
Seat 6: shootingGRID (small blind) folded before Flop



PokerStars Hand #254376342480:  Hold'em No Limit ($0.50/$1.00 USD) - 2025/01/14 1:23:02 WET [2025/01/14 20:23:02 ET]
Table 'Boda II' 6-max Seat #6 is the button
Seat 1: MaRKiToScoK ($101.12 in chips) 
Seat 2: nikalas22 ($100 in chips) 
Seat 3: lazyG007605 ($42.42 in chips) 
Seat 4: XneferX ($129 in chips) 
Seat 5: BumHuntKing ($104.48 in chips) 
Seat 6: shootingGRID ($100 in chips) 
MaRKiToScoK: posts small blind $0.50
nikalas22: posts big blind $1
*** HOLE CARDS ***
lazyG007605: folds 
XneferX: folds 
BumHuntKing: raises $1.20 to $2.20
shootingGRID: folds 
MaRKiToScoK: raises $8.30 to $10.50
nikalas22: folds 
BumHuntKing: calls $8.30
*** FLOP *** [2c 4d 3s]
MaRKiToScoK: checks 
BumHuntKing: checks 
*** TURN *** [2c 4d 3s] [4c]
MaRKiToScoK: checks 
BumHuntKing: bets $6.90
MaRKiToScoK: calls $6.90
*** RIVER *** [2c 4d 3s 4c] [2s]
MaRKiToScoK: checks 
BumHuntKing: checks 
*** SHOW DOWN ***
MaRKiToScoK: shows [Tc Ac] (two pair, Fours and Deuces)
BumHuntKing: mucks hand 
MaRKiToScoK collected $34.01 from pot
*** SUMMARY ***
Total pot $35.80 | Rake $1.79 
Board [2c 4d 3s 4c 2s]
Seat 1: MaRKiToScoK (small blind) showed [Tc Ac] and won ($34.01) with two pair, Fours and Deuces
Seat 2: nikalas22 (big blind) folded before Flop
Seat 3: lazyG007605 folded before Flop (didn't bet)
Seat 4: XneferX folded before Flop (didn't bet)
Seat 5: BumHuntKing mucked
Seat 6: shootingGRID (button) folded before Flop (didn't bet)



PokerStars Hand #254376357992:  Hold'em No Limit ($0.50/$1.00 USD) - 2025/01/14 1:24:30 WET [2025/01/14 20:24:30 ET]
Table 'Boda II' 6-max Seat #1 is the button
Seat 1: MaRKiToScoK ($117.73 in chips) 
Seat 2: nikalas22 ($100 in chips) 
Seat 3: lazyG007605 ($42.42 in chips) 
Seat 4: XneferX ($129 in chips) 
Seat 5: BumHuntKing ($100 in chips) 
Seat 6: shootingGRID ($100 in chips) 
nikalas22: posts small blind $0.50
lazyG007605 is disconnected 
lazyG007605 is connected 
lazyG007605: posts big blind $1
*** HOLE CARDS ***
XneferX: folds 
BumHuntKing: folds 
shootingGRID: raises $1.25 to $2.25
MaRKiToScoK: folds 
nikalas22: folds 
lazyG007605: calls $1.25
*** FLOP *** [9s 3h Ah]
lazyG007605: checks 
shootingGRID: bets $1.57
lazyG007605: calls $1.57
*** TURN *** [9s 3h Ah] [Qs]
lazyG007605: checks 
shootingGRID: checks 
*** RIVER *** [9s 3h Ah Qs] [6s]
lazyG007605: bets $8
shootingGRID: folds 
Uncalled bet ($8) returned to lazyG007605
lazyG007605 collected $7.73 from pot
*** SUMMARY ***
Total pot $8.14 | Rake $0.41 
Board [9s 3h Ah Qs 6s]
Seat 1: MaRKiToScoK (button) folded before Flop (didn't bet)
Seat 2: nikalas22 (small blind) folded before Flop
Seat 3: lazyG007605 (big blind) collected ($7.73)
Seat 4: XneferX folded before Flop (didn't bet)
Seat 5: BumHuntKing folded before Flop (didn't bet)
Seat 6: shootingGRID folded on the River



PokerStars Hand #254376372507:  Hold'em No Limit ($0.50/$1.00 USD) - 2025/01/14 1:25:51 WET [2025/01/14 20:25:51 ET]
Table 'Boda II' 6-max Seat #2 is the button
Seat 1: MaRKiToScoK ($117.73 in chips) 
Seat 2: nikalas22 ($100 in chips) 
Seat 3: lazyG007605 ($46.33 in chips) 
Seat 4: XneferX ($129 in chips) 
Seat 5: BumHuntKing ($100 in chips) 
Seat 6: shootingGRID ($100 in chips) 
lazyG007605: posts small blind $0.50
XneferX: posts big blind $1
*** HOLE CARDS ***
BumHuntKing: folds 
shootingGRID: folds 
MaRKiToScoK: raises $1 to $2
nikalas22: folds 
lazyG007605: calls $1.50
XneferX: folds 
*** FLOP *** [2s Kc 3h]
lazyG007605: checks 
MaRKiToScoK: checks 
*** TURN *** [2s Kc 3h] [Jd]
lazyG007605: checks 
MaRKiToScoK: checks 
*** RIVER *** [2s Kc 3h Jd] [8d]
lazyG007605: bets $1
MaRKiToScoK: folds 
Uncalled bet ($1) returned to lazyG007605
lazyG007605 collected $4.75 from pot
*** SUMMARY ***
Total pot $5 | Rake $0.25 
Board [2s Kc 3h Jd 8d]
Seat 1: MaRKiToScoK folded on the River
Seat 2: nikalas22 (button) folded before Flop (didn't bet)
Seat 3: lazyG007605 (small blind) collected ($4.75)
Seat 4: XneferX (big blind) folded before Flop
Seat 5: BumHuntKing folded before Flop (didn't bet)
Seat 6: shootingGRID folded before Flop (didn't bet)



PokerStars Hand #254376386255:  Hold'em No Limit ($0.50/$1.00 USD) - 2025/01/14 1:27:08 WET [2025/01/14 20:27:08 ET]
Table 'Boda II' 6-max Seat #3 is the button
Seat 1: MaRKiToScoK ($115.73 in chips) 
Seat 2: nikalas22 ($100 in chips) 
Seat 3: lazyG007605 ($49.08 in chips) 
Seat 4: XneferX ($128 in chips) 
Seat 5: BumHuntKing ($100 in chips) 
Seat 6: shootingGRID ($100 in chips) 
XneferX: posts small blind $0.50
BumHuntKing: posts big blind $1
*** HOLE CARDS ***
shootingGRID: folds 
MaRKiToScoK: folds 
nikalas22: raises $1.50 to $2.50
lazyG007605 is disconnected 
lazyG007605 is connected 
lazyG007605: folds 
XneferX: folds 
BumHuntKing: folds 
Uncalled bet ($1.50) returned to nikalas22
nikalas22 collected $2.50 from pot
nikalas22: doesn't show hand 
*** SUMMARY ***
Total pot $2.50 | Rake $0 
Seat 1: MaRKiToScoK folded before Flop (didn't bet)
Seat 2: nikalas22 collected ($2.50)
Seat 3: lazyG007605 (button) folded before Flop (didn't bet)
Seat 4: XneferX (small blind) folded before Flop
Seat 5: BumHuntKing (big blind) folded before Flop
Seat 6: shootingGRID folded before Flop (didn't bet)



PokerStars Hand #254376393173:  Hold'em No Limit ($0.50/$1.00 USD) - 2025/01/14 1:27:48 WET [2025/01/14 20:27:48 ET]
Table 'Boda II' 6-max Seat #4 is the button
Seat 1: MaRKiToScoK ($115.73 in chips) 
Seat 2: nikalas22 ($101.50 in chips) 
Seat 3: lazyG007605 ($49.08 in chips) 
Seat 4: XneferX ($127.50 in chips) 
Seat 5: BumHuntKing ($100 in chips) 
Seat 6: shootingGRID ($100 in chips) 
BumHuntKing: posts small blind $0.50
shootingGRID: posts big blind $1
*** HOLE CARDS ***
MaRKiToScoK: folds 
nikalas22: raises $1.50 to $2.50
lazyG007605: folds 
XneferX: folds 
BumHuntKing: raises $9 to $11.50
shootingGRID: folds 
nikalas22: folds 
Uncalled bet ($9) returned to BumHuntKing
BumHuntKing collected $6 from pot
BumHuntKing: doesn't show hand 
*** SUMMARY ***
Total pot $6 | Rake $0 
Seat 1: MaRKiToScoK folded before Flop (didn't bet)
Seat 2: nikalas22 folded before Flop
Seat 3: lazyG007605 folded before Flop (didn't bet)
Seat 4: XneferX (button) folded before Flop (didn't bet)
Seat 5: BumHuntKing (small blind) collected ($6)
Seat 6: shootingGRID (big blind) folded before Flop



PokerStars Hand #254376398420:  Hold'em No Limit ($0.50/$1.00 USD) - 2025/01/14 1:28:16 WET [2025/01/14 20:28:16 ET]
Table 'Boda II' 6-max Seat #5 is the button
Seat 1: MaRKiToScoK ($115.73 in chips) 
Seat 2: nikalas22 ($100 in chips) 
Seat 3: lazyG007605 ($49.08 in chips) 
Seat 4: XneferX ($127.50 in chips) 
Seat 5: BumHuntKing ($103.50 in chips) 
Seat 6: shootingGRID ($100 in chips) 
shootingGRID: posts small blind $0.50
MaRKiToScoK: posts big blind $1
*** HOLE CARDS ***
nikalas22: folds 
lazyG007605: calls $1
XneferX: folds 
BumHuntKing: folds 
shootingGRID: calls $0.50
MaRKiToScoK: checks 
*** FLOP *** [5c 3c 8h]
shootingGRID: checks 
MaRKiToScoK: checks 
lazyG007605: bets $2
shootingGRID: folds 
MaRKiToScoK: folds 
Uncalled bet ($2) returned to lazyG007605
lazyG007605 collected $2.85 from pot
*** SUMMARY ***
Total pot $3 | Rake $0.15 
Board [5c 3c 8h]
Seat 1: MaRKiToScoK (big blind) folded on the Flop
Seat 2: nikalas22 folded before Flop (didn't bet)
Seat 3: lazyG007605 collected ($2.85)
Seat 4: XneferX folded before Flop (didn't bet)
Seat 5: BumHuntKing (button) folded before Flop (didn't bet)
Seat 6: shootingGRID (small blind) folded on the Flop



PokerStars Hand #254376407713:  Hold'em No Limit ($0.50/$1.00 USD) - 2025/01/14 1:29:08 WET [2025/01/14 20:29:08 ET]
Table 'Boda II' 6-max Seat #6 is the button
Seat 1: MaRKiToScoK ($114.73 in chips) 
Seat 2: nikalas22 ($100 in chips) 
Seat 3: lazyG007605 ($50.93 in chips) 
Seat 4: XneferX ($127.50 in chips) 
Seat 5: BumHuntKing ($103.50 in chips) 
Seat 6: shootingGRID ($100 in chips) 
MaRKiToScoK: posts small blind $0.50
nikalas22: posts big blind $1
*** HOLE CARDS ***
lazyG007605: folds 
XneferX: folds 
BumHuntKing: raises $1.20 to $2.20
shootingGRID: folds 
MaRKiToScoK: folds 
nikalas22: folds 
Uncalled bet ($1.20) returned to BumHuntKing
BumHuntKing collected $2.50 from pot
BumHuntKing: doesn't show hand 
*** SUMMARY ***
Total pot $2.50 | Rake $0 
Seat 1: MaRKiToScoK (small blind) folded before Flop
Seat 2: nikalas22 (big blind) folded before Flop
Seat 3: lazyG007605 folded before Flop (didn't bet)
Seat 4: XneferX folded before Flop (didn't bet)
Seat 5: BumHuntKing collected ($2.50)
Seat 6: shootingGRID (button) folded before Flop (didn't bet)



PokerStars Hand #254376411109:  Hold'em No Limit ($0.50/$1.00 USD) - 2025/01/14 1:29:28 WET [2025/01/14 20:29:28 ET]
Table 'Boda II' 6-max Seat #1 is the button
Seat 1: MaRKiToScoK ($114.23 in chips) 
Seat 2: nikalas22 ($100 in chips) 
Seat 3: lazyG007605 ($50.93 in chips) 
Seat 4: XneferX ($127.50 in chips) 
Seat 5: BumHuntKing ($105 in chips) 
Seat 6: shootingGRID ($100 in chips) 
nikalas22: posts small blind $0.50
lazyG007605: posts big blind $1
*** HOLE CARDS ***
XneferX: folds 
BumHuntKing: folds 
shootingGRID: raises $1.25 to $2.25
MaRKiToScoK: folds 
nikalas22: raises $8.75 to $11
lazyG007605: folds 
shootingGRID: folds 
Uncalled bet ($8.75) returned to nikalas22
nikalas22 collected $5.50 from pot
nikalas22: doesn't show hand 
*** SUMMARY ***
Total pot $5.50 | Rake $0 
Seat 1: MaRKiToScoK (button) folded before Flop (didn't bet)
Seat 2: nikalas22 (small blind) collected ($5.50)
Seat 3: lazyG007605 (big blind) folded before Flop
Seat 4: XneferX folded before Flop (didn't bet)
Seat 5: BumHuntKing folded before Flop (didn't bet)
Seat 6: shootingGRID folded before Flop



PokerStars Hand #254376420548:  Hold'em No Limit ($0.50/$1.00 USD) - 2025/01/14 1:30:21 WET [2025/01/14 20:30:21 ET]
Table 'Boda II' 6-max Seat #2 is the button
Seat 1: MaRKiToScoK ($114.23 in chips) 
Seat 2: nikalas22 ($103.25 in chips) 
Seat 3: lazyG007605 ($49.93 in chips) 
Seat 4: XneferX ($127.50 in chips) 
Seat 5: BumHuntKing ($105 in chips) 
Seat 6: shootingGRID ($100 in chips) 
lazyG007605: posts small blind $0.50
XneferX: posts big blind $1
*** HOLE CARDS ***
BumHuntKing: folds 
shootingGRID: folds 
MaRKiToScoK: folds 
nikalas22: raises $1.50 to $2.50
lazyG007605: calls $2
XneferX: folds 
*** FLOP *** [Ad Ks 5c]
lazyG007605: checks 
nikalas22: checks 
*** TURN *** [Ad Ks 5c] [8s]
lazyG007605: bets $4
nikalas22: calls $4
*** RIVER *** [Ad Ks 5c 8s] [Ah]
lazyG007605: bets $8
nikalas22: calls $8
*** SHOW DOWN ***
lazyG007605: shows [Kh Ac] (a full house, Aces full of Kings)
nikalas22: mucks hand 
lazyG007605 collected $28.50 from pot
*** SUMMARY ***
Total pot $30 | Rake $1.50 
Board [Ad Ks 5c 8s Ah]
Seat 1: MaRKiToScoK folded before Flop (didn't bet)
Seat 2: nikalas22 (button) mucked
Seat 3: lazyG007605 (small blind) showed [Kh Ac] and won ($28.50) with a full house, Aces full of Kings
Seat 4: XneferX (big blind) folded before Flop
Seat 5: BumHuntKing folded before Flop (didn't bet)
Seat 6: shootingGRID folded before Flop (didn't bet)



PokerStars Hand #254376437945:  Hold'em No Limit ($0.50/$1.00 USD) - 2025/01/14 1:31:59 WET [2025/01/14 20:31:59 ET]
Table 'Boda II' 6-max Seat #3 is the button
Seat 1: MaRKiToScoK ($114.23 in chips) 
Seat 2: nikalas22 ($100 in chips) 
Seat 3: lazyG007605 ($63.93 in chips) 
Seat 4: XneferX ($126.50 in chips) 
Seat 5: BumHuntKing ($105 in chips) 
Seat 6: shootingGRID ($100 in chips) 
XneferX: posts small blind $0.50
BumHuntKing: posts big blind $1
*** HOLE CARDS ***
shootingGRID: raises $1.25 to $2.25
MaRKiToScoK: folds 
nikalas22: folds 
lazyG007605: folds 
XneferX: folds 
BumHuntKing: folds 
Uncalled bet ($1.25) returned to shootingGRID
shootingGRID collected $2.50 from pot
*** SUMMARY ***
Total pot $2.50 | Rake $0 
Seat 1: MaRKiToScoK folded before Flop (didn't bet)
Seat 2: nikalas22 folded before Flop (didn't bet)
Seat 3: lazyG007605 (button) folded before Flop (didn't bet)
Seat 4: XneferX (small blind) folded before Flop
Seat 5: BumHuntKing (big blind) folded before Flop
Seat 6: shootingGRID collected ($2.50)



PokerStars Hand #254376442025:  Hold'em No Limit ($0.50/$1.00 USD) - 2025/01/14 1:32:22 WET [2025/01/14 20:32:22 ET]
Table 'Boda II' 6-max Seat #4 is the button
Seat 1: MaRKiToScoK ($114.23 in chips) 
Seat 2: nikalas22 ($100 in chips) 
Seat 3: lazyG007605 ($63.93 in chips) 
Seat 4: XneferX ($126 in chips) 
Seat 5: BumHuntKing ($104 in chips) 
Seat 6: shootingGRID ($101.50 in chips) 
BumHuntKing: posts small blind $0.50
shootingGRID: posts big blind $1
*** HOLE CARDS ***
MaRKiToScoK: raises $1.10 to $2.10
nikalas22: raises $5.90 to $8
lazyG007605: folds 
XneferX: folds 
BumHuntKing: folds 
shootingGRID: folds 
MaRKiToScoK: folds 
Uncalled bet ($5.90) returned to nikalas22
nikalas22 collected $5.70 from pot
nikalas22: doesn't show hand 
*** SUMMARY ***
Total pot $5.70 | Rake $0 
Seat 1: MaRKiToScoK folded before Flop
Seat 2: nikalas22 collected ($5.70)
Seat 3: lazyG007605 folded before Flop (didn't bet)
Seat 4: XneferX (button) folded before Flop (didn't bet)
Seat 5: BumHuntKing (small blind) folded before Flop
Seat 6: shootingGRID (big blind) folded before Flop



PokerStars Hand #254376449218:  Hold'em No Limit ($0.50/$1.00 USD) - 2025/01/14 1:33:02 WET [2025/01/14 20:33:02 ET]
Table 'Boda II' 6-max Seat #5 is the button
Seat 1: MaRKiToScoK ($112.13 in chips) 
Seat 2: nikalas22 ($103.60 in chips) 
Seat 3: lazyG007605 ($63.93 in chips) 
Seat 4: XneferX ($126 in chips) 
Seat 5: BumHuntKing ($103.50 in chips) 
Seat 6: shootingGRID ($100.50 in chips) 
shootingGRID: posts small blind $0.50
MaRKiToScoK: posts big blind $1
*** HOLE CARDS ***
nikalas22: raises $1.50 to $2.50
lazyG007605: folds 
XneferX: folds 
BumHuntKing: folds 
shootingGRID: folds 
MaRKiToScoK: folds 
Uncalled bet ($1.50) returned to nikalas22
nikalas22 collected $2.50 from pot
nikalas22: doesn't show hand 
*** SUMMARY ***
Total pot $2.50 | Rake $0 
Seat 1: MaRKiToScoK (big blind) folded before Flop
Seat 2: nikalas22 collected ($2.50)
Seat 3: lazyG007605 folded before Flop (didn't bet)
Seat 4: XneferX folded before Flop (didn't bet)
Seat 5: BumHuntKing (button) folded before Flop (didn't bet)
Seat 6: shootingGRID (small blind) folded before Flop



PokerStars Hand #254376451754:  Hold'em No Limit ($0.50/$1.00 USD) - 2025/01/14 1:33:16 WET [2025/01/14 20:33:16 ET]
Table 'Boda II' 6-max Seat #6 is the button
Seat 1: MaRKiToScoK ($111.13 in chips) 
Seat 2: nikalas22 ($105.10 in chips) 
Seat 3: lazyG007605 ($63.93 in chips) 
Seat 4: XneferX ($126 in chips) 
Seat 5: BumHuntKing ($103.50 in chips) 
Seat 6: shootingGRID ($100 in chips) 
MaRKiToScoK: posts small blind $0.50
nikalas22: posts big blind $1
*** HOLE CARDS ***
lazyG007605: folds 
XneferX: raises $1.10 to $2.10
BumHuntKing: folds 
shootingGRID: folds 
MaRKiToScoK: folds 
nikalas22: folds 
Uncalled bet ($1.10) returned to XneferX
XneferX collected $2.50 from pot
XneferX: doesn't show hand 
*** SUMMARY ***
Total pot $2.50 | Rake $0 
Seat 1: MaRKiToScoK (small blind) folded before Flop
Seat 2: nikalas22 (big blind) folded before Flop
Seat 3: lazyG007605 folded before Flop (didn't bet)
Seat 4: XneferX collected ($2.50)
Seat 5: BumHuntKing folded before Flop (didn't bet)
Seat 6: shootingGRID (button) folded before Flop (didn't bet)



PokerStars Hand #254376456164:  Hold'em No Limit ($0.50/$1.00 USD) - 2025/01/14 1:33:42 WET [2025/01/14 20:33:42 ET]
Table 'Boda II' 6-max Seat #1 is the button
Seat 1: MaRKiToScoK ($110.63 in chips) 
Seat 2: nikalas22 ($104.10 in chips) 
Seat 3: lazyG007605 ($63.93 in chips) 
Seat 4: XneferX ($127.50 in chips) 
Seat 5: BumHuntKing ($103.50 in chips) 
Seat 6: shootingGRID ($100 in chips) 
nikalas22: posts small blind $0.50
lazyG007605: posts big blind $1
*** HOLE CARDS ***
XneferX: folds 
BumHuntKing: raises $1.20 to $2.20
shootingGRID: folds 
MaRKiToScoK: folds 
nikalas22: folds 
lazyG007605: calls $1.20
*** FLOP *** [Ks 7c 5d]
lazyG007605: checks 
BumHuntKing: bets $1.17
lazyG007605: calls $1.17
*** TURN *** [Ks 7c 5d] [8d]
lazyG007605: checks 
BumHuntKing: checks 
*** RIVER *** [Ks 7c 5d 8d] [9s]
lazyG007605: bets $13
BumHuntKing: folds 
Uncalled bet ($13) returned to lazyG007605
lazyG007605 collected $6.88 from pot
*** SUMMARY ***
Total pot $7.24 | Rake $0.36 
Board [Ks 7c 5d 8d 9s]
Seat 1: MaRKiToScoK (button) folded before Flop (didn't bet)
Seat 2: nikalas22 (small blind) folded before Flop
Seat 3: lazyG007605 (big blind) collected ($6.88)
Seat 4: XneferX folded before Flop (didn't bet)
Seat 5: BumHuntKing folded on the River
Seat 6: shootingGRID folded before Flop (didn't bet)



PokerStars Hand #254376466620:  Hold'em No Limit ($0.50/$1.00 USD) - 2025/01/14 1:34:42 WET [2025/01/14 20:34:42 ET]
Table 'Boda II' 6-max Seat #2 is the button
Seat 1: MaRKiToScoK ($110.63 in chips) 
Seat 2: nikalas22 ($103.60 in chips) 
Seat 3: lazyG007605 ($67.44 in chips) 
Seat 4: XneferX ($127.50 in chips) 
Seat 5: BumHuntKing ($100.13 in chips) 
Seat 6: shootingGRID ($100 in chips) 
lazyG007605: posts small blind $0.50
XneferX: posts big blind $1
*** HOLE CARDS ***
BumHuntKing: folds 
shootingGRID: folds 
MaRKiToScoK: folds 
nikalas22: raises $1.50 to $2.50
lazyG007605: folds 
XneferX: calls $1.50
*** FLOP *** [8c Ts 3s]
XneferX: checks 
nikalas22: bets $3.92
XneferX: calls $3.92
*** TURN *** [8c Ts 3s] [4c]
XneferX: checks 
nikalas22: checks 
*** RIVER *** [8c Ts 3s 4c] [Ah]
XneferX: checks 
nikalas22: checks 
*** SHOW DOWN ***
XneferX: shows [Jc Th] (a pair of Tens)
nikalas22: mucks hand 
XneferX collected $12.67 from pot
*** SUMMARY ***
Total pot $13.34 | Rake $0.67 
Board [8c Ts 3s 4c Ah]
Seat 1: MaRKiToScoK folded before Flop (didn't bet)
Seat 2: nikalas22 (button) mucked
Seat 3: lazyG007605 (small blind) folded before Flop
Seat 4: XneferX (big blind) showed [Jc Th] and won ($12.67) with a pair of Tens
Seat 5: BumHuntKing folded before Flop (didn't bet)
Seat 6: shootingGRID folded before Flop (didn't bet)



PokerStars Hand #254376478896:  Hold'em No Limit ($0.50/$1.00 USD) - 2025/01/14 1:35:53 WET [2025/01/14 20:35:53 ET]
Table 'Boda II' 6-max Seat #3 is the button
Seat 1: MaRKiToScoK ($110.63 in chips) 
Seat 2: nikalas22 ($100 in chips) 
Seat 3: lazyG007605 ($66.94 in chips) 
Seat 4: XneferX ($133.75 in chips) 
Seat 5: BumHuntKing ($100.13 in chips) 
Seat 6: shootingGRID ($100 in chips) 
XneferX: posts small blind $0.50
BumHuntKing: posts big blind $1
*** HOLE CARDS ***
shootingGRID: raises $1.25 to $2.25
MaRKiToScoK: calls $2.25
nikalas22: folds 
lazyG007605: folds 
XneferX: folds 
BumHuntKing: calls $1.25
*** FLOP *** [Td 8c 9h]
BumHuntKing: checks 
shootingGRID: checks 
MaRKiToScoK: checks 
*** TURN *** [Td 8c 9h] [Kc]
BumHuntKing: checks 
shootingGRID: bets $5.17
MaRKiToScoK: calls $5.17
BumHuntKing: calls $5.17
*** RIVER *** [Td 8c 9h Kc] [4c]
BumHuntKing: checks 
shootingGRID: checks 
MaRKiToScoK: checks 
*** SHOW DOWN ***
BumHuntKing: shows [Ac Qs] (high card Ace)
shootingGRID: shows [8s 9s] (two pair, Nines and Eights)
MaRKiToScoK: mucks hand 
shootingGRID collected $21.62 from pot
*** SUMMARY ***
Total pot $22.76 | Rake $1.14 
Board [Td 8c 9h Kc 4c]
Seat 1: MaRKiToScoK mucked
Seat 2: nikalas22 folded before Flop (didn't bet)
Seat 3: lazyG007605 (button) folded before Flop (didn't bet)
Seat 4: XneferX (small blind) folded before Flop
Seat 5: BumHuntKing (big blind) showed [Ac Qs] and lost with high card Ace
Seat 6: shootingGRID showed [8s 9s] and won ($21.62) with two pair, Nines and Eights



PokerStars Hand #254376496933:  Hold'em No Limit ($0.50/$1.00 USD) - 2025/01/14 1:37:36 WET [2025/01/14 20:37:36 ET]
Table 'Boda II' 6-max Seat #4 is the button
Seat 1: MaRKiToScoK ($103.21 in chips) 
Seat 2: nikalas22 ($100 in chips) 
Seat 3: lazyG007605 ($66.94 in chips) 
Seat 4: XneferX ($133.25 in chips) 
Seat 5: BumHuntKing ($100 in chips) 
Seat 6: shootingGRID ($114.20 in chips) 
BumHuntKing: posts small blind $0.50
shootingGRID: posts big blind $1
*** HOLE CARDS ***
lazyG007605 is disconnected 
MaRKiToScoK: raises $1 to $2
nikalas22: folds 
lazyG007605: calls $2
XneferX: folds 
BumHuntKing: folds 
shootingGRID: folds 
*** FLOP *** [9d 5d 7c]
MaRKiToScoK: checks 
lazyG007605: checks 
*** TURN *** [9d 5d 7c] [Jc]
MaRKiToScoK: checks 
lazyG007605: bets $3
MaRKiToScoK: folds 
Uncalled bet ($3) returned to lazyG007605
lazyG007605 collected $5.22 from pot
*** SUMMARY ***
Total pot $5.50 | Rake $0.28 
Board [9d 5d 7c Jc]
Seat 1: MaRKiToScoK folded on the Turn
Seat 2: nikalas22 folded before Flop (didn't bet)
Seat 3: lazyG007605 collected ($5.22)
Seat 4: XneferX (button) folded before Flop (didn't bet)
Seat 5: BumHuntKing (small blind) folded before Flop
Seat 6: shootingGRID (big blind) folded before Flop



PokerStars Hand #254376508448:  Hold'em No Limit ($0.50/$1.00 USD) - 2025/01/14 1:38:42 WET [2025/01/14 20:38:42 ET]
Table 'Boda II' 6-max Seat #5 is the button
Seat 1: MaRKiToScoK ($101.21 in chips) 
Seat 2: nikalas22 ($100 in chips) 
Seat 3: lazyG007605 ($70.16 in chips) 
Seat 4: XneferX ($133.25 in chips) 
Seat 5: BumHuntKing ($100 in chips) 
Seat 6: shootingGRID ($113.20 in chips) 
shootingGRID: posts small blind $0.50
MaRKiToScoK: posts big blind $1
*** HOLE CARDS ***
nikalas22: folds 
lazyG007605: raises $1 to $2
XneferX: folds 
BumHuntKing: folds 
shootingGRID: calls $1.50
MaRKiToScoK: calls $1
*** FLOP *** [Td 7s 2d]
shootingGRID: checks 
MaRKiToScoK: checks 
lazyG007605: bets $2
shootingGRID: calls $2
MaRKiToScoK: folds 
*** TURN *** [Td 7s 2d] [Qs]
shootingGRID: checks 
lazyG007605 is disconnected 
lazyG007605 is connected 
lazyG007605: bets $6
shootingGRID: folds 
Uncalled bet ($6) returned to lazyG007605
lazyG007605 collected $9.50 from pot
*** SUMMARY ***
Total pot $10 | Rake $0.50 
Board [Td 7s 2d Qs]
Seat 1: MaRKiToScoK (big blind) folded on the Flop
Seat 2: nikalas22 folded before Flop (didn't bet)
Seat 3: lazyG007605 collected ($9.50)
Seat 4: XneferX folded before Flop (didn't bet)
Seat 5: BumHuntKing (button) folded before Flop (didn't bet)
Seat 6: shootingGRID (small blind) folded on the Turn



PokerStars Hand #254376524912:  Hold'em No Limit ($0.50/$1.00 USD) - 2025/01/14 1:40:16 WET [2025/01/14 20:40:16 ET]
Table 'Boda II' 6-max Seat #6 is the button
Seat 2: nikalas22 ($100 in chips) is sitting out
Seat 1: MaRKiToScoK ($100 in chips) 
Seat 3: lazyG007605 ($75.66 in chips) 
Seat 4: XneferX ($133.25 in chips) 
Seat 5: BumHuntKing ($100 in chips) 
Seat 6: shootingGRID ($109.20 in chips) 
MaRKiToScoK: posts small blind $0.50
nikalas22: is sitting out 
lazyG007605: posts big blind $1
*** HOLE CARDS ***
nikalas22 leaves the table
XneferX: folds 
BumHuntKing: folds 
shootingGRID: folds 
MaRKiToScoK: raises $1.75 to $2.75
lazyG007605: calls $1.75
*** FLOP *** [4s 7d Kh]
MaRKiToScoK: bets $1.57
lazyG007605 is disconnected 
lazyG007605 is connected 
lazyG007605: folds 
Uncalled bet ($1.57) returned to MaRKiToScoK
MaRKiToScoK collected $5.22 from pot
*** SUMMARY ***
Total pot $5.50 | Rake $0.28 
Board [4s 7d Kh]
Seat 2: nikalas22
Seat 1: MaRKiToScoK (small blind) collected ($5.22)
Seat 3: lazyG007605 (big blind) folded on the Flop
Seat 4: XneferX folded before Flop (didn't bet)
Seat 5: BumHuntKing folded before Flop (didn't bet)
Seat 6: shootingGRID (button) folded before Flop (didn't bet)



PokerStars Hand #254376535108:  Hold'em No Limit ($0.50/$1.00 USD) - 2025/01/14 1:41:15 WET [2025/01/14 20:41:15 ET]
Table 'Boda II' 6-max Seat #1 is the button
Seat 1: MaRKiToScoK ($102.47 in chips) 
Seat 3: lazyG007605 ($72.91 in chips) 
Seat 4: XneferX ($133.25 in chips) 
Seat 5: BumHuntKing ($100 in chips) 
Seat 6: shootingGRID ($109.20 in chips) 
lazyG007605: posts small blind $0.50
XneferX: posts big blind $1
*** HOLE CARDS ***
BumHuntKing: folds 
shootingGRID: folds 
MaRKiToScoK: folds 
lazyG007605: calls $0.50
XneferX: checks 
*** FLOP *** [Ts Qd 3d]
lazyG007605: checks 
XneferX: checks 
*** TURN *** [Ts Qd 3d] [8c]
lazyG007605: checks 
XneferX: bets $1.46
lazyG007605: calls $1.46
*** RIVER *** [Ts Qd 3d 8c] [Jc]
lazyG007605: bets $4
XneferX: calls $4
*** SHOW DOWN ***
lazyG007605: shows [3h 3c] (three of a kind, Threes)
XneferX: shows [4d 9h] (a straight, Eight to Queen)
XneferX collected $12.27 from pot
*** SUMMARY ***
Total pot $12.92 | Rake $0.65 
Board [Ts Qd 3d 8c Jc]
Seat 1: MaRKiToScoK (button) folded before Flop (didn't bet)
Seat 3: lazyG007605 (small blind) showed [3h 3c] and lost with three of a kind, Threes
Seat 4: XneferX (big blind) showed [4d 9h] and won ($12.27) with a straight, Eight to Queen
Seat 5: BumHuntKing folded before Flop (didn't bet)
Seat 6: shootingGRID folded before Flop (didn't bet)



PokerStars Hand #254376549047:  Hold'em No Limit ($0.50/$1.00 USD) - 2025/01/14 1:42:35 WET [2025/01/14 20:42:35 ET]
Table 'Boda II' 6-max Seat #3 is the button
Seat 1: MaRKiToScoK ($102.47 in chips) 
Seat 3: lazyG007605 ($66.45 in chips) 
Seat 4: XneferX ($139.06 in chips) 
Seat 5: BumHuntKing ($100 in chips) 
Seat 6: shootingGRID ($109.20 in chips) 
XneferX: posts small blind $0.50
BumHuntKing: posts big blind $1
*** HOLE CARDS ***
shootingGRID: raises $1.25 to $2.25
MaRKiToScoK: folds 
lazyG007605: folds 
XneferX: folds 
BumHuntKing: folds 
Uncalled bet ($1.25) returned to shootingGRID
shootingGRID collected $2.50 from pot
*** SUMMARY ***
Total pot $2.50 | Rake $0 
Seat 1: MaRKiToScoK folded before Flop (didn't bet)
Seat 3: lazyG007605 (button) folded before Flop (didn't bet)
Seat 4: XneferX (small blind) folded before Flop
Seat 5: BumHuntKing (big blind) folded before Flop
Seat 6: shootingGRID collected ($2.50)



PokerStars Hand #254376552444:  Hold'em No Limit ($0.50/$1.00 USD) - 2025/01/14 1:42:55 WET [2025/01/14 20:42:55 ET]
Table 'Boda II' 6-max Seat #4 is the button
Seat 1: MaRKiToScoK ($102.47 in chips) 
Seat 3: lazyG007605 ($66.45 in chips) 
Seat 4: XneferX ($138.56 in chips) 
Seat 5: BumHuntKing ($100 in chips) 
Seat 6: shootingGRID ($110.70 in chips) 
BumHuntKing: posts small blind $0.50
shootingGRID: posts big blind $1
*** HOLE CARDS ***
ffac joins the table at seat #2 
MaRKiToScoK: folds 
lazyG007605: calls $1
XneferX: folds 
BumHuntKing: folds 
shootingGRID: checks 
*** FLOP *** [Ts 4s 3h]
shootingGRID: checks 
lazyG007605: bets $2
shootingGRID: calls $2
*** TURN *** [Ts 4s 3h] [Qd]
shootingGRID: checks 
lazyG007605: checks 
*** RIVER *** [Ts 4s 3h Qd] [8d]
shootingGRID: checks 
lazyG007605: checks 
*** SHOW DOWN ***
shootingGRID: shows [As 8c] (a pair of Eights)
lazyG007605: mucks hand 
shootingGRID collected $6.18 from pot
*** SUMMARY ***
Total pot $6.50 | Rake $0.32 
Board [Ts 4s 3h Qd 8d]
Seat 1: MaRKiToScoK folded before Flop (didn't bet)
Seat 3: lazyG007605 mucked
Seat 4: XneferX (button) folded before Flop (didn't bet)
Seat 5: BumHuntKing (small blind) folded before Flop
Seat 6: shootingGRID (big blind) showed [As 8c] and won ($6.18) with a pair of Eights



PokerStars Hand #254376563560:  Hold'em No Limit ($0.50/$1.00 USD) - 2025/01/14 1:44:00 WET [2025/01/14 20:44:00 ET]
Table 'Boda II' 6-max Seat #5 is the button
Seat 2: ffac ($100 in chips) is sitting out
Seat 1: MaRKiToScoK ($102.47 in chips) 
Seat 3: lazyG007605 ($63.45 in chips) 
Seat 4: XneferX ($138.56 in chips) 
Seat 5: BumHuntKing ($100 in chips) 
Seat 6: shootingGRID ($113.88 in chips) 
shootingGRID: posts small blind $0.50
MaRKiToScoK: posts big blind $1
ffac: sits out 
*** HOLE CARDS ***
lazyG007605: calls $1
XneferX: folds 
BumHuntKing: raises $1.50 to $2.50
shootingGRID: folds 
MaRKiToScoK: calls $1.50
lazyG007605: calls $1.50
*** FLOP *** [8d 3s Qs]
MaRKiToScoK: checks 
lazyG007605: bets $4
BumHuntKing: calls $4
MaRKiToScoK: folds 
*** TURN *** [8d 3s Qs] [2h]
lazyG007605: checks 
BumHuntKing: checks 
*** RIVER *** [8d 3s Qs 2h] [5c]
lazyG007605: bets $12
BumHuntKing: calls $12
*** SHOW DOWN ***
lazyG007605: shows [Td Qc] (a pair of Queens)
BumHuntKing: mucks hand 
lazyG007605 collected $38 from pot
*** SUMMARY ***
Total pot $40 | Rake $2 
Board [8d 3s Qs 2h 5c]
Seat 2: ffac
Seat 1: MaRKiToScoK (big blind) folded on the Flop
Seat 3: lazyG007605 showed [Td Qc] and won ($38) with a pair of Queens
Seat 4: XneferX folded before Flop (didn't bet)
Seat 5: BumHuntKing (button) mucked
Seat 6: shootingGRID (small blind) folded before Flop



PokerStars Hand #254376578698:  Hold'em No Limit ($0.50/$1.00 USD) - 2025/01/14 1:45:29 WET [2025/01/14 20:45:29 ET]
Table 'Boda II' 6-max Seat #6 is the button
Seat 1: MaRKiToScoK ($100 in chips) 
Seat 2: ffac ($100 in chips) 
Seat 3: lazyG007605 ($82.95 in chips) 
Seat 4: XneferX ($138.56 in chips) 
Seat 5: BumHuntKing ($100 in chips) 
Seat 6: shootingGRID ($113.38 in chips) 
MaRKiToScoK: posts small blind $0.50
ffac: posts big blind $1
*** HOLE CARDS ***
lazyG007605: folds 
XneferX: raises $1.10 to $2.10
BumHuntKing: folds 
shootingGRID: folds 
MaRKiToScoK: folds 
ffac: folds 
Uncalled bet ($1.10) returned to XneferX
XneferX collected $2.50 from pot
XneferX: doesn't show hand 
*** SUMMARY ***
Total pot $2.50 | Rake $0 
Seat 1: MaRKiToScoK (small blind) folded before Flop
Seat 2: ffac (big blind) folded before Flop
Seat 3: lazyG007605 folded before Flop (didn't bet)
Seat 4: XneferX collected ($2.50)
Seat 5: BumHuntKing folded before Flop (didn't bet)
Seat 6: shootingGRID (button) folded before Flop (didn't bet)



PokerStars Hand #254376582310:  Hold'em No Limit ($0.50/$1.00 USD) - 2025/01/14 1:45:50 WET [2025/01/14 20:45:50 ET]
Table 'Boda II' 6-max Seat #1 is the button
Seat 1: MaRKiToScoK ($100 in chips) 
Seat 2: ffac ($100 in chips) 
Seat 3: lazyG007605 ($82.95 in chips) 
Seat 4: XneferX ($140.06 in chips) 
Seat 5: BumHuntKing ($100 in chips) 
Seat 6: shootingGRID ($113.38 in chips) 
ffac: posts small blind $0.50
lazyG007605: posts big blind $1
*** HOLE CARDS ***
XneferX: folds 
BumHuntKing: folds 
shootingGRID: folds 
MaRKiToScoK: folds 
ffac: calls $0.50
lazyG007605: checks 
*** FLOP *** [3s 6s 7h]
ffac: checks 
lazyG007605: checks 
*** TURN *** [3s 6s 7h] [Ts]
ffac: checks 
lazyG007605: bets $1
ffac: calls $1
*** RIVER *** [3s 6s 7h Ts] [8c]
ffac: checks 
lazyG007605: bets $3
ffac: calls $3
*** SHOW DOWN ***
lazyG007605: shows [Ac 9h] (a straight, Six to Ten)
ffac: mucks hand 
lazyG007605 collected $9.50 from pot
*** SUMMARY ***
Total pot $10 | Rake $0.50 
Board [3s 6s 7h Ts 8c]
Seat 1: MaRKiToScoK (button) folded before Flop (didn't bet)
Seat 2: ffac (small blind) mucked
Seat 3: lazyG007605 (big blind) showed [Ac 9h] and won ($9.50) with a straight, Six to Ten
Seat 4: XneferX folded before Flop (didn't bet)
Seat 5: BumHuntKing folded before Flop (didn't bet)
Seat 6: shootingGRID folded before Flop (didn't bet)



PokerStars Hand #254376597038:  Hold'em No Limit ($0.50/$1.00 USD) - 2025/01/14 1:47:17 WET [2025/01/14 20:47:17 ET]
Table 'Boda II' 6-max Seat #2 is the button
Seat 1: MaRKiToScoK ($100 in chips) 
Seat 2: ffac ($100 in chips) 
Seat 3: lazyG007605 ($87.45 in chips) 
Seat 4: XneferX ($140.06 in chips) 
Seat 5: BumHuntKing ($100 in chips) 
Seat 6: shootingGRID ($113.38 in chips) 
lazyG007605: posts small blind $0.50
XneferX: posts big blind $1
*** HOLE CARDS ***
BumHuntKing: folds 
shootingGRID: folds 
MaRKiToScoK: folds 
ffac: raises $1.50 to $2.50
lazyG007605: calls $2
XneferX: folds 
*** FLOP *** [6h 4c 7s]
lazyG007605: checks 
ffac: bets $2.85
lazyG007605: raises $4.85 to $7.70
ffac: calls $4.85
*** TURN *** [6h 4c 7s] [9d]
lazyG007605: checks 
ffac: bets $6.71
lazyG007605: raises $6.71 to $13.42
ffac: calls $6.71
*** RIVER *** [6h 4c 7s 9d] [3h]
lazyG007605: bets $22.92
ffac: folds 
Uncalled bet ($22.92) returned to lazyG007605
lazyG007605 collected $45.83 from pot
*** SUMMARY ***
Total pot $48.24 | Rake $2.41 
Board [6h 4c 7s 9d 3h]
Seat 1: MaRKiToScoK folded before Flop (didn't bet)
Seat 2: ffac (button) folded on the River
Seat 3: lazyG007605 (small blind) collected ($45.83)
Seat 4: XneferX (big blind) folded before Flop
Seat 5: BumHuntKing folded before Flop (didn't bet)
Seat 6: shootingGRID folded before Flop (didn't bet)



PokerStars Hand #254376616793:  Hold'em No Limit ($0.50/$1.00 USD) - 2025/01/14 1:49:15 WET [2025/01/14 20:49:15 ET]
Table 'Boda II' 6-max Seat #3 is the button
Seat 1: MaRKiToScoK ($100 in chips) 
Seat 2: ffac ($100 in chips) 
Seat 3: lazyG007605 ($109.66 in chips) 
Seat 4: XneferX ($139.06 in chips) 
Seat 5: BumHuntKing ($100 in chips) 
Seat 6: shootingGRID ($113.38 in chips) 
XneferX: posts small blind $0.50
BumHuntKing: posts big blind $1
*** HOLE CARDS ***
shootingGRID: folds 
MaRKiToScoK: folds 
ffac: raises $1.19 to $2.19
lazyG007605: folds 
XneferX: folds 
BumHuntKing: calls $1.19
*** FLOP *** [Ad 2d Jd]
BumHuntKing: checks 
ffac: checks 
*** TURN *** [Ad 2d Jd] [3h]
BumHuntKing: checks 
ffac: bets $1.53
BumHuntKing: calls $1.53
*** RIVER *** [Ad 2d Jd 3h] [Td]
BumHuntKing: checks 
ffac: bets $3.77
BumHuntKing: folds 
Uncalled bet ($3.77) returned to ffac
ffac collected $7.54 from pot
ffac: doesn't show hand 
*** SUMMARY ***
Total pot $7.94 | Rake $0.40 
Board [Ad 2d Jd 3h Td]
Seat 1: MaRKiToScoK folded before Flop (didn't bet)
Seat 2: ffac collected ($7.54)
Seat 3: lazyG007605 (button) folded before Flop (didn't bet)
Seat 4: XneferX (small blind) folded before Flop
Seat 5: BumHuntKing (big blind) folded on the River
Seat 6: shootingGRID folded before Flop (didn't bet)



PokerStars Hand #254376630217:  Hold'em No Limit ($0.50/$1.00 USD) - 2025/01/14 1:50:35 WET [2025/01/14 20:50:35 ET]
Table 'Boda II' 6-max Seat #4 is the button
Seat 1: MaRKiToScoK ($100 in chips) 
Seat 2: ffac ($103.82 in chips) 
Seat 3: lazyG007605 ($109.66 in chips) 
Seat 4: XneferX ($138.56 in chips) 
Seat 5: BumHuntKing ($100 in chips) 
Seat 6: shootingGRID ($113.38 in chips) 
BumHuntKing: posts small blind $0.50
shootingGRID: posts big blind $1
*** HOLE CARDS ***
MaRKiToScoK: folds 
ffac: folds 
lazyG007605: raises $2 to $3
XneferX: folds 
BumHuntKing: folds 
shootingGRID: folds 
Uncalled bet ($2) returned to lazyG007605
lazyG007605 collected $2.50 from pot
*** SUMMARY ***
Total pot $2.50 | Rake $0 
Seat 1: MaRKiToScoK folded before Flop (didn't bet)
Seat 2: ffac folded before Flop (didn't bet)
Seat 3: lazyG007605 collected ($2.50)
Seat 4: XneferX (button) folded before Flop (didn't bet)
Seat 5: BumHuntKing (small blind) folded before Flop
Seat 6: shootingGRID (big blind) folded before Flop



PokerStars Hand #254376633808:  Hold'em No Limit ($0.50/$1.00 USD) - 2025/01/14 1:50:56 WET [2025/01/14 20:50:56 ET]
Table 'Boda II' 6-max Seat #5 is the button
Seat 1: MaRKiToScoK ($100 in chips) 
Seat 2: ffac ($103.82 in chips) 
Seat 3: lazyG007605 ($111.16 in chips) 
Seat 4: XneferX ($138.56 in chips) 
Seat 5: BumHuntKing ($100 in chips) 
Seat 6: shootingGRID ($112.38 in chips) 
shootingGRID: posts small blind $0.50
MaRKiToScoK: posts big blind $1
*** HOLE CARDS ***
ffac: folds 
lazyG007605: calls $1
XneferX: folds 
BumHuntKing: folds 
shootingGRID: raises $4.50 to $5.50
MaRKiToScoK: folds 
lazyG007605: folds 
Uncalled bet ($4.50) returned to shootingGRID
shootingGRID collected $3 from pot
*** SUMMARY ***
Total pot $3 | Rake $0 
Seat 1: MaRKiToScoK (big blind) folded before Flop
Seat 2: ffac folded before Flop (didn't bet)
Seat 3: lazyG007605 folded before Flop
Seat 4: XneferX folded before Flop (didn't bet)
Seat 5: BumHuntKing (button) folded before Flop (didn't bet)
Seat 6: shootingGRID (small blind) collected ($3)



PokerStars Hand #254376638597:  Hold'em No Limit ($0.50/$1.00 USD) - 2025/01/14 1:51:25 WET [2025/01/14 20:51:25 ET]
Table 'Boda II' 6-max Seat #6 is the button
Seat 1: MaRKiToScoK ($100 in chips) 
Seat 2: ffac ($103.82 in chips) 
Seat 3: lazyG007605 ($110.16 in chips) 
Seat 4: XneferX ($138.56 in chips) 
Seat 5: BumHuntKing ($100 in chips) 
Seat 6: shootingGRID ($114.38 in chips) 
MaRKiToScoK: posts small blind $0.50
ffac: posts big blind $1
*** HOLE CARDS ***
lazyG007605: folds 
XneferX: folds 
BumHuntKing: folds 
shootingGRID: folds 
MaRKiToScoK: folds 
Uncalled bet ($0.50) returned to ffac
ffac collected $1 from pot
ffac: doesn't show hand 
*** SUMMARY ***
Total pot $1 | Rake $0 
Seat 1: MaRKiToScoK (small blind) folded before Flop
Seat 2: ffac (big blind) collected ($1)
Seat 3: lazyG007605 folded before Flop (didn't bet)
Seat 4: XneferX folded before Flop (didn't bet)
Seat 5: BumHuntKing folded before Flop (didn't bet)
Seat 6: shootingGRID (button) folded before Flop (didn't bet)



PokerStars Hand #254376642525:  Hold'em No Limit ($0.50/$1.00 USD) - 2025/01/14 1:51:48 WET [2025/01/14 20:51:48 ET]
Table 'Boda II' 6-max Seat #1 is the button
Seat 1: MaRKiToScoK ($100 in chips) 
Seat 2: ffac ($104.32 in chips) 
Seat 3: lazyG007605 ($110.16 in chips) 
Seat 4: XneferX ($138.56 in chips) 
Seat 5: BumHuntKing ($100 in chips) 
Seat 6: shootingGRID ($114.38 in chips) 
ffac: posts small blind $0.50
lazyG007605: posts big blind $1
*** HOLE CARDS ***
XneferX: raises $1.10 to $2.10
BumHuntKing: folds 
shootingGRID: folds 
MaRKiToScoK: folds 
ffac: folds 
lazyG007605: folds 
Uncalled bet ($1.10) returned to XneferX
XneferX collected $2.50 from pot
XneferX: doesn't show hand 
*** SUMMARY ***
Total pot $2.50 | Rake $0 
Seat 1: MaRKiToScoK (button) folded before Flop (didn't bet)
Seat 2: ffac (small blind) folded before Flop
Seat 3: lazyG007605 (big blind) folded before Flop
Seat 4: XneferX collected ($2.50)
Seat 5: BumHuntKing folded before Flop (didn't bet)
Seat 6: shootingGRID folded before Flop (didn't bet)



PokerStars Hand #254376646442:  Hold'em No Limit ($0.50/$1.00 USD) - 2025/01/14 1:52:12 WET [2025/01/14 20:52:12 ET]
Table 'Boda II' 6-max Seat #2 is the button
Seat 1: MaRKiToScoK ($100 in chips) 
Seat 2: ffac ($103.82 in chips) 
Seat 3: lazyG007605 ($109.16 in chips) 
Seat 4: XneferX ($140.06 in chips) 
Seat 5: BumHuntKing ($100 in chips) 
Seat 6: shootingGRID ($114.38 in chips) 
lazyG007605: posts small blind $0.50
XneferX: posts big blind $1
*** HOLE CARDS ***
BumHuntKing: raises $1.20 to $2.20
shootingGRID: raises $5.30 to $7.50
MaRKiToScoK: folds 
ffac: folds 
lazyG007605: folds 
XneferX: folds 
BumHuntKing: folds 
Uncalled bet ($5.30) returned to shootingGRID
shootingGRID collected $5.90 from pot
*** SUMMARY ***
Total pot $5.90 | Rake $0 
Seat 1: MaRKiToScoK folded before Flop (didn't bet)
Seat 2: ffac (button) folded before Flop (didn't bet)
Seat 3: lazyG007605 (small blind) folded before Flop
Seat 4: XneferX (big blind) folded before Flop
Seat 5: BumHuntKing folded before Flop
Seat 6: shootingGRID collected ($5.90)



PokerStars Hand #254376652059:  Hold'em No Limit ($0.50/$1.00 USD) - 2025/01/14 1:52:45 WET [2025/01/14 20:52:45 ET]
Table 'Boda II' 6-max Seat #3 is the button
Seat 1: MaRKiToScoK ($100 in chips) 
Seat 2: ffac ($103.82 in chips) 
Seat 3: lazyG007605 ($108.66 in chips) 
Seat 4: XneferX ($139.06 in chips) 
Seat 5: BumHuntKing ($100 in chips) 
Seat 6: shootingGRID ($118.08 in chips) 
XneferX: posts small blind $0.50
BumHuntKing: posts big blind $1
*** HOLE CARDS ***
shootingGRID: folds 
MaRKiToScoK: folds 
ffac: folds 
lazyG007605: raises $1 to $2
XneferX: folds 
BumHuntKing: folds 
Uncalled bet ($1) returned to lazyG007605
lazyG007605 collected $2.50 from pot
*** SUMMARY ***
Total pot $2.50 | Rake $0 
Seat 1: MaRKiToScoK folded before Flop (didn't bet)
Seat 2: ffac folded before Flop (didn't bet)
Seat 3: lazyG007605 (button) collected ($2.50)
Seat 4: XneferX (small blind) folded before Flop
Seat 5: BumHuntKing (big blind) folded before Flop
Seat 6: shootingGRID folded before Flop (didn't bet)



PokerStars Hand #254376655484:  Hold'em No Limit ($0.50/$1.00 USD) - 2025/01/14 1:53:06 WET [2025/01/14 20:53:06 ET]
Table 'Boda II' 6-max Seat #4 is the button
Seat 1: MaRKiToScoK ($100 in chips) 
Seat 2: ffac ($103.82 in chips) 
Seat 3: lazyG007605 ($110.16 in chips) 
Seat 4: XneferX ($138.56 in chips) 
Seat 5: BumHuntKing ($100 in chips) 
Seat 6: shootingGRID ($118.08 in chips) 
BumHuntKing: posts small blind $0.50
shootingGRID: posts big blind $1
*** HOLE CARDS ***
MaRKiToScoK: folds 
ffac: folds 
lazyG007605: folds 
XneferX: raises $1.77 to $2.77
BumHuntKing: folds 
shootingGRID: raises $10.23 to $13
XneferX: folds 
Uncalled bet ($10.23) returned to shootingGRID
shootingGRID collected $6.04 from pot
*** SUMMARY ***
Total pot $6.04 | Rake $0 
Seat 1: MaRKiToScoK folded before Flop (didn't bet)
Seat 2: ffac folded before Flop (didn't bet)
Seat 3: lazyG007605 folded before Flop (didn't bet)
Seat 4: XneferX (button) folded before Flop
Seat 5: BumHuntKing (small blind) folded before Flop
Seat 6: shootingGRID (big blind) collected ($6.04)



PokerStars Hand #254376663456:  Hold'em No Limit ($0.50/$1.00 USD) - 2025/01/14 1:53:54 WET [2025/01/14 20:53:54 ET]
Table 'Boda II' 6-max Seat #5 is the button
Seat 1: MaRKiToScoK ($100 in chips) 
Seat 2: ffac ($103.82 in chips) 
Seat 3: lazyG007605 ($110.16 in chips) 
Seat 4: XneferX ($135.79 in chips) 
Seat 5: BumHuntKing ($100 in chips) 
Seat 6: shootingGRID ($121.35 in chips) 
shootingGRID: posts small blind $0.50
MaRKiToScoK: posts big blind $1
*** HOLE CARDS ***
ffac: folds 
lazyG007605: folds 
XneferX: folds 
BumHuntKing: raises $1.50 to $2.50
shootingGRID: folds 
MaRKiToScoK: folds 
Uncalled bet ($1.50) returned to BumHuntKing
BumHuntKing collected $2.50 from pot
BumHuntKing: doesn't show hand 
*** SUMMARY ***
Total pot $2.50 | Rake $0 
Seat 1: MaRKiToScoK (big blind) folded before Flop
Seat 2: ffac folded before Flop (didn't bet)
Seat 3: lazyG007605 folded before Flop (didn't bet)
Seat 4: XneferX folded before Flop (didn't bet)
Seat 5: BumHuntKing (button) collected ($2.50)
Seat 6: shootingGRID (small blind) folded before Flop



PokerStars Hand #254376669197:  Hold'em No Limit ($0.50/$1.00 USD) - 2025/01/14 1:54:29 WET [2025/01/14 20:54:29 ET]
Table 'Boda II' 6-max Seat #6 is the button
Seat 1: MaRKiToScoK ($100 in chips) 
Seat 2: ffac ($103.82 in chips) 
Seat 3: lazyG007605 ($110.16 in chips) 
Seat 4: XneferX ($135.79 in chips) 
Seat 5: BumHuntKing ($101.50 in chips) 
Seat 6: shootingGRID ($120.85 in chips) 
MaRKiToScoK: posts small blind $0.50
ffac: posts big blind $1
*** HOLE CARDS ***
lazyG007605: folds 
XneferX: folds 
BumHuntKing: folds 
shootingGRID: folds 
MaRKiToScoK: folds 
Uncalled bet ($0.50) returned to ffac
ffac collected $1 from pot
ffac: doesn't show hand 
*** SUMMARY ***
Total pot $1 | Rake $0 
Seat 1: MaRKiToScoK (small blind) folded before Flop
Seat 2: ffac (big blind) collected ($1)
Seat 3: lazyG007605 folded before Flop (didn't bet)
Seat 4: XneferX folded before Flop (didn't bet)
Seat 5: BumHuntKing folded before Flop (didn't bet)
Seat 6: shootingGRID (button) folded before Flop (didn't bet)



PokerStars Hand #254376673188:  Hold'em No Limit ($0.50/$1.00 USD) - 2025/01/14 1:54:53 WET [2025/01/14 20:54:53 ET]
Table 'Boda II' 6-max Seat #1 is the button
Seat 1: MaRKiToScoK ($100 in chips) 
Seat 2: ffac ($104.32 in chips) 
Seat 3: lazyG007605 ($110.16 in chips) 
Seat 4: XneferX ($135.79 in chips) 
Seat 5: BumHuntKing ($101.50 in chips) 
Seat 6: shootingGRID ($120.85 in chips) 
ffac: posts small blind $0.50
lazyG007605: posts big blind $1
*** HOLE CARDS ***
XneferX: folds 
BumHuntKing: raises $1.20 to $2.20
shootingGRID: folds 
MaRKiToScoK: calls $2.20
ffac: folds 
lazyG007605: calls $1.20
*** FLOP *** [Td Qc 9s]
lazyG007605: checks 
BumHuntKing: checks 
MaRKiToScoK: checks 
*** TURN *** [Td Qc 9s] [5s]
lazyG007605: checks 
BumHuntKing: bets $5.05
MaRKiToScoK: folds 
lazyG007605: calls $5.05
*** RIVER *** [Td Qc 9s 5s] [Ks]
lazyG007605: checks 
BumHuntKing: checks 
*** SHOW DOWN ***
lazyG007605: shows [Jh Kd] (a straight, Nine to King)
BumHuntKing: mucks hand 
lazyG007605 collected $16.34 from pot
*** SUMMARY ***
Total pot $17.20 | Rake $0.86 
Board [Td Qc 9s 5s Ks]
Seat 1: MaRKiToScoK (button) folded on the Turn
Seat 2: ffac (small blind) folded before Flop
Seat 3: lazyG007605 (big blind) showed [Jh Kd] and won ($16.34) with a straight, Nine to King
Seat 4: XneferX folded before Flop (didn't bet)
Seat 5: BumHuntKing mucked
Seat 6: shootingGRID folded before Flop (didn't bet)



PokerStars Hand #254376682945:  Hold'em No Limit ($0.50/$1.00 USD) - 2025/01/14 1:56:04 WET [2025/01/14 20:56:04 ET]
Table 'Boda II' 6-max Seat #2 is the button
Seat 1: MaRKiToScoK ($100 in chips) 
Seat 2: ffac ($103.82 in chips) 
Seat 3: lazyG007605 ($119.25 in chips) 
Seat 4: XneferX ($135.79 in chips) 
Seat 5: BumHuntKing ($100 in chips) 
Seat 6: shootingGRID ($120.85 in chips) 
lazyG007605: posts small blind $0.50
XneferX: posts big blind $1
*** HOLE CARDS ***
BumHuntKing: folds 
shootingGRID: folds 
MaRKiToScoK: folds 
ffac: folds 
lazyG007605: folds 
Uncalled bet ($0.50) returned to XneferX
XneferX collected $1 from pot
XneferX: doesn't show hand 
*** SUMMARY ***
Total pot $1 | Rake $0 
Seat 1: MaRKiToScoK folded before Flop (didn't bet)
Seat 2: ffac (button) folded before Flop (didn't bet)
Seat 3: lazyG007605 (small blind) folded before Flop
Seat 4: XneferX (big blind) collected ($1)
Seat 5: BumHuntKing folded before Flop (didn't bet)
Seat 6: shootingGRID folded before Flop (didn't bet)



PokerStars Hand #254376687247:  Hold'em No Limit ($0.50/$1.00 USD) - 2025/01/14 1:56:38 WET [2025/01/14 20:56:38 ET]
Table 'Boda II' 6-max Seat #3 is the button
Seat 1: MaRKiToScoK ($100 in chips) 
Seat 2: ffac ($103.82 in chips) 
Seat 3: lazyG007605 ($118.75 in chips) 
Seat 4: XneferX ($136.29 in chips) 
Seat 5: BumHuntKing ($100 in chips) 
Seat 6: shootingGRID ($120.85 in chips) 
XneferX: posts small blind $0.50
BumHuntKing: posts big blind $1
*** HOLE CARDS ***
shootingGRID: folds 
MaRKiToScoK: folds 
ffac: raises $1.19 to $2.19
lazyG007605: folds 
XneferX: folds 
BumHuntKing: folds 
Uncalled bet ($1.19) returned to ffac
ffac collected $2.50 from pot
ffac: doesn't show hand 
*** SUMMARY ***
Total pot $2.50 | Rake $0 
Seat 1: MaRKiToScoK folded before Flop (didn't bet)
Seat 2: ffac collected ($2.50)
Seat 3: lazyG007605 (button) folded before Flop (didn't bet)
Seat 4: XneferX (small blind) folded before Flop
Seat 5: BumHuntKing (big blind) folded before Flop
Seat 6: shootingGRID folded before Flop (didn't bet)



PokerStars Hand #254376691692:  Hold'em No Limit ($0.50/$1.00 USD) - 2025/01/14 1:57:12 WET [2025/01/14 20:57:12 ET]
Table 'Boda II' 6-max Seat #4 is the button
Seat 1: MaRKiToScoK ($100 in chips) 
Seat 2: ffac ($105.32 in chips) 
Seat 3: lazyG007605 ($118.75 in chips) 
Seat 4: XneferX ($135.79 in chips) 
Seat 5: BumHuntKing ($100 in chips) 
Seat 6: shootingGRID ($120.85 in chips) 
BumHuntKing: posts small blind $0.50
shootingGRID: posts big blind $1
*** HOLE CARDS ***
MaRKiToScoK: folds 
ffac: raises $1.04 to $2.04
lazyG007605: folds 
XneferX: folds 
BumHuntKing: folds 
shootingGRID: folds 
Uncalled bet ($1.04) returned to ffac
ffac collected $2.50 from pot
ffac: doesn't show hand 
*** SUMMARY ***
Total pot $2.50 | Rake $0 
Seat 1: MaRKiToScoK folded before Flop (didn't bet)
Seat 2: ffac collected ($2.50)
Seat 3: lazyG007605 folded before Flop (didn't bet)
Seat 4: XneferX (button) folded before Flop (didn't bet)
Seat 5: BumHuntKing (small blind) folded before Flop
Seat 6: shootingGRID (big blind) folded before Flop



PokerStars Hand #254376700137:  Hold'em No Limit ($0.50/$1.00 USD) - 2025/01/14 1:58:18 WET [2025/01/14 20:58:18 ET]
Table 'Boda II' 6-max Seat #5 is the button
Seat 1: MaRKiToScoK ($100 in chips) 
Seat 2: ffac ($106.82 in chips) 
Seat 3: lazyG007605 ($118.75 in chips) 
Seat 4: XneferX ($135.79 in chips) 
Seat 5: BumHuntKing ($100 in chips) 
Seat 6: shootingGRID ($119.85 in chips) 
shootingGRID: posts small blind $0.50
MaRKiToScoK: posts big blind $1
*** HOLE CARDS ***
ffac: folds 
lazyG007605: calls $1
XneferX: folds 
BumHuntKing: raises $2.50 to $3.50
shootingGRID: folds 
MaRKiToScoK: folds 
lazyG007605: calls $2.50
*** FLOP *** [Kc 6c 8d]
lazyG007605: checks 
BumHuntKing: bets $2.67
lazyG007605: folds 
Uncalled bet ($2.67) returned to BumHuntKing
BumHuntKing collected $8.08 from pot
BumHuntKing: doesn't show hand 
*** SUMMARY ***
Total pot $8.50 | Rake $0.42 
Board [Kc 6c 8d]
Seat 1: MaRKiToScoK (big blind) folded before Flop
Seat 2: ffac folded before Flop (didn't bet)
Seat 3: lazyG007605 folded on the Flop
Seat 4: XneferX folded before Flop (didn't bet)
Seat 5: BumHuntKing (button) collected ($8.08)
Seat 6: shootingGRID (small blind) folded before Flop



PokerStars Hand #254376705702:  Hold'em No Limit ($0.50/$1.00 USD) - 2025/01/14 1:59:01 WET [2025/01/14 20:59:01 ET]
Table 'Boda II' 6-max Seat #6 is the button
Seat 1: MaRKiToScoK ($100 in chips) 
Seat 2: ffac ($106.82 in chips) 
Seat 3: lazyG007605 ($115.25 in chips) 
Seat 4: XneferX ($135.79 in chips) 
Seat 5: BumHuntKing ($104.58 in chips) 
Seat 6: shootingGRID ($119.35 in chips) 
MaRKiToScoK: posts small blind $0.50
ffac: posts big blind $1
*** HOLE CARDS ***
lazyG007605: folds 
XneferX: folds 
BumHuntKing: folds 
shootingGRID: raises $1.50 to $2.50
MaRKiToScoK: folds 
ffac: folds 
Uncalled bet ($1.50) returned to shootingGRID
shootingGRID collected $2.50 from pot
*** SUMMARY ***
Total pot $2.50 | Rake $0 
Seat 1: MaRKiToScoK (small blind) folded before Flop
Seat 2: ffac (big blind) folded before Flop
Seat 3: lazyG007605 folded before Flop (didn't bet)
Seat 4: XneferX folded before Flop (didn't bet)
Seat 5: BumHuntKing folded before Flop (didn't bet)
Seat 6: shootingGRID (button) collected ($2.50)



PokerStars Hand #254376708037:  Hold'em No Limit ($0.50/$1.00 USD) - 2025/01/14 1:59:19 WET [2025/01/14 20:59:19 ET]
Table 'Boda II' 6-max Seat #1 is the button
Seat 1: MaRKiToScoK ($100 in chips) 
Seat 2: ffac ($105.82 in chips) 
Seat 3: lazyG007605 ($115.25 in chips) 
Seat 4: XneferX ($135.79 in chips) 
Seat 5: BumHuntKing ($104.58 in chips) 
Seat 6: shootingGRID ($120.85 in chips) 
ffac: posts small blind $0.50
lazyG007605: posts big blind $1
*** HOLE CARDS ***
XneferX: folds 
BumHuntKing: raises $1.20 to $2.20
shootingGRID: folds 
MaRKiToScoK: folds 
ffac: folds 
lazyG007605: folds 
Uncalled bet ($1.20) returned to BumHuntKing
BumHuntKing collected $2.50 from pot
BumHuntKing: doesn't show hand 
*** SUMMARY ***
Total pot $2.50 | Rake $0 
Seat 1: MaRKiToScoK (button) folded before Flop (didn't bet)
Seat 2: ffac (small blind) folded before Flop
Seat 3: lazyG007605 (big blind) folded before Flop
Seat 4: XneferX folded before Flop (didn't bet)
Seat 5: BumHuntKing collected ($2.50)
Seat 6: shootingGRID folded before Flop (didn't bet)



PokerStars Hand #254376712957:  Hold'em No Limit ($0.50/$1.00 USD) - 2025/01/14 1:59:58 WET [2025/01/14 20:59:58 ET]
Table 'Boda II' 6-max Seat #2 is the button
Seat 1: MaRKiToScoK ($100 in chips) 
Seat 2: ffac ($105.32 in chips) 
Seat 3: lazyG007605 ($114.25 in chips) 
Seat 4: XneferX ($135.79 in chips) 
Seat 5: BumHuntKing ($106.08 in chips) 
Seat 6: shootingGRID ($120.85 in chips) 
lazyG007605: posts small blind $0.50
XneferX: posts big blind $1
*** HOLE CARDS ***
BumHuntKing: raises $1.20 to $2.20
shootingGRID: folds 
MaRKiToScoK: folds 
ffac: folds 
lazyG007605: folds 
XneferX: folds 
Uncalled bet ($1.20) returned to BumHuntKing
BumHuntKing collected $2.50 from pot
BumHuntKing: doesn't show hand 
*** SUMMARY ***
Total pot $2.50 | Rake $0 
Seat 1: MaRKiToScoK folded before Flop (didn't bet)
Seat 2: ffac (button) folded before Flop (didn't bet)
Seat 3: lazyG007605 (small blind) folded before Flop
Seat 4: XneferX (big blind) folded before Flop
Seat 5: BumHuntKing collected ($2.50)
Seat 6: shootingGRID folded before Flop (didn't bet)



PokerStars Hand #254376716402:  Hold'em No Limit ($0.50/$1.00 USD) - 2025/01/14 2:00:23 WET [2025/01/14 21:00:23 ET]
Table 'Boda II' 6-max Seat #3 is the button
Seat 1: MaRKiToScoK ($100 in chips) 
Seat 2: ffac ($105.32 in chips) 
Seat 3: lazyG007605 ($113.75 in chips) 
Seat 4: XneferX ($134.79 in chips) 
Seat 5: BumHuntKing ($107.58 in chips) 
Seat 6: shootingGRID ($120.85 in chips) 
XneferX: posts small blind $0.50
BumHuntKing: posts big blind $1
*** HOLE CARDS ***
shootingGRID: folds 
MaRKiToScoK: folds 
ffac: raises $1.19 to $2.19
lazyG007605: calls $2.19
XneferX: folds 
BumHuntKing: calls $1.19
*** FLOP *** [2s 9s Ac]
BumHuntKing: checks 
ffac: checks 
lazyG007605: checks 
*** TURN *** [2s 9s Ac] [Jh]
BumHuntKing: checks 
ffac: bets $2.22
lazyG007605: calls $2.22
BumHuntKing: raises $10.28 to $12.50
ffac: folds 
lazyG007605: calls $10.28
*** RIVER *** [2s 9s Ac Jh] [9d]
BumHuntKing: bets $16.29
lazyG007605: folds 
Uncalled bet ($16.29) returned to BumHuntKing
BumHuntKing collected $32.58 from pot
BumHuntKing: doesn't show hand 
*** SUMMARY ***
Total pot $34.29 | Rake $1.71 
Board [2s 9s Ac Jh 9d]
Seat 1: MaRKiToScoK folded before Flop (didn't bet)
Seat 2: ffac folded on the Turn
Seat 3: lazyG007605 (button) folded on the River
Seat 4: XneferX (small blind) folded before Flop
Seat 5: BumHuntKing (big blind) collected ($32.58)
Seat 6: shootingGRID folded before Flop (didn't bet)



PokerStars Hand #254376742662:  Hold'em No Limit ($0.50/$1.00 USD) - 2025/01/14 2:03:10 WET [2025/01/14 21:03:10 ET]
Table 'Boda II' 6-max Seat #4 is the button
Seat 1: MaRKiToScoK ($100 in chips) 
Seat 2: ffac ($100.91 in chips) 
Seat 3: lazyG007605 ($99.06 in chips) 
Seat 4: XneferX ($134.29 in chips) 
Seat 5: BumHuntKing ($125.47 in chips) 
Seat 6: shootingGRID ($120.85 in chips) 
BumHuntKing: posts small blind $0.50
shootingGRID: posts big blind $1
*** HOLE CARDS ***
MaRKiToScoK: folds 
ffac: raises $1.04 to $2.04
lazyG007605: folds 
XneferX: folds 
BumHuntKing: folds 
shootingGRID: folds 
Uncalled bet ($1.04) returned to ffac
ffac collected $2.50 from pot
ffac: doesn't show hand 
*** SUMMARY ***
Total pot $2.50 | Rake $0 
Seat 1: MaRKiToScoK folded before Flop (didn't bet)
Seat 2: ffac collected ($2.50)
Seat 3: lazyG007605 folded before Flop (didn't bet)
Seat 4: XneferX (button) folded before Flop (didn't bet)
Seat 5: BumHuntKing (small blind) folded before Flop
Seat 6: shootingGRID (big blind) folded before Flop



PokerStars Hand #254376746174:  Hold'em No Limit ($0.50/$1.00 USD) - 2025/01/14 2:03:32 WET [2025/01/14 21:03:32 ET]
Table 'Boda II' 6-max Seat #5 is the button
Seat 1: MaRKiToScoK ($100 in chips) 
Seat 2: ffac ($102.41 in chips) 
Seat 3: lazyG007605 ($99.06 in chips) 
Seat 4: XneferX ($134.29 in chips) 
Seat 5: BumHuntKing ($124.97 in chips) 
Seat 6: shootingGRID ($119.85 in chips) 
shootingGRID: posts small blind $0.50
MaRKiToScoK: posts big blind $1
*** HOLE CARDS ***
ffac: folds 
lazyG007605: raises $2 to $3
XneferX: folds 
BumHuntKing: calls $3
shootingGRID: folds 
MaRKiToScoK: calls $2
*** FLOP *** [Ts As 6d]
MaRKiToScoK: checks 
lazyG007605: checks 
BumHuntKing: bets $2.25
MaRKiToScoK: calls $2.25
lazyG007605: folds 
*** TURN *** [Ts As 6d] [7c]
MaRKiToScoK: checks 
BumHuntKing: checks 
*** RIVER *** [Ts As 6d 7c] [Ah]
MaRKiToScoK: bets $2
BumHuntKing: calls $2
*** SHOW DOWN ***
MaRKiToScoK: shows [Qh Th] (two pair, Aces and Tens)
BumHuntKing: shows [Td Kd] (two pair, Aces and Tens - King kicker)
BumHuntKing collected $17.10 from pot
*** SUMMARY ***
Total pot $18 | Rake $0.90 
Board [Ts As 6d 7c Ah]
Seat 1: MaRKiToScoK (big blind) showed [Qh Th] and lost with two pair, Aces and Tens
Seat 2: ffac folded before Flop (didn't bet)
Seat 3: lazyG007605 folded on the Flop
Seat 4: XneferX folded before Flop (didn't bet)
Seat 5: BumHuntKing (button) showed [Td Kd] and won ($17.10) with two pair, Aces and Tens
Seat 6: shootingGRID (small blind) folded before Flop



PokerStars Hand #254376759663:  Hold'em No Limit ($0.50/$1.00 USD) - 2025/01/14 2:04:56 WET [2025/01/14 21:04:56 ET]
Table 'Boda II' 6-max Seat #6 is the button
Seat 1: MaRKiToScoK ($100 in chips) 
Seat 2: ffac ($102.41 in chips) 
Seat 3: lazyG007605 ($96.06 in chips) 
Seat 4: XneferX ($134.29 in chips) 
Seat 5: BumHuntKing ($134.82 in chips) 
Seat 6: shootingGRID ($119.35 in chips) 
MaRKiToScoK: posts small blind $0.50
ffac: posts big blind $1
*** HOLE CARDS ***
lazyG007605: raises $1 to $2
XneferX: folds 
BumHuntKing: folds 
shootingGRID: folds 
MaRKiToScoK: folds 
ffac: calls $1
*** FLOP *** [Qh 5c 9c]
ffac: checks 
lazyG007605: bets $1
ffac: raises $2 to $3
lazyG007605: folds 
Uncalled bet ($2) returned to ffac
ffac collected $6.18 from pot
ffac: doesn't show hand 
*** SUMMARY ***
Total pot $6.50 | Rake $0.32 
Board [Qh 5c 9c]
Seat 1: MaRKiToScoK (small blind) folded before Flop
Seat 2: ffac (big blind) collected ($6.18)
Seat 3: lazyG007605 folded on the Flop
Seat 4: XneferX folded before Flop (didn't bet)
Seat 5: BumHuntKing folded before Flop (didn't bet)
Seat 6: shootingGRID (button) folded before Flop (didn't bet)



PokerStars Hand #254376767638:  Hold'em No Limit ($0.50/$1.00 USD) - 2025/01/14 2:05:46 WET [2025/01/14 21:05:46 ET]
Table 'Boda II' 6-max Seat #1 is the button
Seat 1: MaRKiToScoK ($100 in chips) 
Seat 2: ffac ($105.59 in chips) 
Seat 3: lazyG007605 ($93.06 in chips) 
Seat 4: XneferX ($134.29 in chips) 
Seat 5: BumHuntKing ($134.82 in chips) 
Seat 6: shootingGRID ($119.35 in chips) 
ffac: posts small blind $0.50
lazyG007605: posts big blind $1
*** HOLE CARDS ***
XneferX: folds 
BumHuntKing: folds 
shootingGRID: raises $1.25 to $2.25
MaRKiToScoK: folds 
ffac: folds 
lazyG007605: folds 
Uncalled bet ($1.25) returned to shootingGRID
shootingGRID collected $2.50 from pot
*** SUMMARY ***
Total pot $2.50 | Rake $0 
Seat 1: MaRKiToScoK (button) folded before Flop (didn't bet)
Seat 2: ffac (small blind) folded before Flop
Seat 3: lazyG007605 (big blind) folded before Flop
Seat 4: XneferX folded before Flop (didn't bet)
Seat 5: BumHuntKing folded before Flop (didn't bet)
Seat 6: shootingGRID collected ($2.50)



PokerStars Hand #254376771677:  Hold'em No Limit ($0.50/$1.00 USD) - 2025/01/14 2:06:11 WET [2025/01/14 21:06:11 ET]
Table 'Boda II' 6-max Seat #2 is the button
Seat 1: MaRKiToScoK ($100 in chips) 
Seat 2: ffac ($105.09 in chips) 
Seat 3: lazyG007605 ($92.06 in chips) 
Seat 4: XneferX ($134.29 in chips) 
Seat 5: BumHuntKing ($134.82 in chips) 
Seat 6: shootingGRID ($120.85 in chips) 
lazyG007605: posts small blind $0.50
XneferX: posts big blind $1
*** HOLE CARDS ***
BumHuntKing: folds 
shootingGRID: folds 
MaRKiToScoK: folds 
ffac: folds 
lazyG007605: raises $1 to $2
XneferX: folds 
Uncalled bet ($1) returned to lazyG007605
lazyG007605 collected $2 from pot
*** SUMMARY ***
Total pot $2 | Rake $0 
Seat 1: MaRKiToScoK folded before Flop (didn't bet)
Seat 2: ffac (button) folded before Flop (didn't bet)
Seat 3: lazyG007605 (small blind) collected ($2)
Seat 4: XneferX (big blind) folded before Flop
Seat 5: BumHuntKing folded before Flop (didn't bet)
Seat 6: shootingGRID folded before Flop (didn't bet)



PokerStars Hand #254376775428:  Hold'em No Limit ($0.50/$1.00 USD) - 2025/01/14 2:06:36 WET [2025/01/14 21:06:36 ET]
Table 'Boda II' 6-max Seat #3 is the button
Seat 1: MaRKiToScoK ($100 in chips) 
Seat 2: ffac ($105.09 in chips) 
Seat 3: lazyG007605 ($93.06 in chips) 
Seat 4: XneferX ($133.29 in chips) 
Seat 5: BumHuntKing ($134.82 in chips) 
Seat 6: shootingGRID ($120.85 in chips) 
XneferX: posts small blind $0.50
BumHuntKing: posts big blind $1
*** HOLE CARDS ***
shootingGRID: raises $1.25 to $2.25
MaRKiToScoK: calls $2.25
ffac: folds 
lazyG007605: folds 
XneferX: folds 
BumHuntKing: folds 
*** FLOP *** [5s Ad 4c]
shootingGRID: checks 
MaRKiToScoK: checks 
*** TURN *** [5s Ad 4c] [Jh]
shootingGRID: bets $2.85
MaRKiToScoK: folds 
Uncalled bet ($2.85) returned to shootingGRID
shootingGRID collected $5.70 from pot
*** SUMMARY ***
Total pot $6 | Rake $0.30 
Board [5s Ad 4c Jh]
Seat 1: MaRKiToScoK folded on the Turn
Seat 2: ffac folded before Flop (didn't bet)
Seat 3: lazyG007605 (button) folded before Flop (didn't bet)
Seat 4: XneferX (small blind) folded before Flop
Seat 5: BumHuntKing (big blind) folded before Flop
Seat 6: shootingGRID collected ($5.70)



PokerStars Hand #254376785296:  Hold'em No Limit ($0.50/$1.00 USD) - 2025/01/14 2:07:38 WET [2025/01/14 21:07:38 ET]
Table 'Boda II' 6-max Seat #4 is the button
Seat 1: MaRKiToScoK ($100 in chips) 
Seat 2: ffac ($105.09 in chips) 
Seat 3: lazyG007605 ($93.06 in chips) 
Seat 4: XneferX ($132.79 in chips) 
Seat 5: BumHuntKing ($133.82 in chips) 
Seat 6: shootingGRID ($124.30 in chips) 
BumHuntKing: posts small blind $0.50
shootingGRID: posts big blind $1
*** HOLE CARDS ***
MaRKiToScoK: folds 
ffac: folds 
lazyG007605: folds 
XneferX: folds 
BumHuntKing: raises $1.50 to $2.50
shootingGRID: folds 
Uncalled bet ($1.50) returned to BumHuntKing
BumHuntKing collected $2 from pot
BumHuntKing: doesn't show hand 
*** SUMMARY ***
Total pot $2 | Rake $0 
Seat 1: MaRKiToScoK folded before Flop (didn't bet)
Seat 2: ffac folded before Flop (didn't bet)
Seat 3: lazyG007605 folded before Flop (didn't bet)
Seat 4: XneferX (button) folded before Flop (didn't bet)
Seat 5: BumHuntKing (small blind) collected ($2)
Seat 6: shootingGRID (big blind) folded before Flop



PokerStars Hand #254376788329:  Hold'em No Limit ($0.50/$1.00 USD) - 2025/01/14 2:07:57 WET [2025/01/14 21:07:57 ET]
Table 'Boda II' 6-max Seat #5 is the button
Seat 1: MaRKiToScoK ($100 in chips) 
Seat 2: ffac ($105.09 in chips) 
Seat 3: lazyG007605 ($93.06 in chips) 
Seat 4: XneferX ($132.79 in chips) 
Seat 5: BumHuntKing ($134.82 in chips) 
Seat 6: shootingGRID ($123.30 in chips) 
shootingGRID: posts small blind $0.50
MaRKiToScoK: posts big blind $1
*** HOLE CARDS ***
ffac: folds 
lazyG007605: calls $1
XneferX: folds 
ffac leaves the table
BumHuntKing: raises $2.50 to $3.50
ptolejmus joins the table at seat #2 
shootingGRID: calls $3
MaRKiToScoK: raises $14 to $17.50
lazyG007605: folds 
BumHuntKing: folds 
shootingGRID: folds 
Uncalled bet ($14) returned to MaRKiToScoK
MaRKiToScoK collected $11.50 from pot
*** SUMMARY ***
Total pot $11.50 | Rake $0 
Seat 1: MaRKiToScoK (big blind) collected ($11.50)
Seat 2: ffac folded before Flop (didn't bet)
Seat 3: lazyG007605 folded before Flop
Seat 4: XneferX folded before Flop (didn't bet)
Seat 5: BumHuntKing (button) folded before Flop
Seat 6: shootingGRID (small blind) folded before Flop



PokerStars Hand #254376799385:  Hold'em No Limit ($0.50/$1.00 USD) - 2025/01/14 2:09:07 WET [2025/01/14 21:09:07 ET]
Table 'Boda II' 6-max Seat #6 is the button
Seat 1: MaRKiToScoK ($108 in chips) 
Seat 2: ptolejmus ($10 in chips) 
Seat 3: lazyG007605 ($92.06 in chips) 
Seat 4: XneferX ($132.79 in chips) 
Seat 5: BumHuntKing ($131.32 in chips) 
Seat 6: shootingGRID ($119.80 in chips) 
MaRKiToScoK: posts small blind $0.50
ptolejmus: posts big blind $1
*** HOLE CARDS ***
lazyG007605: folds 
XneferX: folds 
BumHuntKing: raises $1.20 to $2.20
shootingGRID: folds 
MaRKiToScoK: folds 
ptolejmus: folds 
Uncalled bet ($1.20) returned to BumHuntKing
BumHuntKing collected $2.50 from pot
BumHuntKing: doesn't show hand 
*** SUMMARY ***
Total pot $2.50 | Rake $0 
Seat 1: MaRKiToScoK (small blind) folded before Flop
Seat 2: ptolejmus (big blind) folded before Flop
Seat 3: lazyG007605 folded before Flop (didn't bet)
Seat 4: XneferX folded before Flop (didn't bet)
Seat 5: BumHuntKing collected ($2.50)
Seat 6: shootingGRID (button) folded before Flop (didn't bet)



PokerStars Hand #254376803563:  Hold'em No Limit ($0.50/$1.00 USD) - 2025/01/14 2:09:34 WET [2025/01/14 21:09:34 ET]
Table 'Boda II' 6-max Seat #1 is the button
Seat 1: MaRKiToScoK ($107.50 in chips) 
Seat 2: ptolejmus ($10 in chips) 
Seat 3: lazyG007605 ($92.06 in chips) 
Seat 4: XneferX ($132.79 in chips) 
Seat 5: BumHuntKing ($132.82 in chips) 
Seat 6: shootingGRID ($119.80 in chips) 
ptolejmus: posts small blind $0.50
lazyG007605: posts big blind $1
*** HOLE CARDS ***
XneferX: folds 
BumHuntKing: folds 
shootingGRID: raises $1.25 to $2.25
MaRKiToScoK: folds 
ptolejmus: folds 
lazyG007605: folds 
Uncalled bet ($1.25) returned to shootingGRID
shootingGRID collected $2.50 from pot
*** SUMMARY ***
Total pot $2.50 | Rake $0 
Seat 1: MaRKiToScoK (button) folded before Flop (didn't bet)
Seat 2: ptolejmus (small blind) folded before Flop
Seat 3: lazyG007605 (big blind) folded before Flop
Seat 4: XneferX folded before Flop (didn't bet)
Seat 5: BumHuntKing folded before Flop (didn't bet)
Seat 6: shootingGRID collected ($2.50)



PokerStars Hand #254376808474:  Hold'em No Limit ($0.50/$1.00 USD) - 2025/01/14 2:10:05 WET [2025/01/14 21:10:05 ET]
Table 'Boda II' 6-max Seat #2 is the button
Seat 1: MaRKiToScoK ($107.50 in chips) 
Seat 2: ptolejmus ($10 in chips) 
Seat 3: lazyG007605 ($91.06 in chips) 
Seat 4: XneferX ($132.79 in chips) 
Seat 5: BumHuntKing ($132.82 in chips) 
Seat 6: shootingGRID ($121.30 in chips) 
lazyG007605: posts small blind $0.50
XneferX: posts big blind $1
*** HOLE CARDS ***
BumHuntKing: folds 
shootingGRID: raises $1.25 to $2.25
MaRKiToScoK: folds 
ptolejmus: folds 
lazyG007605: folds 
XneferX: folds 
Uncalled bet ($1.25) returned to shootingGRID
shootingGRID collected $2.50 from pot
*** SUMMARY ***
Total pot $2.50 | Rake $0 
Seat 1: MaRKiToScoK folded before Flop (didn't bet)
Seat 2: ptolejmus (button) folded before Flop (didn't bet)
Seat 3: lazyG007605 (small blind) folded before Flop
Seat 4: XneferX (big blind) folded before Flop
Seat 5: BumHuntKing folded before Flop (didn't bet)
Seat 6: shootingGRID collected ($2.50)



PokerStars Hand #254376812397:  Hold'em No Limit ($0.50/$1.00 USD) - 2025/01/14 2:10:30 WET [2025/01/14 21:10:30 ET]
Table 'Boda II' 6-max Seat #3 is the button
Seat 1: MaRKiToScoK ($107.50 in chips) 
Seat 2: ptolejmus ($10 in chips) 
Seat 3: lazyG007605 ($90.56 in chips) 
Seat 4: XneferX ($131.79 in chips) 
Seat 5: BumHuntKing ($132.82 in chips) 
Seat 6: shootingGRID ($122.80 in chips) 
XneferX: posts small blind $0.50
BumHuntKing: posts big blind $1
*** HOLE CARDS ***
shootingGRID: folds 
MaRKiToScoK: raises $1.10 to $2.10
ptolejmus: folds 
lazyG007605: folds 
XneferX: folds 
BumHuntKing: folds 
Uncalled bet ($1.10) returned to MaRKiToScoK
MaRKiToScoK collected $2.50 from pot
*** SUMMARY ***
Total pot $2.50 | Rake $0 
Seat 1: MaRKiToScoK collected ($2.50)
Seat 2: ptolejmus folded before Flop (didn't bet)
Seat 3: lazyG007605 (button) folded before Flop (didn't bet)
Seat 4: XneferX (small blind) folded before Flop
Seat 5: BumHuntKing (big blind) folded before Flop
Seat 6: shootingGRID folded before Flop (didn't bet)



PokerStars Hand #254376815278:  Hold'em No Limit ($0.50/$1.00 USD) - 2025/01/14 2:10:47 WET [2025/01/14 21:10:47 ET]
Table 'Boda II' 6-max Seat #4 is the button
Seat 1: MaRKiToScoK ($109 in chips) 
Seat 2: ptolejmus ($10 in chips) 
Seat 3: lazyG007605 ($90.56 in chips) 
Seat 4: XneferX ($131.29 in chips) 
Seat 5: BumHuntKing ($131.82 in chips) 
Seat 6: shootingGRID ($122.80 in chips) 
BumHuntKing: posts small blind $0.50
shootingGRID: posts big blind $1
*** HOLE CARDS ***
MaRKiToScoK: folds 
ptolejmus: folds 
lazyG007605: raises $1 to $2
XneferX: folds 
BumHuntKing: calls $1.50
shootingGRID: folds 
*** FLOP *** [Qs 4d Jh]
BumHuntKing: checks 
lazyG007605: checks 
*** TURN *** [Qs 4d Jh] [Jc]
BumHuntKing: bets $3.56
lazyG007605: calls $3.56
*** RIVER *** [Qs 4d Jh Jc] [4c]
BumHuntKing: checks 
lazyG007605: bets $6
BumHuntKing: folds 
Uncalled bet ($6) returned to lazyG007605
lazyG007605 collected $11.51 from pot
*** SUMMARY ***
Total pot $12.12 | Rake $0.61 
Board [Qs 4d Jh Jc 4c]
Seat 1: MaRKiToScoK folded before Flop (didn't bet)
Seat 2: ptolejmus folded before Flop (didn't bet)
Seat 3: lazyG007605 collected ($11.51)
Seat 4: XneferX (button) folded before Flop (didn't bet)
Seat 5: BumHuntKing (small blind) folded on the River
Seat 6: shootingGRID (big blind) folded before Flop



PokerStars Hand #254376828121:  Hold'em No Limit ($0.50/$1.00 USD) - 2025/01/14 2:12:08 WET [2025/01/14 21:12:08 ET]
Table 'Boda II' 6-max Seat #5 is the button
Seat 1: MaRKiToScoK ($109 in chips) 
Seat 2: ptolejmus ($10 in chips) 
Seat 3: lazyG007605 ($96.51 in chips) 
Seat 4: XneferX ($131.29 in chips) 
Seat 5: BumHuntKing ($126.26 in chips) 
Seat 6: shootingGRID ($121.80 in chips) 
shootingGRID: posts small blind $0.50
MaRKiToScoK: posts big blind $1
*** HOLE CARDS ***
ptolejmus: folds 
lazyG007605: folds 
XneferX: folds 
BumHuntKing: folds 
shootingGRID: raises $2 to $3
MaRKiToScoK: calls $2
*** FLOP *** [2c 3d 6c]
shootingGRID: checks 
MaRKiToScoK: checks 
*** TURN *** [2c 3d 6c] [Td]
shootingGRID: checks 
MaRKiToScoK: checks 
*** RIVER *** [2c 3d 6c Td] [8h]
shootingGRID: checks 
MaRKiToScoK: checks 
*** SHOW DOWN ***
shootingGRID: shows [Jd Qc] (high card Queen)
MaRKiToScoK: shows [7h As] (high card Ace)
MaRKiToScoK collected $5.70 from pot
*** SUMMARY ***
Total pot $6 | Rake $0.30 
Board [2c 3d 6c Td 8h]
Seat 1: MaRKiToScoK (big blind) showed [7h As] and won ($5.70) with high card Ace
Seat 2: ptolejmus folded before Flop (didn't bet)
Seat 3: lazyG007605 folded before Flop (didn't bet)
Seat 4: XneferX folded before Flop (didn't bet)
Seat 5: BumHuntKing (button) folded before Flop (didn't bet)
Seat 6: shootingGRID (small blind) showed [Jd Qc] and lost with high card Queen



PokerStars Hand #254376910482:  Hold'em No Limit ($0.50/$1.00 USD) - 2025/01/14 2:21:04 WET [2025/01/14 21:21:04 ET]
Table 'Boda II' 6-max Seat #2 is the button
Seat 1: MaRKiToScoK ($138.75 in chips) 
Seat 2: ptolejmus ($10 in chips) 
Seat 3: lazyG007605 ($85.56 in chips) 
Seat 4: XneferX ($132.63 in chips) 
Seat 5: BumHuntKing ($126.26 in chips) 
Seat 6: shootingGRID ($107.10 in chips) 
lazyG007605: posts small blind $0.50
XneferX: posts big blind $1
*** HOLE CARDS ***
BumHuntKing: folds 
shootingGRID: raises $1.25 to $2.25
MaRKiToScoK: folds 
ptolejmus: folds 
lazyG007605: folds 
XneferX: folds 
Uncalled bet ($1.25) returned to shootingGRID
shootingGRID collected $2.50 from pot
*** SUMMARY ***
Total pot $2.50 | Rake $0 
Seat 1: MaRKiToScoK folded before Flop (didn't bet)
Seat 2: ptolejmus (button) folded before Flop (didn't bet)
Seat 3: lazyG007605 (small blind) folded before Flop
Seat 4: XneferX (big blind) folded before Flop
Seat 5: BumHuntKing folded before Flop (didn't bet)
Seat 6: shootingGRID collected ($2.50)



PokerStars Hand #254376915393:  Hold'em No Limit ($0.50/$1.00 USD) - 2025/01/14 2:21:37 WET [2025/01/14 21:21:37 ET]
Table 'Boda II' 6-max Seat #3 is the button
Seat 1: MaRKiToScoK ($138.75 in chips) 
Seat 2: ptolejmus ($10 in chips) 
Seat 3: lazyG007605 ($85.06 in chips) 
Seat 4: XneferX ($131.63 in chips) 
Seat 5: BumHuntKing ($126.26 in chips) 
Seat 6: shootingGRID ($108.60 in chips) 
XneferX: posts small blind $0.50
BumHuntKing: posts big blind $1
*** HOLE CARDS ***
shootingGRID: folds 
MaRKiToScoK: folds 
ptolejmus: folds 
lazyG007605: calls $1
XneferX: folds 
BumHuntKing: checks 
*** FLOP *** [8h Ac Kc]
BumHuntKing: checks 
lazyG007605: checks 
*** TURN *** [8h Ac Kc] [6s]
BumHuntKing: bets $1.50
lazyG007605: raises $1.50 to $3
BumHuntKing: folds 
Uncalled bet ($1.50) returned to lazyG007605
lazyG007605 collected $5.22 from pot
*** SUMMARY ***
Total pot $5.50 | Rake $0.28 
Board [8h Ac Kc 6s]
Seat 1: MaRKiToScoK folded before Flop (didn't bet)
Seat 2: ptolejmus folded before Flop (didn't bet)
Seat 3: lazyG007605 (button) collected ($5.22)
Seat 4: XneferX (small blind) folded before Flop
Seat 5: BumHuntKing (big blind) folded on the Turn
Seat 6: shootingGRID folded before Flop (didn't bet)



PokerStars Hand #254376923087:  Hold'em No Limit ($0.50/$1.00 USD) - 2025/01/14 2:22:27 WET [2025/01/14 21:22:27 ET]
Table 'Boda II' 6-max Seat #4 is the button
Seat 1: MaRKiToScoK ($138.75 in chips) 
Seat 2: ptolejmus ($10 in chips) 
Seat 3: lazyG007605 ($87.78 in chips) 
Seat 4: XneferX ($131.13 in chips) 
Seat 5: BumHuntKing ($123.76 in chips) 
Seat 6: shootingGRID ($108.60 in chips) 
BumHuntKing: posts small blind $0.50
shootingGRID: posts big blind $1
*** HOLE CARDS ***
MaRKiToScoK: folds 
ptolejmus: folds 
lazyG007605: raises $1 to $2
XneferX: folds 
BumHuntKing: folds 
shootingGRID: calls $1
*** FLOP *** [Ah 4h 5d]
shootingGRID: checks 
lazyG007605: bets $3
shootingGRID: folds 
Uncalled bet ($3) returned to lazyG007605
lazyG007605 collected $4.28 from pot
*** SUMMARY ***
Total pot $4.50 | Rake $0.22 
Board [Ah 4h 5d]
Seat 1: MaRKiToScoK folded before Flop (didn't bet)
Seat 2: ptolejmus folded before Flop (didn't bet)
Seat 3: lazyG007605 collected ($4.28)
Seat 4: XneferX (button) folded before Flop (didn't bet)
Seat 5: BumHuntKing (small blind) folded before Flop
Seat 6: shootingGRID (big blind) folded on the Flop



PokerStars Hand #254376927032:  Hold'em No Limit ($0.50/$1.00 USD) - 2025/01/14 2:22:54 WET [2025/01/14 21:22:54 ET]
Table 'Boda II' 6-max Seat #5 is the button
Seat 1: MaRKiToScoK ($138.75 in chips) 
Seat 2: ptolejmus ($10 in chips) 
Seat 3: lazyG007605 ($90.06 in chips) 
Seat 4: XneferX ($131.13 in chips) 
Seat 5: BumHuntKing ($123.26 in chips) 
Seat 6: shootingGRID ($106.60 in chips) 
shootingGRID: posts small blind $0.50
MaRKiToScoK: posts big blind $1
*** HOLE CARDS ***
ptolejmus: folds 
lazyG007605: calls $1
XneferX: raises $2.50 to $3.50
BumHuntKing: folds 
shootingGRID: folds 
MaRKiToScoK: calls $2.50
lazyG007605: calls $2.50
*** FLOP *** [6c 5c Jd]
MaRKiToScoK: checks 
lazyG007605: checks 
XneferX: bets $3.55
MaRKiToScoK: folds 
lazyG007605: calls $3.55
*** TURN *** [6c 5c Jd] [5h]
lazyG007605: checks 
XneferX: checks 
*** RIVER *** [6c 5c Jd 5h] [Js]
lazyG007605: bets $6
XneferX: calls $6
*** SHOW DOWN ***
lazyG007605: shows [9h 8c] (two pair, Jacks and Fives)
XneferX: shows [Ad 2d] (two pair, Jacks and Fives - Ace kicker)
XneferX collected $28.60 from pot
*** SUMMARY ***
Total pot $30.10 | Rake $1.50 
Board [6c 5c Jd 5h Js]
Seat 1: MaRKiToScoK (big blind) folded on the Flop
Seat 2: ptolejmus folded before Flop (didn't bet)
Seat 3: lazyG007605 showed [9h 8c] and lost with two pair, Jacks and Fives
Seat 4: XneferX showed [Ad 2d] and won ($28.60) with two pair, Jacks and Fives
Seat 5: BumHuntKing (button) folded before Flop (didn't bet)
Seat 6: shootingGRID (small blind) folded before Flop



PokerStars Hand #254376943985:  Hold'em No Limit ($0.50/$1.00 USD) - 2025/01/14 2:24:46 WET [2025/01/14 21:24:46 ET]
Table 'Boda II' 6-max Seat #6 is the button
Seat 1: MaRKiToScoK ($135.25 in chips) 
Seat 2: ptolejmus ($10 in chips) 
Seat 3: lazyG007605 ($77.01 in chips) 
Seat 4: XneferX ($146.68 in chips) 
Seat 5: BumHuntKing ($123.26 in chips) 
Seat 6: shootingGRID ($106.10 in chips) 
MaRKiToScoK: posts small blind $0.50
ptolejmus: posts big blind $1
*** HOLE CARDS ***
lazyG007605: calls $1
XneferX: folds 
BumHuntKing: folds 
shootingGRID: folds 
MaRKiToScoK: folds 
ptolejmus: checks 
*** FLOP *** [Qc Js 3c]
ptolejmus: checks 
lazyG007605: bets $2
ptolejmus: folds 
Uncalled bet ($2) returned to lazyG007605
lazyG007605 collected $2.38 from pot
*** SUMMARY ***
Total pot $2.50 | Rake $0.12 
Board [Qc Js 3c]
Seat 1: MaRKiToScoK (small blind) folded before Flop
Seat 2: ptolejmus (big blind) folded on the Flop
Seat 3: lazyG007605 collected ($2.38)
Seat 4: XneferX folded before Flop (didn't bet)
Seat 5: BumHuntKing folded before Flop (didn't bet)
Seat 6: shootingGRID (button) folded before Flop (didn't bet)



PokerStars Hand #254376951239:  Hold'em No Limit ($0.50/$1.00 USD) - 2025/01/14 2:25:35 WET [2025/01/14 21:25:35 ET]
Table 'Boda II' 6-max Seat #1 is the button
Seat 1: MaRKiToScoK ($134.75 in chips) 
Seat 2: ptolejmus ($10 in chips) 
Seat 3: lazyG007605 ($78.39 in chips) 
Seat 4: XneferX ($146.68 in chips) 
Seat 5: BumHuntKing ($123.26 in chips) 
Seat 6: shootingGRID ($106.10 in chips) 
ptolejmus: posts small blind $0.50
lazyG007605: posts big blind $1
*** HOLE CARDS ***
XneferX: folds 
BumHuntKing: raises $1.20 to $2.20
shootingGRID: folds 
MaRKiToScoK: folds 
ptolejmus: raises $7.80 to $10 and is all-in
lazyG007605: calls $9
BumHuntKing: folds 
*** FLOP *** [5d 8h Ks]
*** TURN *** [5d 8h Ks] [Ah]
*** RIVER *** [5d 8h Ks Ah] [2d]
*** SHOW DOWN ***
ptolejmus: shows [Kd Ac] (two pair, Aces and Kings)
lazyG007605: shows [Kc Qh] (a pair of Kings)
ptolejmus collected $21.09 from pot
lazyG007605 cashed out the hand for $5.19 | Cash Out Fee $0.11
*** SUMMARY ***
Total pot $22.20 | Rake $1.11 
Board [5d 8h Ks Ah 2d]
Seat 1: MaRKiToScoK (button) folded before Flop (didn't bet)
Seat 2: ptolejmus (small blind) showed [Kd Ac] and won ($21.09) with two pair, Aces and Kings
Seat 3: lazyG007605 (big blind) showed [Kc Qh] and lost with a pair of Kings (cashed out).
Seat 4: XneferX folded before Flop (didn't bet)
Seat 5: BumHuntKing folded before Flop
Seat 6: shootingGRID folded before Flop (didn't bet)



PokerStars Hand #254376962559:  Hold'em No Limit ($0.50/$1.00 USD) - 2025/01/14 2:26:52 WET [2025/01/14 21:26:52 ET]
Table 'Boda II' 6-max Seat #2 is the button
Seat 1: MaRKiToScoK ($134.75 in chips) 
Seat 2: ptolejmus ($21.09 in chips) 
Seat 3: lazyG007605 ($73.58 in chips) 
Seat 4: XneferX ($146.68 in chips) 
Seat 5: BumHuntKing ($121.06 in chips) 
Seat 6: shootingGRID ($106.10 in chips) 
lazyG007605: posts small blind $0.50
XneferX: posts big blind $1
*** HOLE CARDS ***
BumHuntKing: folds 
shootingGRID: folds 
MaRKiToScoK: raises $1.20 to $2.20
ptolejmus: raises $18.89 to $21.09 and is all-in
lazyG007605: folds 
XneferX: folds 
MaRKiToScoK: calls $18.89
*** FLOP *** [2d Ad 3c]
*** TURN *** [2d Ad 3c] [Th]
*** RIVER *** [2d Ad 3c Th] [5h]
*** SHOW DOWN ***
MaRKiToScoK: shows [Js Jc] (a pair of Jacks)
ptolejmus: shows [Qd Jd] (high card Ace)
MaRKiToScoK collected $41.50 from pot
*** SUMMARY ***
Total pot $43.68 | Rake $2.18 
Board [2d Ad 3c Th 5h]
Seat 1: MaRKiToScoK showed [Js Jc] and won ($41.50) with a pair of Jacks
Seat 2: ptolejmus (button) showed [Qd Jd] and lost with high card Ace
Seat 3: lazyG007605 (small blind) folded before Flop
Seat 4: XneferX (big blind) folded before Flop
Seat 5: BumHuntKing folded before Flop (didn't bet)
Seat 6: shootingGRID folded before Flop (didn't bet)



PokerStars Hand #254376969339:  Hold'em No Limit ($0.50/$1.00 USD) - 2025/01/14 2:27:37 WET [2025/01/14 21:27:37 ET]
Table 'Boda II' 6-max Seat #3 is the button
Seat 1: MaRKiToScoK ($155.16 in chips) 
Seat 2: ptolejmus ($10 in chips) 
Seat 3: lazyG007605 ($73.08 in chips) 
Seat 4: XneferX ($145.68 in chips) 
Seat 5: BumHuntKing ($121.06 in chips) 
Seat 6: shootingGRID ($106.10 in chips) 
XneferX: posts small blind $0.50
BumHuntKing: posts big blind $1
*** HOLE CARDS ***
shootingGRID: raises $1.25 to $2.25
MaRKiToScoK: folds 
ptolejmus: folds 
lazyG007605: folds 
XneferX: folds 
BumHuntKing: raises $9.75 to $12
shootingGRID: folds 
Uncalled bet ($9.75) returned to BumHuntKing
BumHuntKing collected $5 from pot
BumHuntKing: doesn't show hand 
*** SUMMARY ***
Total pot $5 | Rake $0 
Seat 1: MaRKiToScoK folded before Flop (didn't bet)
Seat 2: ptolejmus folded before Flop (didn't bet)
Seat 3: lazyG007605 (button) folded before Flop (didn't bet)
Seat 4: XneferX (small blind) folded before Flop
Seat 5: BumHuntKing (big blind) collected ($5)
Seat 6: shootingGRID folded before Flop



PokerStars Hand #254376973429:  Hold'em No Limit ($0.50/$1.00 USD) - 2025/01/14 2:28:05 WET [2025/01/14 21:28:05 ET]
Table 'Boda II' 6-max Seat #4 is the button
Seat 6: shootingGRID ($103.85 in chips) is sitting out
Seat 1: MaRKiToScoK ($155.16 in chips) 
Seat 2: ptolejmus ($10 in chips) 
Seat 3: lazyG007605 ($73.08 in chips) 
Seat 4: XneferX ($145.18 in chips) 
Seat 5: BumHuntKing ($123.81 in chips) 
BumHuntKing: posts small blind $0.50
shootingGRID: is sitting out 
MaRKiToScoK: posts big blind $1
*** HOLE CARDS ***
shootingGRID leaves the table
ptolejmus: folds 
lazyG007605: raises $2 to $3
XneferX: folds 
BumHuntKing: folds 
MaRKiToScoK: folds 
Uncalled bet ($2) returned to lazyG007605
lazyG007605 collected $2.50 from pot
rostickkin joins the table at seat #6 
*** SUMMARY ***
Total pot $2.50 | Rake $0 
Seat 6: shootingGRID
Seat 1: MaRKiToScoK (big blind) folded before Flop
Seat 2: ptolejmus folded before Flop (didn't bet)
Seat 3: lazyG007605 collected ($2.50)
Seat 4: XneferX (button) folded before Flop (didn't bet)
Seat 5: BumHuntKing (small blind) folded before Flop



PokerStars Hand #254377013200:  Hold'em No Limit ($0.50/$1.00 USD) - 2025/01/14 2:32:39 WET [2025/01/14 21:32:39 ET]
Table 'Boda II' 6-max Seat #3 is the button
Seat 5: BumHuntKing ($212.56 in chips) is sitting out
Seat 1: MaRKiToScoK ($143.66 in chips) 
Seat 2: ptolejmus ($19.95 in chips) 
Seat 3: lazyG007605 ($88.93 in chips) 
Seat 4: XneferX ($100 in chips) 
Seat 6: rostickkin ($100 in chips) 
XneferX: posts small blind $0.50
BumHuntKing: is sitting out 
rostickkin: posts big blind $1
*** HOLE CARDS ***
MaRKiToScoK: raises $1.10 to $2.10
ptolejmus: folds 
lazyG007605: calls $2.10
XneferX: folds 
rostickkin: folds 
*** FLOP *** [As Js 7s]
MaRKiToScoK: checks 
lazyG007605: checks 
*** TURN *** [As Js 7s] [2c]
MaRKiToScoK: checks 
lazyG007605: checks 
*** RIVER *** [As Js 7s 2c] [3d]
MaRKiToScoK: bets $1.35
lazyG007605: folds 
Uncalled bet ($1.35) returned to MaRKiToScoK
MaRKiToScoK collected $5.42 from pot
*** SUMMARY ***
Total pot $5.70 | Rake $0.28 
Board [As Js 7s 2c 3d]
Seat 5: BumHuntKing
Seat 1: MaRKiToScoK collected ($5.42)
Seat 2: ptolejmus folded before Flop (didn't bet)
Seat 3: lazyG007605 (button) folded on the River
Seat 4: XneferX (small blind) folded before Flop
Seat 6: rostickkin (big blind) folded before Flop



PokerStars Hand #254377018880:  Hold'em No Limit ($0.50/$1.00 USD) - 2025/01/14 2:33:18 WET [2025/01/14 21:33:18 ET]
Table 'Boda II' 6-max Seat #4 is the button
Seat 5: BumHuntKing ($212.56 in chips) is sitting out
Seat 1: MaRKiToScoK ($146.98 in chips) 
Seat 2: ptolejmus ($19.95 in chips) 
Seat 3: lazyG007605 ($86.83 in chips) 
Seat 4: XneferX ($100 in chips) 
Seat 6: rostickkin ($100 in chips) 
rostickkin: posts small blind $0.50
MaRKiToScoK: posts big blind $1
*** HOLE CARDS ***
ptolejmus: folds 
lazyG007605: folds 
XneferX: folds 
rostickkin: raises $2 to $3
MaRKiToScoK: calls $2
*** FLOP *** [Jd 7d 8c]
rostickkin: checks 
MaRKiToScoK: checks 
*** TURN *** [Jd 7d 8c] [8s]
rostickkin: checks 
MaRKiToScoK: bets $4.28
rostickkin: folds 
Uncalled bet ($4.28) returned to MaRKiToScoK
BumHuntKing leaves the table
MaRKiToScoK collected $5.70 from pot
*** SUMMARY ***
Total pot $6 | Rake $0.30 
Board [Jd 7d 8c 8s]
Seat 5: BumHuntKing
Seat 1: MaRKiToScoK (big blind) collected ($5.70)
Seat 2: ptolejmus folded before Flop (didn't bet)
Seat 3: lazyG007605 folded before Flop (didn't bet)
Seat 4: XneferX (button) folded before Flop (didn't bet)
Seat 6: rostickkin (small blind) folded on the Turn



PokerStars Hand #254377026163:  Hold'em No Limit ($0.50/$1.00 USD) - 2025/01/14 2:34:09 WET [2025/01/14 21:34:09 ET]
Table 'Boda II' 6-max Seat #6 is the button
Seat 1: MaRKiToScoK ($149.68 in chips) 
Seat 2: ptolejmus ($19.95 in chips) 
Seat 3: lazyG007605 ($86.83 in chips) 
Seat 4: XneferX ($100 in chips) 
Seat 6: rostickkin ($100 in chips) 
MaRKiToScoK: posts small blind $0.50
ptolejmus: posts big blind $1
*** HOLE CARDS ***
ru_ruu_ru joins the table at seat #5 
lazyG007605: folds 
XneferX: folds 
rostickkin: raises $1.50 to $2.50
MaRKiToScoK: folds 
ptolejmus: folds 
Uncalled bet ($1.50) returned to rostickkin
rostickkin collected $2.50 from pot
rostickkin: doesn't show hand 
*** SUMMARY ***
Total pot $2.50 | Rake $0 
Seat 1: MaRKiToScoK (small blind) folded before Flop
Seat 2: ptolejmus (big blind) folded before Flop
Seat 3: lazyG007605 folded before Flop (didn't bet)
Seat 4: XneferX folded before Flop (didn't bet)
Seat 6: rostickkin (button) collected ($2.50)



PokerStars Hand #254377029850:  Hold'em No Limit ($0.50/$1.00 USD) - 2025/01/14 2:34:34 WET [2025/01/14 21:34:34 ET]
Table 'Boda II' 6-max Seat #1 is the button
Seat 5: ru_ruu_ru ($100 in chips) is sitting out
Seat 1: MaRKiToScoK ($149.18 in chips) 
Seat 2: ptolejmus ($18.95 in chips) 
Seat 3: lazyG007605 ($86.83 in chips) 
Seat 4: XneferX ($100 in chips) 
Seat 6: rostickkin ($101.50 in chips) 
ptolejmus: posts small blind $0.50
lazyG007605: posts big blind $1
ru_ruu_ru: sits out 
*** HOLE CARDS ***
XneferX: raises $1.10 to $2.10
rostickkin: folds 
MaRKiToScoK: folds 
ptolejmus: folds 
lazyG007605: calls $1.10
*** FLOP *** [Th 3h Kd]
lazyG007605: checks 
XneferX: bets $3.43
lazyG007605: calls $3.43
*** TURN *** [Th 3h Kd] [3c]
lazyG007605: checks 
XneferX: checks 
*** RIVER *** [Th 3h Kd 3c] [6s]
lazyG007605: checks 
XneferX: bets $8.45
lazyG007605: folds 
Uncalled bet ($8.45) returned to XneferX
XneferX collected $10.98 from pot
XneferX: doesn't show hand 
*** SUMMARY ***
Total pot $11.56 | Rake $0.58 
Board [Th 3h Kd 3c 6s]
Seat 5: ru_ruu_ru
Seat 1: MaRKiToScoK (button) folded before Flop (didn't bet)
Seat 2: ptolejmus (small blind) folded before Flop
Seat 3: lazyG007605 (big blind) folded on the River
Seat 4: XneferX collected ($10.98)
Seat 6: rostickkin folded before Flop (didn't bet)



PokerStars Hand #254377043177:  Hold'em No Limit ($0.50/$1.00 USD) - 2025/01/14 2:36:07 WET [2025/01/14 21:36:07 ET]
Table 'Boda II' 6-max Seat #2 is the button
Seat 5: ru_ruu_ru ($100 in chips) is sitting out
Seat 1: MaRKiToScoK ($149.18 in chips) 
Seat 2: ptolejmus ($18.45 in chips) 
Seat 3: lazyG007605 ($81.30 in chips) 
Seat 4: XneferX ($105.45 in chips) 
Seat 6: rostickkin ($101.50 in chips) 
lazyG007605: posts small blind $0.50
XneferX: posts big blind $1
ru_ruu_ru: sits out 
*** HOLE CARDS ***
rostickkin: folds 
MaRKiToScoK: folds 
ptolejmus: folds 
lazyG007605: calls $0.50
XneferX: checks 
*** FLOP *** [Qd 4c 2d]
lazyG007605: bets $2
XneferX: calls $2
*** TURN *** [Qd 4c 2d] [3h]
lazyG007605: checks 
XneferX: bets $4.39
lazyG007605: folds 
Uncalled bet ($4.39) returned to XneferX
XneferX collected $5.70 from pot
XneferX: doesn't show hand 
*** SUMMARY ***
Total pot $6 | Rake $0.30 
Board [Qd 4c 2d 3h]
Seat 5: ru_ruu_ru
Seat 1: MaRKiToScoK folded before Flop (didn't bet)
Seat 2: ptolejmus (button) folded before Flop (didn't bet)
Seat 3: lazyG007605 (small blind) folded on the Turn
Seat 4: XneferX (big blind) collected ($5.70)
Seat 6: rostickkin folded before Flop (didn't bet)



PokerStars Hand #254377053607:  Hold'em No Limit ($0.50/$1.00 USD) - 2025/01/14 2:37:18 WET [2025/01/14 21:37:18 ET]
Table 'Boda II' 6-max Seat #3 is the button
Seat 1: MaRKiToScoK ($149.18 in chips) 
Seat 2: ptolejmus ($18.45 in chips) 
Seat 3: lazyG007605 ($78.30 in chips) 
Seat 4: XneferX ($108.15 in chips) 
Seat 5: ru_ruu_ru ($100 in chips) 
Seat 6: rostickkin ($101.50 in chips) 
XneferX: posts small blind $0.50
ru_ruu_ru: posts big blind $1
*** HOLE CARDS ***
rostickkin: folds 
MaRKiToScoK: folds 
ptolejmus: folds 
lazyG007605: raises $1 to $2
XneferX: folds 
ru_ruu_ru: calls $1
*** FLOP *** [Qh 3c 3h]
ru_ruu_ru: checks 
lazyG007605: checks 
*** TURN *** [Qh 3c 3h] [9d]
ru_ruu_ru: bets $3.21
lazyG007605: folds 
Uncalled bet ($3.21) returned to ru_ruu_ru
ru_ruu_ru collected $4.28 from pot
ru_ruu_ru: doesn't show hand 
*** SUMMARY ***
Total pot $4.50 | Rake $0.22 
Board [Qh 3c 3h 9d]
Seat 1: MaRKiToScoK folded before Flop (didn't bet)
Seat 2: ptolejmus folded before Flop (didn't bet)
Seat 3: lazyG007605 (button) folded on the Turn
Seat 4: XneferX (small blind) folded before Flop
Seat 5: ru_ruu_ru (big blind) collected ($4.28)
Seat 6: rostickkin folded before Flop (didn't bet)



PokerStars Hand #254377060307:  Hold'em No Limit ($0.50/$1.00 USD) - 2025/01/14 2:38:05 WET [2025/01/14 21:38:05 ET]
Table 'Boda II' 6-max Seat #4 is the button
Seat 1: MaRKiToScoK ($149.18 in chips) 
Seat 2: ptolejmus ($18.45 in chips) 
Seat 3: lazyG007605 ($76.30 in chips) 
Seat 4: XneferX ($107.65 in chips) 
Seat 5: ru_ruu_ru ($102.28 in chips) 
Seat 6: rostickkin ($101.50 in chips) 
ru_ruu_ru: posts small blind $0.50
rostickkin: posts big blind $1
*** HOLE CARDS ***
MaRKiToScoK: raises $1.10 to $2.10
ptolejmus: folds 
lazyG007605: folds 
XneferX: folds 
ru_ruu_ru: folds 
rostickkin: folds 
Uncalled bet ($1.10) returned to MaRKiToScoK
MaRKiToScoK collected $2.50 from pot
*** SUMMARY ***
Total pot $2.50 | Rake $0 
Seat 1: MaRKiToScoK collected ($2.50)
Seat 2: ptolejmus folded before Flop (didn't bet)
Seat 3: lazyG007605 folded before Flop (didn't bet)
Seat 4: XneferX (button) folded before Flop (didn't bet)
Seat 5: ru_ruu_ru (small blind) folded before Flop
Seat 6: rostickkin (big blind) folded before Flop



PokerStars Hand #254377067173:  Hold'em No Limit ($0.50/$1.00 USD) - 2025/01/14 2:38:54 WET [2025/01/14 21:38:54 ET]
Table 'Boda II' 6-max Seat #5 is the button
Seat 1: MaRKiToScoK ($150.68 in chips) is sitting out
Seat 2: ptolejmus ($18.45 in chips) 
Seat 3: lazyG007605 ($76.30 in chips) 
Seat 4: XneferX ($107.65 in chips) 
Seat 5: ru_ruu_ru ($101.78 in chips) 
Seat 6: rostickkin ($100.50 in chips) 
rostickkin: posts small blind $0.50
MaRKiToScoK: is sitting out 
ptolejmus: posts big blind $1
*** HOLE CARDS ***
lazyG007605: folds 
MaRKiToScoK leaves the table
XneferX: folds 
ru_ruu_ru: raises $1.50 to $2.50
rostickkin: folds 
ptolejmus: folds 
Uncalled bet ($1.50) returned to ru_ruu_ru
ru_ruu_ru collected $2.50 from pot
ru_ruu_ru: doesn't show hand 
*** SUMMARY ***
Total pot $2.50 | Rake $0 
Seat 1: MaRKiToScoK
Seat 2: ptolejmus (big blind) folded before Flop
Seat 3: lazyG007605 folded before Flop (didn't bet)
Seat 4: XneferX folded before Flop (didn't bet)
Seat 5: ru_ruu_ru (button) collected ($2.50)
Seat 6: rostickkin (small blind) folded before Flop



PokerStars Hand #254377069633:  Hold'em No Limit ($0.50/$1.00 USD) - 2025/01/14 2:39:11 WET [2025/01/14 21:39:11 ET]
Table 'Boda II' 6-max Seat #6 is the button
Seat 2: ptolejmus ($17.45 in chips) 
Seat 3: lazyG007605 ($76.30 in chips) 
Seat 4: XneferX ($107.65 in chips) 
Seat 5: ru_ruu_ru ($103.28 in chips) 
Seat 6: rostickkin ($100 in chips) 
ptolejmus: posts small blind $0.50
lazyG007605: posts big blind $1
*** HOLE CARDS ***
vezis3 joins the table at seat #1 
XneferX: raises $1.10 to $2.10
ru_ruu_ru: folds 
rostickkin: folds 
ptolejmus: folds 
lazyG007605: folds 
Uncalled bet ($1.10) returned to XneferX
XneferX collected $2.50 from pot
XneferX: doesn't show hand 
*** SUMMARY ***
Total pot $2.50 | Rake $0 
Seat 2: ptolejmus (small blind) folded before Flop
Seat 3: lazyG007605 (big blind) folded before Flop
Seat 4: XneferX collected ($2.50)
Seat 5: ru_ruu_ru folded before Flop (didn't bet)
Seat 6: rostickkin (button) folded before Flop (didn't bet)



PokerStars Hand #254377071812:  Hold'em No Limit ($0.50/$1.00 USD) - 2025/01/14 2:39:26 WET [2025/01/14 21:39:26 ET]
Table 'Boda II' 6-max Seat #2 is the button
Seat 1: vezis3 ($100 in chips) is sitting out
Seat 2: ptolejmus ($16.95 in chips) 
Seat 3: lazyG007605 ($75.30 in chips) 
Seat 4: XneferX ($109.15 in chips) 
Seat 5: ru_ruu_ru ($103.28 in chips) 
Seat 6: rostickkin ($100 in chips) 
lazyG007605: posts small blind $0.50
XneferX: posts big blind $1
vezis3: sits out 
*** HOLE CARDS ***
ru_ruu_ru: folds 
rostickkin: raises $1.50 to $2.50
ptolejmus: folds 
lazyG007605: folds 
XneferX: raises $9.50 to $12
rostickkin: calls $9.50
*** FLOP *** [6d 5h 2h]
XneferX: checks 
rostickkin: bets $11.87
XneferX: folds 
Uncalled bet ($11.87) returned to rostickkin
rostickkin collected $23.28 from pot
rostickkin: doesn't show hand 
*** SUMMARY ***
Total pot $24.50 | Rake $1.22 
Board [6d 5h 2h]
Seat 1: vezis3
Seat 2: ptolejmus (button) folded before Flop (didn't bet)
Seat 3: lazyG007605 (small blind) folded before Flop
Seat 4: XneferX (big blind) folded on the Flop
Seat 5: ru_ruu_ru folded before Flop (didn't bet)
Seat 6: rostickkin collected ($23.28)



PokerStars Hand #254377082080:  Hold'em No Limit ($0.50/$1.00 USD) - 2025/01/14 2:40:37 WET [2025/01/14 21:40:37 ET]
Table 'Boda II' 6-max Seat #3 is the button
Seat 1: vezis3 ($100 in chips) is sitting out
Seat 2: ptolejmus ($16.95 in chips) 
Seat 3: lazyG007605 ($74.80 in chips) 
Seat 4: XneferX ($100 in chips) 
Seat 5: ru_ruu_ru ($103.28 in chips) 
Seat 6: rostickkin ($111.28 in chips) 
XneferX: posts small blind $0.50
ru_ruu_ru: posts big blind $1
vezis3: sits out 
*** HOLE CARDS ***
rostickkin: folds 
ptolejmus: folds 
lazyG007605: calls $1
XneferX: raises $3 to $4
ru_ruu_ru: raises $8 to $12
lazyG007605: folds 
XneferX: calls $8
*** FLOP *** [Kd 5d Tc]
XneferX: checks 
ru_ruu_ru: bets $7.84
XneferX: calls $7.84
*** TURN *** [Kd 5d Tc] [9h]
XneferX: checks 
ru_ruu_ru: checks 
*** RIVER *** [Kd 5d Tc 9h] [Kh]
XneferX: bets $13.14
ru_ruu_ru: calls $13.14
*** SHOW DOWN ***
XneferX: shows [5h Ah] (two pair, Kings and Fives)
ru_ruu_ru: mucks hand 
XneferX collected $64.46 from pot
*** SUMMARY ***
Total pot $66.96 | Rake $2.50 
Board [Kd 5d Tc 9h Kh]
Seat 1: vezis3
Seat 2: ptolejmus folded before Flop (didn't bet)
Seat 3: lazyG007605 (button) folded before Flop
Seat 4: XneferX (small blind) showed [5h Ah] and won ($64.46) with two pair, Kings and Fives
Seat 5: ru_ruu_ru (big blind) mucked
Seat 6: rostickkin folded before Flop (didn't bet)



PokerStars Hand #254377097874:  Hold'em No Limit ($0.50/$1.00 USD) - 2025/01/14 2:42:27 WET [2025/01/14 21:42:27 ET]
Table 'Boda II' 6-max Seat #4 is the button
Seat 1: vezis3 ($100 in chips) is sitting out
Seat 2: ptolejmus ($16.95 in chips) 
Seat 3: lazyG007605 ($73.80 in chips) 
Seat 4: XneferX ($131.48 in chips) 
Seat 5: ru_ruu_ru ($100 in chips) 
Seat 6: rostickkin ($111.28 in chips) 
ru_ruu_ru: posts small blind $0.50
rostickkin: posts big blind $1
vezis3: sits out 
*** HOLE CARDS ***
ptolejmus: folds 
lazyG007605: folds 
XneferX: folds 
ru_ruu_ru: folds 
Uncalled bet ($0.50) returned to rostickkin
rostickkin collected $1 from pot
rostickkin: doesn't show hand 
*** SUMMARY ***
Total pot $1 | Rake $0 
Seat 1: vezis3
Seat 2: ptolejmus folded before Flop (didn't bet)
Seat 3: lazyG007605 folded before Flop (didn't bet)
Seat 4: XneferX (button) folded before Flop (didn't bet)
Seat 5: ru_ruu_ru (small blind) folded before Flop
Seat 6: rostickkin (big blind) collected ($1)



PokerStars Hand #254377099585:  Hold'em No Limit ($0.50/$1.00 USD) - 2025/01/14 2:42:39 WET [2025/01/14 21:42:39 ET]
Table 'Boda II' 6-max Seat #5 is the button
Seat 1: vezis3 ($100 in chips) 
Seat 2: ptolejmus ($16.95 in chips) 
Seat 3: lazyG007605 ($73.80 in chips) 
Seat 4: XneferX ($131.48 in chips) 
Seat 5: ru_ruu_ru ($100 in chips) 
Seat 6: rostickkin ($111.78 in chips) 
rostickkin: posts small blind $0.50
vezis3: posts big blind $1
*** HOLE CARDS ***
ptolejmus: folds 
lazyG007605: folds 
XneferX: folds 
ru_ruu_ru: folds 
rostickkin: raises $2 to $3
vezis3: raises $7 to $10
rostickkin: folds 
Uncalled bet ($7) returned to vezis3
vezis3 collected $6 from pot
vezis3: doesn't show hand 
*** SUMMARY ***
Total pot $6 | Rake $0 
Seat 1: vezis3 (big blind) collected ($6)
Seat 2: ptolejmus folded before Flop (didn't bet)
Seat 3: lazyG007605 folded before Flop (didn't bet)
Seat 4: XneferX folded before Flop (didn't bet)
Seat 5: ru_ruu_ru (button) folded before Flop (didn't bet)
Seat 6: rostickkin (small blind) folded before Flop



PokerStars Hand #254377102591:  Hold'em No Limit ($0.50/$1.00 USD) - 2025/01/14 2:43:00 WET [2025/01/14 21:43:00 ET]
Table 'Boda II' 6-max Seat #6 is the button
Seat 1: vezis3 ($103 in chips) 
Seat 2: ptolejmus ($16.95 in chips) 
Seat 3: lazyG007605 ($73.80 in chips) 
Seat 4: XneferX ($131.48 in chips) 
Seat 5: ru_ruu_ru ($100 in chips) 
Seat 6: rostickkin ($108.78 in chips) 
vezis3: posts small blind $0.50
ptolejmus: posts big blind $1
*** HOLE CARDS ***
lazyG007605: calls $1
XneferX: folds 
ru_ruu_ru: folds 
rostickkin: folds 
vezis3: folds 
ptolejmus: raises $15.95 to $16.95 and is all-in
lazyG007605: calls $15.95
*** FLOP *** [8s Qc 3h]
*** TURN *** [8s Qc 3h] [9h]
*** RIVER *** [8s Qc 3h 9h] [7h]
*** SHOW DOWN ***
ptolejmus: shows [Kh Qh] (a flush, King high)
lazyG007605: shows [As Ah] (a pair of Aces)
ptolejmus collected $32.68 from pot
*** SUMMARY ***
Total pot $34.40 | Rake $1.72 
Board [8s Qc 3h 9h 7h]
Seat 1: vezis3 (small blind) folded before Flop
Seat 2: ptolejmus (big blind) showed [Kh Qh] and won ($32.68) with a flush, King high
Seat 3: lazyG007605 showed [As Ah] and lost with a pair of Aces
Seat 4: XneferX folded before Flop (didn't bet)
Seat 5: ru_ruu_ru folded before Flop (didn't bet)
Seat 6: rostickkin (button) folded before Flop (didn't bet)



PokerStars Hand #254377107268:  Hold'em No Limit ($0.50/$1.00 USD) - 2025/01/14 2:43:32 WET [2025/01/14 21:43:32 ET]
Table 'Boda II' 6-max Seat #1 is the button
Seat 1: vezis3 ($102.50 in chips) 
Seat 2: ptolejmus ($32.68 in chips) 
Seat 3: lazyG007605 ($56.85 in chips) 
Seat 4: XneferX ($131.48 in chips) 
Seat 5: ru_ruu_ru ($100 in chips) 
Seat 6: rostickkin ($108.78 in chips) 
ptolejmus: posts small blind $0.50
lazyG007605: posts big blind $1
*** HOLE CARDS ***
XneferX: folds 
ru_ruu_ru: raises $1.20 to $2.20
rostickkin: raises $5.30 to $7.50
vezis3: folds 
ptolejmus: folds 
lazyG007605: folds 
ru_ruu_ru: calls $5.30
*** FLOP *** [Qs 4c 6c]
ru_ruu_ru: checks 
rostickkin: bets $5.33
ru_ruu_ru: calls $5.33
*** TURN *** [Qs 4c 6c] [2c]
ru_ruu_ru: checks 
rostickkin: bets $19.61
ru_ruu_ru: calls $19.61
*** RIVER *** [Qs 4c 6c 2c] [As]
ru_ruu_ru: checks 
rostickkin: bets $76.34 and is all-in
ru_ruu_ru: calls $67.56 and is all-in
Uncalled bet ($8.78) returned to rostickkin
*** SHOW DOWN ***
rostickkin: shows [Ac 9c] (a flush, Ace high)
ru_ruu_ru: shows [Jc Qc] (a flush, Queen high)
rostickkin collected $199 from pot
*** SUMMARY ***
Total pot $201.50 | Rake $2.50 
Board [Qs 4c 6c 2c As]
Seat 1: vezis3 (button) folded before Flop (didn't bet)
Seat 2: ptolejmus (small blind) folded before Flop
Seat 3: lazyG007605 (big blind) folded before Flop
Seat 4: XneferX folded before Flop (didn't bet)
Seat 5: ru_ruu_ru showed [Jc Qc] and lost with a flush, Queen high
Seat 6: rostickkin showed [Ac 9c] and won ($199) with a flush, Ace high



PokerStars Hand #254377119169:  Hold'em No Limit ($0.50/$1.00 USD) - 2025/01/14 2:44:54 WET [2025/01/14 21:44:54 ET]
Table 'Boda II' 6-max Seat #2 is the button
Seat 1: vezis3 ($102.50 in chips) 
Seat 2: ptolejmus ($32.18 in chips) 
Seat 3: lazyG007605 ($55.85 in chips) 
Seat 4: XneferX ($131.48 in chips) 
Seat 5: ru_ruu_ru ($100 in chips) 
Seat 6: rostickkin ($207.78 in chips) 
lazyG007605: posts small blind $0.50
XneferX: posts big blind $1
*** HOLE CARDS ***
ru_ruu_ru: folds 
rostickkin: raises $1.20 to $2.20
vezis3: folds 
ptolejmus: folds 
lazyG007605: folds 
XneferX: raises $9.80 to $12
rostickkin: calls $9.80
*** FLOP *** [3h 5c Jc]
XneferX: bets $7.92
rostickkin: calls $7.92
*** TURN *** [3h 5c Jc] [7d]
XneferX: checks 
rostickkin: bets $13.03
XneferX: folds 
Uncalled bet ($13.03) returned to rostickkin
rostickkin collected $38.32 from pot
rostickkin: doesn't show hand 
*** SUMMARY ***
Total pot $40.34 | Rake $2.02 
Board [3h 5c Jc 7d]
Seat 1: vezis3 folded before Flop (didn't bet)
Seat 2: ptolejmus (button) folded before Flop (didn't bet)
Seat 3: lazyG007605 (small blind) folded before Flop
Seat 4: XneferX (big blind) folded on the Turn
Seat 5: ru_ruu_ru folded before Flop (didn't bet)
Seat 6: rostickkin collected ($38.32)



PokerStars Hand #254377131597:  Hold'em No Limit ($0.50/$1.00 USD) - 2025/01/14 2:46:22 WET [2025/01/14 21:46:22 ET]
Table 'Boda II' 6-max Seat #3 is the button
Seat 1: vezis3 ($102.50 in chips) 
Seat 2: ptolejmus ($32.18 in chips) 
Seat 3: lazyG007605 ($55.35 in chips) 
Seat 4: XneferX ($111.56 in chips) 
Seat 5: ru_ruu_ru ($100 in chips) 
Seat 6: rostickkin ($226.18 in chips) 
XneferX: posts small blind $0.50
ru_ruu_ru: posts big blind $1
*** HOLE CARDS ***
rostickkin: folds 
vezis3: folds 
ptolejmus: raises $1 to $2
lazyG007605: folds 
XneferX: folds 
ru_ruu_ru: raises $8 to $10
ptolejmus: folds 
Uncalled bet ($8) returned to ru_ruu_ru
ru_ruu_ru collected $4.50 from pot
ru_ruu_ru: doesn't show hand 
*** SUMMARY ***
Total pot $4.50 | Rake $0 
Seat 1: vezis3 folded before Flop (didn't bet)
Seat 2: ptolejmus folded before Flop
Seat 3: lazyG007605 (button) folded before Flop (didn't bet)
Seat 4: XneferX (small blind) folded before Flop
Seat 5: ru_ruu_ru (big blind) collected ($4.50)
Seat 6: rostickkin folded before Flop (didn't bet)



PokerStars Hand #254377138086:  Hold'em No Limit ($0.50/$1.00 USD) - 2025/01/14 2:47:07 WET [2025/01/14 21:47:07 ET]
Table 'Boda II' 6-max Seat #4 is the button
Seat 1: vezis3 ($102.50 in chips) 
Seat 2: ptolejmus ($30.18 in chips) 
Seat 3: lazyG007605 ($55.35 in chips) 
Seat 4: XneferX ($111.06 in chips) 
Seat 5: ru_ruu_ru ($102.50 in chips) 
Seat 6: rostickkin ($226.18 in chips) 
ru_ruu_ru: posts small blind $0.50
rostickkin: posts big blind $1
*** HOLE CARDS ***
vezis3: raises $1.40 to $2.40
ptolejmus: folds 
lazyG007605: calls $2.40
XneferX: folds 
ru_ruu_ru: folds 
rostickkin: folds 
*** FLOP *** [7d 4c Td]
vezis3: checks 
lazyG007605: bets $4
vezis3: raises $10.76 to $14.76
lazyG007605: calls $10.76
*** TURN *** [7d 4c Td] [Ah]
vezis3: bets $40
lazyG007605: calls $38.19 and is all-in
Uncalled bet ($1.81) returned to vezis3
*** RIVER *** [7d 4c Td Ah] [9h]
*** SHOW DOWN ***
vezis3: shows [Qd 9d] (a pair of Nines)
lazyG007605: shows [Qs Ad] (a pair of Aces)
lazyG007605 collected $109.70 from pot
*** SUMMARY ***
Total pot $112.20 | Rake $2.50 
Board [7d 4c Td Ah 9h]
Seat 1: vezis3 showed [Qd 9d] and lost with a pair of Nines
Seat 2: ptolejmus folded before Flop (didn't bet)
Seat 3: lazyG007605 showed [Qs Ad] and won ($109.70) with a pair of Aces
Seat 4: XneferX (button) folded before Flop (didn't bet)
Seat 5: ru_ruu_ru (small blind) folded before Flop
Seat 6: rostickkin (big blind) folded before Flop



PokerStars Hand #254377146368:  Hold'em No Limit ($0.50/$1.00 USD) - 2025/01/14 2:48:06 WET [2025/01/14 21:48:06 ET]
Table 'Boda II' 6-max Seat #5 is the button
Seat 1: vezis3 ($100 in chips) 
Seat 2: ptolejmus ($30.18 in chips) 
Seat 3: lazyG007605 ($109.70 in chips) 
Seat 4: XneferX ($111.06 in chips) 
Seat 5: ru_ruu_ru ($102 in chips) 
Seat 6: rostickkin ($225.18 in chips) 
rostickkin: posts small blind $0.50
vezis3: posts big blind $1
*** HOLE CARDS ***
ptolejmus: folds 
lazyG007605: folds 
XneferX: folds 
ru_ruu_ru: folds 
rostickkin: folds 
Uncalled bet ($0.50) returned to vezis3
vezis3 collected $1 from pot
vezis3: doesn't show hand 
*** SUMMARY ***
Total pot $1 | Rake $0 
Seat 1: vezis3 (big blind) collected ($1)
Seat 2: ptolejmus folded before Flop (didn't bet)
Seat 3: lazyG007605 folded before Flop (didn't bet)
Seat 4: XneferX folded before Flop (didn't bet)
Seat 5: ru_ruu_ru (button) folded before Flop (didn't bet)
Seat 6: rostickkin (small blind) folded before Flop



PokerStars Hand #254377149304:  Hold'em No Limit ($0.50/$1.00 USD) - 2025/01/14 2:48:26 WET [2025/01/14 21:48:26 ET]
Table 'Boda II' 6-max Seat #6 is the button
Seat 2: ptolejmus ($30.18 in chips) is sitting out
Seat 1: vezis3 ($100.50 in chips) 
Seat 3: lazyG007605 ($109.70 in chips) 
Seat 4: XneferX ($111.06 in chips) 
Seat 5: ru_ruu_ru ($102 in chips) 
Seat 6: rostickkin ($224.68 in chips) 
vezis3: posts small blind $0.50
ptolejmus: is sitting out 
lazyG007605: posts big blind $1
*** HOLE CARDS ***
XneferX: raises $1.10 to $2.10
ru_ruu_ru: folds 
rostickkin: folds 
vezis3: folds 
lazyG007605: calls $1.10
*** FLOP *** [Kd 2s Jc]
ptolejmus leaves the table
lazyG007605: checks 
XneferX: bets $3.43
lazyG007605: folds 
Uncalled bet ($3.43) returned to XneferX
XneferX collected $4.46 from pot
XneferX: doesn't show hand 
*** SUMMARY ***
Total pot $4.70 | Rake $0.24 
Board [Kd 2s Jc]
Seat 2: ptolejmus
Seat 1: vezis3 (small blind) folded before Flop
Seat 3: lazyG007605 (big blind) folded on the Flop
Seat 4: XneferX collected ($4.46)
Seat 5: ru_ruu_ru folded before Flop (didn't bet)
Seat 6: rostickkin (button) folded before Flop (didn't bet)



PokerStars Hand #254377155065:  Hold'em No Limit ($0.50/$1.00 USD) - 2025/01/14 2:49:08 WET [2025/01/14 21:49:08 ET]
Table 'Boda II' 6-max Seat #1 is the button
Seat 1: vezis3 ($100 in chips) 
Seat 3: lazyG007605 ($107.60 in chips) 
Seat 4: XneferX ($113.42 in chips) 
Seat 5: ru_ruu_ru ($102 in chips) 
Seat 6: rostickkin ($224.68 in chips) 
lazyG007605: posts small blind $0.50
XneferX: posts big blind $1
*** HOLE CARDS ***
ru_ruu_ru: folds 
rostickkin: folds 
vezis3: folds 
sutata joins the table at seat #2 
lazyG007605: calls $0.50
XneferX: checks 
*** FLOP *** [3c Kd 2c]
lazyG007605: bets $3
XneferX: folds 
Uncalled bet ($3) returned to lazyG007605
lazyG007605 collected $1.90 from pot
*** SUMMARY ***
Total pot $2 | Rake $0.10 
Board [3c Kd 2c]
Seat 1: vezis3 (button) folded before Flop (didn't bet)
Seat 3: lazyG007605 (small blind) collected ($1.90)
Seat 4: XneferX (big blind) folded on the Flop
Seat 5: ru_ruu_ru folded before Flop (didn't bet)
Seat 6: rostickkin folded before Flop (didn't bet)



PokerStars Hand #254377159232:  Hold'em No Limit ($0.50/$1.00 USD) - 2025/01/14 2:49:37 WET [2025/01/14 21:49:37 ET]
Table 'Boda II' 6-max Seat #3 is the button
Seat 2: sutata ($100 in chips) is sitting out
Seat 1: vezis3 ($100 in chips) 
Seat 3: lazyG007605 ($108.50 in chips) 
Seat 4: XneferX ($112.42 in chips) 
Seat 5: ru_ruu_ru ($102 in chips) 
Seat 6: rostickkin ($224.68 in chips) 
XneferX: posts small blind $0.50
ru_ruu_ru: posts big blind $1
sutata: sits out 
*** HOLE CARDS ***
rostickkin: raises $1.20 to $2.20
vezis3: folds 
lazyG007605: folds 
XneferX: folds 
ru_ruu_ru: folds 
Uncalled bet ($1.20) returned to rostickkin
rostickkin collected $2.50 from pot
rostickkin: doesn't show hand 
*** SUMMARY ***
Total pot $2.50 | Rake $0 
Seat 2: sutata
Seat 1: vezis3 folded before Flop (didn't bet)
Seat 3: lazyG007605 (button) folded before Flop (didn't bet)
Seat 4: XneferX (small blind) folded before Flop
Seat 5: ru_ruu_ru (big blind) folded before Flop
Seat 6: rostickkin collected ($2.50)



PokerStars Hand #254377161239:  Hold'em No Limit ($0.50/$1.00 USD) - 2025/01/14 2:49:52 WET [2025/01/14 21:49:52 ET]
Table 'Boda II' 6-max Seat #4 is the button
Seat 2: sutata ($100 in chips) is sitting out
Seat 1: vezis3 ($100 in chips) 
Seat 3: lazyG007605 ($108.50 in chips) 
Seat 4: XneferX ($111.92 in chips) 
Seat 5: ru_ruu_ru ($101 in chips) 
Seat 6: rostickkin ($226.18 in chips) 
ru_ruu_ru: posts small blind $0.50
rostickkin: posts big blind $1
sutata: sits out 
*** HOLE CARDS ***
vezis3: folds 
lazyG007605: raises $1 to $2
XneferX: folds 
ru_ruu_ru: folds 
rostickkin: raises $8 to $10
lazyG007605: calls $8
*** FLOP *** [4h 4s As]
rostickkin: bets $6.62
lazyG007605: calls $6.62
*** TURN *** [4h 4s As] [5h]
rostickkin: checks 
lazyG007605: checks 
*** RIVER *** [4h 4s As 5h] [Qh]
rostickkin: checks 
lazyG007605: bets $22
rostickkin: calls $22
*** SHOW DOWN ***
lazyG007605: shows [4d 5d] (a full house, Fours full of Fives)
rostickkin: mucks hand 
lazyG007605 collected $75.24 from pot
*** SUMMARY ***
Total pot $77.74 | Rake $2.50 
Board [4h 4s As 5h Qh]
Seat 2: sutata
Seat 1: vezis3 folded before Flop (didn't bet)
Seat 3: lazyG007605 showed [4d 5d] and won ($75.24) with a full house, Fours full of Fives
Seat 4: XneferX (button) folded before Flop (didn't bet)
Seat 5: ru_ruu_ru (small blind) folded before Flop
Seat 6: rostickkin (big blind) mucked



PokerStars Hand #254377171775:  Hold'em No Limit ($0.50/$1.00 USD) - 2025/01/14 2:51:08 WET [2025/01/14 21:51:08 ET]
Table 'Boda II' 6-max Seat #5 is the button
Seat 2: sutata ($100 in chips) is sitting out
Seat 1: vezis3 ($100 in chips) 
Seat 3: lazyG007605 ($145.12 in chips) 
Seat 4: XneferX ($111.92 in chips) 
Seat 5: ru_ruu_ru ($100.50 in chips) 
Seat 6: rostickkin ($187.56 in chips) 
rostickkin: posts small blind $0.50
vezis3: posts big blind $1
sutata: sits out 
*** HOLE CARDS ***
lazyG007605: raises $2 to $3
XneferX: calls $3
ru_ruu_ru: raises $12 to $15
rostickkin: folds 
vezis3: folds 
lazyG007605: calls $12
XneferX: calls $12
*** FLOP *** [5c Kd 6h]
lazyG007605: checks 
XneferX: checks 
ru_ruu_ru: bets $11.04
lazyG007605: calls $11.04
XneferX: calls $11.04
*** TURN *** [5c Kd 6h] [4h]
lazyG007605: checks 
XneferX: checks 
ru_ruu_ru: checks 
*** RIVER *** [5c Kd 6h 4h] [7s]
lazyG007605: bets $29
XneferX: calls $29
ru_ruu_ru: folds 
*** SHOW DOWN ***
lazyG007605: shows [Jc Js] (a pair of Jacks)
XneferX: shows [6d 6c] (three of a kind, Sixes)
XneferX collected $135.12 from pot
*** SUMMARY ***
Total pot $137.62 | Rake $2.50 
Board [5c Kd 6h 4h 7s]
Seat 2: sutata
Seat 1: vezis3 (big blind) folded before Flop
Seat 3: lazyG007605 showed [Jc Js] and lost with a pair of Jacks
Seat 4: XneferX showed [6d 6c] and won ($135.12) with three of a kind, Sixes
Seat 5: ru_ruu_ru (button) folded on the River
Seat 6: rostickkin (small blind) folded before Flop



PokerStars Hand #254377190159:  Hold'em No Limit ($0.50/$1.00 USD) - 2025/01/14 2:53:21 WET [2025/01/14 21:53:21 ET]
Table 'Boda II' 6-max Seat #6 is the button
Seat 1: vezis3 ($100 in chips) 
Seat 2: sutata ($100 in chips) 
Seat 3: lazyG007605 ($90.08 in chips) 
Seat 4: XneferX ($192 in chips) 
Seat 5: ru_ruu_ru ($100 in chips) 
Seat 6: rostickkin ($187.06 in chips) 
vezis3: posts small blind $0.50
sutata: posts big blind $1
*** HOLE CARDS ***
lazyG007605: folds 
XneferX: folds 
ru_ruu_ru: folds 
rostickkin: raises $1.50 to $2.50
vezis3: raises $9.50 to $12
sutata: folds 
rostickkin: calls $9.50
*** FLOP *** [9h Kc 7d]
vezis3: bets $7.84
rostickkin: calls $7.84
*** TURN *** [9h Kc 7d] [6d]
vezis3: checks 
rostickkin: bets $19.71
vezis3: folds 
Uncalled bet ($19.71) returned to rostickkin
rostickkin collected $38.65 from pot
rostickkin: doesn't show hand 
*** SUMMARY ***
Total pot $40.68 | Rake $2.03 
Board [9h Kc 7d 6d]
Seat 1: vezis3 (small blind) folded on the Turn
Seat 2: sutata (big blind) folded before Flop
Seat 3: lazyG007605 folded before Flop (didn't bet)
Seat 4: XneferX folded before Flop (didn't bet)
Seat 5: ru_ruu_ru folded before Flop (didn't bet)
Seat 6: rostickkin (button) collected ($38.65)



PokerStars Hand #254377198869:  Hold'em No Limit ($0.50/$1.00 USD) - 2025/01/14 2:54:25 WET [2025/01/14 21:54:25 ET]
Table 'Boda II' 6-max Seat #1 is the button
Seat 5: ru_ruu_ru ($100 in chips) is sitting out
Seat 1: vezis3 ($100 in chips) 
Seat 2: sutata ($100 in chips) 
Seat 3: lazyG007605 ($90.08 in chips) 
Seat 4: XneferX ($192 in chips) 
Seat 6: rostickkin ($205.87 in chips) 
sutata: posts small blind $0.50
lazyG007605: posts big blind $1
*** HOLE CARDS ***
XneferX: folds 
rostickkin: folds 
vezis3: folds 
sutata: folds 
Uncalled bet ($0.50) returned to lazyG007605
lazyG007605 collected $1 from pot
*** SUMMARY ***
Total pot $1 | Rake $0 
Seat 5: ru_ruu_ru
Seat 1: vezis3 (button) folded before Flop (didn't bet)
Seat 2: sutata (small blind) folded before Flop
Seat 3: lazyG007605 (big blind) collected ($1)
Seat 4: XneferX folded before Flop (didn't bet)
Seat 6: rostickkin folded before Flop (didn't bet)



PokerStars Hand #254377200369:  Hold'em No Limit ($0.50/$1.00 USD) - 2025/01/14 2:54:36 WET [2025/01/14 21:54:36 ET]
Table 'Boda II' 6-max Seat #2 is the button
Seat 5: ru_ruu_ru ($100 in chips) is sitting out
Seat 1: vezis3 ($100 in chips) 
Seat 2: sutata ($100 in chips) 
Seat 3: lazyG007605 ($90.58 in chips) 
Seat 4: XneferX ($192 in chips) 
Seat 6: rostickkin ($205.87 in chips) 
lazyG007605: posts small blind $0.50
XneferX: posts big blind $1
*** HOLE CARDS ***
rostickkin: raises $1.20 to $2.20
vezis3: folds 
sutata: folds 
lazyG007605: folds 
XneferX: folds 
Uncalled bet ($1.20) returned to rostickkin
rostickkin collected $2.50 from pot
rostickkin: doesn't show hand 
*** SUMMARY ***
Total pot $2.50 | Rake $0 
Seat 5: ru_ruu_ru
Seat 1: vezis3 folded before Flop (didn't bet)
Seat 2: sutata (button) folded before Flop (didn't bet)
Seat 3: lazyG007605 (small blind) folded before Flop
Seat 4: XneferX (big blind) folded before Flop
Seat 6: rostickkin collected ($2.50)



PokerStars Hand #254377203257:  Hold'em No Limit ($0.50/$1.00 USD) - 2025/01/14 2:54:56 WET [2025/01/14 21:54:56 ET]
Table 'Boda II' 6-max Seat #3 is the button
Seat 5: ru_ruu_ru ($100 in chips) is sitting out
Seat 1: vezis3 ($100 in chips) 
Seat 2: sutata ($100 in chips) 
Seat 3: lazyG007605 ($90.08 in chips) 
Seat 4: XneferX ($191 in chips) 
Seat 6: rostickkin ($207.37 in chips) 
XneferX: posts small blind $0.50
rostickkin: posts big blind $1
*** HOLE CARDS ***
vezis3: folds 
sutata: folds 
lazyG007605: raises $2 to $3
XneferX: folds 
rostickkin: calls $2
*** FLOP *** [9d Jc 7s]
rostickkin: checks 
lazyG007605: bets $4
rostickkin: folds 
Uncalled bet ($4) returned to lazyG007605
lazyG007605 collected $6.18 from pot
*** SUMMARY ***
Total pot $6.50 | Rake $0.32 
Board [9d Jc 7s]
Seat 5: ru_ruu_ru
Seat 1: vezis3 folded before Flop (didn't bet)
Seat 2: sutata folded before Flop (didn't bet)
Seat 3: lazyG007605 (button) collected ($6.18)
Seat 4: XneferX (small blind) folded before Flop
Seat 6: rostickkin (big blind) folded on the Flop



PokerStars Hand #254377206995:  Hold'em No Limit ($0.50/$1.00 USD) - 2025/01/14 2:55:26 WET [2025/01/14 21:55:26 ET]
Table 'Boda II' 6-max Seat #4 is the button
Seat 5: ru_ruu_ru ($100 in chips) is sitting out
Seat 1: vezis3 ($100 in chips) 
Seat 2: sutata ($100 in chips) 
Seat 3: lazyG007605 ($93.26 in chips) 
Seat 4: XneferX ($190.50 in chips) 
Seat 6: rostickkin ($204.37 in chips) 
rostickkin: posts small blind $0.50
vezis3: posts big blind $1
*** HOLE CARDS ***
sutata: raises $1.50 to $2.50
lazyG007605: folds 
XneferX: folds 
rostickkin: folds 
vezis3: folds 
Uncalled bet ($1.50) returned to sutata
sutata collected $2.50 from pot
sutata: doesn't show hand 
*** SUMMARY ***
Total pot $2.50 | Rake $0 
Seat 5: ru_ruu_ru
Seat 1: vezis3 (big blind) folded before Flop
Seat 2: sutata collected ($2.50)
Seat 3: lazyG007605 folded before Flop (didn't bet)
Seat 4: XneferX (button) folded before Flop (didn't bet)
Seat 6: rostickkin (small blind) folded before Flop



PokerStars Hand #254377208422:  Hold'em No Limit ($0.50/$1.00 USD) - 2025/01/14 2:55:40 WET [2025/01/14 21:55:40 ET]
Table 'Boda II' 6-max Seat #6 is the button
Seat 5: ru_ruu_ru ($100 in chips) is sitting out
Seat 1: vezis3 ($100 in chips) 
Seat 2: sutata ($101.50 in chips) 
Seat 3: lazyG007605 ($93.26 in chips) 
Seat 4: XneferX ($190.50 in chips) 
Seat 6: rostickkin ($203.87 in chips) 
vezis3: posts small blind $0.50
sutata: posts big blind $1
*** HOLE CARDS ***
lazyG007605: raises $1 to $2
XneferX: folds 
rostickkin: folds 
vezis3: raises $10 to $12
sutata: folds 
lazyG007605: folds 
Uncalled bet ($10) returned to vezis3
vezis3 collected $5 from pot
vezis3: doesn't show hand 
*** SUMMARY ***
Total pot $5 | Rake $0 
Seat 5: ru_ruu_ru
Seat 1: vezis3 (small blind) collected ($5)
Seat 2: sutata (big blind) folded before Flop
Seat 3: lazyG007605 folded before Flop
Seat 4: XneferX folded before Flop (didn't bet)
Seat 6: rostickkin (button) folded before Flop (didn't bet)



PokerStars Hand #254377210953:  Hold'em No Limit ($0.50/$1.00 USD) - 2025/01/14 2:56:04 WET [2025/01/14 21:56:04 ET]
Table 'Boda II' 6-max Seat #1 is the button
Seat 5: ru_ruu_ru ($100 in chips) is sitting out
Seat 1: vezis3 ($103 in chips) 
Seat 2: sutata ($100.50 in chips) 
Seat 3: lazyG007605 ($91.26 in chips) 
Seat 4: XneferX ($190.50 in chips) 
Seat 6: rostickkin ($203.87 in chips) 
sutata: posts small blind $0.50
lazyG007605: posts big blind $1
*** HOLE CARDS ***
XneferX: folds 
rostickkin: folds 
vezis3: folds 
sutata: raises $2 to $3
lazyG007605: calls $2
*** FLOP *** [Qs 7d 6d]
sutata: bets $1.90
lazyG007605: folds 
Uncalled bet ($1.90) returned to sutata
sutata collected $5.70 from pot
sutata: doesn't show hand 
*** SUMMARY ***
Total pot $6 | Rake $0.30 
Board [Qs 7d 6d]
Seat 5: ru_ruu_ru
Seat 1: vezis3 (button) folded before Flop (didn't bet)
Seat 2: sutata (small blind) collected ($5.70)
Seat 3: lazyG007605 (big blind) folded on the Flop
Seat 4: XneferX folded before Flop (didn't bet)
Seat 6: rostickkin folded before Flop (didn't bet)



PokerStars Hand #254377213397:  Hold'em No Limit ($0.50/$1.00 USD) - 2025/01/14 2:56:27 WET [2025/01/14 21:56:27 ET]
Table 'Boda II' 6-max Seat #2 is the button
Seat 5: ru_ruu_ru ($100 in chips) is sitting out
Seat 1: vezis3 ($103 in chips) 
Seat 2: sutata ($103.20 in chips) 
Seat 3: lazyG007605 ($88.26 in chips) 
Seat 4: XneferX ($190.50 in chips) 
Seat 6: rostickkin ($203.87 in chips) 
lazyG007605: posts small blind $0.50
XneferX: posts big blind $1
ru_ruu_ru: sits out 
*** HOLE CARDS ***
rostickkin: folds 
vezis3: folds 
sutata: folds 
lazyG007605: folds 
Uncalled bet ($0.50) returned to XneferX
XneferX collected $1 from pot
XneferX: doesn't show hand 
*** SUMMARY ***
Total pot $1 | Rake $0 
Seat 5: ru_ruu_ru
Seat 1: vezis3 folded before Flop (didn't bet)
Seat 2: sutata (button) folded before Flop (didn't bet)
Seat 3: lazyG007605 (small blind) folded before Flop
Seat 4: XneferX (big blind) collected ($1)
Seat 6: rostickkin folded before Flop (didn't bet)



PokerStars Hand #254377214465:  Hold'em No Limit ($0.50/$1.00 USD) - 2025/01/14 2:56:36 WET [2025/01/14 21:56:36 ET]
Table 'Boda II' 6-max Seat #3 is the button
Seat 1: vezis3 ($103 in chips) 
Seat 2: sutata ($103.20 in chips) 
Seat 3: lazyG007605 ($87.76 in chips) 
Seat 4: XneferX ($191 in chips) 
Seat 5: ru_ruu_ru ($100 in chips) 
Seat 6: rostickkin ($203.87 in chips) 
XneferX: posts small blind $0.50
ru_ruu_ru: posts big blind $1
*** HOLE CARDS ***
rostickkin: folds 
vezis3: folds 
sutata: folds 
lazyG007605: folds 
lazyG007605 leaves the table
XneferX: raises $2 to $3
ffac joins the table at seat #3 
ru_ruu_ru: calls $2
*** FLOP *** [3c Td 4c]
ffac leaves the table
XneferX: bets $2.91
nicofellow joins the table at seat #3 
nicofellow leaves the table
ru_ruu_ru: raises $5.91 to $8.82
XneferX: folds 
Uncalled bet ($5.91) returned to ru_ruu_ru
ru_ruu_ru collected $11.23 from pot
ru_ruu_ru: doesn't show hand 
*** SUMMARY ***
Total pot $11.82 | Rake $0.59 
Board [3c Td 4c]
Seat 1: vezis3 folded before Flop (didn't bet)
Seat 2: sutata folded before Flop (didn't bet)
Seat 3: lazyG007605 (button) folded before Flop (didn't bet)
Seat 4: XneferX (small blind) folded on the Flop
Seat 5: ru_ruu_ru (big blind) collected ($11.23)
Seat 6: rostickkin folded before Flop (didn't bet)



PokerStars Hand #254377222699:  Hold'em No Limit ($0.50/$1.00 USD) - 2025/01/14 2:57:53 WET [2025/01/14 21:57:53 ET]
Table 'Boda II' 6-max Seat #4 is the button
Seat 1: vezis3 ($103 in chips) is sitting out
Seat 6: rostickkin ($203.87 in chips) is sitting out
Seat 2: sutata ($103.20 in chips) 
Seat 4: XneferX ($185.09 in chips) 
Seat 5: ru_ruu_ru ($105.32 in chips) 
ru_ruu_ru: posts small blind $0.50
rostickkin: is sitting out 
vezis3: is sitting out 
sutata: posts big blind $1
*** HOLE CARDS ***
vezis3 leaves the table
XneferX: folds 
rostickkin leaves the table
ru_ruu_ru: raises $2 to $3
XneferX leaves the table
sutata: calls $2
*** FLOP *** [Jd 2s Kh]
ru_ruu_ru: bets $1.88
sutata: calls $1.88
*** TURN *** [Jd 2s Kh] [8c]
ru_ruu_ru: bets $13.90
sutata: calls $13.90
*** RIVER *** [Jd 2s Kh 8c] [7d]
ru_ruu_ru: bets $86.54 and is all-in
sutata: folds 
Uncalled bet ($86.54) returned to ru_ruu_ru
ru_ruu_ru collected $36.56 from pot
ru_ruu_ru: doesn't show hand 
*** SUMMARY ***
Total pot $37.56 | Rake $1 
Board [Jd 2s Kh 8c 7d]
Seat 1: vezis3
Seat 6: rostickkin
Seat 2: sutata (big blind) folded on the River
Seat 4: XneferX (button) folded before Flop (didn't bet)
Seat 5: ru_ruu_ru (small blind) collected ($36.56)



PokerStars Hand #254377499313:  Hold'em No Limit ($0.50/$1.00 USD) - 2025/01/14 3:34:41 WET [2025/01/14 22:34:41 ET]
Table 'Boda II' 6-max Seat #2 is the button
Seat 5: Manifestorr ($100 in chips) is sitting out
Seat 2: sutata ($100 in chips) 
Seat 4: uuzka ($100 in chips) 
sutata: posts small blind $0.50
uuzka: posts big blind $1
*** HOLE CARDS ***
sutata: raises $2 to $3
uuzka: raises $9 to $12
sutata: folds 
Uncalled bet ($9) returned to uuzka
uuzka collected $6 from pot
uuzka: doesn't show hand 
*** SUMMARY ***
Total pot $6 | Rake $0 
Seat 5: Manifestorr
Seat 2: sutata (button) (small blind) folded before Flop
Seat 4: uuzka (big blind) collected ($6)



PokerStars Hand #254377501184:  Hold'em No Limit ($0.50/$1.00 USD) - 2025/01/14 3:34:57 WET [2025/01/14 22:34:57 ET]
Table 'Boda II' 6-max Seat #2 is the button
Seat 2: sutata ($100 in chips) 
Seat 4: uuzka ($103 in chips) 
Seat 5: Manifestorr ($100 in chips) 
uuzka: posts small blind $0.50
Manifestorr: posts big blind $1
*** HOLE CARDS ***
sutata: raises $2 to $3
uuzka: folds 
Manifestorr: folds 
Uncalled bet ($2) returned to sutata
sutata collected $2.50 from pot
sutata: doesn't show hand 
*** SUMMARY ***
Total pot $2.50 | Rake $0 
Seat 2: sutata (button) collected ($2.50)
Seat 4: uuzka (small blind) folded before Flop
Seat 5: Manifestorr (big blind) folded before Flop



PokerStars Hand #254377502553:  Hold'em No Limit ($0.50/$1.00 USD) - 2025/01/14 3:35:08 WET [2025/01/14 22:35:08 ET]
Table 'Boda II' 6-max Seat #5 is the button
Seat 2: sutata ($101.50 in chips) is sitting out
Seat 4: uuzka ($102.50 in chips) 
Seat 5: Manifestorr ($100 in chips) 
Manifestorr: posts small blind $0.50
sutata: is sitting out 
uuzka: posts big blind $1
*** HOLE CARDS ***
Manifestorr: folds 
Uncalled bet ($0.50) returned to uuzka
uuzka collected $1 from pot
uuzka: doesn't show hand 
*** SUMMARY ***
Total pot $1 | Rake $0 
Seat 2: sutata
Seat 4: uuzka (big blind) collected ($1)
Seat 5: Manifestorr (button) (small blind) folded before Flop



PokerStars Hand #254377503750:  Hold'em No Limit ($0.50/$1.00 USD) - 2025/01/14 3:35:19 WET [2025/01/14 22:35:19 ET]
Table 'Boda II' 6-max Seat #4 is the button
Seat 2: sutata ($101.50 in chips) is sitting out
Seat 4: uuzka ($103 in chips) 
Seat 5: Manifestorr ($100 in chips) 
uuzka: posts small blind $0.50
Manifestorr: posts big blind $1
*** HOLE CARDS ***
sutata leaves the table
uuzka: raises $1.77 to $2.77
Manifestorr: calls $1.77
*** FLOP *** [Jd Ah Ts]
Manifestorr: checks 
uuzka: checks 
*** TURN *** [Jd Ah Ts] [Qh]
Manifestorr: bets $3.94
uuzka: folds 
Uncalled bet ($3.94) returned to Manifestorr
Manifestorr collected $5.26 from pot
*** SUMMARY ***
Total pot $5.54 | Rake $0.28 
Board [Jd Ah Ts Qh]
Seat 2: sutata
Seat 4: uuzka (button) (small blind) folded on the Turn
Seat 5: Manifestorr (big blind) collected ($5.26)



