PokerStars Hand #254371824455:  Hold'em No Limit ($0.50/$1.00 USD) - 2025/01/14 20:29:59 WET [2025/01/14 15:29:59 ET]
Table 'Sinistra III' 6-max Seat #2 is the button
Seat 1: mr.Jckpot ($100 in chips) 
Seat 2: MAO_DZEDYN_S ($100 in chips) 
Seat 3: Sebcat40 ($67 in chips) 
Seat 4: Kristo 914 ($100 in chips) 
Seat 5: Gfoer ($100 in chips) 
Seat 6: steepfell ($100 in chips) 
Sebcat40: posts small blind $0.50
Kristo 914: posts big blind $1
*** HOLE CARDS ***
Gfoer: folds 
steepfell: folds 
mr.Jckpot: folds 
MAO_DZEDYN_S: folds 
Sebcat40: raises $1 to $2
Kristo 914: folds 
Uncalled bet ($1) returned to Sebcat40
Sebcat40 collected $2 from pot
Sebcat40: doesn't show hand 
*** SUMMARY ***
Total pot $2 | Rake $0 
Seat 1: mr.Jckpot folded before Flop (didn't bet)
Seat 2: MAO_DZEDYN_S (button) folded before Flop (didn't bet)
Seat 3: Sebcat40 (small blind) collected ($2)
Seat 4: Kristo 914 (big blind) folded before Flop
Seat 5: Gfoer folded before Flop (didn't bet)
Seat 6: steepfell folded before Flop (didn't bet)



PokerStars Hand #254371830541:  Hold'em No Limit ($0.50/$1.00 USD) - 2025/01/14 20:30:18 WET [2025/01/14 15:30:18 ET]
Table 'Sinistra III' 6-max Seat #3 is the button
Seat 1: mr.Jckpot ($100 in chips) 
Seat 2: MAO_DZEDYN_S ($100 in chips) 
Seat 3: Sebcat40 ($68 in chips) 
Seat 4: Kristo 914 ($100 in chips) 
Seat 5: Gfoer ($100 in chips) 
Seat 6: steepfell ($100 in chips) 
Kristo 914: posts small blind $0.50
Gfoer: posts big blind $1
*** HOLE CARDS ***
steepfell: folds 
mr.Jckpot: folds 
MAO_DZEDYN_S: folds 
Sebcat40: raises $1 to $2
Kristo 914: folds 
Gfoer: calls $1
*** FLOP *** [8s Ts 7h]
Gfoer: checks 
Sebcat40: bets $2
Gfoer: folds 
Uncalled bet ($2) returned to Sebcat40
Sebcat40 collected $4.28 from pot
Sebcat40: doesn't show hand 
*** SUMMARY ***
Total pot $4.50 | Rake $0.22 
Board [8s Ts 7h]
Seat 1: mr.Jckpot folded before Flop (didn't bet)
Seat 2: MAO_DZEDYN_S folded before Flop (didn't bet)
Seat 3: Sebcat40 (button) collected ($4.28)
Seat 4: Kristo 914 (small blind) folded before Flop
Seat 5: Gfoer (big blind) folded on the Flop
Seat 6: steepfell folded before Flop (didn't bet)



PokerStars Hand #254371842345:  Hold'em No Limit ($0.50/$1.00 USD) - 2025/01/14 20:30:54 WET [2025/01/14 15:30:54 ET]
Table 'Sinistra III' 6-max Seat #4 is the button
Seat 1: mr.Jckpot ($100 in chips) 
Seat 2: MAO_DZEDYN_S ($100 in chips) 
Seat 3: Sebcat40 ($70.28 in chips) 
Seat 4: Kristo 914 ($100 in chips) 
Seat 5: Gfoer ($100 in chips) 
Seat 6: steepfell ($100 in chips) 
Gfoer: posts small blind $0.50
steepfell: posts big blind $1
*** HOLE CARDS ***
mr.Jckpot: folds 
MAO_DZEDYN_S: raises $1.25 to $2.25
Sebcat40: calls $2.25
Kristo 914: folds 
Gfoer: folds 
steepfell: folds 
*** FLOP *** [5d 9c Ad]
MAO_DZEDYN_S: checks 
Sebcat40: bets $5
MAO_DZEDYN_S: folds 
Uncalled bet ($5) returned to Sebcat40
Sebcat40 collected $5.70 from pot
Sebcat40: doesn't show hand 
*** SUMMARY ***
Total pot $6 | Rake $0.30 
Board [5d 9c Ad]
Seat 1: mr.Jckpot folded before Flop (didn't bet)
Seat 2: MAO_DZEDYN_S folded on the Flop
Seat 3: Sebcat40 collected ($5.70)
Seat 4: Kristo 914 (button) folded before Flop (didn't bet)
Seat 5: Gfoer (small blind) folded before Flop
Seat 6: steepfell (big blind) folded before Flop



PokerStars Hand #254371863733:  Hold'em No Limit ($0.50/$1.00 USD) - 2025/01/14 20:32:00 WET [2025/01/14 15:32:00 ET]
Table 'Sinistra III' 6-max Seat #5 is the button
Seat 1: mr.Jckpot ($100 in chips) 
Seat 2: MAO_DZEDYN_S ($100 in chips) 
Seat 3: Sebcat40 ($73.73 in chips) 
Seat 4: Kristo 914 ($100 in chips) 
Seat 5: Gfoer ($100 in chips) 
Seat 6: steepfell ($100 in chips) 
steepfell: posts small blind $0.50
mr.Jckpot: posts big blind $1
*** HOLE CARDS ***
MAO_DZEDYN_S: folds 
Sebcat40: calls $1
Kristo 914: folds 
Gfoer: folds 
steepfell: folds 
mr.Jckpot: checks 
*** FLOP *** [Ad 6d Kd]
mr.Jckpot: checks 
Sebcat40: bets $4
mr.Jckpot: folds 
Uncalled bet ($4) returned to Sebcat40
Sebcat40 collected $2.38 from pot
Sebcat40: doesn't show hand 
*** SUMMARY ***
Total pot $2.50 | Rake $0.12 
Board [Ad 6d Kd]
Seat 1: mr.Jckpot (big blind) folded on the Flop
Seat 2: MAO_DZEDYN_S folded before Flop (didn't bet)
Seat 3: Sebcat40 collected ($2.38)
Seat 4: Kristo 914 folded before Flop (didn't bet)
Seat 5: Gfoer (button) folded before Flop (didn't bet)
Seat 6: steepfell (small blind) folded before Flop



PokerStars Hand #254371871564:  Hold'em No Limit ($0.50/$1.00 USD) - 2025/01/14 20:32:24 WET [2025/01/14 15:32:24 ET]
Table 'Sinistra III' 6-max Seat #6 is the button
Seat 1: mr.Jckpot ($100 in chips) 
Seat 2: MAO_DZEDYN_S ($100 in chips) 
Seat 3: Sebcat40 ($75.11 in chips) 
Seat 4: Kristo 914 ($100 in chips) 
Seat 5: Gfoer ($100 in chips) 
Seat 6: steepfell ($100 in chips) 
mr.Jckpot: posts small blind $0.50
MAO_DZEDYN_S: posts big blind $1
*** HOLE CARDS ***
Sebcat40: calls $1
Kristo 914: folds 
Gfoer: folds 
steepfell: folds 
mr.Jckpot: folds 
MAO_DZEDYN_S: checks 
*** FLOP *** [8h Kh 5s]
MAO_DZEDYN_S: checks 
Sebcat40: bets $2.38
MAO_DZEDYN_S: folds 
Uncalled bet ($2.38) returned to Sebcat40
Sebcat40 collected $2.38 from pot
Sebcat40: doesn't show hand 
*** SUMMARY ***
Total pot $2.50 | Rake $0.12 
Board [8h Kh 5s]
Seat 1: mr.Jckpot (small blind) folded before Flop
Seat 2: MAO_DZEDYN_S (big blind) folded on the Flop
Seat 3: Sebcat40 collected ($2.38)
Seat 4: Kristo 914 folded before Flop (didn't bet)
Seat 5: Gfoer folded before Flop (didn't bet)
Seat 6: steepfell (button) folded before Flop (didn't bet)



PokerStars Hand #254371883224:  Hold'em No Limit ($0.50/$1.00 USD) - 2025/01/14 20:33:00 WET [2025/01/14 15:33:00 ET]
Table 'Sinistra III' 6-max Seat #1 is the button
Seat 1: mr.Jckpot ($100 in chips) 
Seat 2: MAO_DZEDYN_S ($100 in chips) 
Seat 3: Sebcat40 ($76.49 in chips) 
Seat 4: Kristo 914 ($100 in chips) 
Seat 5: Gfoer ($100 in chips) 
Seat 6: steepfell ($100 in chips) 
MAO_DZEDYN_S: posts small blind $0.50
Sebcat40: posts big blind $1
*** HOLE CARDS ***
Kristo 914: folds 
Gfoer: folds 
steepfell: folds 
mr.Jckpot: raises $1.50 to $2.50
MAO_DZEDYN_S: folds 
Sebcat40: calls $1.50
*** FLOP *** [4h 7d Ts]
Sebcat40: checks 
mr.Jckpot: bets $4.07
Sebcat40: folds 
Uncalled bet ($4.07) returned to mr.Jckpot
mr.Jckpot collected $5.22 from pot
mr.Jckpot: doesn't show hand 
*** SUMMARY ***
Total pot $5.50 | Rake $0.28 
Board [4h 7d Ts]
Seat 1: mr.Jckpot (button) collected ($5.22)
Seat 2: MAO_DZEDYN_S (small blind) folded before Flop
Seat 3: Sebcat40 (big blind) folded on the Flop
Seat 4: Kristo 914 folded before Flop (didn't bet)
Seat 5: Gfoer folded before Flop (didn't bet)
Seat 6: steepfell folded before Flop (didn't bet)



PokerStars Hand #254371896081:  Hold'em No Limit ($0.50/$1.00 USD) - 2025/01/14 20:33:40 WET [2025/01/14 15:33:40 ET]
Table 'Sinistra III' 6-max Seat #2 is the button
Seat 1: mr.Jckpot ($102.72 in chips) 
Seat 2: MAO_DZEDYN_S ($100 in chips) 
Seat 3: Sebcat40 ($73.99 in chips) 
Seat 4: Kristo 914 ($100 in chips) 
Seat 5: Gfoer ($100 in chips) 
Seat 6: steepfell ($100 in chips) 
Sebcat40: posts small blind $0.50
Kristo 914: posts big blind $1
*** HOLE CARDS ***
Gfoer: folds 
steepfell: folds 
mr.Jckpot: folds 
MAO_DZEDYN_S: raises $1.50 to $2.50
Sebcat40: calls $2
Kristo 914: folds 
*** FLOP *** [5h Jc 6d]
Sebcat40: bets $5.70
MAO_DZEDYN_S: folds 
Uncalled bet ($5.70) returned to Sebcat40
Sebcat40 collected $5.70 from pot
Sebcat40: doesn't show hand 
*** SUMMARY ***
Total pot $6 | Rake $0.30 
Board [5h Jc 6d]
Seat 1: mr.Jckpot folded before Flop (didn't bet)
Seat 2: MAO_DZEDYN_S (button) folded on the Flop
Seat 3: Sebcat40 (small blind) collected ($5.70)
Seat 4: Kristo 914 (big blind) folded before Flop
Seat 5: Gfoer folded before Flop (didn't bet)
Seat 6: steepfell folded before Flop (didn't bet)



PokerStars Hand #254371908834:  Hold'em No Limit ($0.50/$1.00 USD) - 2025/01/14 20:34:20 WET [2025/01/14 15:34:20 ET]
Table 'Sinistra III' 6-max Seat #3 is the button
Seat 5: Gfoer ($100 in chips) is sitting out
Seat 1: mr.Jckpot ($102.72 in chips) 
Seat 2: MAO_DZEDYN_S ($100 in chips) 
Seat 3: Sebcat40 ($77.19 in chips) 
Seat 4: Kristo 914 ($100 in chips) 
Seat 6: steepfell ($100 in chips) 
Kristo 914: posts small blind $0.50
Gfoer: is sitting out 
steepfell: posts big blind $1
*** HOLE CARDS ***
Gfoer leaves the table
mr.Jckpot: raises $1.50 to $2.50
MAO_DZEDYN_S: folds 
Sebcat40: calls $2.50
Kristo 914: raises $10.50 to $13
steepfell: folds 
mr.Jckpot: folds 
Sebcat40: calls $10.50
*** FLOP *** [2s Jh 3s]
Kristo 914: checks 
Sebcat40: checks 
*** TURN *** [2s Jh 3s] [8h]
Kristo 914: bets $21.30
Sebcat40: calls $21.30
*** RIVER *** [2s Jh 3s 8h] [Kc]
Kristo 914: bets $65.70 and is all-in
raketkasix joins the table at seat #5 
Sebcat40: folds 
Uncalled bet ($65.70) returned to Kristo 914
Kristo 914 collected $69.60 from pot
Kristo 914: doesn't show hand 
*** SUMMARY ***
Total pot $72.10 | Rake $2.50 
Board [2s Jh 3s 8h Kc]
Seat 5: Gfoer
Seat 1: mr.Jckpot folded before Flop
Seat 2: MAO_DZEDYN_S folded before Flop (didn't bet)
Seat 3: Sebcat40 (button) folded on the River
Seat 4: Kristo 914 (small blind) collected ($69.60)
Seat 6: steepfell (big blind) folded before Flop



PokerStars Hand #254371935119:  Hold'em No Limit ($0.50/$1.00 USD) - 2025/01/14 20:35:41 WET [2025/01/14 15:35:41 ET]
Table 'Sinistra III' 6-max Seat #4 is the button
Seat 5: raketkasix ($100 in chips) is sitting out
Seat 1: mr.Jckpot ($100.22 in chips) 
Seat 2: MAO_DZEDYN_S ($100 in chips) 
Seat 3: Sebcat40 ($42.89 in chips) 
Seat 4: Kristo 914 ($135.30 in chips) 
Seat 6: steepfell ($100 in chips) 
steepfell: posts small blind $0.50
mr.Jckpot: posts big blind $1
*** HOLE CARDS ***
MAO_DZEDYN_S: raises $1.25 to $2.25
Sebcat40: raises $1.25 to $3.50
Kristo 914: folds 
steepfell: folds 
mr.Jckpot: folds 
MAO_DZEDYN_S: calls $1.25
*** FLOP *** [9s Ad Kh]
MAO_DZEDYN_S: checks 
Sebcat40: bets $8.08
MAO_DZEDYN_S: folds 
Uncalled bet ($8.08) returned to Sebcat40
Sebcat40 collected $8.08 from pot
Sebcat40: doesn't show hand 
*** SUMMARY ***
Total pot $8.50 | Rake $0.42 
Board [9s Ad Kh]
Seat 5: raketkasix
Seat 1: mr.Jckpot (big blind) folded before Flop
Seat 2: MAO_DZEDYN_S folded on the Flop
Seat 3: Sebcat40 collected ($8.08)
Seat 4: Kristo 914 (button) folded before Flop (didn't bet)
Seat 6: steepfell (small blind) folded before Flop



PokerStars Hand #254371950382:  Hold'em No Limit ($0.50/$1.00 USD) - 2025/01/14 20:36:28 WET [2025/01/14 15:36:28 ET]
Table 'Sinistra III' 6-max Seat #6 is the button
Seat 2: MAO_DZEDYN_S ($100 in chips) is sitting out
Seat 5: raketkasix ($100 in chips) is sitting out
Seat 1: mr.Jckpot ($100 in chips) 
Seat 3: Sebcat40 ($47.47 in chips) 
Seat 4: Kristo 914 ($135.30 in chips) 
Seat 6: steepfell ($100 in chips) 
mr.Jckpot: posts small blind $0.50
MAO_DZEDYN_S: is sitting out 
Sebcat40: posts big blind $1
raketkasix: sits out 
*** HOLE CARDS ***
Kristo 914: folds 
MAO_DZEDYN_S leaves the table
steepfell: raises $1.50 to $2.50
mr.Jckpot: folds 
Sebcat40: calls $1.50
*** FLOP *** [Ks Ts 8h]
Sebcat40: checks 
nastja336 joins the table at seat #2 
steepfell: bets $3.92
Sebcat40: calls $3.92
*** TURN *** [Ks Ts 8h] [Jc]
Sebcat40: checks 
steepfell: bets $9.50
Sebcat40: calls $9.50
*** RIVER *** [Ks Ts 8h Jc] [2h]
Sebcat40: bets $31.55 and is all-in
steepfell: calls $31.55
*** SHOW DOWN ***
Sebcat40: shows [7c 9s] (a straight, Seven to Jack)
steepfell: shows [Th Kd] (two pair, Kings and Tens)
Sebcat40 collected $94.44 from pot
*** SUMMARY ***
Total pot $95.44 | Rake $1 
Board [Ks Ts 8h Jc 2h]
Seat 2: MAO_DZEDYN_S
Seat 5: raketkasix
Seat 1: mr.Jckpot (small blind) folded before Flop
Seat 3: Sebcat40 (big blind) showed [7c 9s] and won ($94.44) with a straight, Seven to Jack
Seat 4: Kristo 914 folded before Flop (didn't bet)
Seat 6: steepfell (button) showed [Th Kd] and lost with two pair, Kings and Tens



PokerStars Hand #254371975872:  Hold'em No Limit ($0.50/$1.00 USD) - 2025/01/14 20:37:48 WET [2025/01/14 15:37:48 ET]
Table 'Sinistra III' 6-max Seat #1 is the button
Seat 2: nastja336 ($100 in chips) is sitting out
Seat 5: raketkasix ($100 in chips) is sitting out
Seat 1: mr.Jckpot ($100 in chips) 
Seat 3: Sebcat40 ($94.44 in chips) 
Seat 4: Kristo 914 ($135.30 in chips) 
Seat 6: steepfell ($100 in chips) 
Sebcat40: posts small blind $0.50
Kristo 914: posts big blind $1
raketkasix: sits out 
*** HOLE CARDS ***
steepfell: folds 
mr.Jckpot: folds 
Sebcat40: folds 
Uncalled bet ($0.50) returned to Kristo 914
Kristo 914 collected $1 from pot
Kristo 914: doesn't show hand 
*** SUMMARY ***
Total pot $1 | Rake $0 
Seat 2: nastja336
Seat 5: raketkasix
Seat 1: mr.Jckpot (button) folded before Flop (didn't bet)
Seat 3: Sebcat40 (small blind) folded before Flop
Seat 4: Kristo 914 (big blind) collected ($1)
Seat 6: steepfell folded before Flop (didn't bet)



PokerStars Hand #254371979639:  Hold'em No Limit ($0.50/$1.00 USD) - 2025/01/14 20:37:59 WET [2025/01/14 15:37:59 ET]
Table 'Sinistra III' 6-max Seat #3 is the button
Seat 2: nastja336 ($100 in chips) is sitting out
Seat 1: mr.Jckpot ($100 in chips) 
Seat 3: Sebcat40 ($93.94 in chips) 
Seat 4: Kristo 914 ($135.80 in chips) 
Seat 5: raketkasix ($100 in chips) 
Seat 6: steepfell ($100 in chips) 
Kristo 914: posts small blind $0.50
raketkasix: posts big blind $1
nastja336: sits out 
*** HOLE CARDS ***
steepfell: folds 
mr.Jckpot: folds 
Sebcat40: raises $1 to $2
Kristo 914: folds 
raketkasix: folds 
Uncalled bet ($1) returned to Sebcat40
Sebcat40 collected $2.50 from pot
Sebcat40: doesn't show hand 
*** SUMMARY ***
Total pot $2.50 | Rake $0 
Seat 2: nastja336
Seat 1: mr.Jckpot folded before Flop (didn't bet)
Seat 3: Sebcat40 (button) collected ($2.50)
Seat 4: Kristo 914 (small blind) folded before Flop
Seat 5: raketkasix (big blind) folded before Flop
Seat 6: steepfell folded before Flop (didn't bet)



PokerStars Hand #254371986514:  Hold'em No Limit ($0.50/$1.00 USD) - 2025/01/14 20:38:20 WET [2025/01/14 15:38:20 ET]
Table 'Sinistra III' 6-max Seat #4 is the button
Seat 2: nastja336 ($100 in chips) is sitting out
Seat 1: mr.Jckpot ($100 in chips) 
Seat 3: Sebcat40 ($95.44 in chips) 
Seat 4: Kristo 914 ($135.30 in chips) 
Seat 5: raketkasix ($100 in chips) 
Seat 6: steepfell ($100 in chips) 
raketkasix: posts small blind $0.50
steepfell: posts big blind $1
nastja336: sits out 
*** HOLE CARDS ***
mr.Jckpot: folds 
Sebcat40: raises $1 to $2
Kristo 914: folds 
raketkasix: folds 
steepfell: folds 
Uncalled bet ($1) returned to Sebcat40
Sebcat40 collected $2.50 from pot
Sebcat40: doesn't show hand 
*** SUMMARY ***
Total pot $2.50 | Rake $0 
Seat 2: nastja336
Seat 1: mr.Jckpot folded before Flop (didn't bet)
Seat 3: Sebcat40 collected ($2.50)
Seat 4: Kristo 914 (button) folded before Flop (didn't bet)
Seat 5: raketkasix (small blind) folded before Flop
Seat 6: steepfell (big blind) folded before Flop



PokerStars Hand #254371994572:  Hold'em No Limit ($0.50/$1.00 USD) - 2025/01/14 20:38:45 WET [2025/01/14 15:38:45 ET]
Table 'Sinistra III' 6-max Seat #5 is the button
Seat 2: nastja336 ($100 in chips) is sitting out
Seat 1: mr.Jckpot ($100 in chips) 
Seat 3: Sebcat40 ($96.94 in chips) 
Seat 4: Kristo 914 ($135.30 in chips) 
Seat 5: raketkasix ($100 in chips) 
Seat 6: steepfell ($100 in chips) 
steepfell: posts small blind $0.50
mr.Jckpot: posts big blind $1
nastja336: sits out 
*** HOLE CARDS ***
Sebcat40: raises $1 to $2
Kristo 914: folds 
raketkasix: folds 
steepfell: folds 
mr.Jckpot: folds 
Uncalled bet ($1) returned to Sebcat40
Sebcat40 collected $2.50 from pot
Sebcat40: doesn't show hand 
*** SUMMARY ***
Total pot $2.50 | Rake $0 
Seat 2: nastja336
Seat 1: mr.Jckpot (big blind) folded before Flop
Seat 3: Sebcat40 collected ($2.50)
Seat 4: Kristo 914 folded before Flop (didn't bet)
Seat 5: raketkasix (button) folded before Flop (didn't bet)
Seat 6: steepfell (small blind) folded before Flop



PokerStars Hand #254372000423:  Hold'em No Limit ($0.50/$1.00 USD) - 2025/01/14 20:39:04 WET [2025/01/14 15:39:04 ET]
Table 'Sinistra III' 6-max Seat #6 is the button
Seat 1: mr.Jckpot ($100 in chips) 
Seat 2: nastja336 ($100 in chips) 
Seat 3: Sebcat40 ($98.44 in chips) 
Seat 4: Kristo 914 ($135.30 in chips) 
Seat 5: raketkasix ($100 in chips) 
Seat 6: steepfell ($100 in chips) 
mr.Jckpot: posts small blind $0.50
nastja336: posts big blind $1
*** HOLE CARDS ***
Sebcat40: folds 
Kristo 914: folds 
raketkasix: raises $1.50 to $2.50
steepfell: folds 
mr.Jckpot: folds 
nastja336: folds 
Uncalled bet ($1.50) returned to raketkasix
raketkasix collected $2.50 from pot
raketkasix: doesn't show hand 
*** SUMMARY ***
Total pot $2.50 | Rake $0 
Seat 1: mr.Jckpot (small blind) folded before Flop
Seat 2: nastja336 (big blind) folded before Flop
Seat 3: Sebcat40 folded before Flop (didn't bet)
Seat 4: Kristo 914 folded before Flop (didn't bet)
Seat 5: raketkasix collected ($2.50)
Seat 6: steepfell (button) folded before Flop (didn't bet)



PokerStars Hand #254372006602:  Hold'em No Limit ($0.50/$1.00 USD) - 2025/01/14 20:39:23 WET [2025/01/14 15:39:23 ET]
Table 'Sinistra III' 6-max Seat #1 is the button
Seat 1: mr.Jckpot ($100 in chips) 
Seat 2: nastja336 ($100 in chips) 
Seat 3: Sebcat40 ($98.44 in chips) 
Seat 4: Kristo 914 ($135.30 in chips) 
Seat 5: raketkasix ($101.50 in chips) 
Seat 6: steepfell ($100 in chips) 
nastja336: posts small blind $0.50
Sebcat40: posts big blind $1
*** HOLE CARDS ***
Kristo 914: folds 
raketkasix: folds 
steepfell: folds 
mr.Jckpot: folds 
nastja336: calls $0.50
Sebcat40: checks 
*** FLOP *** [8c 2d Ac]
nastja336: bets $1
Sebcat40: raises $1 to $2
nastja336: folds 
Uncalled bet ($1) returned to Sebcat40
Sebcat40 collected $3.80 from pot
Sebcat40: doesn't show hand 
*** SUMMARY ***
Total pot $4 | Rake $0.20 
Board [8c 2d Ac]
Seat 1: mr.Jckpot (button) folded before Flop (didn't bet)
Seat 2: nastja336 (small blind) folded on the Flop
Seat 3: Sebcat40 (big blind) collected ($3.80)
Seat 4: Kristo 914 folded before Flop (didn't bet)
Seat 5: raketkasix folded before Flop (didn't bet)
Seat 6: steepfell folded before Flop (didn't bet)



PokerStars Hand #254372013964:  Hold'em No Limit ($0.50/$1.00 USD) - 2025/01/14 20:39:46 WET [2025/01/14 15:39:46 ET]
Table 'Sinistra III' 6-max Seat #2 is the button
Seat 1: mr.Jckpot ($100 in chips) 
Seat 2: nastja336 ($100 in chips) 
Seat 3: Sebcat40 ($100.24 in chips) 
Seat 4: Kristo 914 ($135.30 in chips) 
Seat 5: raketkasix ($101.50 in chips) 
Seat 6: steepfell ($100 in chips) 
Sebcat40: posts small blind $0.50
Kristo 914: posts big blind $1
*** HOLE CARDS ***
raketkasix: raises $1.50 to $2.50
steepfell: raises $5.50 to $8
mr.Jckpot: folds 
nastja336: folds 
Sebcat40: folds 
Kristo 914: folds 
raketkasix: folds 
Uncalled bet ($5.50) returned to steepfell
steepfell collected $6.50 from pot
steepfell: doesn't show hand 
*** SUMMARY ***
Total pot $6.50 | Rake $0 
Seat 1: mr.Jckpot folded before Flop (didn't bet)
Seat 2: nastja336 (button) folded before Flop (didn't bet)
Seat 3: Sebcat40 (small blind) folded before Flop
Seat 4: Kristo 914 (big blind) folded before Flop
Seat 5: raketkasix folded before Flop
Seat 6: steepfell collected ($6.50)



PokerStars Hand #254372023751:  Hold'em No Limit ($0.50/$1.00 USD) - 2025/01/14 20:40:16 WET [2025/01/14 15:40:16 ET]
Table 'Sinistra III' 6-max Seat #3 is the button
Seat 2: nastja336 ($100 in chips) is sitting out
Seat 1: mr.Jckpot ($100 in chips) 
Seat 3: Sebcat40 ($99.74 in chips) 
Seat 4: Kristo 914 ($134.30 in chips) 
Seat 5: raketkasix ($100 in chips) 
Seat 6: steepfell ($104 in chips) 
Kristo 914: posts small blind $0.50
raketkasix: posts big blind $1
*** HOLE CARDS ***
steepfell: folds 
mr.Jckpot: folds 
Sebcat40: raises $3 to $4
Kristo 914: folds 
raketkasix: folds 
Uncalled bet ($3) returned to Sebcat40
Sebcat40 collected $2.50 from pot
Sebcat40: doesn't show hand 
*** SUMMARY ***
Total pot $2.50 | Rake $0 
Seat 2: nastja336
Seat 1: mr.Jckpot folded before Flop (didn't bet)
Seat 3: Sebcat40 (button) collected ($2.50)
Seat 4: Kristo 914 (small blind) folded before Flop
Seat 5: raketkasix (big blind) folded before Flop
Seat 6: steepfell folded before Flop (didn't bet)



PokerStars Hand #254372481945:  Hold'em No Limit ($0.50/$1.00 USD) - 2025/01/14 21:06:17 WET [2025/01/14 16:06:17 ET]
Table 'Sinistra III' 6-max Seat #1 is the button
Seat 1: mr.Jckpot ($122.51 in chips) 
Seat 2: nastja336 ($100 in chips) 
Seat 3: Sebcat40 ($129.39 in chips) 
Seat 4: Kristo 914 ($123.28 in chips) 
Seat 5: raketkasix ($101 in chips) 
Seat 6: tintin641 ($120.82 in chips) 
nastja336: posts small blind $0.50
Sebcat40: posts big blind $1
*** HOLE CARDS ***
Kristo 914: folds 
raketkasix: folds 
tintin641: folds 
mr.Jckpot: folds 
nastja336: raises $2 to $3
Sebcat40: calls $2
*** FLOP *** [5h 8s Qs]
nastja336: checks 
Sebcat40: bets $5.70
nastja336: folds 
Uncalled bet ($5.70) returned to Sebcat40
Sebcat40 collected $5.70 from pot
Sebcat40: doesn't show hand 
*** SUMMARY ***
Total pot $6 | Rake $0.30 
Board [5h 8s Qs]
Seat 1: mr.Jckpot (button) folded before Flop (didn't bet)
Seat 2: nastja336 (small blind) folded on the Flop
Seat 3: Sebcat40 (big blind) collected ($5.70)
Seat 4: Kristo 914 folded before Flop (didn't bet)
Seat 5: raketkasix folded before Flop (didn't bet)
Seat 6: tintin641 folded before Flop (didn't bet)



PokerStars Hand #254372490885:  Hold'em No Limit ($0.50/$1.00 USD) - 2025/01/14 21:06:45 WET [2025/01/14 16:06:45 ET]
Table 'Sinistra III' 6-max Seat #2 is the button
Seat 1: mr.Jckpot ($122.51 in chips) 
Seat 2: nastja336 ($100 in chips) 
Seat 3: Sebcat40 ($132.09 in chips) 
Seat 4: Kristo 914 ($123.28 in chips) 
Seat 5: raketkasix ($101 in chips) 
Seat 6: tintin641 ($120.82 in chips) 
Sebcat40: posts small blind $0.50
Kristo 914: posts big blind $1
*** HOLE CARDS ***
raketkasix: folds 
tintin641: folds 
mr.Jckpot: folds 
nastja336: raises $1.50 to $2.50
Sebcat40: folds 
Kristo 914: folds 
Uncalled bet ($1.50) returned to nastja336
nastja336 collected $2.50 from pot
nastja336: doesn't show hand 
*** SUMMARY ***
Total pot $2.50 | Rake $0 
Seat 1: mr.Jckpot folded before Flop (didn't bet)
Seat 2: nastja336 (button) collected ($2.50)
Seat 3: Sebcat40 (small blind) folded before Flop
Seat 4: Kristo 914 (big blind) folded before Flop
Seat 5: raketkasix folded before Flop (didn't bet)
Seat 6: tintin641 folded before Flop (didn't bet)



PokerStars Hand #254372497343:  Hold'em No Limit ($0.50/$1.00 USD) - 2025/01/14 21:07:05 WET [2025/01/14 16:07:05 ET]
Table 'Sinistra III' 6-max Seat #3 is the button
Seat 1: mr.Jckpot ($122.51 in chips) 
Seat 2: nastja336 ($101.50 in chips) 
Seat 3: Sebcat40 ($131.59 in chips) 
Seat 4: Kristo 914 ($122.28 in chips) 
Seat 5: raketkasix ($101 in chips) 
Seat 6: tintin641 ($120.82 in chips) 
Kristo 914: posts small blind $0.50
raketkasix: posts big blind $1
*** HOLE CARDS ***
tintin641: folds 
mr.Jckpot: folds 
nastja336: raises $1.50 to $2.50
Sebcat40: folds 
Kristo 914: folds 
raketkasix: calls $1.50
*** FLOP *** [Ac 2s 7c]
raketkasix: checks 
nastja336: bets $2.61
raketkasix: calls $2.61
*** TURN *** [Ac 2s 7c] [5h]
raketkasix: checks 
nastja336: bets $7.80
raketkasix: raises $17.20 to $25
nastja336: folds 
Uncalled bet ($17.20) returned to raketkasix
raketkasix collected $25 from pot
raketkasix: doesn't show hand 
*** SUMMARY ***
Total pot $26.32 | Rake $1.32 
Board [Ac 2s 7c 5h]
Seat 1: mr.Jckpot folded before Flop (didn't bet)
Seat 2: nastja336 folded on the Turn
Seat 3: Sebcat40 (button) folded before Flop (didn't bet)
Seat 4: Kristo 914 (small blind) folded before Flop
Seat 5: raketkasix (big blind) collected ($25)
Seat 6: tintin641 folded before Flop (didn't bet)



PokerStars Hand #254372529791:  Hold'em No Limit ($0.50/$1.00 USD) - 2025/01/14 21:08:48 WET [2025/01/14 16:08:48 ET]
Table 'Sinistra III' 6-max Seat #4 is the button
Seat 1: mr.Jckpot ($122.51 in chips) 
Seat 2: nastja336 ($100 in chips) 
Seat 3: Sebcat40 ($131.59 in chips) 
Seat 4: Kristo 914 ($121.78 in chips) 
Seat 5: raketkasix ($113.09 in chips) 
Seat 6: tintin641 ($120.82 in chips) 
raketkasix: posts small blind $0.50
tintin641: posts big blind $1
*** HOLE CARDS ***
mr.Jckpot: raises $1.50 to $2.50
nastja336: folds 
Sebcat40: folds 
Kristo 914: raises $5 to $7.50
raketkasix: folds 
tintin641: folds 
mr.Jckpot: folds 
Uncalled bet ($5) returned to Kristo 914
Kristo 914 collected $6.50 from pot
Kristo 914: doesn't show hand 
*** SUMMARY ***
Total pot $6.50 | Rake $0 
Seat 1: mr.Jckpot folded before Flop
Seat 2: nastja336 folded before Flop (didn't bet)
Seat 3: Sebcat40 folded before Flop (didn't bet)
Seat 4: Kristo 914 (button) collected ($6.50)
Seat 5: raketkasix (small blind) folded before Flop
Seat 6: tintin641 (big blind) folded before Flop



PokerStars Hand #254372538806:  Hold'em No Limit ($0.50/$1.00 USD) - 2025/01/14 21:09:16 WET [2025/01/14 16:09:16 ET]
Table 'Sinistra III' 6-max Seat #5 is the button
Seat 1: mr.Jckpot ($120.01 in chips) 
Seat 2: nastja336 ($100 in chips) 
Seat 3: Sebcat40 ($131.59 in chips) 
Seat 4: Kristo 914 ($125.78 in chips) 
Seat 5: raketkasix ($112.59 in chips) 
Seat 6: tintin641 ($119.82 in chips) 
tintin641: posts small blind $0.50
mr.Jckpot: posts big blind $1
*** HOLE CARDS ***
nastja336: folds 
Sebcat40: raises $3 to $4
Kristo 914: folds 
raketkasix has timed out
raketkasix: folds 
tintin641: folds 
mr.Jckpot: folds 
Uncalled bet ($3) returned to Sebcat40
Sebcat40 collected $2.50 from pot
Sebcat40: doesn't show hand 
*** SUMMARY ***
Total pot $2.50 | Rake $0 
Seat 1: mr.Jckpot (big blind) folded before Flop
Seat 2: nastja336 folded before Flop (didn't bet)
Seat 3: Sebcat40 collected ($2.50)
Seat 4: Kristo 914 folded before Flop (didn't bet)
Seat 5: raketkasix (button) folded before Flop (didn't bet)
Seat 6: tintin641 (small blind) folded before Flop



PokerStars Hand #254372548845:  Hold'em No Limit ($0.50/$1.00 USD) - 2025/01/14 21:09:48 WET [2025/01/14 16:09:48 ET]
Table 'Sinistra III' 6-max Seat #6 is the button
Seat 5: raketkasix ($112.59 in chips) is sitting out
Seat 1: mr.Jckpot ($119.01 in chips) 
Seat 2: nastja336 ($100 in chips) 
Seat 3: Sebcat40 ($133.09 in chips) 
Seat 4: Kristo 914 ($125.78 in chips) 
Seat 6: tintin641 ($119.32 in chips) 
mr.Jckpot: posts small blind $0.50
nastja336: posts big blind $1
*** HOLE CARDS ***
Sebcat40: calls $1
Kristo 914: folds 
tintin641: folds 
mr.Jckpot: raises $2.50 to $3.50
nastja336: folds 
Sebcat40: calls $2.50
*** FLOP *** [Jd Td 6c]
mr.Jckpot: bets $5.02
Sebcat40: folds 
Uncalled bet ($5.02) returned to mr.Jckpot
mr.Jckpot collected $7.60 from pot
mr.Jckpot: doesn't show hand 
*** SUMMARY ***
Total pot $8 | Rake $0.40 
Board [Jd Td 6c]
Seat 5: raketkasix
Seat 1: mr.Jckpot (small blind) collected ($7.60)
Seat 2: nastja336 (big blind) folded before Flop
Seat 3: Sebcat40 folded on the Flop
Seat 4: Kristo 914 folded before Flop (didn't bet)
Seat 6: tintin641 (button) folded before Flop (didn't bet)



PokerStars Hand #254372559085:  Hold'em No Limit ($0.50/$1.00 USD) - 2025/01/14 21:10:21 WET [2025/01/14 16:10:21 ET]
Table 'Sinistra III' 6-max Seat #1 is the button
Seat 1: mr.Jckpot ($123.11 in chips) 
Seat 2: nastja336 ($100 in chips) 
Seat 3: Sebcat40 ($129.59 in chips) 
Seat 4: Kristo 914 ($125.78 in chips) 
Seat 5: raketkasix ($112.59 in chips) 
Seat 6: tintin641 ($119.32 in chips) 
nastja336: posts small blind $0.50
Sebcat40: posts big blind $1
*** HOLE CARDS ***
Kristo 914: raises $1.40 to $2.40
raketkasix: folds 
tintin641: folds 
mr.Jckpot: folds 
nastja336: folds 
Sebcat40: calls $1.40
*** FLOP *** [Kd 6s 4d]
Sebcat40: bets $2.52
Kristo 914: folds 
Uncalled bet ($2.52) returned to Sebcat40
Sebcat40 collected $5.04 from pot
Sebcat40: doesn't show hand 
*** SUMMARY ***
Total pot $5.30 | Rake $0.26 
Board [Kd 6s 4d]
Seat 1: mr.Jckpot (button) folded before Flop (didn't bet)
Seat 2: nastja336 (small blind) folded before Flop
Seat 3: Sebcat40 (big blind) collected ($5.04)
Seat 4: Kristo 914 folded on the Flop
Seat 5: raketkasix folded before Flop (didn't bet)
Seat 6: tintin641 folded before Flop (didn't bet)



PokerStars Hand #254372571280:  Hold'em No Limit ($0.50/$1.00 USD) - 2025/01/14 21:10:59 WET [2025/01/14 16:10:59 ET]
Table 'Sinistra III' 6-max Seat #2 is the button
Seat 1: mr.Jckpot ($123.11 in chips) 
Seat 2: nastja336 ($100 in chips) 
Seat 3: Sebcat40 ($132.23 in chips) 
Seat 4: Kristo 914 ($123.38 in chips) 
Seat 5: raketkasix ($112.59 in chips) 
Seat 6: tintin641 ($119.32 in chips) 
Sebcat40: posts small blind $0.50
Kristo 914: posts big blind $1
*** HOLE CARDS ***
raketkasix: folds 
tintin641: folds 
mr.Jckpot: folds 
nastja336: raises $1.50 to $2.50
Sebcat40: calls $2
Kristo 914: raises $10.50 to $13
nastja336: folds 
Sebcat40: folds 
Uncalled bet ($10.50) returned to Kristo 914
Kristo 914 collected $7.50 from pot
Kristo 914: doesn't show hand 
*** SUMMARY ***
Total pot $7.50 | Rake $0 
Seat 1: mr.Jckpot folded before Flop (didn't bet)
Seat 2: nastja336 (button) folded before Flop
Seat 3: Sebcat40 (small blind) folded before Flop
Seat 4: Kristo 914 (big blind) collected ($7.50)
Seat 5: raketkasix folded before Flop (didn't bet)
Seat 6: tintin641 folded before Flop (didn't bet)



PokerStars Hand #254372585419:  Hold'em No Limit ($0.50/$1.00 USD) - 2025/01/14 21:11:43 WET [2025/01/14 16:11:43 ET]
Table 'Sinistra III' 6-max Seat #3 is the button
Seat 1: mr.Jckpot ($123.11 in chips) 
Seat 2: nastja336 ($100 in chips) 
Seat 3: Sebcat40 ($129.73 in chips) 
Seat 4: Kristo 914 ($128.38 in chips) 
Seat 5: raketkasix ($112.59 in chips) 
Seat 6: tintin641 ($119.32 in chips) 
Kristo 914: posts small blind $0.50
raketkasix: posts big blind $1
*** HOLE CARDS ***
tintin641: folds 
mr.Jckpot: folds 
nastja336: folds 
Sebcat40: calls $1
Kristo 914: raises $4.50 to $5.50
raketkasix: folds 
Sebcat40: calls $4.50
*** FLOP *** [9c 6d 2c]
Kristo 914: checks 
Sebcat40: bets $11.40
Kristo 914: folds 
Uncalled bet ($11.40) returned to Sebcat40
Sebcat40 collected $11.40 from pot
Sebcat40: doesn't show hand 
*** SUMMARY ***
Total pot $12 | Rake $0.60 
Board [9c 6d 2c]
Seat 1: mr.Jckpot folded before Flop (didn't bet)
Seat 2: nastja336 folded before Flop (didn't bet)
Seat 3: Sebcat40 (button) collected ($11.40)
Seat 4: Kristo 914 (small blind) folded on the Flop
Seat 5: raketkasix (big blind) folded before Flop
Seat 6: tintin641 folded before Flop (didn't bet)



PokerStars Hand #254372601434:  Hold'em No Limit ($0.50/$1.00 USD) - 2025/01/14 21:12:33 WET [2025/01/14 16:12:33 ET]
Table 'Sinistra III' 6-max Seat #4 is the button
Seat 1: mr.Jckpot ($123.11 in chips) 
Seat 2: nastja336 ($100 in chips) 
Seat 3: Sebcat40 ($135.63 in chips) 
Seat 4: Kristo 914 ($122.88 in chips) 
Seat 5: raketkasix ($111.59 in chips) 
Seat 6: tintin641 ($119.32 in chips) 
raketkasix: posts small blind $0.50
tintin641: posts big blind $1
*** HOLE CARDS ***
mr.Jckpot: folds 
nastja336: raises $1.50 to $2.50
Sebcat40: folds 
Kristo 914: folds 
raketkasix: folds 
tintin641: folds 
Uncalled bet ($1.50) returned to nastja336
nastja336 collected $2.50 from pot
nastja336: doesn't show hand 
*** SUMMARY ***
Total pot $2.50 | Rake $0 
Seat 1: mr.Jckpot folded before Flop (didn't bet)
Seat 2: nastja336 collected ($2.50)
Seat 3: Sebcat40 folded before Flop (didn't bet)
Seat 4: Kristo 914 (button) folded before Flop (didn't bet)
Seat 5: raketkasix (small blind) folded before Flop
Seat 6: tintin641 (big blind) folded before Flop



PokerStars Hand #254372607182:  Hold'em No Limit ($0.50/$1.00 USD) - 2025/01/14 21:12:51 WET [2025/01/14 16:12:51 ET]
Table 'Sinistra III' 6-max Seat #5 is the button
Seat 1: mr.Jckpot ($123.11 in chips) 
Seat 2: nastja336 ($101.50 in chips) 
Seat 3: Sebcat40 ($135.63 in chips) 
Seat 4: Kristo 914 ($122.88 in chips) 
Seat 5: raketkasix ($111.09 in chips) 
Seat 6: tintin641 ($118.32 in chips) 
tintin641: posts small blind $0.50
mr.Jckpot: posts big blind $1
*** HOLE CARDS ***
nastja336: folds 
Sebcat40: raises $2.50 to $3.50
Kristo 914: folds 
raketkasix: folds 
tintin641: folds 
mr.Jckpot: calls $2.50
*** FLOP *** [4c Jd 8s]
mr.Jckpot: checks 
Sebcat40: bets $7.12
mr.Jckpot: calls $7.12
*** TURN *** [4c Jd 8s] [Qs]
mr.Jckpot: checks 
Sebcat40: bets $10.33
mr.Jckpot: calls $10.33
*** RIVER *** [4c Jd 8s Qs] [Kc]
mr.Jckpot: checks 
Sebcat40: checks 
*** SHOW DOWN ***
mr.Jckpot: shows [Td 8c] (a pair of Eights)
Sebcat40: shows [Ks 5s] (a pair of Kings)
Sebcat40 collected $40.28 from pot
*** SUMMARY ***
Total pot $42.40 | Rake $2.12 
Board [4c Jd 8s Qs Kc]
Seat 1: mr.Jckpot (big blind) showed [Td 8c] and lost with a pair of Eights
Seat 2: nastja336 folded before Flop (didn't bet)
Seat 3: Sebcat40 showed [Ks 5s] and won ($40.28) with a pair of Kings
Seat 4: Kristo 914 folded before Flop (didn't bet)
Seat 5: raketkasix (button) folded before Flop (didn't bet)
Seat 6: tintin641 (small blind) folded before Flop



PokerStars Hand #254372625935:  Hold'em No Limit ($0.50/$1.00 USD) - 2025/01/14 21:13:49 WET [2025/01/14 16:13:49 ET]
Table 'Sinistra III' 6-max Seat #6 is the button
Seat 1: mr.Jckpot ($102.16 in chips) 
Seat 2: nastja336 ($101.50 in chips) 
Seat 3: Sebcat40 ($154.96 in chips) 
Seat 4: Kristo 914 ($122.88 in chips) 
Seat 5: raketkasix ($111.09 in chips) 
Seat 6: tintin641 ($117.82 in chips) 
mr.Jckpot: posts small blind $0.50
nastja336: posts big blind $1
*** HOLE CARDS ***
Sebcat40: folds 
Kristo 914: folds 
raketkasix: folds 
tintin641: folds 
mr.Jckpot: raises $2 to $3
nastja336: folds 
Uncalled bet ($2) returned to mr.Jckpot
mr.Jckpot collected $2 from pot
mr.Jckpot: doesn't show hand 
*** SUMMARY ***
Total pot $2 | Rake $0 
Seat 1: mr.Jckpot (small blind) collected ($2)
Seat 2: nastja336 (big blind) folded before Flop
Seat 3: Sebcat40 folded before Flop (didn't bet)
Seat 4: Kristo 914 folded before Flop (didn't bet)
Seat 5: raketkasix folded before Flop (didn't bet)
Seat 6: tintin641 (button) folded before Flop (didn't bet)



PokerStars Hand #254372635069:  Hold'em No Limit ($0.50/$1.00 USD) - 2025/01/14 21:14:17 WET [2025/01/14 16:14:17 ET]
Table 'Sinistra III' 6-max Seat #1 is the button
Seat 1: mr.Jckpot ($103.16 in chips) 
Seat 2: nastja336 ($100.50 in chips) 
Seat 3: Sebcat40 ($154.96 in chips) 
Seat 4: Kristo 914 ($122.88 in chips) 
Seat 5: raketkasix ($111.09 in chips) 
Seat 6: tintin641 ($117.82 in chips) 
nastja336: posts small blind $0.50
Sebcat40: posts big blind $1
*** HOLE CARDS ***
Kristo 914: folds 
raketkasix: folds 
tintin641: folds 
mr.Jckpot: raises $1.50 to $2.50
nastja336: calls $2
Sebcat40: calls $1.50
*** FLOP *** [8h 4c 8c]
nastja336: checks 
Sebcat40: checks 
mr.Jckpot: checks 
*** TURN *** [8h 4c 8c] [8d]
nastja336: bets $5.40
Sebcat40: folds 
mr.Jckpot: folds 
Uncalled bet ($5.40) returned to nastja336
nastja336 collected $7.12 from pot
nastja336: doesn't show hand 
*** SUMMARY ***
Total pot $7.50 | Rake $0.38 
Board [8h 4c 8c 8d]
Seat 1: mr.Jckpot (button) folded on the Turn
Seat 2: nastja336 (small blind) collected ($7.12)
Seat 3: Sebcat40 (big blind) folded on the Turn
Seat 4: Kristo 914 folded before Flop (didn't bet)
Seat 5: raketkasix folded before Flop (didn't bet)
Seat 6: tintin641 folded before Flop (didn't bet)



PokerStars Hand #254372645639:  Hold'em No Limit ($0.50/$1.00 USD) - 2025/01/14 21:14:50 WET [2025/01/14 16:14:50 ET]
Table 'Sinistra III' 6-max Seat #2 is the button
Seat 1: mr.Jckpot ($100.66 in chips) 
Seat 2: nastja336 ($105.12 in chips) 
Seat 3: Sebcat40 ($152.46 in chips) 
Seat 4: Kristo 914 ($122.88 in chips) 
Seat 5: raketkasix ($111.09 in chips) 
Seat 6: tintin641 ($117.82 in chips) 
Sebcat40: posts small blind $0.50
Kristo 914: posts big blind $1
*** HOLE CARDS ***
raketkasix: folds 
tintin641: folds 
mr.Jckpot: folds 
nastja336: raises $1.50 to $2.50
Sebcat40: folds 
Kristo 914: folds 
Uncalled bet ($1.50) returned to nastja336
nastja336 collected $2.50 from pot
nastja336: doesn't show hand 
*** SUMMARY ***
Total pot $2.50 | Rake $0 
Seat 1: mr.Jckpot folded before Flop (didn't bet)
Seat 2: nastja336 (button) collected ($2.50)
Seat 3: Sebcat40 (small blind) folded before Flop
Seat 4: Kristo 914 (big blind) folded before Flop
Seat 5: raketkasix folded before Flop (didn't bet)
Seat 6: tintin641 folded before Flop (didn't bet)



PokerStars Hand #254372652673:  Hold'em No Limit ($0.50/$1.00 USD) - 2025/01/14 21:15:12 WET [2025/01/14 16:15:12 ET]
Table 'Sinistra III' 6-max Seat #3 is the button
Seat 1: mr.Jckpot ($100.66 in chips) 
Seat 2: nastja336 ($106.62 in chips) 
Seat 3: Sebcat40 ($151.96 in chips) 
Seat 4: Kristo 914 ($121.88 in chips) 
Seat 5: raketkasix ($111.09 in chips) 
Seat 6: tintin641 ($117.82 in chips) 
Kristo 914: posts small blind $0.50
raketkasix: posts big blind $1
*** HOLE CARDS ***
tintin641: folds 
mr.Jckpot: folds 
nastja336: folds 
Sebcat40: folds 
Kristo 914: folds 
Uncalled bet ($0.50) returned to raketkasix
raketkasix collected $1 from pot
raketkasix: doesn't show hand 
*** SUMMARY ***
Total pot $1 | Rake $0 
Seat 1: mr.Jckpot folded before Flop (didn't bet)
Seat 2: nastja336 folded before Flop (didn't bet)
Seat 3: Sebcat40 (button) folded before Flop (didn't bet)
Seat 4: Kristo 914 (small blind) folded before Flop
Seat 5: raketkasix (big blind) collected ($1)
Seat 6: tintin641 folded before Flop (didn't bet)



PokerStars Hand #254372657359:  Hold'em No Limit ($0.50/$1.00 USD) - 2025/01/14 21:15:27 WET [2025/01/14 16:15:27 ET]
Table 'Sinistra III' 6-max Seat #4 is the button
Seat 1: mr.Jckpot ($100.66 in chips) 
Seat 2: nastja336 ($106.62 in chips) 
Seat 3: Sebcat40 ($151.96 in chips) 
Seat 4: Kristo 914 ($121.38 in chips) 
Seat 5: raketkasix ($111.59 in chips) 
Seat 6: tintin641 ($117.82 in chips) 
raketkasix: posts small blind $0.50
tintin641: posts big blind $1
*** HOLE CARDS ***
mr.Jckpot: folds 
nastja336: folds 
Sebcat40: raises $1 to $2
Kristo 914: folds 
raketkasix: folds 
tintin641: folds 
Uncalled bet ($1) returned to Sebcat40
Sebcat40 collected $2.50 from pot
Sebcat40: doesn't show hand 
*** SUMMARY ***
Total pot $2.50 | Rake $0 
Seat 1: mr.Jckpot folded before Flop (didn't bet)
Seat 2: nastja336 folded before Flop (didn't bet)
Seat 3: Sebcat40 collected ($2.50)
Seat 4: Kristo 914 (button) folded before Flop (didn't bet)
Seat 5: raketkasix (small blind) folded before Flop
Seat 6: tintin641 (big blind) folded before Flop



PokerStars Hand #254372664108:  Hold'em No Limit ($0.50/$1.00 USD) - 2025/01/14 21:15:48 WET [2025/01/14 16:15:48 ET]
Table 'Sinistra III' 6-max Seat #5 is the button
Seat 1: mr.Jckpot ($100.66 in chips) 
Seat 2: nastja336 ($106.62 in chips) 
Seat 3: Sebcat40 ($153.46 in chips) 
Seat 4: Kristo 914 ($121.38 in chips) 
Seat 5: raketkasix ($111.09 in chips) 
Seat 6: tintin641 ($116.82 in chips) 
tintin641: posts small blind $0.50
mr.Jckpot: posts big blind $1
*** HOLE CARDS ***
nastja336: folds 
Sebcat40: folds 
Kristo 914: folds 
raketkasix: folds 
tintin641: folds 
Uncalled bet ($0.50) returned to mr.Jckpot
mr.Jckpot collected $1 from pot
mr.Jckpot: doesn't show hand 
*** SUMMARY ***
Total pot $1 | Rake $0 
Seat 1: mr.Jckpot (big blind) collected ($1)
Seat 2: nastja336 folded before Flop (didn't bet)
Seat 3: Sebcat40 folded before Flop (didn't bet)
Seat 4: Kristo 914 folded before Flop (didn't bet)
Seat 5: raketkasix (button) folded before Flop (didn't bet)
Seat 6: tintin641 (small blind) folded before Flop



PokerStars Hand #254372668093:  Hold'em No Limit ($0.50/$1.00 USD) - 2025/01/14 21:16:00 WET [2025/01/14 16:16:00 ET]
Table 'Sinistra III' 6-max Seat #6 is the button
Seat 1: mr.Jckpot ($101.16 in chips) 
Seat 2: nastja336 ($106.62 in chips) 
Seat 3: Sebcat40 ($153.46 in chips) 
Seat 4: Kristo 914 ($121.38 in chips) 
Seat 5: raketkasix ($111.09 in chips) 
Seat 6: tintin641 ($116.32 in chips) 
mr.Jckpot: posts small blind $0.50
nastja336: posts big blind $1
*** HOLE CARDS ***
Sebcat40: raises $3 to $4
Kristo 914: folds 
raketkasix: raises $8 to $12
tintin641: folds 
mr.Jckpot: folds 
nastja336: folds 
Sebcat40: folds 
Uncalled bet ($8) returned to raketkasix
raketkasix collected $9.50 from pot
raketkasix: doesn't show hand 
*** SUMMARY ***
Total pot $9.50 | Rake $0 
Seat 1: mr.Jckpot (small blind) folded before Flop
Seat 2: nastja336 (big blind) folded before Flop
Seat 3: Sebcat40 folded before Flop
Seat 4: Kristo 914 folded before Flop (didn't bet)
Seat 5: raketkasix collected ($9.50)
Seat 6: tintin641 (button) folded before Flop (didn't bet)



PokerStars Hand #254372684499:  Hold'em No Limit ($0.50/$1.00 USD) - 2025/01/14 21:16:52 WET [2025/01/14 16:16:52 ET]
Table 'Sinistra III' 6-max Seat #1 is the button
Seat 1: mr.Jckpot ($100.66 in chips) 
Seat 2: nastja336 ($105.62 in chips) 
Seat 3: Sebcat40 ($149.46 in chips) 
Seat 4: Kristo 914 ($121.38 in chips) 
Seat 5: raketkasix ($116.59 in chips) 
Seat 6: tintin641 ($116.32 in chips) 
nastja336: posts small blind $0.50
Sebcat40: posts big blind $1
*** HOLE CARDS ***
Kristo 914: folds 
raketkasix: folds 
tintin641: raises $1.50 to $2.50
mr.Jckpot: folds 
nastja336: folds 
Sebcat40: calls $1.50
*** FLOP *** [9d Ks 2h]
Sebcat40: checks 
tintin641: bets $1.72
Sebcat40: calls $1.72
*** TURN *** [9d Ks 2h] [Th]
Sebcat40: checks 
tintin641: checks 
*** RIVER *** [9d Ks 2h Th] [2s]
Sebcat40: bets $4.25
tintin641: calls $4.25
*** SHOW DOWN ***
Sebcat40: shows [7s Jc] (a pair of Deuces)
tintin641: shows [7c Kc] (two pair, Kings and Deuces)
tintin641 collected $16.57 from pot
*** SUMMARY ***
Total pot $17.44 | Rake $0.87 
Board [9d Ks 2h Th 2s]
Seat 1: mr.Jckpot (button) folded before Flop (didn't bet)
Seat 2: nastja336 (small blind) folded before Flop
Seat 3: Sebcat40 (big blind) showed [7s Jc] and lost with a pair of Deuces
Seat 4: Kristo 914 folded before Flop (didn't bet)
Seat 5: raketkasix folded before Flop (didn't bet)
Seat 6: tintin641 showed [7c Kc] and won ($16.57) with two pair, Kings and Deuces



PokerStars Hand #254372706368:  Hold'em No Limit ($0.50/$1.00 USD) - 2025/01/14 21:17:59 WET [2025/01/14 16:17:59 ET]
Table 'Sinistra III' 6-max Seat #2 is the button
Seat 1: mr.Jckpot ($100.66 in chips) 
Seat 2: nastja336 ($105.12 in chips) 
Seat 3: Sebcat40 ($140.99 in chips) 
Seat 4: Kristo 914 ($121.38 in chips) 
Seat 5: raketkasix ($116.59 in chips) 
Seat 6: tintin641 ($124.42 in chips) 
Sebcat40: posts small blind $0.50
Kristo 914: posts big blind $1
*** HOLE CARDS ***
raketkasix has timed out
raketkasix: folds 
tintin641: folds 
mr.Jckpot: folds 
nastja336: folds 
Sebcat40: calls $0.50
Kristo 914: checks 
*** FLOP *** [Ks Qc 6s]
Sebcat40: checks 
Kristo 914: checks 
*** TURN *** [Ks Qc 6s] [Ts]
Sebcat40: checks 
Kristo 914: bets $1
Sebcat40: calls $1
*** RIVER *** [Ks Qc 6s Ts] [9d]
Sebcat40: checks 
Kristo 914: checks 
*** SHOW DOWN ***
Sebcat40: shows [Ad 7c] (high card Ace)
Kristo 914: shows [3h Kd] (a pair of Kings)
Kristo 914 collected $3.80 from pot
*** SUMMARY ***
Total pot $4 | Rake $0.20 
Board [Ks Qc 6s Ts 9d]
Seat 1: mr.Jckpot folded before Flop (didn't bet)
Seat 2: nastja336 (button) folded before Flop (didn't bet)
Seat 3: Sebcat40 (small blind) showed [Ad 7c] and lost with high card Ace
Seat 4: Kristo 914 (big blind) showed [3h Kd] and won ($3.80) with a pair of Kings
Seat 5: raketkasix folded before Flop (didn't bet)
Seat 6: tintin641 folded before Flop (didn't bet)



PokerStars Hand #254372728642:  Hold'em No Limit ($0.50/$1.00 USD) - 2025/01/14 21:19:08 WET [2025/01/14 16:19:08 ET]
Table 'Sinistra III' 6-max Seat #3 is the button
Seat 1: mr.Jckpot ($100.66 in chips) 
Seat 2: nastja336 ($105.12 in chips) 
Seat 3: Sebcat40 ($138.99 in chips) 
Seat 4: Kristo 914 ($123.18 in chips) 
Seat 5: raketkasix ($116.59 in chips) 
Seat 6: tintin641 ($124.42 in chips) 
Kristo 914: posts small blind $0.50
raketkasix: posts big blind $1
*** HOLE CARDS ***
tintin641: folds 
mr.Jckpot: raises $1.50 to $2.50
nastja336: raises $5 to $7.50
Sebcat40: folds 
Kristo 914: folds 
raketkasix: folds 
mr.Jckpot: folds 
Uncalled bet ($5) returned to nastja336
nastja336 collected $6.50 from pot
nastja336: doesn't show hand 
*** SUMMARY ***
Total pot $6.50 | Rake $0 
Seat 1: mr.Jckpot folded before Flop
Seat 2: nastja336 collected ($6.50)
Seat 3: Sebcat40 (button) folded before Flop (didn't bet)
Seat 4: Kristo 914 (small blind) folded before Flop
Seat 5: raketkasix (big blind) folded before Flop
Seat 6: tintin641 folded before Flop (didn't bet)



PokerStars Hand #254372740893:  Hold'em No Limit ($0.50/$1.00 USD) - 2025/01/14 21:19:47 WET [2025/01/14 16:19:47 ET]
Table 'Sinistra III' 6-max Seat #4 is the button
Seat 1: mr.Jckpot ($100 in chips) 
Seat 2: nastja336 ($109.12 in chips) 
Seat 3: Sebcat40 ($138.99 in chips) 
Seat 4: Kristo 914 ($122.68 in chips) 
Seat 5: raketkasix ($115.59 in chips) 
Seat 6: tintin641 ($124.42 in chips) 
raketkasix: posts small blind $0.50
tintin641: posts big blind $1
*** HOLE CARDS ***
mr.Jckpot: folds 
nastja336: folds 
Sebcat40: raises $3 to $4
Kristo 914: folds 
raketkasix: folds 
tintin641: folds 
Uncalled bet ($3) returned to Sebcat40
Sebcat40 collected $2.50 from pot
Sebcat40: doesn't show hand 
*** SUMMARY ***
Total pot $2.50 | Rake $0 
Seat 1: mr.Jckpot folded before Flop (didn't bet)
Seat 2: nastja336 folded before Flop (didn't bet)
Seat 3: Sebcat40 collected ($2.50)
Seat 4: Kristo 914 (button) folded before Flop (didn't bet)
Seat 5: raketkasix (small blind) folded before Flop
Seat 6: tintin641 (big blind) folded before Flop



PokerStars Hand #254372748833:  Hold'em No Limit ($0.50/$1.00 USD) - 2025/01/14 21:20:12 WET [2025/01/14 16:20:12 ET]
Table 'Sinistra III' 6-max Seat #5 is the button
Seat 1: mr.Jckpot ($100 in chips) 
Seat 2: nastja336 ($109.12 in chips) 
Seat 3: Sebcat40 ($140.49 in chips) 
Seat 4: Kristo 914 ($122.68 in chips) 
Seat 5: raketkasix ($115.09 in chips) 
Seat 6: tintin641 ($123.42 in chips) 
tintin641: posts small blind $0.50
mr.Jckpot: posts big blind $1
*** HOLE CARDS ***
nastja336: raises $1.50 to $2.50
Sebcat40: raises $1.50 to $4
Kristo 914: folds 
raketkasix: folds 
tintin641: folds 
mr.Jckpot: folds 
nastja336: calls $1.50
*** FLOP *** [Qs 6c 5h]
nastja336: checks 
Sebcat40: bets $9.02
nastja336: folds 
Uncalled bet ($9.02) returned to Sebcat40
Sebcat40 collected $9.02 from pot
Sebcat40: doesn't show hand 
*** SUMMARY ***
Total pot $9.50 | Rake $0.48 
Board [Qs 6c 5h]
Seat 1: mr.Jckpot (big blind) folded before Flop
Seat 2: nastja336 folded on the Flop
Seat 3: Sebcat40 collected ($9.02)
Seat 4: Kristo 914 folded before Flop (didn't bet)
Seat 5: raketkasix (button) folded before Flop (didn't bet)
Seat 6: tintin641 (small blind) folded before Flop



PokerStars Hand #254372763467:  Hold'em No Limit ($0.50/$1.00 USD) - 2025/01/14 21:20:58 WET [2025/01/14 16:20:58 ET]
Table 'Sinistra III' 6-max Seat #6 is the button
Seat 1: mr.Jckpot ($100 in chips) 
Seat 2: nastja336 ($105.12 in chips) 
Seat 3: Sebcat40 ($145.51 in chips) 
Seat 4: Kristo 914 ($122.68 in chips) 
Seat 5: raketkasix ($115.09 in chips) 
Seat 6: tintin641 ($122.92 in chips) 
mr.Jckpot: posts small blind $0.50
nastja336: posts big blind $1
*** HOLE CARDS ***
Sebcat40: raises $1 to $2
Kristo 914: folds 
raketkasix: folds 
tintin641: folds 
mr.Jckpot: folds 
nastja336: folds 
Uncalled bet ($1) returned to Sebcat40
Sebcat40 collected $2.50 from pot
Sebcat40: doesn't show hand 
*** SUMMARY ***
Total pot $2.50 | Rake $0 
Seat 1: mr.Jckpot (small blind) folded before Flop
Seat 2: nastja336 (big blind) folded before Flop
Seat 3: Sebcat40 collected ($2.50)
Seat 4: Kristo 914 folded before Flop (didn't bet)
Seat 5: raketkasix folded before Flop (didn't bet)
Seat 6: tintin641 (button) folded before Flop (didn't bet)



PokerStars Hand #254372771627:  Hold'em No Limit ($0.50/$1.00 USD) - 2025/01/14 21:21:24 WET [2025/01/14 16:21:24 ET]
Table 'Sinistra III' 6-max Seat #1 is the button
Seat 1: mr.Jckpot ($100 in chips) 
Seat 2: nastja336 ($104.12 in chips) 
Seat 3: Sebcat40 ($147.01 in chips) 
Seat 4: Kristo 914 ($122.68 in chips) 
Seat 5: raketkasix ($115.09 in chips) 
Seat 6: tintin641 ($122.92 in chips) 
nastja336: posts small blind $0.50
Sebcat40: posts big blind $1
*** HOLE CARDS ***
Kristo 914: folds 
raketkasix: raises $1.50 to $2.50
tintin641: folds 
mr.Jckpot: raises $5 to $7.50
nastja336: folds 
Sebcat40: calls $6.50
raketkasix: folds 
*** FLOP *** [9d 6h 3c]
Sebcat40: checks 
mr.Jckpot: bets $5.64
Sebcat40: calls $5.64
*** TURN *** [9d 6h 3c] [As]
Sebcat40: checks 
mr.Jckpot: bets $12.50
Sebcat40: calls $12.50
*** RIVER *** [9d 6h 3c As] [2c]
Sebcat40: checks 
mr.Jckpot: checks 
*** SHOW DOWN ***
Sebcat40: shows [Kd 6c] (a pair of Sixes)
mr.Jckpot: shows [Ah Th] (a pair of Aces)
mr.Jckpot collected $51.78 from pot
*** SUMMARY ***
Total pot $54.28 | Rake $2.50 
Board [9d 6h 3c As 2c]
Seat 1: mr.Jckpot (button) showed [Ah Th] and won ($51.78) with a pair of Aces
Seat 2: nastja336 (small blind) folded before Flop
Seat 3: Sebcat40 (big blind) showed [Kd 6c] and lost with a pair of Sixes
Seat 4: Kristo 914 folded before Flop (didn't bet)
Seat 5: raketkasix folded before Flop
Seat 6: tintin641 folded before Flop (didn't bet)



PokerStars Hand #254372032285:  Hold'em No Limit ($0.50/$1.00 USD) - 2025/01/14 20:40:42 WET [2025/01/14 15:40:42 ET]
Table 'Sinistra III' 6-max Seat #4 is the button
Seat 2: nastja336 ($100 in chips) is sitting out
Seat 1: mr.Jckpot ($100 in chips) 
Seat 3: Sebcat40 ($101.24 in chips) 
Seat 4: Kristo 914 ($133.80 in chips) 
Seat 5: raketkasix ($100 in chips) 
Seat 6: steepfell ($104 in chips) 
raketkasix: posts small blind $0.50
steepfell: posts big blind $1
*** HOLE CARDS ***
mr.Jckpot: folds 
Sebcat40: raises $1 to $2
Kristo 914: raises $5.50 to $7.50
raketkasix: folds 
steepfell: folds 
Sebcat40: calls $5.50
*** FLOP *** [2s 3h 3d]
Sebcat40: checks 
Kristo 914: bets $8
Sebcat40: folds 
Uncalled bet ($8) returned to Kristo 914
Kristo 914 collected $15.68 from pot
Kristo 914: doesn't show hand 
*** SUMMARY ***
Total pot $16.50 | Rake $0.82 
Board [2s 3h 3d]
Seat 2: nastja336
Seat 1: mr.Jckpot folded before Flop (didn't bet)
Seat 3: Sebcat40 folded on the Flop
Seat 4: Kristo 914 (button) collected ($15.68)
Seat 5: raketkasix (small blind) folded before Flop
Seat 6: steepfell (big blind) folded before Flop



PokerStars Hand #254372048800:  Hold'em No Limit ($0.50/$1.00 USD) - 2025/01/14 20:41:34 WET [2025/01/14 15:41:34 ET]
Table 'Sinistra III' 6-max Seat #5 is the button
Seat 2: nastja336 ($100 in chips) is sitting out
Seat 1: mr.Jckpot ($100 in chips) 
Seat 3: Sebcat40 ($93.74 in chips) 
Seat 4: Kristo 914 ($141.98 in chips) 
Seat 5: raketkasix ($100 in chips) 
Seat 6: steepfell ($103 in chips) 
steepfell: posts small blind $0.50
mr.Jckpot: posts big blind $1
*** HOLE CARDS ***
Sebcat40: folds 
Kristo 914: folds 
raketkasix: raises $1.50 to $2.50
steepfell: folds 
mr.Jckpot: folds 
Uncalled bet ($1.50) returned to raketkasix
raketkasix collected $2.50 from pot
raketkasix: doesn't show hand 
*** SUMMARY ***
Total pot $2.50 | Rake $0 
Seat 2: nastja336
Seat 1: mr.Jckpot (big blind) folded before Flop
Seat 3: Sebcat40 folded before Flop (didn't bet)
Seat 4: Kristo 914 folded before Flop (didn't bet)
Seat 5: raketkasix (button) collected ($2.50)
Seat 6: steepfell (small blind) folded before Flop



PokerStars Hand #254372055764:  Hold'em No Limit ($0.50/$1.00 USD) - 2025/01/14 20:41:55 WET [2025/01/14 15:41:55 ET]
Table 'Sinistra III' 6-max Seat #6 is the button
Seat 2: nastja336 ($100 in chips) is sitting out
Seat 1: mr.Jckpot ($100 in chips) 
Seat 3: Sebcat40 ($93.74 in chips) 
Seat 4: Kristo 914 ($141.98 in chips) 
Seat 5: raketkasix ($101.50 in chips) 
Seat 6: steepfell ($102.50 in chips) 
mr.Jckpot: posts small blind $0.50
Sebcat40: posts big blind $1
*** HOLE CARDS ***
Kristo 914: folds 
raketkasix: raises $1.50 to $2.50
steepfell: folds 
mr.Jckpot: folds 
Sebcat40: calls $1.50
*** FLOP *** [Kc Td 9c]
Sebcat40: checks 
raketkasix: checks 
*** TURN *** [Kc Td 9c] [Tc]
Sebcat40: bets $5.22
raketkasix: folds 
Uncalled bet ($5.22) returned to Sebcat40
Sebcat40 collected $5.22 from pot
Sebcat40: doesn't show hand 
*** SUMMARY ***
Total pot $5.50 | Rake $0.28 
Board [Kc Td 9c Tc]
Seat 2: nastja336
Seat 1: mr.Jckpot (small blind) folded before Flop
Seat 3: Sebcat40 (big blind) collected ($5.22)
Seat 4: Kristo 914 folded before Flop (didn't bet)
Seat 5: raketkasix folded on the Turn
Seat 6: steepfell (button) folded before Flop (didn't bet)



PokerStars Hand #254372072594:  Hold'em No Limit ($0.50/$1.00 USD) - 2025/01/14 20:42:47 WET [2025/01/14 15:42:47 ET]
Table 'Sinistra III' 6-max Seat #1 is the button
Seat 2: nastja336 ($100 in chips) is sitting out
Seat 1: mr.Jckpot ($100 in chips) 
Seat 3: Sebcat40 ($96.46 in chips) 
Seat 4: Kristo 914 ($141.98 in chips) 
Seat 5: raketkasix ($100 in chips) 
Seat 6: steepfell ($102.50 in chips) 
Sebcat40: posts small blind $0.50
Kristo 914: posts big blind $1
*** HOLE CARDS ***
raketkasix: folds 
steepfell: folds 
mr.Jckpot: raises $1.50 to $2.50
Sebcat40: calls $2
Kristo 914: calls $1.50
*** FLOP *** [Ad 3h Jh]
Sebcat40: bets $7.12
Kristo 914: folds 
mr.Jckpot: folds 
Uncalled bet ($7.12) returned to Sebcat40
Sebcat40 collected $7.12 from pot
Sebcat40: doesn't show hand 
*** SUMMARY ***
Total pot $7.50 | Rake $0.38 
Board [Ad 3h Jh]
Seat 2: nastja336
Seat 1: mr.Jckpot (button) folded on the Flop
Seat 3: Sebcat40 (small blind) collected ($7.12)
Seat 4: Kristo 914 (big blind) folded on the Flop
Seat 5: raketkasix folded before Flop (didn't bet)
Seat 6: steepfell folded before Flop (didn't bet)



PokerStars Hand #254372088162:  Hold'em No Limit ($0.50/$1.00 USD) - 2025/01/14 20:43:36 WET [2025/01/14 15:43:36 ET]
Table 'Sinistra III' 6-max Seat #3 is the button
Seat 2: nastja336 ($100 in chips) is sitting out
Seat 1: mr.Jckpot ($100 in chips) 
Seat 3: Sebcat40 ($101.08 in chips) 
Seat 4: Kristo 914 ($139.48 in chips) 
Seat 5: raketkasix ($100 in chips) 
Seat 6: steepfell ($102.50 in chips) 
Kristo 914: posts small blind $0.50
raketkasix: posts big blind $1
nastja336: sits out 
*** HOLE CARDS ***
steepfell: folds 
mr.Jckpot: raises $1.50 to $2.50
Sebcat40: calls $2.50
Kristo 914: folds 
raketkasix: folds 
*** FLOP *** [7h 2h As]
mr.Jckpot: bets $3.40
Sebcat40: calls $3.40
*** TURN *** [7h 2h As] [3h]
mr.Jckpot: checks 
Sebcat40: bets $12.64
mr.Jckpot: folds 
Uncalled bet ($12.64) returned to Sebcat40
Sebcat40 collected $12.64 from pot
Sebcat40: doesn't show hand 
*** SUMMARY ***
Total pot $13.30 | Rake $0.66 
Board [7h 2h As 3h]
Seat 2: nastja336
Seat 1: mr.Jckpot folded on the Turn
Seat 3: Sebcat40 (button) collected ($12.64)
Seat 4: Kristo 914 (small blind) folded before Flop
Seat 5: raketkasix (big blind) folded before Flop
Seat 6: steepfell folded before Flop (didn't bet)



PokerStars Hand #254372099734:  Hold'em No Limit ($0.50/$1.00 USD) - 2025/01/14 20:44:13 WET [2025/01/14 15:44:13 ET]
Table 'Sinistra III' 6-max Seat #4 is the button
Seat 2: nastja336 ($100 in chips) is sitting out
Seat 6: steepfell ($102.50 in chips) is sitting out
Seat 1: mr.Jckpot ($100 in chips) 
Seat 3: Sebcat40 ($107.82 in chips) 
Seat 4: Kristo 914 ($138.98 in chips) 
Seat 5: raketkasix ($100 in chips) 
raketkasix: posts small blind $0.50
steepfell: is sitting out 
mr.Jckpot: posts big blind $1
nastja336: sits out 
*** HOLE CARDS ***
steepfell leaves the table
Sebcat40: calls $1
Kristo 914: raises $3.50 to $4.50
raketkasix: folds 
mr.Jckpot: folds 
tintin641 joins the table at seat #6 
Sebcat40: calls $3.50
*** FLOP *** [7h Th Jc]
Sebcat40: bets $9.98
Kristo 914: calls $9.98
*** TURN *** [7h Th Jc] [Qd]
Sebcat40: bets $93.34 and is all-in
Kristo 914: folds 
Uncalled bet ($93.34) returned to Sebcat40
Sebcat40 collected $29.46 from pot
Sebcat40: doesn't show hand 
*** SUMMARY ***
Total pot $30.46 | Rake $1 
Board [7h Th Jc Qd]
Seat 2: nastja336
Seat 6: steepfell
Seat 1: mr.Jckpot (big blind) folded before Flop
Seat 3: Sebcat40 collected ($29.46)
Seat 4: Kristo 914 (button) folded on the Turn
Seat 5: raketkasix (small blind) folded before Flop



PokerStars Hand #254372115581:  Hold'em No Limit ($0.50/$1.00 USD) - 2025/01/14 20:45:03 WET [2025/01/14 15:45:03 ET]
Table 'Sinistra III' 6-max Seat #5 is the button
Seat 6: tintin641 ($100 in chips) is sitting out
Seat 1: mr.Jckpot ($100 in chips) 
Seat 2: nastja336 ($100 in chips) 
Seat 3: Sebcat40 ($122.80 in chips) 
Seat 4: Kristo 914 ($124.50 in chips) 
Seat 5: raketkasix ($100 in chips) 
mr.Jckpot: posts small blind $0.50
nastja336: posts big blind $1
*** HOLE CARDS ***
Sebcat40: folds 
Kristo 914: folds 
raketkasix: folds 
mr.Jckpot: raises $2 to $3
nastja336: folds 
Uncalled bet ($2) returned to mr.Jckpot
mr.Jckpot collected $2 from pot
mr.Jckpot: doesn't show hand 
*** SUMMARY ***
Total pot $2 | Rake $0 
Seat 6: tintin641
Seat 1: mr.Jckpot (small blind) collected ($2)
Seat 2: nastja336 (big blind) folded before Flop
Seat 3: Sebcat40 folded before Flop (didn't bet)
Seat 4: Kristo 914 folded before Flop (didn't bet)
Seat 5: raketkasix (button) folded before Flop (didn't bet)



PokerStars Hand #254372123632:  Hold'em No Limit ($0.50/$1.00 USD) - 2025/01/14 20:45:28 WET [2025/01/14 15:45:28 ET]
Table 'Sinistra III' 6-max Seat #1 is the button
Seat 6: tintin641 ($100 in chips) is sitting out
Seat 1: mr.Jckpot ($101 in chips) 
Seat 2: nastja336 ($100 in chips) 
Seat 3: Sebcat40 ($122.80 in chips) 
Seat 4: Kristo 914 ($124.50 in chips) 
Seat 5: raketkasix ($100 in chips) 
nastja336: posts small blind $0.50
Sebcat40: posts big blind $1
tintin641: sits out 
*** HOLE CARDS ***
Kristo 914: folds 
raketkasix: folds 
mr.Jckpot: raises $1.50 to $2.50
nastja336: folds 
Sebcat40: folds 
Uncalled bet ($1.50) returned to mr.Jckpot
mr.Jckpot collected $2.50 from pot
mr.Jckpot: doesn't show hand 
*** SUMMARY ***
Total pot $2.50 | Rake $0 
Seat 6: tintin641
Seat 1: mr.Jckpot (button) collected ($2.50)
Seat 2: nastja336 (small blind) folded before Flop
Seat 3: Sebcat40 (big blind) folded before Flop
Seat 4: Kristo 914 folded before Flop (didn't bet)
Seat 5: raketkasix folded before Flop (didn't bet)



PokerStars Hand #254372128831:  Hold'em No Limit ($0.50/$1.00 USD) - 2025/01/14 20:45:44 WET [2025/01/14 15:45:44 ET]
Table 'Sinistra III' 6-max Seat #2 is the button
Seat 6: tintin641 ($100 in chips) is sitting out
Seat 1: mr.Jckpot ($102.50 in chips) 
Seat 2: nastja336 ($100 in chips) 
Seat 3: Sebcat40 ($121.80 in chips) 
Seat 4: Kristo 914 ($124.50 in chips) 
Seat 5: raketkasix ($100 in chips) 
Sebcat40: posts small blind $0.50
Kristo 914: posts big blind $1
tintin641: sits out 
*** HOLE CARDS ***
raketkasix: folds 
mr.Jckpot: folds 
nastja336: raises $1.50 to $2.50
Sebcat40: raises $1.50 to $4
Kristo 914: folds 
nastja336: calls $1.50
*** FLOP *** [3h Ts 7s]
Sebcat40: bets $4.28
nastja336: calls $4.28
*** TURN *** [3h Ts 7s] [9s]
Sebcat40: bets $16.68
nastja336: folds 
Uncalled bet ($16.68) returned to Sebcat40
Sebcat40 collected $16.68 from pot
Sebcat40: doesn't show hand 
*** SUMMARY ***
Total pot $17.56 | Rake $0.88 
Board [3h Ts 7s 9s]
Seat 6: tintin641
Seat 1: mr.Jckpot folded before Flop (didn't bet)
Seat 2: nastja336 (button) folded on the Turn
Seat 3: Sebcat40 (small blind) collected ($16.68)
Seat 4: Kristo 914 (big blind) folded before Flop
Seat 5: raketkasix folded before Flop (didn't bet)



PokerStars Hand #254372141024:  Hold'em No Limit ($0.50/$1.00 USD) - 2025/01/14 20:46:23 WET [2025/01/14 15:46:23 ET]
Table 'Sinistra III' 6-max Seat #3 is the button
Seat 6: tintin641 ($100 in chips) is sitting out
Seat 1: mr.Jckpot ($102.50 in chips) 
Seat 2: nastja336 ($100 in chips) 
Seat 3: Sebcat40 ($130.20 in chips) 
Seat 4: Kristo 914 ($123.50 in chips) 
Seat 5: raketkasix ($100 in chips) 
Kristo 914: posts small blind $0.50
raketkasix: posts big blind $1
tintin641: sits out 
*** HOLE CARDS ***
mr.Jckpot: folds 
nastja336: folds 
Sebcat40: folds 
Kristo 914: folds 
Uncalled bet ($0.50) returned to raketkasix
raketkasix collected $1 from pot
raketkasix: doesn't show hand 
*** SUMMARY ***
Total pot $1 | Rake $0 
Seat 6: tintin641
Seat 1: mr.Jckpot folded before Flop (didn't bet)
Seat 2: nastja336 folded before Flop (didn't bet)
Seat 3: Sebcat40 (button) folded before Flop (didn't bet)
Seat 4: Kristo 914 (small blind) folded before Flop
Seat 5: raketkasix (big blind) collected ($1)



PokerStars Hand #254372144926:  Hold'em No Limit ($0.50/$1.00 USD) - 2025/01/14 20:46:36 WET [2025/01/14 15:46:36 ET]
Table 'Sinistra III' 6-max Seat #4 is the button
Seat 1: mr.Jckpot ($102.50 in chips) 
Seat 2: nastja336 ($100 in chips) 
Seat 3: Sebcat40 ($130.20 in chips) 
Seat 4: Kristo 914 ($123 in chips) 
Seat 5: raketkasix ($100.50 in chips) 
Seat 6: tintin641 ($100 in chips) 
raketkasix: posts small blind $0.50
tintin641: posts big blind $1
*** HOLE CARDS ***
mr.Jckpot: folds 
nastja336: folds 
Sebcat40: folds 
Kristo 914: folds 
raketkasix: raises $2 to $3
tintin641: calls $2
*** FLOP *** [5d Qc 2c]
raketkasix: checks 
tintin641: checks 
*** TURN *** [5d Qc 2c] [4s]
raketkasix: checks 
tintin641: checks 
*** RIVER *** [5d Qc 2c 4s] [Th]
raketkasix: checks 
tintin641: checks 
*** SHOW DOWN ***
raketkasix: shows [Js Ad] (high card Ace)
tintin641: mucks hand 
raketkasix collected $5.70 from pot
*** SUMMARY ***
Total pot $6 | Rake $0.30 
Board [5d Qc 2c 4s Th]
Seat 1: mr.Jckpot folded before Flop (didn't bet)
Seat 2: nastja336 folded before Flop (didn't bet)
Seat 3: Sebcat40 folded before Flop (didn't bet)
Seat 4: Kristo 914 (button) folded before Flop (didn't bet)
Seat 5: raketkasix (small blind) showed [Js Ad] and won ($5.70) with high card Ace
Seat 6: tintin641 (big blind) mucked



PokerStars Hand #254372169988:  Hold'em No Limit ($0.50/$1.00 USD) - 2025/01/14 20:47:55 WET [2025/01/14 15:47:55 ET]
Table 'Sinistra III' 6-max Seat #5 is the button
Seat 1: mr.Jckpot ($102.50 in chips) 
Seat 2: nastja336 ($100 in chips) 
Seat 3: Sebcat40 ($130.20 in chips) 
Seat 4: Kristo 914 ($123 in chips) 
Seat 5: raketkasix ($103.20 in chips) 
Seat 6: tintin641 ($100 in chips) 
tintin641: posts small blind $0.50
mr.Jckpot: posts big blind $1
*** HOLE CARDS ***
nastja336: folds 
Sebcat40: raises $3 to $4
Kristo 914: folds 
raketkasix: folds 
tintin641: folds 
mr.Jckpot: folds 
Uncalled bet ($3) returned to Sebcat40
Sebcat40 collected $2.50 from pot
Sebcat40: doesn't show hand 
*** SUMMARY ***
Total pot $2.50 | Rake $0 
Seat 1: mr.Jckpot (big blind) folded before Flop
Seat 2: nastja336 folded before Flop (didn't bet)
Seat 3: Sebcat40 collected ($2.50)
Seat 4: Kristo 914 folded before Flop (didn't bet)
Seat 5: raketkasix (button) folded before Flop (didn't bet)
Seat 6: tintin641 (small blind) folded before Flop



PokerStars Hand #254372178097:  Hold'em No Limit ($0.50/$1.00 USD) - 2025/01/14 20:48:20 WET [2025/01/14 15:48:20 ET]
Table 'Sinistra III' 6-max Seat #6 is the button
Seat 1: mr.Jckpot ($101.50 in chips) 
Seat 2: nastja336 ($100 in chips) 
Seat 3: Sebcat40 ($131.70 in chips) 
Seat 4: Kristo 914 ($123 in chips) 
Seat 5: raketkasix ($103.20 in chips) 
Seat 6: tintin641 ($100 in chips) 
mr.Jckpot: posts small blind $0.50
nastja336: posts big blind $1
*** HOLE CARDS ***
Sebcat40: folds 
Kristo 914: folds 
raketkasix: folds 
tintin641: folds 
mr.Jckpot: raises $2 to $3
nastja336: folds 
Uncalled bet ($2) returned to mr.Jckpot
mr.Jckpot collected $2 from pot
mr.Jckpot: doesn't show hand 
*** SUMMARY ***
Total pot $2 | Rake $0 
Seat 1: mr.Jckpot (small blind) collected ($2)
Seat 2: nastja336 (big blind) folded before Flop
Seat 3: Sebcat40 folded before Flop (didn't bet)
Seat 4: Kristo 914 folded before Flop (didn't bet)
Seat 5: raketkasix folded before Flop (didn't bet)
Seat 6: tintin641 (button) folded before Flop (didn't bet)



PokerStars Hand #254372184762:  Hold'em No Limit ($0.50/$1.00 USD) - 2025/01/14 20:48:42 WET [2025/01/14 15:48:42 ET]
Table 'Sinistra III' 6-max Seat #1 is the button
Seat 1: mr.Jckpot ($102.50 in chips) 
Seat 2: nastja336 ($100 in chips) 
Seat 3: Sebcat40 ($131.70 in chips) 
Seat 4: Kristo 914 ($123 in chips) 
Seat 5: raketkasix ($103.20 in chips) 
Seat 6: tintin641 ($100 in chips) 
nastja336: posts small blind $0.50
Sebcat40: posts big blind $1
*** HOLE CARDS ***
Kristo 914: folds 
raketkasix: folds 
tintin641: folds 
mr.Jckpot: raises $1.50 to $2.50
nastja336: folds 
Sebcat40: calls $1.50
*** FLOP *** [9s 2h Jd]
Sebcat40: checks 
mr.Jckpot: bets $1.72
Sebcat40: folds 
Uncalled bet ($1.72) returned to mr.Jckpot
mr.Jckpot collected $5.22 from pot
mr.Jckpot: doesn't show hand 
*** SUMMARY ***
Total pot $5.50 | Rake $0.28 
Board [9s 2h Jd]
Seat 1: mr.Jckpot (button) collected ($5.22)
Seat 2: nastja336 (small blind) folded before Flop
Seat 3: Sebcat40 (big blind) folded on the Flop
Seat 4: Kristo 914 folded before Flop (didn't bet)
Seat 5: raketkasix folded before Flop (didn't bet)
Seat 6: tintin641 folded before Flop (didn't bet)



PokerStars Hand #254372201800:  Hold'em No Limit ($0.50/$1.00 USD) - 2025/01/14 20:49:36 WET [2025/01/14 15:49:36 ET]
Table 'Sinistra III' 6-max Seat #2 is the button
Seat 1: mr.Jckpot ($105.22 in chips) 
Seat 2: nastja336 ($100 in chips) 
Seat 3: Sebcat40 ($129.20 in chips) 
Seat 4: Kristo 914 ($123 in chips) 
Seat 5: raketkasix ($103.20 in chips) 
Seat 6: tintin641 ($100 in chips) 
Sebcat40: posts small blind $0.50
Kristo 914: posts big blind $1
*** HOLE CARDS ***
raketkasix: folds 
tintin641: raises $1.50 to $2.50
mr.Jckpot: folds 
nastja336: folds 
Sebcat40: raises $1.50 to $4
Kristo 914: folds 
tintin641: calls $1.50
*** FLOP *** [7s 4d Qs]
Sebcat40: bets $8.55
tintin641: calls $8.55
*** TURN *** [7s 4d Qs] [6d]
Sebcat40: bets $24.80
tintin641: raises $62.65 to $87.45 and is all-in
Sebcat40: calls $62.65
*** RIVER *** [7s 4d Qs 6d] [6s]
*** SHOW DOWN ***
Sebcat40: shows [Ah Qd] (two pair, Queens and Sixes)
tintin641: shows [Ac Qh] (two pair, Queens and Sixes)
Sebcat40 collected $99.25 from pot
tintin641 collected $99.25 from pot
*** SUMMARY ***
Total pot $201 | Rake $2.50 
Board [7s 4d Qs 6d 6s]
Seat 1: mr.Jckpot folded before Flop (didn't bet)
Seat 2: nastja336 (button) folded before Flop (didn't bet)
Seat 3: Sebcat40 (small blind) showed [Ah Qd] and won ($99.25) with two pair, Queens and Sixes
Seat 4: Kristo 914 (big blind) folded before Flop
Seat 5: raketkasix folded before Flop (didn't bet)
Seat 6: tintin641 showed [Ac Qh] and won ($99.25) with two pair, Queens and Sixes



PokerStars Hand #254372221801:  Hold'em No Limit ($0.50/$1.00 USD) - 2025/01/14 20:50:41 WET [2025/01/14 15:50:41 ET]
Table 'Sinistra III' 6-max Seat #3 is the button
Seat 1: mr.Jckpot ($105.22 in chips) 
Seat 2: nastja336 ($100 in chips) 
Seat 3: Sebcat40 ($128.45 in chips) 
Seat 4: Kristo 914 ($122 in chips) 
Seat 5: raketkasix ($103.20 in chips) 
Seat 6: tintin641 ($100 in chips) 
Kristo 914: posts small blind $0.50
raketkasix: posts big blind $1
*** HOLE CARDS ***
tintin641: folds 
mr.Jckpot: folds 
nastja336: folds 
Sebcat40: raises $1 to $2
Kristo 914: folds 
raketkasix: calls $1
*** FLOP *** [3c 2d Th]
raketkasix: checks 
Sebcat40: bets $4.28
raketkasix: folds 
Uncalled bet ($4.28) returned to Sebcat40
Sebcat40 collected $4.28 from pot
Sebcat40: doesn't show hand 
*** SUMMARY ***
Total pot $4.50 | Rake $0.22 
Board [3c 2d Th]
Seat 1: mr.Jckpot folded before Flop (didn't bet)
Seat 2: nastja336 folded before Flop (didn't bet)
Seat 3: Sebcat40 (button) collected ($4.28)
Seat 4: Kristo 914 (small blind) folded before Flop
Seat 5: raketkasix (big blind) folded on the Flop
Seat 6: tintin641 folded before Flop (didn't bet)



PokerStars Hand #254372236453:  Hold'em No Limit ($0.50/$1.00 USD) - 2025/01/14 20:51:27 WET [2025/01/14 15:51:27 ET]
Table 'Sinistra III' 6-max Seat #4 is the button
Seat 1: mr.Jckpot ($105.22 in chips) 
Seat 2: nastja336 ($100 in chips) 
Seat 3: Sebcat40 ($130.73 in chips) 
Seat 4: Kristo 914 ($121.50 in chips) 
Seat 5: raketkasix ($101.20 in chips) 
Seat 6: tintin641 ($100 in chips) 
raketkasix: posts small blind $0.50
tintin641: posts big blind $1
*** HOLE CARDS ***
mr.Jckpot: folds 
nastja336: folds 
Sebcat40: calls $1
Kristo 914: folds 
raketkasix: folds 
tintin641: checks 
*** FLOP *** [2d 9d Kc]
tintin641: checks 
Sebcat40: checks 
*** TURN *** [2d 9d Kc] [7h]
tintin641: checks 
Sebcat40: bets $5
tintin641: folds 
Uncalled bet ($5) returned to Sebcat40
Sebcat40 collected $2.38 from pot
Sebcat40: doesn't show hand 
*** SUMMARY ***
Total pot $2.50 | Rake $0.12 
Board [2d 9d Kc 7h]
Seat 1: mr.Jckpot folded before Flop (didn't bet)
Seat 2: nastja336 folded before Flop (didn't bet)
Seat 3: Sebcat40 collected ($2.38)
Seat 4: Kristo 914 (button) folded before Flop (didn't bet)
Seat 5: raketkasix (small blind) folded before Flop
Seat 6: tintin641 (big blind) folded on the Turn



PokerStars Hand #254372252251:  Hold'em No Limit ($0.50/$1.00 USD) - 2025/01/14 20:52:17 WET [2025/01/14 15:52:17 ET]
Table 'Sinistra III' 6-max Seat #5 is the button
Seat 1: mr.Jckpot ($105.22 in chips) 
Seat 2: nastja336 ($100 in chips) 
Seat 3: Sebcat40 ($132.11 in chips) 
Seat 4: Kristo 914 ($121.50 in chips) 
Seat 5: raketkasix ($100.70 in chips) 
Seat 6: tintin641 ($100 in chips) 
tintin641: posts small blind $0.50
mr.Jckpot: posts big blind $1
*** HOLE CARDS ***
nastja336: folds 
Sebcat40: folds 
Kristo 914: raises $1.40 to $2.40
raketkasix: folds 
tintin641: raises $8.60 to $11
mr.Jckpot: folds 
Kristo 914: folds 
Uncalled bet ($8.60) returned to tintin641
tintin641 collected $5.80 from pot
tintin641: doesn't show hand 
*** SUMMARY ***
Total pot $5.80 | Rake $0 
Seat 1: mr.Jckpot (big blind) folded before Flop
Seat 2: nastja336 folded before Flop (didn't bet)
Seat 3: Sebcat40 folded before Flop (didn't bet)
Seat 4: Kristo 914 folded before Flop
Seat 5: raketkasix (button) folded before Flop (didn't bet)
Seat 6: tintin641 (small blind) collected ($5.80)



PokerStars Hand #254372265352:  Hold'em No Limit ($0.50/$1.00 USD) - 2025/01/14 20:52:58 WET [2025/01/14 15:52:58 ET]
Table 'Sinistra III' 6-max Seat #6 is the button
Seat 1: mr.Jckpot ($104.22 in chips) 
Seat 2: nastja336 ($100 in chips) 
Seat 3: Sebcat40 ($132.11 in chips) 
Seat 4: Kristo 914 ($119.10 in chips) 
Seat 5: raketkasix ($100.70 in chips) 
Seat 6: tintin641 ($103.40 in chips) 
mr.Jckpot: posts small blind $0.50
nastja336: posts big blind $1
*** HOLE CARDS ***
Sebcat40: folds 
Kristo 914: folds 
raketkasix: folds 
tintin641: raises $1.50 to $2.50
mr.Jckpot: folds 
nastja336: folds 
Uncalled bet ($1.50) returned to tintin641
tintin641 collected $2.50 from pot
tintin641: doesn't show hand 
*** SUMMARY ***
Total pot $2.50 | Rake $0 
Seat 1: mr.Jckpot (small blind) folded before Flop
Seat 2: nastja336 (big blind) folded before Flop
Seat 3: Sebcat40 folded before Flop (didn't bet)
Seat 4: Kristo 914 folded before Flop (didn't bet)
Seat 5: raketkasix folded before Flop (didn't bet)
Seat 6: tintin641 (button) collected ($2.50)



PokerStars Hand #254372270747:  Hold'em No Limit ($0.50/$1.00 USD) - 2025/01/14 20:53:15 WET [2025/01/14 15:53:15 ET]
Table 'Sinistra III' 6-max Seat #1 is the button
Seat 1: mr.Jckpot ($103.72 in chips) 
Seat 2: nastja336 ($100 in chips) 
Seat 3: Sebcat40 ($132.11 in chips) 
Seat 4: Kristo 914 ($119.10 in chips) 
Seat 5: raketkasix ($100.70 in chips) 
Seat 6: tintin641 ($104.90 in chips) 
nastja336: posts small blind $0.50
Sebcat40: posts big blind $1
*** HOLE CARDS ***
Kristo 914: folds 
raketkasix: folds 
tintin641: folds 
mr.Jckpot: folds 
nastja336: folds 
Uncalled bet ($0.50) returned to Sebcat40
Sebcat40 collected $1 from pot
Sebcat40: doesn't show hand 
*** SUMMARY ***
Total pot $1 | Rake $0 
Seat 1: mr.Jckpot (button) folded before Flop (didn't bet)
Seat 2: nastja336 (small blind) folded before Flop
Seat 3: Sebcat40 (big blind) collected ($1)
Seat 4: Kristo 914 folded before Flop (didn't bet)
Seat 5: raketkasix folded before Flop (didn't bet)
Seat 6: tintin641 folded before Flop (didn't bet)



PokerStars Hand #254372280032:  Hold'em No Limit ($0.50/$1.00 USD) - 2025/01/14 20:53:46 WET [2025/01/14 15:53:46 ET]
Table 'Sinistra III' 6-max Seat #2 is the button
Seat 1: mr.Jckpot ($103.72 in chips) 
Seat 2: nastja336 ($100 in chips) 
Seat 3: Sebcat40 ($132.61 in chips) 
Seat 4: Kristo 914 ($119.10 in chips) 
Seat 5: raketkasix ($100.70 in chips) 
Seat 6: tintin641 ($104.90 in chips) 
Sebcat40: posts small blind $0.50
Kristo 914: posts big blind $1
*** HOLE CARDS ***
raketkasix: folds 
tintin641: folds 
mr.Jckpot: raises $1.50 to $2.50
nastja336: calls $2.50
Sebcat40: calls $2
Kristo 914: folds 
*** FLOP *** [2c Kc Jd]
Sebcat40: checks 
mr.Jckpot: bets $4.44
nastja336: calls $4.44
Sebcat40: calls $4.44
*** TURN *** [2c Kc Jd] [Qc]
Sebcat40: checks 
mr.Jckpot: checks 
nastja336: checks 
*** RIVER *** [2c Kc Jd Qc] [7c]
Sebcat40: checks 
mr.Jckpot: checks 
nastja336: checks 
*** SHOW DOWN ***
Sebcat40: shows [6c 8c] (a flush, King high)
mr.Jckpot: shows [9h 9c] (a flush, King high - Nine higher)
nastja336: mucks hand 
mr.Jckpot collected $20.73 from pot
*** SUMMARY ***
Total pot $21.82 | Rake $1.09 
Board [2c Kc Jd Qc 7c]
Seat 1: mr.Jckpot showed [9h 9c] and won ($20.73) with a flush, King high
Seat 2: nastja336 (button) mucked
Seat 3: Sebcat40 (small blind) showed [6c 8c] and lost with a flush, King high
Seat 4: Kristo 914 (big blind) folded before Flop
Seat 5: raketkasix folded before Flop (didn't bet)
Seat 6: tintin641 folded before Flop (didn't bet)



PokerStars Hand #254372300974:  Hold'em No Limit ($0.50/$1.00 USD) - 2025/01/14 20:54:54 WET [2025/01/14 15:54:54 ET]
Table 'Sinistra III' 6-max Seat #3 is the button
Seat 1: mr.Jckpot ($117.51 in chips) 
Seat 2: nastja336 ($100 in chips) 
Seat 3: Sebcat40 ($125.67 in chips) 
Seat 4: Kristo 914 ($118.10 in chips) 
Seat 5: raketkasix ($100.70 in chips) 
Seat 6: tintin641 ($104.90 in chips) 
Kristo 914: posts small blind $0.50
raketkasix: posts big blind $1
*** HOLE CARDS ***
tintin641: folds 
mr.Jckpot: raises $1.50 to $2.50
nastja336: folds 
Sebcat40: folds 
Kristo 914: folds 
raketkasix: folds 
Uncalled bet ($1.50) returned to mr.Jckpot
mr.Jckpot collected $2.50 from pot
mr.Jckpot: doesn't show hand 
*** SUMMARY ***
Total pot $2.50 | Rake $0 
Seat 1: mr.Jckpot collected ($2.50)
Seat 2: nastja336 folded before Flop (didn't bet)
Seat 3: Sebcat40 (button) folded before Flop (didn't bet)
Seat 4: Kristo 914 (small blind) folded before Flop
Seat 5: raketkasix (big blind) folded before Flop
Seat 6: tintin641 folded before Flop (didn't bet)



PokerStars Hand #254372306479:  Hold'em No Limit ($0.50/$1.00 USD) - 2025/01/14 20:55:11 WET [2025/01/14 15:55:11 ET]
Table 'Sinistra III' 6-max Seat #4 is the button
Seat 1: mr.Jckpot ($119.01 in chips) 
Seat 2: nastja336 ($100 in chips) 
Seat 3: Sebcat40 ($125.67 in chips) 
Seat 4: Kristo 914 ($117.60 in chips) 
Seat 5: raketkasix ($100 in chips) 
Seat 6: tintin641 ($104.90 in chips) 
raketkasix: posts small blind $0.50
tintin641: posts big blind $1
*** HOLE CARDS ***
mr.Jckpot: folds 
nastja336: folds 
Sebcat40: raises $1 to $2
Kristo 914: folds 
raketkasix: folds 
tintin641: folds 
Uncalled bet ($1) returned to Sebcat40
Sebcat40 collected $2.50 from pot
Sebcat40: doesn't show hand 
*** SUMMARY ***
Total pot $2.50 | Rake $0 
Seat 1: mr.Jckpot folded before Flop (didn't bet)
Seat 2: nastja336 folded before Flop (didn't bet)
Seat 3: Sebcat40 collected ($2.50)
Seat 4: Kristo 914 (button) folded before Flop (didn't bet)
Seat 5: raketkasix (small blind) folded before Flop
Seat 6: tintin641 (big blind) folded before Flop



PokerStars Hand #254372311928:  Hold'em No Limit ($0.50/$1.00 USD) - 2025/01/14 20:55:36 WET [2025/01/14 15:55:36 ET]
Table 'Sinistra III' 6-max Seat #5 is the button
Seat 1: mr.Jckpot ($119.01 in chips) 
Seat 2: nastja336 ($100 in chips) 
Seat 3: Sebcat40 ($127.17 in chips) 
Seat 4: Kristo 914 ($117.60 in chips) 
Seat 5: raketkasix ($100 in chips) 
Seat 6: tintin641 ($103.90 in chips) 
tintin641: posts small blind $0.50
mr.Jckpot: posts big blind $1
*** HOLE CARDS ***
nastja336: folds 
Sebcat40: raises $1 to $2
Kristo 914: raises $5 to $7
raketkasix: folds 
tintin641: folds 
mr.Jckpot: raises $16.50 to $23.50
Sebcat40: folds 
Kristo 914: folds 
Uncalled bet ($16.50) returned to mr.Jckpot
mr.Jckpot collected $16.50 from pot
mr.Jckpot: doesn't show hand 
*** SUMMARY ***
Total pot $16.50 | Rake $0 
Seat 1: mr.Jckpot (big blind) collected ($16.50)
Seat 2: nastja336 folded before Flop (didn't bet)
Seat 3: Sebcat40 folded before Flop
Seat 4: Kristo 914 folded before Flop
Seat 5: raketkasix (button) folded before Flop (didn't bet)
Seat 6: tintin641 (small blind) folded before Flop



PokerStars Hand #254372318425:  Hold'em No Limit ($0.50/$1.00 USD) - 2025/01/14 20:56:06 WET [2025/01/14 15:56:06 ET]
Table 'Sinistra III' 6-max Seat #6 is the button
Seat 1: mr.Jckpot ($128.51 in chips) 
Seat 2: nastja336 ($100 in chips) 
Seat 3: Sebcat40 ($125.17 in chips) 
Seat 4: Kristo 914 ($110.60 in chips) 
Seat 5: raketkasix ($100 in chips) 
Seat 6: tintin641 ($103.40 in chips) 
mr.Jckpot: posts small blind $0.50
nastja336: posts big blind $1
*** HOLE CARDS ***
Sebcat40: raises $1 to $2
Kristo 914: folds 
raketkasix: raises $6 to $8
tintin641: raises $10 to $18
mr.Jckpot: folds 
nastja336: folds 
Sebcat40: folds 
raketkasix: folds 
Uncalled bet ($10) returned to tintin641
tintin641 collected $19.50 from pot
tintin641: doesn't show hand 
*** SUMMARY ***
Total pot $19.50 | Rake $0 
Seat 1: mr.Jckpot (small blind) folded before Flop
Seat 2: nastja336 (big blind) folded before Flop
Seat 3: Sebcat40 folded before Flop
Seat 4: Kristo 914 folded before Flop (didn't bet)
Seat 5: raketkasix folded before Flop
Seat 6: tintin641 (button) collected ($19.50)



PokerStars Hand #254372327518:  Hold'em No Limit ($0.50/$1.00 USD) - 2025/01/14 20:56:47 WET [2025/01/14 15:56:47 ET]
Table 'Sinistra III' 6-max Seat #1 is the button
Seat 1: mr.Jckpot ($128.01 in chips) 
Seat 2: nastja336 ($100 in chips) 
Seat 3: Sebcat40 ($123.17 in chips) 
Seat 4: Kristo 914 ($110.60 in chips) 
Seat 5: raketkasix ($100 in chips) 
Seat 6: tintin641 ($114.90 in chips) 
nastja336: posts small blind $0.50
Sebcat40: posts big blind $1
*** HOLE CARDS ***
Kristo 914: folds 
raketkasix: folds 
tintin641: raises $1.50 to $2.50
mr.Jckpot: folds 
nastja336: folds 
Sebcat40: calls $1.50
*** FLOP *** [Js Th 8h]
Sebcat40: bets $5.22
tintin641: calls $5.22
*** TURN *** [Js Th 8h] [5s]
Sebcat40: checks 
tintin641: checks 
*** RIVER *** [Js Th 8h 5s] [3d]
Sebcat40: checks 
tintin641: checks 
*** SHOW DOWN ***
Sebcat40: shows [Qh 4h] (high card Queen)
tintin641: shows [Ts 9s] (a pair of Tens)
tintin641 collected $15.14 from pot
*** SUMMARY ***
Total pot $15.94 | Rake $0.80 
Board [Js Th 8h 5s 3d]
Seat 1: mr.Jckpot (button) folded before Flop (didn't bet)
Seat 2: nastja336 (small blind) folded before Flop
Seat 3: Sebcat40 (big blind) showed [Qh 4h] and lost with high card Queen
Seat 4: Kristo 914 folded before Flop (didn't bet)
Seat 5: raketkasix folded before Flop (didn't bet)
Seat 6: tintin641 showed [Ts 9s] and won ($15.14) with a pair of Tens



PokerStars Hand #254372343862:  Hold'em No Limit ($0.50/$1.00 USD) - 2025/01/14 20:58:01 WET [2025/01/14 15:58:01 ET]
Table 'Sinistra III' 6-max Seat #2 is the button
Seat 1: mr.Jckpot ($128.01 in chips) 
Seat 2: nastja336 ($100 in chips) 
Seat 3: Sebcat40 ($115.45 in chips) 
Seat 4: Kristo 914 ($110.60 in chips) 
Seat 5: raketkasix ($100 in chips) 
Seat 6: tintin641 ($122.32 in chips) 
Sebcat40: posts small blind $0.50
Kristo 914: posts big blind $1
*** HOLE CARDS ***
raketkasix: folds 
tintin641: folds 
mr.Jckpot: folds 
nastja336: folds 
Sebcat40: raises $1 to $2
Kristo 914: folds 
Uncalled bet ($1) returned to Sebcat40
Sebcat40 collected $2 from pot
Sebcat40: doesn't show hand 
*** SUMMARY ***
Total pot $2 | Rake $0 
Seat 1: mr.Jckpot folded before Flop (didn't bet)
Seat 2: nastja336 (button) folded before Flop (didn't bet)
Seat 3: Sebcat40 (small blind) collected ($2)
Seat 4: Kristo 914 (big blind) folded before Flop
Seat 5: raketkasix folded before Flop (didn't bet)
Seat 6: tintin641 folded before Flop (didn't bet)



PokerStars Hand #254372796298:  Hold'em No Limit ($0.50/$1.00 USD) - 2025/01/14 21:22:42 WET [2025/01/14 16:22:42 ET]
Table 'Sinistra III' 6-max Seat #2 is the button
Seat 1: mr.Jckpot ($126.14 in chips) 
Seat 2: nastja336 ($103.62 in chips) 
Seat 3: Sebcat40 ($121.37 in chips) 
Seat 4: Kristo 914 ($122.68 in chips) 
Seat 5: raketkasix ($112.59 in chips) 
Seat 6: tintin641 ($122.92 in chips) 
Sebcat40: posts small blind $0.50
Kristo 914: posts big blind $1
*** HOLE CARDS ***
raketkasix: folds 
tintin641: folds 
mr.Jckpot: folds 
nastja336: folds 
Sebcat40: raises $1 to $2
Kristo 914: calls $1
*** FLOP *** [Jc Qh 2d]
Sebcat40: checks 
Kristo 914: checks 
*** TURN *** [Jc Qh 2d] [Kc]
Sebcat40: checks 
Kristo 914: bets $5.72
Sebcat40: calls $5.72
*** RIVER *** [Jc Qh 2d Kc] [9c]
Sebcat40: checks 
Kristo 914: bets $11.15
Sebcat40: folds 
Uncalled bet ($11.15) returned to Kristo 914
Kristo 914 collected $14.67 from pot
Kristo 914: doesn't show hand 
*** SUMMARY ***
Total pot $15.44 | Rake $0.77 
Board [Jc Qh 2d Kc 9c]
Seat 1: mr.Jckpot folded before Flop (didn't bet)
Seat 2: nastja336 (button) folded before Flop (didn't bet)
Seat 3: Sebcat40 (small blind) folded on the River
Seat 4: Kristo 914 (big blind) collected ($14.67)
Seat 5: raketkasix folded before Flop (didn't bet)
Seat 6: tintin641 folded before Flop (didn't bet)



PokerStars Hand #254372816018:  Hold'em No Limit ($0.50/$1.00 USD) - 2025/01/14 21:23:45 WET [2025/01/14 16:23:45 ET]
Table 'Sinistra III' 6-max Seat #3 is the button
Seat 1: mr.Jckpot ($126.14 in chips) 
Seat 2: nastja336 ($103.62 in chips) 
Seat 3: Sebcat40 ($113.65 in chips) 
Seat 4: Kristo 914 ($129.63 in chips) 
Seat 5: raketkasix ($112.59 in chips) 
Seat 6: tintin641 ($122.92 in chips) 
Kristo 914: posts small blind $0.50
raketkasix: posts big blind $1
*** HOLE CARDS ***
tintin641: folds 
mr.Jckpot: raises $1.50 to $2.50
nastja336: folds 
Sebcat40: folds 
Kristo 914: folds 
raketkasix: calls $1.50
*** FLOP *** [2d 6s 7h]
raketkasix: checks 
mr.Jckpot: bets $1.72
raketkasix: calls $1.72
*** TURN *** [2d 6s 7h] [9h]
raketkasix: checks 
mr.Jckpot: checks 
*** RIVER *** [2d 6s 7h 9h] [Tc]
raketkasix: checks 
mr.Jckpot: checks 
*** SHOW DOWN ***
raketkasix: shows [5c 7c] (a pair of Sevens)
mr.Jckpot: shows [Td Ad] (a pair of Tens)
mr.Jckpot collected $8.49 from pot
*** SUMMARY ***
Total pot $8.94 | Rake $0.45 
Board [2d 6s 7h 9h Tc]
Seat 1: mr.Jckpot showed [Td Ad] and won ($8.49) with a pair of Tens
Seat 2: nastja336 folded before Flop (didn't bet)
Seat 3: Sebcat40 (button) folded before Flop (didn't bet)
Seat 4: Kristo 914 (small blind) folded before Flop
Seat 5: raketkasix (big blind) showed [5c 7c] and lost with a pair of Sevens
Seat 6: tintin641 folded before Flop (didn't bet)



PokerStars Hand #254372844044:  Hold'em No Limit ($0.50/$1.00 USD) - 2025/01/14 21:25:14 WET [2025/01/14 16:25:14 ET]
Table 'Sinistra III' 6-max Seat #4 is the button
Seat 1: mr.Jckpot ($130.41 in chips) 
Seat 2: nastja336 ($103.62 in chips) 
Seat 3: Sebcat40 ($113.65 in chips) 
Seat 4: Kristo 914 ($129.13 in chips) 
Seat 5: raketkasix ($108.37 in chips) 
Seat 6: tintin641 ($122.92 in chips) 
raketkasix: posts small blind $0.50
tintin641: posts big blind $1
*** HOLE CARDS ***
mr.Jckpot: raises $1.50 to $2.50
nastja336: raises $5 to $7.50
Sebcat40: folds 
Kristo 914: folds 
raketkasix: folds 
tintin641: raises $12.50 to $20
mr.Jckpot: folds 
nastja336: folds 
Uncalled bet ($12.50) returned to tintin641
tintin641 collected $18 from pot
tintin641: doesn't show hand 
*** SUMMARY ***
Total pot $18 | Rake $0 
Seat 1: mr.Jckpot folded before Flop
Seat 2: nastja336 folded before Flop
Seat 3: Sebcat40 folded before Flop (didn't bet)
Seat 4: Kristo 914 (button) folded before Flop (didn't bet)
Seat 5: raketkasix (small blind) folded before Flop
Seat 6: tintin641 (big blind) collected ($18)



PokerStars Hand #254372859064:  Hold'em No Limit ($0.50/$1.00 USD) - 2025/01/14 21:26:01 WET [2025/01/14 16:26:01 ET]
Table 'Sinistra III' 6-max Seat #5 is the button
Seat 1: mr.Jckpot ($127.91 in chips) 
Seat 2: nastja336 ($100 in chips) 
Seat 3: Sebcat40 ($113.65 in chips) 
Seat 4: Kristo 914 ($129.13 in chips) 
Seat 5: raketkasix ($107.87 in chips) 
Seat 6: tintin641 ($133.42 in chips) 
tintin641: posts small blind $0.50
mr.Jckpot: posts big blind $1
*** HOLE CARDS ***
nastja336: folds 
Sebcat40: raises $3 to $4
Kristo 914: raises $8 to $12
raketkasix: folds 
tintin641: folds 
mr.Jckpot: folds 
Sebcat40: calls $8
*** FLOP *** [Qd 4h As]
Sebcat40: checks 
Kristo 914: bets $5.32
Sebcat40: calls $5.32
*** TURN *** [Qd 4h As] [Jd]
Sebcat40: checks 
Kristo 914: bets $24.72
Sebcat40: calls $24.72
*** RIVER *** [Qd 4h As Jd] [6s]
Sebcat40: checks 
Kristo 914: bets $87.09 and is all-in
Sebcat40: folds 
Uncalled bet ($87.09) returned to Kristo 914
Kristo 914 collected $83.08 from pot
Kristo 914: doesn't show hand 
*** SUMMARY ***
Total pot $85.58 | Rake $2.50 
Board [Qd 4h As Jd 6s]
Seat 1: mr.Jckpot (big blind) folded before Flop
Seat 2: nastja336 folded before Flop (didn't bet)
Seat 3: Sebcat40 folded on the River
Seat 4: Kristo 914 collected ($83.08)
Seat 5: raketkasix (button) folded before Flop (didn't bet)
Seat 6: tintin641 (small blind) folded before Flop



PokerStars Hand #254372903259:  Hold'em No Limit ($0.50/$1.00 USD) - 2025/01/14 21:28:22 WET [2025/01/14 16:28:22 ET]
Table 'Sinistra III' 6-max Seat #6 is the button
Seat 1: mr.Jckpot ($126.91 in chips) 
Seat 2: nastja336 ($100 in chips) 
Seat 3: Sebcat40 ($71.61 in chips) 
Seat 4: Kristo 914 ($170.17 in chips) 
Seat 5: raketkasix ($107.87 in chips) 
Seat 6: tintin641 ($132.92 in chips) 
mr.Jckpot: posts small blind $0.50
nastja336: posts big blind $1
*** HOLE CARDS ***
Sebcat40 has timed out
Sebcat40: folds 
Kristo 914: folds 
raketkasix: raises $1.50 to $2.50
tintin641: folds 
mr.Jckpot: folds 
nastja336: folds 
Uncalled bet ($1.50) returned to raketkasix
raketkasix collected $2.50 from pot
raketkasix: doesn't show hand 
*** SUMMARY ***
Total pot $2.50 | Rake $0 
Seat 1: mr.Jckpot (small blind) folded before Flop
Seat 2: nastja336 (big blind) folded before Flop
Seat 3: Sebcat40 folded before Flop (didn't bet)
Seat 4: Kristo 914 folded before Flop (didn't bet)
Seat 5: raketkasix collected ($2.50)
Seat 6: tintin641 (button) folded before Flop (didn't bet)



PokerStars Hand #254372914260:  Hold'em No Limit ($0.50/$1.00 USD) - 2025/01/14 21:28:57 WET [2025/01/14 16:28:57 ET]
Table 'Sinistra III' 6-max Seat #1 is the button
Seat 3: Sebcat40 ($71.61 in chips) is sitting out
Seat 4: Kristo 914 ($170.17 in chips) is sitting out
Seat 1: mr.Jckpot ($126.41 in chips) 
Seat 2: nastja336 ($100 in chips) 
Seat 5: raketkasix ($109.37 in chips) 
Seat 6: tintin641 ($132.92 in chips) 
nastja336: posts small blind $0.50
Kristo 914: is sitting out 
Kristo 914 leaves the table
raketkasix: posts big blind $1
*** HOLE CARDS ***
tintin641: folds 
mr.Jckpot: folds 
nastja336: raises $2 to $3
raketkasix: folds 
Uncalled bet ($2) returned to nastja336
nastja336 collected $2 from pot
nastja336: doesn't show hand 
*** SUMMARY ***
Total pot $2 | Rake $0 
Seat 3: Sebcat40
Seat 4: Kristo 914
Seat 1: mr.Jckpot (button) folded before Flop (didn't bet)
Seat 2: nastja336 (small blind) collected ($2)
Seat 5: raketkasix (big blind) folded before Flop
Seat 6: tintin641 folded before Flop (didn't bet)



PokerStars Hand #254372918255:  Hold'em No Limit ($0.50/$1.00 USD) - 2025/01/14 21:29:09 WET [2025/01/14 16:29:09 ET]
Table 'Sinistra III' 6-max Seat #2 is the button
Seat 3: Sebcat40 ($71.61 in chips) is sitting out
Seat 1: mr.Jckpot ($126.41 in chips) 
Seat 2: nastja336 ($101 in chips) 
Seat 5: raketkasix ($108.37 in chips) 
Seat 6: tintin641 ($132.92 in chips) 
raketkasix: posts small blind $0.50
tintin641: posts big blind $1
*** HOLE CARDS ***
mr.Jckpot: folds 
nastja336: folds 
raketkasix: folds 
Uncalled bet ($0.50) returned to tintin641
tintin641 collected $1 from pot
tintin641: doesn't show hand 
*** SUMMARY ***
Total pot $1 | Rake $0 
Seat 3: Sebcat40
Seat 1: mr.Jckpot folded before Flop (didn't bet)
Seat 2: nastja336 (button) folded before Flop (didn't bet)
Seat 5: raketkasix (small blind) folded before Flop
Seat 6: tintin641 (big blind) collected ($1)



PokerStars Hand #254372926943:  Hold'em No Limit ($0.50/$1.00 USD) - 2025/01/14 21:29:37 WET [2025/01/14 16:29:37 ET]
Table 'Sinistra III' 6-max Seat #5 is the button
Seat 3: Sebcat40 ($71.61 in chips) is sitting out
Seat 1: mr.Jckpot ($126.41 in chips) 
Seat 2: nastja336 ($101 in chips) 
Seat 5: raketkasix ($107.87 in chips) 
Seat 6: tintin641 ($133.42 in chips) 
tintin641: posts small blind $0.50
mr.Jckpot: posts big blind $1
Sebcat40: sits out 
*** HOLE CARDS ***
Joker007r joins the table at seat #4 
nastja336: raises $1.50 to $2.50
raketkasix: folds 
tintin641: folds 
mr.Jckpot: folds 
Uncalled bet ($1.50) returned to nastja336
nastja336 collected $2.50 from pot
nastja336: doesn't show hand 
*** SUMMARY ***
Total pot $2.50 | Rake $0 
Seat 3: Sebcat40
Seat 1: mr.Jckpot (big blind) folded before Flop
Seat 2: nastja336 collected ($2.50)
Seat 5: raketkasix (button) folded before Flop (didn't bet)
Seat 6: tintin641 (small blind) folded before Flop



PokerStars Hand #254372932378:  Hold'em No Limit ($0.50/$1.00 USD) - 2025/01/14 21:29:54 WET [2025/01/14 16:29:54 ET]
Table 'Sinistra III' 6-max Seat #6 is the button
Seat 3: Sebcat40 ($71.61 in chips) is sitting out
Seat 4: Joker007r ($100 in chips) is sitting out
Seat 1: mr.Jckpot ($125.41 in chips) 
Seat 2: nastja336 ($102.50 in chips) 
Seat 5: raketkasix ($107.87 in chips) 
Seat 6: tintin641 ($132.92 in chips) 
mr.Jckpot: posts small blind $0.50
nastja336: posts big blind $1
Sebcat40: sits out 
Joker007r: sits out 
*** HOLE CARDS ***
raketkasix: folds 
tintin641: raises $1.50 to $2.50
mr.Jckpot: folds 
nastja336: folds 
Uncalled bet ($1.50) returned to tintin641
tintin641 collected $2.50 from pot
tintin641: doesn't show hand 
*** SUMMARY ***
Total pot $2.50 | Rake $0 
Seat 3: Sebcat40
Seat 4: Joker007r
Seat 1: mr.Jckpot (small blind) folded before Flop
Seat 2: nastja336 (big blind) folded before Flop
Seat 5: raketkasix folded before Flop (didn't bet)
Seat 6: tintin641 (button) collected ($2.50)



PokerStars Hand #254372938893:  Hold'em No Limit ($0.50/$1.00 USD) - 2025/01/14 21:30:15 WET [2025/01/14 16:30:15 ET]
Table 'Sinistra III' 6-max Seat #1 is the button
Seat 4: Joker007r ($100 in chips) is sitting out
Seat 1: mr.Jckpot ($124.91 in chips) 
Seat 2: nastja336 ($101.50 in chips) 
Seat 3: Sebcat40 ($71.61 in chips) 
Seat 5: raketkasix ($107.87 in chips) 
Seat 6: tintin641 ($134.42 in chips) 
nastja336: posts small blind $0.50
Sebcat40: posts big blind $1
Joker007r: sits out 
*** HOLE CARDS ***
raketkasix: folds 
tintin641: folds 
mr.Jckpot: raises $1.50 to $2.50
nastja336: folds 
Sebcat40: calls $1.50
*** FLOP *** [8d Qh 9s]
Sebcat40: bets $5.22
mr.Jckpot: folds 
Uncalled bet ($5.22) returned to Sebcat40
Sebcat40 collected $5.22 from pot
Sebcat40: doesn't show hand 
*** SUMMARY ***
Total pot $5.50 | Rake $0.28 
Board [8d Qh 9s]
Seat 4: Joker007r
Seat 1: mr.Jckpot (button) folded on the Flop
Seat 2: nastja336 (small blind) folded before Flop
Seat 3: Sebcat40 (big blind) collected ($5.22)
Seat 5: raketkasix folded before Flop (didn't bet)
Seat 6: tintin641 folded before Flop (didn't bet)



PokerStars Hand #254372947043:  Hold'em No Limit ($0.50/$1.00 USD) - 2025/01/14 21:30:41 WET [2025/01/14 16:30:41 ET]
Table 'Sinistra III' 6-max Seat #2 is the button
Seat 1: mr.Jckpot ($122.41 in chips) 
Seat 2: nastja336 ($101 in chips) 
Seat 3: Sebcat40 ($74.33 in chips) 
Seat 4: Joker007r ($100 in chips) 
Seat 5: raketkasix ($107.87 in chips) 
Seat 6: tintin641 ($134.42 in chips) 
Sebcat40: posts small blind $0.50
Joker007r: posts big blind $1
*** HOLE CARDS ***
raketkasix: folds 
tintin641: folds 
mr.Jckpot: folds 
nastja336: raises $1.50 to $2.50
Sebcat40: calls $2
Joker007r: calls $1.50
*** FLOP *** [Qc 8s Ah]
Sebcat40: bets $3.56
Joker007r: folds 
nastja336: calls $3.56
*** TURN *** [Qc 8s Ah] [Js]
Sebcat40: bets $13.89
nastja336: folds 
Uncalled bet ($13.89) returned to Sebcat40
Sebcat40 collected $13.89 from pot
Sebcat40: doesn't show hand 
*** SUMMARY ***
Total pot $14.62 | Rake $0.73 
Board [Qc 8s Ah Js]
Seat 1: mr.Jckpot folded before Flop (didn't bet)
Seat 2: nastja336 (button) folded on the Turn
Seat 3: Sebcat40 (small blind) collected ($13.89)
Seat 4: Joker007r (big blind) folded on the Flop
Seat 5: raketkasix folded before Flop (didn't bet)
Seat 6: tintin641 folded before Flop (didn't bet)



PokerStars Hand #254372961794:  Hold'em No Limit ($0.50/$1.00 USD) - 2025/01/14 21:31:28 WET [2025/01/14 16:31:28 ET]
Table 'Sinistra III' 6-max Seat #3 is the button
Seat 1: mr.Jckpot ($122.41 in chips) 
Seat 2: nastja336 ($100 in chips) 
Seat 3: Sebcat40 ($82.16 in chips) 
Seat 4: Joker007r ($100 in chips) 
Seat 5: raketkasix ($107.87 in chips) 
Seat 6: tintin641 ($134.42 in chips) 
Joker007r: posts small blind $0.50
raketkasix: posts big blind $1
*** HOLE CARDS ***
tintin641: folds 
mr.Jckpot: raises $1.50 to $2.50
nastja336: folds 
Sebcat40: folds 
Joker007r: folds 
raketkasix: folds 
Uncalled bet ($1.50) returned to mr.Jckpot
mr.Jckpot collected $2.50 from pot
mr.Jckpot: doesn't show hand 
*** SUMMARY ***
Total pot $2.50 | Rake $0 
Seat 1: mr.Jckpot collected ($2.50)
Seat 2: nastja336 folded before Flop (didn't bet)
Seat 3: Sebcat40 (button) folded before Flop (didn't bet)
Seat 4: Joker007r (small blind) folded before Flop
Seat 5: raketkasix (big blind) folded before Flop
Seat 6: tintin641 folded before Flop (didn't bet)



PokerStars Hand #254372967008:  Hold'em No Limit ($0.50/$1.00 USD) - 2025/01/14 21:31:45 WET [2025/01/14 16:31:45 ET]
Table 'Sinistra III' 6-max Seat #4 is the button
Seat 1: mr.Jckpot ($123.91 in chips) 
Seat 2: nastja336 ($100 in chips) 
Seat 3: Sebcat40 ($82.16 in chips) 
Seat 4: Joker007r ($100 in chips) 
Seat 5: raketkasix ($106.87 in chips) 
Seat 6: tintin641 ($134.42 in chips) 
raketkasix: posts small blind $0.50
tintin641: posts big blind $1
*** HOLE CARDS ***
mr.Jckpot: folds 
nastja336: folds 
Sebcat40: folds 
Joker007r: folds 
raketkasix: raises $2 to $3
tintin641: folds 
Uncalled bet ($2) returned to raketkasix
raketkasix collected $2 from pot
raketkasix: doesn't show hand 
*** SUMMARY ***
Total pot $2 | Rake $0 
Seat 1: mr.Jckpot folded before Flop (didn't bet)
Seat 2: nastja336 folded before Flop (didn't bet)
Seat 3: Sebcat40 folded before Flop (didn't bet)
Seat 4: Joker007r (button) folded before Flop (didn't bet)
Seat 5: raketkasix (small blind) collected ($2)
Seat 6: tintin641 (big blind) folded before Flop



PokerStars Hand #254372972936:  Hold'em No Limit ($0.50/$1.00 USD) - 2025/01/14 21:32:04 WET [2025/01/14 16:32:04 ET]
Table 'Sinistra III' 6-max Seat #5 is the button
Seat 1: mr.Jckpot ($123.91 in chips) 
Seat 2: nastja336 ($100 in chips) 
Seat 3: Sebcat40 ($82.16 in chips) 
Seat 4: Joker007r ($100 in chips) 
Seat 5: raketkasix ($107.87 in chips) 
Seat 6: tintin641 ($133.42 in chips) 
tintin641: posts small blind $0.50
mr.Jckpot: posts big blind $1
*** HOLE CARDS ***
nastja336: folds 
Sebcat40: raises $3 to $4
Joker007r: folds 
raketkasix: folds 
tintin641: folds 
mr.Jckpot: folds 
Uncalled bet ($3) returned to Sebcat40
Sebcat40 collected $2.50 from pot
Sebcat40: doesn't show hand 
*** SUMMARY ***
Total pot $2.50 | Rake $0 
Seat 1: mr.Jckpot (big blind) folded before Flop
Seat 2: nastja336 folded before Flop (didn't bet)
Seat 3: Sebcat40 collected ($2.50)
Seat 4: Joker007r folded before Flop (didn't bet)
Seat 5: raketkasix (button) folded before Flop (didn't bet)
Seat 6: tintin641 (small blind) folded before Flop



PokerStars Hand #254372977507:  Hold'em No Limit ($0.50/$1.00 USD) - 2025/01/14 21:32:18 WET [2025/01/14 16:32:18 ET]
Table 'Sinistra III' 6-max Seat #6 is the button
Seat 1: mr.Jckpot ($122.91 in chips) 
Seat 2: nastja336 ($100 in chips) 
Seat 3: Sebcat40 ($83.66 in chips) 
Seat 4: Joker007r ($100 in chips) 
Seat 5: raketkasix ($107.87 in chips) 
Seat 6: tintin641 ($132.92 in chips) 
mr.Jckpot: posts small blind $0.50
nastja336: posts big blind $1
*** HOLE CARDS ***
Sebcat40: raises $2.50 to $3.50
Joker007r: folds 
raketkasix: raises $5.50 to $9
tintin641: folds 
mr.Jckpot: folds 
nastja336: folds 
Sebcat40: calls $5.50
*** FLOP *** [Qd 4d 5s]
Sebcat40: checks 
raketkasix: checks 
*** TURN *** [Qd 4d 5s] [2h]
Sebcat40: bets $18.52
raketkasix: folds 
Uncalled bet ($18.52) returned to Sebcat40
Sebcat40 collected $18.52 from pot
Sebcat40: doesn't show hand 
*** SUMMARY ***
Total pot $19.50 | Rake $0.98 
Board [Qd 4d 5s 2h]
Seat 1: mr.Jckpot (small blind) folded before Flop
Seat 2: nastja336 (big blind) folded before Flop
Seat 3: Sebcat40 collected ($18.52)
Seat 4: Joker007r folded before Flop (didn't bet)
Seat 5: raketkasix folded on the Turn
Seat 6: tintin641 (button) folded before Flop (didn't bet)



PokerStars Hand #254372993248:  Hold'em No Limit ($0.50/$1.00 USD) - 2025/01/14 21:33:08 WET [2025/01/14 16:33:08 ET]
Table 'Sinistra III' 6-max Seat #1 is the button
Seat 1: mr.Jckpot ($122.41 in chips) 
Seat 2: nastja336 ($100 in chips) 
Seat 3: Sebcat40 ($93.18 in chips) 
Seat 4: Joker007r ($100 in chips) 
Seat 5: raketkasix ($100 in chips) 
Seat 6: tintin641 ($132.92 in chips) 
nastja336: posts small blind $0.50
Sebcat40: posts big blind $1
*** HOLE CARDS ***
Joker007r: folds 
raketkasix: raises $1.50 to $2.50
tintin641: folds 
mr.Jckpot: folds 
nastja336: raises $9.50 to $12
Sebcat40: folds 
raketkasix: folds 
Uncalled bet ($9.50) returned to nastja336
nastja336 collected $6 from pot
nastja336: doesn't show hand 
*** SUMMARY ***
Total pot $6 | Rake $0 
Seat 1: mr.Jckpot (button) folded before Flop (didn't bet)
Seat 2: nastja336 (small blind) collected ($6)
Seat 3: Sebcat40 (big blind) folded before Flop
Seat 4: Joker007r folded before Flop (didn't bet)
Seat 5: raketkasix folded before Flop
Seat 6: tintin641 folded before Flop (didn't bet)



PokerStars Hand #254373004446:  Hold'em No Limit ($0.50/$1.00 USD) - 2025/01/14 21:33:44 WET [2025/01/14 16:33:44 ET]
Table 'Sinistra III' 6-max Seat #2 is the button
Seat 1: mr.Jckpot ($122.41 in chips) 
Seat 2: nastja336 ($103.50 in chips) 
Seat 3: Sebcat40 ($92.18 in chips) 
Seat 4: Joker007r ($100 in chips) 
Seat 5: raketkasix ($100 in chips) 
Seat 6: tintin641 ($132.92 in chips) 
Sebcat40: posts small blind $0.50
Joker007r: posts big blind $1
*** HOLE CARDS ***
raketkasix: folds 
tintin641: folds 
mr.Jckpot: folds 
nastja336: folds 
Sebcat40: calls $0.50
Joker007r: checks 
*** FLOP *** [4d 9s 3c]
Sebcat40: bets $1.90
Joker007r: folds 
Uncalled bet ($1.90) returned to Sebcat40
Sebcat40 collected $1.90 from pot
Sebcat40: doesn't show hand 
*** SUMMARY ***
Total pot $2 | Rake $0.10 
Board [4d 9s 3c]
Seat 1: mr.Jckpot folded before Flop (didn't bet)
Seat 2: nastja336 (button) folded before Flop (didn't bet)
Seat 3: Sebcat40 (small blind) collected ($1.90)
Seat 4: Joker007r (big blind) folded on the Flop
Seat 5: raketkasix folded before Flop (didn't bet)
Seat 6: tintin641 folded before Flop (didn't bet)



PokerStars Hand #254373017382:  Hold'em No Limit ($0.50/$1.00 USD) - 2025/01/14 21:34:26 WET [2025/01/14 16:34:26 ET]
Table 'Sinistra III' 6-max Seat #3 is the button
Seat 1: mr.Jckpot ($122.41 in chips) 
Seat 2: nastja336 ($103.50 in chips) 
Seat 3: Sebcat40 ($93.08 in chips) 
Seat 4: Joker007r ($100 in chips) 
Seat 5: raketkasix ($100 in chips) 
Seat 6: tintin641 ($132.92 in chips) 
Joker007r: posts small blind $0.50
raketkasix: posts big blind $1
*** HOLE CARDS ***
tintin641: folds 
mr.Jckpot: folds 
nastja336: raises $1.50 to $2.50
Sebcat40: calls $2.50
Joker007r: folds 
raketkasix: folds 
*** FLOP *** [2c Ks 5c]
nastja336: checks 
Sebcat40: bets $6.18
nastja336: folds 
Uncalled bet ($6.18) returned to Sebcat40
Sebcat40 collected $6.18 from pot
Sebcat40: doesn't show hand 
*** SUMMARY ***
Total pot $6.50 | Rake $0.32 
Board [2c Ks 5c]
Seat 1: mr.Jckpot folded before Flop (didn't bet)
Seat 2: nastja336 folded on the Flop
Seat 3: Sebcat40 (button) collected ($6.18)
Seat 4: Joker007r (small blind) folded before Flop
Seat 5: raketkasix (big blind) folded before Flop
Seat 6: tintin641 folded before Flop (didn't bet)



PokerStars Hand #254373028562:  Hold'em No Limit ($0.50/$1.00 USD) - 2025/01/14 21:35:02 WET [2025/01/14 16:35:02 ET]
Table 'Sinistra III' 6-max Seat #4 is the button
Seat 1: mr.Jckpot ($122.41 in chips) 
Seat 2: nastja336 ($101 in chips) 
Seat 3: Sebcat40 ($96.76 in chips) 
Seat 4: Joker007r ($100 in chips) 
Seat 5: raketkasix ($100 in chips) 
Seat 6: tintin641 ($132.92 in chips) 
raketkasix: posts small blind $0.50
tintin641: posts big blind $1
*** HOLE CARDS ***
mr.Jckpot: folds 
nastja336: folds 
Sebcat40: folds 
Joker007r: folds 
raketkasix: raises $2 to $3
tintin641: calls $2
*** FLOP *** [2d 5s Ad]
raketkasix: checks 
tintin641: bets $2.85
raketkasix: folds 
Uncalled bet ($2.85) returned to tintin641
tintin641 collected $5.70 from pot
tintin641: doesn't show hand 
*** SUMMARY ***
Total pot $6 | Rake $0.30 
Board [2d 5s Ad]
Seat 1: mr.Jckpot folded before Flop (didn't bet)
Seat 2: nastja336 folded before Flop (didn't bet)
Seat 3: Sebcat40 folded before Flop (didn't bet)
Seat 4: Joker007r (button) folded before Flop (didn't bet)
Seat 5: raketkasix (small blind) folded on the Flop
Seat 6: tintin641 (big blind) collected ($5.70)



PokerStars Hand #254373049014:  Hold'em No Limit ($0.50/$1.00 USD) - 2025/01/14 21:36:08 WET [2025/01/14 16:36:08 ET]
Table 'Sinistra III' 6-max Seat #5 is the button
Seat 1: mr.Jckpot ($122.41 in chips) 
Seat 2: nastja336 ($101 in chips) 
Seat 3: Sebcat40 ($96.76 in chips) 
Seat 4: Joker007r ($100 in chips) 
Seat 5: raketkasix ($100 in chips) 
Seat 6: tintin641 ($135.62 in chips) 
tintin641: posts small blind $0.50
mr.Jckpot: posts big blind $1
*** HOLE CARDS ***
nastja336: raises $1.50 to $2.50
Sebcat40: calls $2.50
Joker007r: raises $7.50 to $10
raketkasix: folds 
tintin641: folds 
mr.Jckpot: folds 
nastja336: folds 
Sebcat40: calls $7.50
*** FLOP *** [Ks 2h Jd]
Sebcat40: checks 
Joker007r: bets $7.52
Sebcat40: calls $7.52
*** TURN *** [Ks 2h Jd] [Kc]
Sebcat40: checks 
Joker007r: checks 
*** RIVER *** [Ks 2h Jd Kc] [8d]
Sebcat40: bets $37.09
Joker007r: calls $37.09
*** SHOW DOWN ***
Sebcat40: shows [7h 7c] (two pair, Kings and Sevens)
Joker007r: mucks hand 
Sebcat40 collected $110.72 from pot
*** SUMMARY ***
Total pot $113.22 | Rake $2.50 
Board [Ks 2h Jd Kc 8d]
Seat 1: mr.Jckpot (big blind) folded before Flop
Seat 2: nastja336 folded before Flop
Seat 3: Sebcat40 showed [7h 7c] and won ($110.72) with two pair, Kings and Sevens
Seat 4: Joker007r mucked
Seat 5: raketkasix (button) folded before Flop (didn't bet)
Seat 6: tintin641 (small blind) folded before Flop



PokerStars Hand #254373068137:  Hold'em No Limit ($0.50/$1.00 USD) - 2025/01/14 21:37:09 WET [2025/01/14 16:37:09 ET]
Table 'Sinistra III' 6-max Seat #6 is the button
Seat 1: mr.Jckpot ($121.41 in chips) 
Seat 2: nastja336 ($100 in chips) 
Seat 3: Sebcat40 ($152.87 in chips) 
Seat 4: Joker007r ($100 in chips) 
Seat 5: raketkasix ($100 in chips) 
Seat 6: tintin641 ($135.12 in chips) 
mr.Jckpot: posts small blind $0.50
nastja336: posts big blind $1
*** HOLE CARDS ***
Sebcat40: folds 
Joker007r: folds 
raketkasix: folds 
tintin641: folds 
mr.Jckpot: raises $2 to $3
Sebcat40 leaves the table
henri789 joins the table at seat #3 
nastja336: calls $2
*** FLOP *** [Qs 9s 4s]
mr.Jckpot: checks 
henri789 leaves the table
nastja336: checks 
*** TURN *** [Qs 9s 4s] [2s]
mr.Jckpot: checks 
nastja336: checks 
*** RIVER *** [Qs 9s 4s 2s] [Ac]
mr.Jckpot: checks 
nastja336: checks 
*** SHOW DOWN ***
mr.Jckpot: shows [8d 6d] (high card Ace)
nastja336: shows [Qc 5c] (a pair of Queens)
nastja336 collected $5.70 from pot
*** SUMMARY ***
Total pot $6 | Rake $0.30 
Board [Qs 9s 4s 2s Ac]
Seat 1: mr.Jckpot (small blind) showed [8d 6d] and lost with high card Ace
Seat 2: nastja336 (big blind) showed [Qc 5c] and won ($5.70) with a pair of Queens
Seat 3: Sebcat40 folded before Flop (didn't bet)
Seat 4: Joker007r folded before Flop (didn't bet)
Seat 5: raketkasix folded before Flop (didn't bet)
Seat 6: tintin641 (button) folded before Flop (didn't bet)



PokerStars Hand #254373085603:  Hold'em No Limit ($0.50/$1.00 USD) - 2025/01/14 21:38:05 WET [2025/01/14 16:38:05 ET]
Table 'Sinistra III' 6-max Seat #1 is the button
Seat 4: Joker007r ($100 in chips) is sitting out
Seat 5: raketkasix ($100 in chips) is sitting out
Seat 1: mr.Jckpot ($118.41 in chips) 
Seat 2: nastja336 ($102.70 in chips) 
Seat 6: tintin641 ($135.12 in chips) 
nastja336: posts small blind $0.50
Joker007r: is sitting out 
raketkasix: is sitting out 
tintin641: posts big blind $1
*** HOLE CARDS ***
Joker007r leaves the table
mr.Jckpot: folds 
nastja336: folds 
Uncalled bet ($0.50) returned to tintin641
raketkasix leaves the table
tintin641 collected $1 from pot
tintin641: doesn't show hand 
*** SUMMARY ***
Total pot $1 | Rake $0 
Seat 4: Joker007r
Seat 5: raketkasix
Seat 1: mr.Jckpot (button) folded before Flop (didn't bet)
Seat 2: nastja336 (small blind) folded before Flop
Seat 6: tintin641 (big blind) collected ($1)



