PokerStars Hand #254362874637:  Hold'em No Limit ($0.50/$1.00 USD) - 2025/01/14 7:42:07 WET [2025/01/14 2:42:07 ET]
Table 'Psyche III' 6-max Seat #2 is the button
Seat 1: przemasek ($25.11 in chips) 
Seat 2: EasyGamerrr ($130.50 in chips) 
Seat 3: XattexStomil ($100 in chips) 
Seat 4: Fold Your Cats ($100 in chips) 
XattexStomil: posts small blind $0.50
Fold Your Cats: posts big blind $1
*** HOLE CARDS ***
przemasek: raises $1 to $2
EasyGamerrr: folds 
XattexStomil: folds 
Fold Your Cats: raises $98 to $100 and is all-in
przemasek: folds 
Uncalled bet ($98) returned to Fold Your Cats
Fold Your Cats collected $4.50 from pot
Fold Your Cats: doesn't show hand 
*** SUMMARY ***
Total pot $4.50 | Rake $0 
Seat 1: przemasek folded before Flop
Seat 2: EasyGamerrr (button) folded before Flop (didn't bet)
Seat 3: XattexStomil (small blind) folded before Flop
Seat 4: Fold Your Cats (big blind) collected ($4.50)



PokerStars Hand #254362875767:  Hold'em No Limit ($0.50/$1.00 USD) - 2025/01/14 7:42:23 WET [2025/01/14 2:42:23 ET]
Table 'Psyche III' 6-max Seat #3 is the button
Seat 1: przemasek ($23.11 in chips) 
Seat 2: EasyGamerrr ($130.50 in chips) 
Seat 3: XattexStomil ($100 in chips) 
Seat 4: Fold Your Cats ($102.50 in chips) 
Fold Your Cats: posts small blind $0.50
przemasek: posts big blind $1
*** HOLE CARDS ***
EasyGamerrr: raises $1.50 to $2.50
4ikkiBamBoni joins the table at seat #5 
XattexStomil: raises $5 to $7.50
Fold Your Cats: folds 
Pon4uk.ua joins the table at seat #6 
przemasek: folds 
EasyGamerrr: folds 
Uncalled bet ($5) returned to XattexStomil
XattexStomil collected $6.50 from pot
XattexStomil: doesn't show hand 
*** SUMMARY ***
Total pot $6.50 | Rake $0 
Seat 1: przemasek (big blind) folded before Flop
Seat 2: EasyGamerrr folded before Flop
Seat 3: XattexStomil (button) collected ($6.50)
Seat 4: Fold Your Cats (small blind) folded before Flop



PokerStars Hand #254362877854:  Hold'em No Limit ($0.50/$1.00 USD) - 2025/01/14 7:42:51 WET [2025/01/14 2:42:51 ET]
Table 'Psyche III' 6-max Seat #4 is the button
Seat 5: 4ikkiBamBoni ($100 in chips) is sitting out
Seat 6: Pon4uk.ua ($100 in chips) is sitting out
Seat 1: przemasek ($22.11 in chips) 
Seat 2: EasyGamerrr ($128 in chips) 
Seat 3: XattexStomil ($104 in chips) 
Seat 4: Fold Your Cats ($102 in chips) 
przemasek: posts small blind $0.50
EasyGamerrr: posts big blind $1
*** HOLE CARDS ***
XattexStomil: folds 
Fold Your Cats: raises $1.50 to $2.50
przemasek: folds 
EasyGamerrr: calls $1.50
*** FLOP *** [Qs 4d Th]
EasyGamerrr: checks 
Fold Your Cats: bets $3.39
EasyGamerrr: folds 
Uncalled bet ($3.39) returned to Fold Your Cats
Fold Your Cats collected $5.22 from pot
Fold Your Cats: doesn't show hand 
*** SUMMARY ***
Total pot $5.50 | Rake $0.28 
Board [Qs 4d Th]
Seat 5: 4ikkiBamBoni
Seat 6: Pon4uk.ua
Seat 1: przemasek (small blind) folded before Flop
Seat 2: EasyGamerrr (big blind) folded on the Flop
Seat 3: XattexStomil folded before Flop (didn't bet)
Seat 4: Fold Your Cats (button) collected ($5.22)



PokerStars Hand #254362880251:  Hold'em No Limit ($0.50/$1.00 USD) - 2025/01/14 7:43:25 WET [2025/01/14 2:43:25 ET]
Table 'Psyche III' 6-max Seat #1 is the button
Seat 5: 4ikkiBamBoni ($100 in chips) is sitting out
Seat 6: Pon4uk.ua ($100 in chips) is sitting out
Seat 1: przemasek ($21.61 in chips) 
Seat 2: EasyGamerrr ($125.50 in chips) 
Seat 3: XattexStomil ($104 in chips) 
Seat 4: Fold Your Cats ($104.72 in chips) 
EasyGamerrr: posts small blind $0.50
XattexStomil: posts big blind $1
4ikkiBamBoni: sits out 
Pon4uk.ua: sits out 
*** HOLE CARDS ***
Fold Your Cats: folds 
przemasek: raises $2.49 to $3.49
EasyGamerrr: raises $7.01 to $10.50
XattexStomil: folds 
przemasek: calls $7.01
*** FLOP *** [6h 6d 9h]
EasyGamerrr: bets $2.50
przemasek: raises $8.61 to $11.11 and is all-in
EasyGamerrr: calls $8.61
*** TURN *** [6h 6d 9h] [8s]
*** RIVER *** [6h 6d 9h 8s] [Ad]
*** SHOW DOWN ***
EasyGamerrr: shows [9c 9d] (a full house, Nines full of Sixes)
przemasek: shows [Ts Ac] (two pair, Aces and Sixes)
EasyGamerrr collected $43.22 from pot
*** SUMMARY ***
Total pot $44.22 | Rake $1 
Board [6h 6d 9h 8s Ad]
Seat 5: 4ikkiBamBoni
Seat 6: Pon4uk.ua
Seat 1: przemasek (button) showed [Ts Ac] and lost with two pair, Aces and Sixes
Seat 2: EasyGamerrr (small blind) showed [9c 9d] and won ($43.22) with a full house, Nines full of Sixes
Seat 3: XattexStomil (big blind) folded before Flop
Seat 4: Fold Your Cats folded before Flop (didn't bet)



PokerStars Hand #254362882643:  Hold'em No Limit ($0.50/$1.00 USD) - 2025/01/14 7:43:58 WET [2025/01/14 2:43:58 ET]
Table 'Psyche III' 6-max Seat #2 is the button
Seat 1: przemasek ($0 in chips) is sitting out
Seat 5: 4ikkiBamBoni ($100 in chips) is sitting out
Seat 6: Pon4uk.ua ($100 in chips) is sitting out
Seat 2: EasyGamerrr ($147.11 in chips) 
Seat 3: XattexStomil ($103 in chips) 
Seat 4: Fold Your Cats ($104.72 in chips) 
XattexStomil: posts small blind $0.50
Fold Your Cats: posts big blind $1
4ikkiBamBoni: sits out 
Pon4uk.ua: sits out 
*** HOLE CARDS ***
przemasek leaves the table
EasyGamerrr: folds 
XattexStomil: folds 
Uncalled bet ($0.50) returned to Fold Your Cats
Fold Your Cats collected $1 from pot
Fold Your Cats: doesn't show hand 
*** SUMMARY ***
Total pot $1 | Rake $0 
Seat 1: przemasek
Seat 5: 4ikkiBamBoni
Seat 6: Pon4uk.ua
Seat 2: EasyGamerrr (button) folded before Flop (didn't bet)
Seat 3: XattexStomil (small blind) folded before Flop
Seat 4: Fold Your Cats (big blind) collected ($1)



PokerStars Hand #254362883400:  Hold'em No Limit ($0.50/$1.00 USD) - 2025/01/14 7:44:09 WET [2025/01/14 2:44:09 ET]
Table 'Psyche III' 6-max Seat #3 is the button
Seat 6: Pon4uk.ua ($100 in chips) is sitting out
Seat 2: EasyGamerrr ($147.11 in chips) 
Seat 3: XattexStomil ($102.50 in chips) 
Seat 4: Fold Your Cats ($105.22 in chips) 
Seat 5: 4ikkiBamBoni ($100 in chips) 
Fold Your Cats: posts small blind $0.50
4ikkiBamBoni: posts big blind $1
Pon4uk.ua: sits out 
*** HOLE CARDS ***
W0odhouse joins the table at seat #1 
EasyGamerrr: raises $1.50 to $2.50
XattexStomil: folds 
Fold Your Cats: raises $7.50 to $10
4ikkiBamBoni: folds 
EasyGamerrr: folds 
Uncalled bet ($7.50) returned to Fold Your Cats
Fold Your Cats collected $6 from pot
Fold Your Cats: doesn't show hand 
*** SUMMARY ***
Total pot $6 | Rake $0 
Seat 6: Pon4uk.ua
Seat 2: EasyGamerrr folded before Flop
Seat 3: XattexStomil (button) folded before Flop (didn't bet)
Seat 4: Fold Your Cats (small blind) collected ($6)
Seat 5: 4ikkiBamBoni (big blind) folded before Flop



PokerStars Hand #254362886038:  Hold'em No Limit ($0.50/$1.00 USD) - 2025/01/14 7:44:45 WET [2025/01/14 2:44:45 ET]
Table 'Psyche III' 6-max Seat #4 is the button
Seat 1: W0odhouse ($100 in chips) is sitting out
Seat 2: EasyGamerrr ($144.61 in chips) 
Seat 3: XattexStomil ($102.50 in chips) 
Seat 4: Fold Your Cats ($108.72 in chips) 
Seat 5: 4ikkiBamBoni ($100 in chips) 
Seat 6: Pon4uk.ua ($100 in chips) 
4ikkiBamBoni: posts small blind $0.50
Pon4uk.ua: posts big blind $1
W0odhouse: sits out 
*** HOLE CARDS ***
EasyGamerrr: folds 
XattexStomil: raises $1.50 to $2.50
Fold Your Cats: folds 
4ikkiBamBoni: folds 
Pon4uk.ua: folds 
Uncalled bet ($1.50) returned to XattexStomil
XattexStomil collected $2.50 from pot
XattexStomil: doesn't show hand 
Pon4uk.ua leaves the table
*** SUMMARY ***
Total pot $2.50 | Rake $0 
Seat 1: W0odhouse
Seat 2: EasyGamerrr folded before Flop (didn't bet)
Seat 3: XattexStomil collected ($2.50)
Seat 4: Fold Your Cats (button) folded before Flop (didn't bet)
Seat 5: 4ikkiBamBoni (small blind) folded before Flop
Seat 6: Pon4uk.ua (big blind) folded before Flop



PokerStars Hand #254362887670:  Hold'em No Limit ($0.50/$1.00 USD) - 2025/01/14 7:45:08 WET [2025/01/14 2:45:08 ET]
Table 'Psyche III' 6-max Seat #5 is the button
Seat 1: W0odhouse ($100 in chips) is sitting out
Seat 2: EasyGamerrr ($144.61 in chips) 
Seat 3: XattexStomil ($104 in chips) 
Seat 4: Fold Your Cats ($108.72 in chips) 
Seat 5: 4ikkiBamBoni ($100 in chips) 
EasyGamerrr: posts small blind $0.50
XattexStomil: posts big blind $1
*** HOLE CARDS ***
Fold Your Cats: raises $1.50 to $2.50
4ikkiBamBoni: folds 
EasyGamerrr: folds 
XattexStomil: folds 
Uncalled bet ($1.50) returned to Fold Your Cats
Fold Your Cats collected $2.50 from pot
Fold Your Cats: doesn't show hand 
*** SUMMARY ***
Total pot $2.50 | Rake $0 
Seat 1: W0odhouse
Seat 2: EasyGamerrr (small blind) folded before Flop
Seat 3: XattexStomil (big blind) folded before Flop
Seat 4: Fold Your Cats collected ($2.50)
Seat 5: 4ikkiBamBoni (button) folded before Flop (didn't bet)



PokerStars Hand #254362888643:  Hold'em No Limit ($0.50/$1.00 USD) - 2025/01/14 7:45:22 WET [2025/01/14 2:45:22 ET]
Table 'Psyche III' 6-max Seat #2 is the button
Seat 1: W0odhouse ($100 in chips) is sitting out
Seat 4: Fold Your Cats ($110.22 in chips) is sitting out
Seat 2: EasyGamerrr ($144.11 in chips) 
Seat 3: XattexStomil ($103 in chips) 
Seat 5: 4ikkiBamBoni ($100 in chips) 
XattexStomil: posts small blind $0.50
Fold Your Cats: is sitting out 
4ikkiBamBoni: posts big blind $1
W0odhouse: sits out 
*** HOLE CARDS ***
EasyGamerrr: folds 
XattexStomil: folds 
Uncalled bet ($0.50) returned to 4ikkiBamBoni
4ikkiBamBoni collected $1 from pot
4ikkiBamBoni: doesn't show hand 
*** SUMMARY ***
Total pot $1 | Rake $0 
Seat 1: W0odhouse
Seat 4: Fold Your Cats
Seat 2: EasyGamerrr (button) folded before Flop (didn't bet)
Seat 3: XattexStomil (small blind) folded before Flop
Seat 5: 4ikkiBamBoni (big blind) collected ($1)



PokerStars Hand #254362889376:  Hold'em No Limit ($0.50/$1.00 USD) - 2025/01/14 7:45:32 WET [2025/01/14 2:45:32 ET]
Table 'Psyche III' 6-max Seat #3 is the button
Seat 4: Fold Your Cats ($110.22 in chips) is sitting out
Seat 1: W0odhouse ($100 in chips) 
Seat 2: EasyGamerrr ($144.11 in chips) 
Seat 3: XattexStomil ($102.50 in chips) 
Seat 5: 4ikkiBamBoni ($100.50 in chips) 
4ikkiBamBoni: posts small blind $0.50
W0odhouse: posts big blind $1
*** HOLE CARDS ***
EasyGamerrr: folds 
XattexStomil: folds 
4ikkiBamBoni: folds 
Uncalled bet ($0.50) returned to W0odhouse
W0odhouse collected $1 from pot
W0odhouse: doesn't show hand 
*** SUMMARY ***
Total pot $1 | Rake $0 
Seat 4: Fold Your Cats
Seat 1: W0odhouse (big blind) collected ($1)
Seat 2: EasyGamerrr folded before Flop (didn't bet)
Seat 3: XattexStomil (button) folded before Flop (didn't bet)
Seat 5: 4ikkiBamBoni (small blind) folded before Flop



PokerStars Hand #254362890052:  Hold'em No Limit ($0.50/$1.00 USD) - 2025/01/14 7:45:41 WET [2025/01/14 2:45:41 ET]
Table 'Psyche III' 6-max Seat #5 is the button
Seat 2: EasyGamerrr ($144.11 in chips) is sitting out
Seat 4: Fold Your Cats ($110.22 in chips) is sitting out
Seat 1: W0odhouse ($100.50 in chips) 
Seat 3: XattexStomil ($102.50 in chips) 
Seat 5: 4ikkiBamBoni ($100 in chips) 
W0odhouse: posts small blind $0.50
EasyGamerrr: is sitting out 
XattexStomil: posts big blind $1
*** HOLE CARDS ***
EasyGamerrr leaves the table
4ikkiBamBoni: raises $1.20 to $2.20
W0odhouse: folds 
Fold Your Cats leaves the table
XattexStomil: folds 
Uncalled bet ($1.20) returned to 4ikkiBamBoni
4ikkiBamBoni collected $2.50 from pot
4ikkiBamBoni: doesn't show hand 
*** SUMMARY ***
Total pot $2.50 | Rake $0 
Seat 2: EasyGamerrr
Seat 4: Fold Your Cats
Seat 1: W0odhouse (small blind) folded before Flop
Seat 3: XattexStomil (big blind) folded before Flop
Seat 5: 4ikkiBamBoni (button) collected ($2.50)



PokerStars Hand #254362891066:  Hold'em No Limit ($0.50/$1.00 USD) - 2025/01/14 7:45:56 WET [2025/01/14 2:45:56 ET]
Table 'Psyche III' 6-max Seat #3 is the button
Seat 5: 4ikkiBamBoni ($101.50 in chips) is sitting out
Seat 1: W0odhouse ($100 in chips) 
Seat 3: XattexStomil ($101.50 in chips) 
XattexStomil: posts small blind $0.50
4ikkiBamBoni: is sitting out 
W0odhouse: posts big blind $1
*** HOLE CARDS ***
XattexStomil: folds 
Uncalled bet ($0.50) returned to W0odhouse
4ikkiBamBoni leaves the table
W0odhouse collected $1 from pot
W0odhouse: doesn't show hand 
*** SUMMARY ***
Total pot $1 | Rake $0 
Seat 5: 4ikkiBamBoni
Seat 1: W0odhouse (big blind) collected ($1)
Seat 3: XattexStomil (button) (small blind) folded before Flop



PokerStars Hand #254362920090:  Hold'em No Limit ($0.50/$1.00 USD) - 2025/01/14 7:52:43 WET [2025/01/14 2:52:43 ET]
Table 'Psyche III' 6-max Seat #5 is the button
Seat 1: W0odhouse ($100.50 in chips) 
Seat 2: 4ikkiBamBoni ($101.50 in chips) 
Seat 5: ARISTOTEL300 ($100 in chips) 
W0odhouse: posts small blind $0.50
4ikkiBamBoni: posts big blind $1
*** HOLE CARDS ***
ARISTOTEL300: raises $1 to $2
W0odhouse: folds 
4ikkiBamBoni: folds 
Uncalled bet ($1) returned to ARISTOTEL300
ARISTOTEL300 collected $2.50 from pot
ARISTOTEL300: doesn't show hand 
*** SUMMARY ***
Total pot $2.50 | Rake $0 
Seat 1: W0odhouse (small blind) folded before Flop
Seat 2: 4ikkiBamBoni (big blind) folded before Flop
Seat 5: ARISTOTEL300 (button) collected ($2.50)



PokerStars Hand #254362920963:  Hold'em No Limit ($0.50/$1.00 USD) - 2025/01/14 7:52:55 WET [2025/01/14 2:52:55 ET]
Table 'Psyche III' 6-max Seat #1 is the button
Seat 1: W0odhouse ($100 in chips) 
Seat 2: 4ikkiBamBoni ($100.50 in chips) 
Seat 5: ARISTOTEL300 ($101.50 in chips) 
4ikkiBamBoni: posts small blind $0.50
ARISTOTEL300: posts big blind $1
*** HOLE CARDS ***
W0odhouse: folds 
4ikkiBamBoni: folds 
Uncalled bet ($0.50) returned to ARISTOTEL300
ARISTOTEL300 collected $1 from pot
ARISTOTEL300: doesn't show hand 
Pon4uk.ua joins the table at seat #6 
*** SUMMARY ***
Total pot $1 | Rake $0 
Seat 1: W0odhouse (button) folded before Flop (didn't bet)
Seat 2: 4ikkiBamBoni (small blind) folded before Flop
Seat 5: ARISTOTEL300 (big blind) collected ($1)



PokerStars Hand #254362921944:  Hold'em No Limit ($0.50/$1.00 USD) - 2025/01/14 7:53:09 WET [2025/01/14 2:53:09 ET]
Table 'Psyche III' 6-max Seat #2 is the button
Seat 1: W0odhouse ($100 in chips) 
Seat 2: 4ikkiBamBoni ($100 in chips) 
Seat 5: ARISTOTEL300 ($102 in chips) 
Seat 6: Pon4uk.ua ($100 in chips) 
ARISTOTEL300: posts small blind $0.50
Pon4uk.ua is connected 
Pon4uk.ua: posts big blind $1
*** HOLE CARDS ***
W0odhouse: raises $1.75 to $2.75
4ikkiBamBoni: folds 
ARISTOTEL300: folds 
Pon4uk.ua: folds 
Uncalled bet ($1.75) returned to W0odhouse
W0odhouse collected $2.50 from pot
W0odhouse: doesn't show hand 
*** SUMMARY ***
Total pot $2.50 | Rake $0 
Seat 1: W0odhouse collected ($2.50)
Seat 2: 4ikkiBamBoni (button) folded before Flop (didn't bet)
Seat 5: ARISTOTEL300 (small blind) folded before Flop
Seat 6: Pon4uk.ua (big blind) folded before Flop



PokerStars Hand #254362923063:  Hold'em No Limit ($0.50/$1.00 USD) - 2025/01/14 7:53:24 WET [2025/01/14 2:53:24 ET]
Table 'Psyche III' 6-max Seat #5 is the button
Seat 1: W0odhouse ($101.50 in chips) 
Seat 2: 4ikkiBamBoni ($100 in chips) 
Seat 5: ARISTOTEL300 ($101.50 in chips) 
Seat 6: Pon4uk.ua ($100 in chips) 
Pon4uk.ua: posts small blind $0.50
W0odhouse: posts big blind $1
*** HOLE CARDS ***
4ikkiBamBoni: raises $1.45 to $2.45
ARISTOTEL300: folds 
Pon4uk.ua: folds 
W0odhouse: calls $1.45
*** FLOP *** [7d 2c Kh]
W0odhouse: checks 
4ikkiBamBoni: bets $1.69
W0odhouse: folds 
Uncalled bet ($1.69) returned to 4ikkiBamBoni
4ikkiBamBoni collected $5.13 from pot
4ikkiBamBoni: doesn't show hand 
*** SUMMARY ***
Total pot $5.40 | Rake $0.27 
Board [7d 2c Kh]
Seat 1: W0odhouse (big blind) folded on the Flop
Seat 2: 4ikkiBamBoni collected ($5.13)
Seat 5: ARISTOTEL300 (button) folded before Flop (didn't bet)
Seat 6: Pon4uk.ua (small blind) folded before Flop



PokerStars Hand #254362925869:  Hold'em No Limit ($0.50/$1.00 USD) - 2025/01/14 7:54:03 WET [2025/01/14 2:54:03 ET]
Table 'Psyche III' 6-max Seat #6 is the button
Seat 1: W0odhouse ($99.05 in chips) 
Seat 2: 4ikkiBamBoni ($102.68 in chips) 
Seat 5: ARISTOTEL300 ($101.50 in chips) 
Seat 6: Pon4uk.ua ($100 in chips) 
W0odhouse: posts small blind $0.50
4ikkiBamBoni: posts big blind $1
*** HOLE CARDS ***
ARISTOTEL300: folds 
Pon4uk.ua: folds 
W0odhouse: folds 
Uncalled bet ($0.50) returned to 4ikkiBamBoni
4ikkiBamBoni collected $1 from pot
4ikkiBamBoni: doesn't show hand 
*** SUMMARY ***
Total pot $1 | Rake $0 
Seat 1: W0odhouse (small blind) folded before Flop
Seat 2: 4ikkiBamBoni (big blind) collected ($1)
Seat 5: ARISTOTEL300 folded before Flop (didn't bet)
Seat 6: Pon4uk.ua (button) folded before Flop (didn't bet)



PokerStars Hand #254362927313:  Hold'em No Limit ($0.50/$1.00 USD) - 2025/01/14 7:54:24 WET [2025/01/14 2:54:24 ET]
Table 'Psyche III' 6-max Seat #1 is the button
Seat 1: W0odhouse ($98.55 in chips) 
Seat 2: 4ikkiBamBoni ($103.18 in chips) 
Seat 5: ARISTOTEL300 ($101.50 in chips) 
Seat 6: Pon4uk.ua ($100 in chips) 
4ikkiBamBoni: posts small blind $0.50
ARISTOTEL300: posts big blind $1
*** HOLE CARDS ***
Pon4uk.ua: folds 
W0odhouse: raises $1.75 to $2.75
4ikkiBamBoni: folds 
ARISTOTEL300: raises $6 to $8.75
JasperJase01 joins the table at seat #3 
JasperJase01 is disconnected 
XattexStomil joins the table at seat #4 
W0odhouse: calls $6
*** FLOP *** [3h Ah Js]
ARISTOTEL300: checks 
W0odhouse: checks 
*** TURN *** [3h Ah Js] [9s]
ARISTOTEL300: bets $8.55
W0odhouse: folds 
Uncalled bet ($8.55) returned to ARISTOTEL300
ARISTOTEL300 collected $17.10 from pot
ARISTOTEL300: doesn't show hand 
*** SUMMARY ***
Total pot $18 | Rake $0.90 
Board [3h Ah Js 9s]
Seat 1: W0odhouse (button) folded on the Turn
Seat 2: 4ikkiBamBoni (small blind) folded before Flop
Seat 5: ARISTOTEL300 (big blind) collected ($17.10)
Seat 6: Pon4uk.ua folded before Flop (didn't bet)



PokerStars Hand #254362931747:  Hold'em No Limit ($0.50/$1.00 USD) - 2025/01/14 7:55:26 WET [2025/01/14 2:55:26 ET]
Table 'Psyche III' 6-max Seat #2 is the button
Seat 3: JasperJase01 ($73.68 in chips) is sitting out
Seat 4: XattexStomil ($101 in chips) is sitting out
Seat 1: W0odhouse ($89.80 in chips) 
Seat 2: 4ikkiBamBoni ($102.68 in chips) 
Seat 5: ARISTOTEL300 ($109.85 in chips) 
Seat 6: Pon4uk.ua ($100 in chips) 
ARISTOTEL300: posts small blind $0.50
Pon4uk.ua: posts big blind $1
*** HOLE CARDS ***
W0odhouse: folds 
4ikkiBamBoni: folds 
ARISTOTEL300: folds 
Uncalled bet ($0.50) returned to Pon4uk.ua
Pon4uk.ua collected $1 from pot
Pon4uk.ua: doesn't show hand 
*** SUMMARY ***
Total pot $1 | Rake $0 
Seat 3: JasperJase01
Seat 4: XattexStomil
Seat 1: W0odhouse folded before Flop (didn't bet)
Seat 2: 4ikkiBamBoni (button) folded before Flop (didn't bet)
Seat 5: ARISTOTEL300 (small blind) folded before Flop
Seat 6: Pon4uk.ua (big blind) collected ($1)



PokerStars Hand #254362932895:  Hold'em No Limit ($0.50/$1.00 USD) - 2025/01/14 7:55:44 WET [2025/01/14 2:55:44 ET]
Table 'Psyche III' 6-max Seat #5 is the button
Seat 4: XattexStomil ($101 in chips) is sitting out
Seat 1: W0odhouse ($89.80 in chips) 
Seat 2: 4ikkiBamBoni ($102.68 in chips) 
Seat 3: JasperJase01 ($73.68 in chips) 
Seat 5: ARISTOTEL300 ($109.35 in chips) 
Seat 6: Pon4uk.ua ($100.50 in chips) 
Pon4uk.ua: posts small blind $0.50
W0odhouse: posts big blind $1
JasperJase01: posts big blind $1
XattexStomil: sits out 
*** HOLE CARDS ***
4ikkiBamBoni: folds 
JasperJase01: checks 
ARISTOTEL300: folds 
Pon4uk.ua: folds 
W0odhouse: checks 
*** FLOP *** [9c Qs 2h]
W0odhouse: checks 
JasperJase01: checks 
*** TURN *** [9c Qs 2h] [Tc]
W0odhouse: checks 
JasperJase01: checks 
*** RIVER *** [9c Qs 2h Tc] [7c]
W0odhouse: bets $1.59
JasperJase01: folds 
Uncalled bet ($1.59) returned to W0odhouse
W0odhouse collected $2.38 from pot
W0odhouse: doesn't show hand 
*** SUMMARY ***
Total pot $2.50 | Rake $0.12 
Board [9c Qs 2h Tc 7c]
Seat 4: XattexStomil
Seat 1: W0odhouse (big blind) collected ($2.38)
Seat 2: 4ikkiBamBoni folded before Flop (didn't bet)
Seat 3: JasperJase01 folded on the River (didn't bet)
Seat 5: ARISTOTEL300 (button) folded before Flop (didn't bet)
Seat 6: Pon4uk.ua (small blind) folded before Flop



PokerStars Hand #254362937810:  Hold'em No Limit ($0.50/$1.00 USD) - 2025/01/14 7:57:01 WET [2025/01/14 2:57:01 ET]
Table 'Psyche III' 6-max Seat #6 is the button
Seat 4: XattexStomil ($101 in chips) is sitting out
Seat 1: W0odhouse ($91.18 in chips) 
Seat 2: 4ikkiBamBoni ($102.68 in chips) 
Seat 3: JasperJase01 ($72.68 in chips) 
Seat 5: ARISTOTEL300 ($109.35 in chips) 
Seat 6: Pon4uk.ua ($100 in chips) 
W0odhouse: posts small blind $0.50
4ikkiBamBoni: posts big blind $1
XattexStomil: sits out 
*** HOLE CARDS ***
JasperJase01: folds 
ARISTOTEL300: folds 
Pon4uk.ua: folds 
W0odhouse: raises $2.50 to $3.50
4ikkiBamBoni: calls $2.50
*** FLOP *** [8h 7d Ad]
W0odhouse: bets $2.19
4ikkiBamBoni: calls $2.19
*** TURN *** [8h 7d Ad] [Js]
W0odhouse: bets $7.24
4ikkiBamBoni: folds 
Uncalled bet ($7.24) returned to W0odhouse
W0odhouse collected $10.81 from pot
W0odhouse: doesn't show hand 
*** SUMMARY ***
Total pot $11.38 | Rake $0.57 
Board [8h 7d Ad Js]
Seat 4: XattexStomil
Seat 1: W0odhouse (small blind) collected ($10.81)
Seat 2: 4ikkiBamBoni (big blind) folded on the Turn
Seat 3: JasperJase01 folded before Flop (didn't bet)
Seat 5: ARISTOTEL300 folded before Flop (didn't bet)
Seat 6: Pon4uk.ua (button) folded before Flop (didn't bet)



PokerStars Hand #254362940246:  Hold'em No Limit ($0.50/$1.00 USD) - 2025/01/14 7:57:38 WET [2025/01/14 2:57:38 ET]
Table 'Psyche III' 6-max Seat #1 is the button
Seat 4: XattexStomil ($101 in chips) is sitting out
Seat 1: W0odhouse ($96.30 in chips) 
Seat 2: 4ikkiBamBoni ($100 in chips) 
Seat 3: JasperJase01 ($72.68 in chips) 
Seat 5: ARISTOTEL300 ($109.35 in chips) 
Seat 6: Pon4uk.ua ($100 in chips) 
4ikkiBamBoni: posts small blind $0.50
JasperJase01: posts big blind $1
XattexStomil: sits out 
*** HOLE CARDS ***
ARISTOTEL300: folds 
Pon4uk.ua: folds 
W0odhouse: folds 
4ikkiBamBoni: raises $2.10 to $3.10
JasperJase01: folds 
Uncalled bet ($2.10) returned to 4ikkiBamBoni
4ikkiBamBoni collected $2 from pot
4ikkiBamBoni: doesn't show hand 
*** SUMMARY ***
Total pot $2 | Rake $0 
Seat 4: XattexStomil
Seat 1: W0odhouse (button) folded before Flop (didn't bet)
Seat 2: 4ikkiBamBoni (small blind) collected ($2)
Seat 3: JasperJase01 (big blind) folded before Flop
Seat 5: ARISTOTEL300 folded before Flop (didn't bet)
Seat 6: Pon4uk.ua folded before Flop (didn't bet)



PokerStars Hand #254362941239:  Hold'em No Limit ($0.50/$1.00 USD) - 2025/01/14 7:57:54 WET [2025/01/14 2:57:54 ET]
Table 'Psyche III' 6-max Seat #2 is the button
Seat 1: W0odhouse ($96.30 in chips) 
Seat 2: 4ikkiBamBoni ($101 in chips) 
Seat 3: JasperJase01 ($71.68 in chips) 
Seat 4: XattexStomil ($101 in chips) 
Seat 5: ARISTOTEL300 ($109.35 in chips) 
Seat 6: Pon4uk.ua ($100 in chips) 
JasperJase01: posts small blind $0.50
XattexStomil: posts big blind $1
*** HOLE CARDS ***
ARISTOTEL300: folds 
Pon4uk.ua: folds 
W0odhouse: folds 
4ikkiBamBoni: raises $1.20 to $2.20
JasperJase01: folds 
XattexStomil: folds 
Uncalled bet ($1.20) returned to 4ikkiBamBoni
4ikkiBamBoni collected $2.50 from pot
4ikkiBamBoni: doesn't show hand 
*** SUMMARY ***
Total pot $2.50 | Rake $0 
Seat 1: W0odhouse folded before Flop (didn't bet)
Seat 2: 4ikkiBamBoni (button) collected ($2.50)
Seat 3: JasperJase01 (small blind) folded before Flop
Seat 4: XattexStomil (big blind) folded before Flop
Seat 5: ARISTOTEL300 folded before Flop (didn't bet)
Seat 6: Pon4uk.ua folded before Flop (didn't bet)



PokerStars Hand #254362942255:  Hold'em No Limit ($0.50/$1.00 USD) - 2025/01/14 7:58:11 WET [2025/01/14 2:58:11 ET]
Table 'Psyche III' 6-max Seat #3 is the button
Seat 1: W0odhouse ($96.30 in chips) 
Seat 2: 4ikkiBamBoni ($102.50 in chips) 
Seat 3: JasperJase01 ($71.18 in chips) 
Seat 4: XattexStomil ($100 in chips) 
Seat 5: ARISTOTEL300 ($109.35 in chips) 
Seat 6: Pon4uk.ua ($100 in chips) 
XattexStomil: posts small blind $0.50
ARISTOTEL300: posts big blind $1
*** HOLE CARDS ***
Pon4uk.ua: folds 
W0odhouse: raises $1.75 to $2.75
4ikkiBamBoni: folds 
JasperJase01: folds 
XattexStomil: folds 
ARISTOTEL300: folds 
Uncalled bet ($1.75) returned to W0odhouse
W0odhouse collected $2.50 from pot
W0odhouse: doesn't show hand 
*** SUMMARY ***
Total pot $2.50 | Rake $0 
Seat 1: W0odhouse collected ($2.50)
Seat 2: 4ikkiBamBoni folded before Flop (didn't bet)
Seat 3: JasperJase01 (button) folded before Flop (didn't bet)
Seat 4: XattexStomil (small blind) folded before Flop
Seat 5: ARISTOTEL300 (big blind) folded before Flop
Seat 6: Pon4uk.ua folded before Flop (didn't bet)



PokerStars Hand #254362944303:  Hold'em No Limit ($0.50/$1.00 USD) - 2025/01/14 7:58:45 WET [2025/01/14 2:58:45 ET]
Table 'Psyche III' 6-max Seat #4 is the button
Seat 1: W0odhouse ($97.80 in chips) 
Seat 2: 4ikkiBamBoni ($102.50 in chips) 
Seat 3: JasperJase01 ($71.18 in chips) 
Seat 4: XattexStomil ($100 in chips) 
Seat 5: ARISTOTEL300 ($108.35 in chips) 
Seat 6: Pon4uk.ua ($100 in chips) 
ARISTOTEL300: posts small blind $0.50
Pon4uk.ua: posts big blind $1
*** HOLE CARDS ***
W0odhouse: folds 
4ikkiBamBoni: folds 
JasperJase01: raises $2 to $3
XattexStomil: folds 
ARISTOTEL300: folds 
Pon4uk.ua: folds 
Uncalled bet ($2) returned to JasperJase01
JasperJase01 collected $2.50 from pot
*** SUMMARY ***
Total pot $2.50 | Rake $0 
Seat 1: W0odhouse folded before Flop (didn't bet)
Seat 2: 4ikkiBamBoni folded before Flop (didn't bet)
Seat 3: JasperJase01 collected ($2.50)
Seat 4: XattexStomil (button) folded before Flop (didn't bet)
Seat 5: ARISTOTEL300 (small blind) folded before Flop
Seat 6: Pon4uk.ua (big blind) folded before Flop



PokerStars Hand #254362946373:  Hold'em No Limit ($0.50/$1.00 USD) - 2025/01/14 7:59:17 WET [2025/01/14 2:59:17 ET]
Table 'Psyche III' 6-max Seat #5 is the button
Seat 1: W0odhouse ($97.80 in chips) 
Seat 2: 4ikkiBamBoni ($102.50 in chips) 
Seat 3: JasperJase01 ($72.68 in chips) 
Seat 4: XattexStomil ($100 in chips) 
Seat 5: ARISTOTEL300 ($107.85 in chips) 
Seat 6: Pon4uk.ua ($100 in chips) 
Pon4uk.ua: posts small blind $0.50
W0odhouse: posts big blind $1
*** HOLE CARDS ***
4ikkiBamBoni: folds 
JasperJase01: folds 
XattexStomil: folds 
ARISTOTEL300: folds 
Pon4uk.ua: raises $1.75 to $2.75
W0odhouse: folds 
Uncalled bet ($1.75) returned to Pon4uk.ua
Pon4uk.ua collected $2 from pot
Pon4uk.ua: doesn't show hand 
*** SUMMARY ***
Total pot $2 | Rake $0 
Seat 1: W0odhouse (big blind) folded before Flop
Seat 2: 4ikkiBamBoni folded before Flop (didn't bet)
Seat 3: JasperJase01 folded before Flop (didn't bet)
Seat 4: XattexStomil folded before Flop (didn't bet)
Seat 5: ARISTOTEL300 (button) folded before Flop (didn't bet)
Seat 6: Pon4uk.ua (small blind) collected ($2)



PokerStars Hand #254362947988:  Hold'em No Limit ($0.50/$1.00 USD) - 2025/01/14 7:59:44 WET [2025/01/14 2:59:44 ET]
Table 'Psyche III' 6-max Seat #6 is the button
Seat 1: W0odhouse ($96.80 in chips) 
Seat 2: 4ikkiBamBoni ($102.50 in chips) 
Seat 3: JasperJase01 ($72.68 in chips) 
Seat 4: XattexStomil ($100 in chips) 
Seat 5: ARISTOTEL300 ($107.85 in chips) 
Seat 6: Pon4uk.ua ($101 in chips) 
W0odhouse: posts small blind $0.50
4ikkiBamBoni: posts big blind $1
*** HOLE CARDS ***
JasperJase01: raises $2 to $3
XattexStomil: folds 
ARISTOTEL300 has timed out
ARISTOTEL300: folds 
Pon4uk.ua: folds 
W0odhouse: folds 
4ikkiBamBoni: folds 
Uncalled bet ($2) returned to JasperJase01
JasperJase01 collected $2.50 from pot
*** SUMMARY ***
Total pot $2.50 | Rake $0 
Seat 1: W0odhouse (small blind) folded before Flop
Seat 2: 4ikkiBamBoni (big blind) folded before Flop
Seat 3: JasperJase01 collected ($2.50)
Seat 4: XattexStomil folded before Flop (didn't bet)
Seat 5: ARISTOTEL300 folded before Flop (didn't bet)
Seat 6: Pon4uk.ua (button) folded before Flop (didn't bet)



PokerStars Hand #254362950145:  Hold'em No Limit ($0.50/$1.00 USD) - 2025/01/14 8:00:18 WET [2025/01/14 3:00:18 ET]
Table 'Psyche III' 6-max Seat #1 is the button
Seat 1: W0odhouse ($96.30 in chips) 
Seat 2: 4ikkiBamBoni ($101.50 in chips) 
Seat 3: JasperJase01 ($74.18 in chips) 
Seat 4: XattexStomil ($100 in chips) 
Seat 5: ARISTOTEL300 ($107.85 in chips) 
Seat 6: Pon4uk.ua ($101 in chips) 
4ikkiBamBoni: posts small blind $0.50
JasperJase01: posts big blind $1
*** HOLE CARDS ***
XattexStomil: folds 
ARISTOTEL300: folds 
Pon4uk.ua: folds 
W0odhouse: raises $1.75 to $2.75
4ikkiBamBoni: folds 
JasperJase01: folds 
Uncalled bet ($1.75) returned to W0odhouse
W0odhouse collected $2.50 from pot
W0odhouse: doesn't show hand 
*** SUMMARY ***
Total pot $2.50 | Rake $0 
Seat 1: W0odhouse (button) collected ($2.50)
Seat 2: 4ikkiBamBoni (small blind) folded before Flop
Seat 3: JasperJase01 (big blind) folded before Flop
Seat 4: XattexStomil folded before Flop (didn't bet)
Seat 5: ARISTOTEL300 folded before Flop (didn't bet)
Seat 6: Pon4uk.ua folded before Flop (didn't bet)



PokerStars Hand #254362951836:  Hold'em No Limit ($0.50/$1.00 USD) - 2025/01/14 8:00:44 WET [2025/01/14 3:00:44 ET]
Table 'Psyche III' 6-max Seat #2 is the button
Seat 1: W0odhouse ($97.80 in chips) 
Seat 2: 4ikkiBamBoni ($101 in chips) 
Seat 3: JasperJase01 ($73.18 in chips) 
Seat 4: XattexStomil ($100 in chips) 
Seat 5: ARISTOTEL300 ($107.85 in chips) 
Seat 6: Pon4uk.ua ($101 in chips) 
JasperJase01: posts small blind $0.50
XattexStomil: posts big blind $1
*** HOLE CARDS ***
ARISTOTEL300 has timed out
ARISTOTEL300: folds 
Pon4uk.ua: folds 
W0odhouse: raises $1.75 to $2.75
4ikkiBamBoni: folds 
JasperJase01: calls $2.25
XattexStomil: folds 
*** FLOP *** [2c 9h 3d]
JasperJase01: checks 
W0odhouse: bets $2.04
JasperJase01: calls $2.04
*** TURN *** [2c 9h 3d] [Qc]
JasperJase01: checks 
W0odhouse: bets $6.73
JasperJase01: folds 
Uncalled bet ($6.73) returned to W0odhouse
W0odhouse collected $10.05 from pot
W0odhouse: doesn't show hand 
*** SUMMARY ***
Total pot $10.58 | Rake $0.53 
Board [2c 9h 3d Qc]
Seat 1: W0odhouse collected ($10.05)
Seat 2: 4ikkiBamBoni (button) folded before Flop (didn't bet)
Seat 3: JasperJase01 (small blind) folded on the Turn
Seat 4: XattexStomil (big blind) folded before Flop
Seat 5: ARISTOTEL300 folded before Flop (didn't bet)
Seat 6: Pon4uk.ua folded before Flop (didn't bet)



PokerStars Hand #254362955632:  Hold'em No Limit ($0.50/$1.00 USD) - 2025/01/14 8:01:41 WET [2025/01/14 3:01:41 ET]
Table 'Psyche III' 6-max Seat #3 is the button
Seat 1: W0odhouse ($103.06 in chips) 
Seat 2: 4ikkiBamBoni ($101 in chips) 
Seat 3: JasperJase01 ($68.39 in chips) 
Seat 4: XattexStomil ($100 in chips) 
Seat 5: ARISTOTEL300 ($107.85 in chips) 
Seat 6: Pon4uk.ua ($101 in chips) 
XattexStomil: posts small blind $0.50
ARISTOTEL300: posts big blind $1
*** HOLE CARDS ***
Pon4uk.ua: folds 
W0odhouse: folds 
4ikkiBamBoni: raises $1.45 to $2.45
JasperJase01: folds 
XattexStomil: folds 
ARISTOTEL300: calls $1.45
*** FLOP *** [Ts 9c 8d]
ARISTOTEL300: checks 
4ikkiBamBoni: checks 
*** TURN *** [Ts 9c 8d] [9d]
ARISTOTEL300: checks 
4ikkiBamBoni: checks 
*** RIVER *** [Ts 9c 8d 9d] [7h]
ARISTOTEL300: checks 
4ikkiBamBoni: checks 
*** SHOW DOWN ***
ARISTOTEL300: shows [4c 4d] (two pair, Nines and Fours)
4ikkiBamBoni: mucks hand 
ARISTOTEL300 collected $5.13 from pot
*** SUMMARY ***
Total pot $5.40 | Rake $0.27 
Board [Ts 9c 8d 9d 7h]
Seat 1: W0odhouse folded before Flop (didn't bet)
Seat 2: 4ikkiBamBoni mucked
Seat 3: JasperJase01 (button) folded before Flop (didn't bet)
Seat 4: XattexStomil (small blind) folded before Flop
Seat 5: ARISTOTEL300 (big blind) showed [4c 4d] and won ($5.13) with two pair, Nines and Fours
Seat 6: Pon4uk.ua folded before Flop (didn't bet)



PokerStars Hand #254362957876:  Hold'em No Limit ($0.50/$1.00 USD) - 2025/01/14 8:02:13 WET [2025/01/14 3:02:13 ET]
Table 'Psyche III' 6-max Seat #4 is the button
Seat 1: W0odhouse ($103.06 in chips) 
Seat 2: 4ikkiBamBoni ($100 in chips) 
Seat 3: JasperJase01 ($68.39 in chips) 
Seat 4: XattexStomil ($100 in chips) 
Seat 5: ARISTOTEL300 ($110.53 in chips) 
Seat 6: Pon4uk.ua ($101 in chips) 
ARISTOTEL300: posts small blind $0.50
Pon4uk.ua: posts big blind $1
*** HOLE CARDS ***
W0odhouse: raises $1.75 to $2.75
4ikkiBamBoni: raises $5.91 to $8.66
JasperJase01: folds 
XattexStomil: folds 
ARISTOTEL300: folds 
Pon4uk.ua: folds 
W0odhouse: folds 
Uncalled bet ($5.91) returned to 4ikkiBamBoni
4ikkiBamBoni collected $7 from pot
4ikkiBamBoni: doesn't show hand 
*** SUMMARY ***
Total pot $7 | Rake $0 
Seat 1: W0odhouse folded before Flop
Seat 2: 4ikkiBamBoni collected ($7)
Seat 3: JasperJase01 folded before Flop (didn't bet)
Seat 4: XattexStomil (button) folded before Flop (didn't bet)
Seat 5: ARISTOTEL300 (small blind) folded before Flop
Seat 6: Pon4uk.ua (big blind) folded before Flop



PokerStars Hand #254362960931:  Hold'em No Limit ($0.50/$1.00 USD) - 2025/01/14 8:02:56 WET [2025/01/14 3:02:56 ET]
Table 'Psyche III' 6-max Seat #5 is the button
Seat 1: W0odhouse ($100.31 in chips) 
Seat 2: 4ikkiBamBoni ($104.25 in chips) 
Seat 3: JasperJase01 ($68.39 in chips) 
Seat 4: XattexStomil ($100 in chips) 
Seat 5: ARISTOTEL300 ($110.03 in chips) 
Seat 6: Pon4uk.ua ($100 in chips) 
Pon4uk.ua: posts small blind $0.50
W0odhouse: posts big blind $1
*** HOLE CARDS ***
4ikkiBamBoni: folds 
JasperJase01: raises $2 to $3
XattexStomil: folds 
ARISTOTEL300: folds 
Pon4uk.ua: raises $7.50 to $10.50
W0odhouse: folds 
JasperJase01: calls $7.50
*** FLOP *** [9d 6d Ts]
Pon4uk.ua: checks 
JasperJase01: bets $9.45
Pon4uk.ua: raises $61.69 to $71.14
JasperJase01: calls $48.44 and is all-in
Uncalled bet ($13.25) returned to Pon4uk.ua
*** TURN *** [9d 6d Ts] [2h]
*** RIVER *** [9d 6d Ts 2h] [Kc]
*** SHOW DOWN ***
Pon4uk.ua: shows [Ac As] (a pair of Aces)
JasperJase01: shows [9c 9s] (three of a kind, Nines)
JasperJase01 collected $135.28 from pot
*** SUMMARY ***
Total pot $137.78 | Rake $2.50 
Board [9d 6d Ts 2h Kc]
Seat 1: W0odhouse (big blind) folded before Flop
Seat 2: 4ikkiBamBoni folded before Flop (didn't bet)
Seat 3: JasperJase01 showed [9c 9s] and won ($135.28) with three of a kind, Nines
Seat 4: XattexStomil folded before Flop (didn't bet)
Seat 5: ARISTOTEL300 (button) folded before Flop (didn't bet)
Seat 6: Pon4uk.ua (small blind) showed [Ac As] and lost with a pair of Aces



PokerStars Hand #254362964383:  Hold'em No Limit ($0.50/$1.00 USD) - 2025/01/14 8:03:46 WET [2025/01/14 3:03:46 ET]
Table 'Psyche III' 6-max Seat #6 is the button
Seat 2: 4ikkiBamBoni ($104.25 in chips) is sitting out
Seat 1: W0odhouse ($99.31 in chips) 
Seat 3: JasperJase01 ($135.28 in chips) 
Seat 4: XattexStomil ($100 in chips) 
Seat 5: ARISTOTEL300 ($110.03 in chips) 
Seat 6: Pon4uk.ua ($100 in chips) 
W0odhouse: posts small blind $0.50
JasperJase01: posts big blind $1
*** HOLE CARDS ***
XattexStomil: folds 
ARISTOTEL300: folds 
Pon4uk.ua: raises $1.50 to $2.50
W0odhouse: raises $7.50 to $10
JasperJase01: folds 
Pon4uk.ua: folds 
Uncalled bet ($7.50) returned to W0odhouse
W0odhouse collected $6 from pot
W0odhouse: doesn't show hand 
JasperJase01 leaves the table
*** SUMMARY ***
Total pot $6 | Rake $0 
Seat 2: 4ikkiBamBoni
Seat 1: W0odhouse (small blind) collected ($6)
Seat 3: JasperJase01 (big blind) folded before Flop
Seat 4: XattexStomil folded before Flop (didn't bet)
Seat 5: ARISTOTEL300 folded before Flop (didn't bet)
Seat 6: Pon4uk.ua (button) folded before Flop



PokerStars Hand #254362965718:  Hold'em No Limit ($0.50/$1.00 USD) - 2025/01/14 8:04:04 WET [2025/01/14 3:04:04 ET]
Table 'Psyche III' 6-max Seat #1 is the button
Seat 2: 4ikkiBamBoni ($104.25 in chips) is sitting out
Seat 1: W0odhouse ($102.81 in chips) 
Seat 4: XattexStomil ($100 in chips) 
Seat 5: ARISTOTEL300 ($110.03 in chips) 
Seat 6: Pon4uk.ua ($100 in chips) 
XattexStomil: posts small blind $0.50
ARISTOTEL300: posts big blind $1
*** HOLE CARDS ***
Pon4uk.ua: folds 
W0odhouse: folds 
janarr5 joins the table at seat #3 
XattexStomil: folds 
Uncalled bet ($0.50) returned to ARISTOTEL300
ARISTOTEL300 collected $1 from pot
ARISTOTEL300: doesn't show hand 
*** SUMMARY ***
Total pot $1 | Rake $0 
Seat 2: 4ikkiBamBoni
Seat 1: W0odhouse (button) folded before Flop (didn't bet)
Seat 4: XattexStomil (small blind) folded before Flop
Seat 5: ARISTOTEL300 (big blind) collected ($1)
Seat 6: Pon4uk.ua folded before Flop (didn't bet)



PokerStars Hand #254362966739:  Hold'em No Limit ($0.50/$1.00 USD) - 2025/01/14 8:04:18 WET [2025/01/14 3:04:18 ET]
Table 'Psyche III' 6-max Seat #4 is the button
Seat 2: 4ikkiBamBoni ($104.25 in chips) is sitting out
Seat 3: janarr5 ($102.50 in chips) is sitting out
Seat 1: W0odhouse ($102.81 in chips) 
Seat 4: XattexStomil ($100 in chips) 
Seat 5: ARISTOTEL300 ($110.53 in chips) 
Seat 6: Pon4uk.ua ($100 in chips) 
ARISTOTEL300: posts small blind $0.50
Pon4uk.ua: posts big blind $1
janarr5: sits out 
*** HOLE CARDS ***
W0odhouse: folds 
XattexStomil: raises $1.50 to $2.50
ARISTOTEL300: folds 
Pon4uk.ua: folds 
Uncalled bet ($1.50) returned to XattexStomil
XattexStomil collected $2.50 from pot
XattexStomil: doesn't show hand 
*** SUMMARY ***
Total pot $2.50 | Rake $0 
Seat 2: 4ikkiBamBoni
Seat 3: janarr5
Seat 1: W0odhouse folded before Flop (didn't bet)
Seat 4: XattexStomil (button) collected ($2.50)
Seat 5: ARISTOTEL300 (small blind) folded before Flop
Seat 6: Pon4uk.ua (big blind) folded before Flop



PokerStars Hand #254362967929:  Hold'em No Limit ($0.50/$1.00 USD) - 2025/01/14 8:04:35 WET [2025/01/14 3:04:35 ET]
Table 'Psyche III' 6-max Seat #5 is the button
Seat 2: 4ikkiBamBoni ($104.25 in chips) is sitting out
Seat 3: janarr5 ($102.50 in chips) is sitting out
Seat 1: W0odhouse ($102.81 in chips) 
Seat 4: XattexStomil ($101.50 in chips) 
Seat 5: ARISTOTEL300 ($110.03 in chips) 
Seat 6: Pon4uk.ua ($100 in chips) 
Pon4uk.ua: posts small blind $0.50
W0odhouse: posts big blind $1
janarr5: sits out 
*** HOLE CARDS ***
XattexStomil: raises $1.50 to $2.50
ARISTOTEL300: folds 
Pon4uk.ua: folds 
W0odhouse: calls $1.50
*** FLOP *** [Qs Qh Kd]
W0odhouse: checks 
XattexStomil: bets $1.57
W0odhouse: folds 
Uncalled bet ($1.57) returned to XattexStomil
XattexStomil collected $5.22 from pot
XattexStomil: doesn't show hand 
*** SUMMARY ***
Total pot $5.50 | Rake $0.28 
Board [Qs Qh Kd]
Seat 2: 4ikkiBamBoni
Seat 3: janarr5
Seat 1: W0odhouse (big blind) folded on the Flop
Seat 4: XattexStomil collected ($5.22)
Seat 5: ARISTOTEL300 (button) folded before Flop (didn't bet)
Seat 6: Pon4uk.ua (small blind) folded before Flop



PokerStars Hand #254362970875:  Hold'em No Limit ($0.50/$1.00 USD) - 2025/01/14 8:05:15 WET [2025/01/14 3:05:15 ET]
Table 'Psyche III' 6-max Seat #6 is the button
Seat 2: 4ikkiBamBoni ($104.25 in chips) is sitting out
Seat 1: W0odhouse ($100.31 in chips) 
Seat 3: janarr5 ($102.50 in chips) 
Seat 4: XattexStomil ($104.22 in chips) 
Seat 5: ARISTOTEL300 ($110.03 in chips) 
Seat 6: Pon4uk.ua ($100 in chips) 
W0odhouse: posts small blind $0.50
janarr5: posts big blind $1
*** HOLE CARDS ***
XattexStomil: folds 
ARISTOTEL300: folds 
Pon4uk.ua: raises $1.50 to $2.50
W0odhouse: calls $2
janarr5: folds 
*** FLOP *** [9h 3h Ts]
W0odhouse: checks 
Pon4uk.ua: bets $4.28
W0odhouse: folds 
Uncalled bet ($4.28) returned to Pon4uk.ua
Pon4uk.ua collected $5.70 from pot
Pon4uk.ua: doesn't show hand 
*** SUMMARY ***
Total pot $6 | Rake $0.30 
Board [9h 3h Ts]
Seat 2: 4ikkiBamBoni
Seat 1: W0odhouse (small blind) folded on the Flop
Seat 3: janarr5 (big blind) folded before Flop
Seat 4: XattexStomil folded before Flop (didn't bet)
Seat 5: ARISTOTEL300 folded before Flop (didn't bet)
Seat 6: Pon4uk.ua (button) collected ($5.70)



PokerStars Hand #254362973212:  Hold'em No Limit ($0.50/$1.00 USD) - 2025/01/14 8:05:49 WET [2025/01/14 3:05:49 ET]
Table 'Psyche III' 6-max Seat #1 is the button
Seat 2: 4ikkiBamBoni ($104.25 in chips) is sitting out
Seat 1: W0odhouse ($97.81 in chips) 
Seat 3: janarr5 ($101.50 in chips) 
Seat 4: XattexStomil ($104.22 in chips) 
Seat 5: ARISTOTEL300 ($110.03 in chips) 
Seat 6: Pon4uk.ua ($103.20 in chips) 
janarr5: posts small blind $0.50
XattexStomil: posts big blind $1
*** HOLE CARDS ***
ARISTOTEL300: folds 
Pon4uk.ua: folds 
W0odhouse: folds 
janarr5: folds 
Uncalled bet ($0.50) returned to XattexStomil
XattexStomil collected $1 from pot
XattexStomil: doesn't show hand 
*** SUMMARY ***
Total pot $1 | Rake $0 
Seat 2: 4ikkiBamBoni
Seat 1: W0odhouse (button) folded before Flop (didn't bet)
Seat 3: janarr5 (small blind) folded before Flop
Seat 4: XattexStomil (big blind) collected ($1)
Seat 5: ARISTOTEL300 folded before Flop (didn't bet)
Seat 6: Pon4uk.ua folded before Flop (didn't bet)



PokerStars Hand #254362974494:  Hold'em No Limit ($0.50/$1.00 USD) - 2025/01/14 8:06:06 WET [2025/01/14 3:06:06 ET]
Table 'Psyche III' 6-max Seat #3 is the button
Seat 2: 4ikkiBamBoni ($104.25 in chips) is sitting out
Seat 1: W0odhouse ($97.81 in chips) 
Seat 3: janarr5 ($101 in chips) 
Seat 4: XattexStomil ($104.72 in chips) 
Seat 5: ARISTOTEL300 ($110.03 in chips) 
Seat 6: Pon4uk.ua ($103.20 in chips) 
XattexStomil: posts small blind $0.50
ARISTOTEL300: posts big blind $1
*** HOLE CARDS ***
Pon4uk.ua: folds 
W0odhouse: folds 
janarr5: raises $1.50 to $2.50
XattexStomil: folds 
ARISTOTEL300: folds 
Uncalled bet ($1.50) returned to janarr5
janarr5 collected $2.50 from pot
janarr5: doesn't show hand 
*** SUMMARY ***
Total pot $2.50 | Rake $0 
Seat 2: 4ikkiBamBoni
Seat 1: W0odhouse folded before Flop (didn't bet)
Seat 3: janarr5 (button) collected ($2.50)
Seat 4: XattexStomil (small blind) folded before Flop
Seat 5: ARISTOTEL300 (big blind) folded before Flop
Seat 6: Pon4uk.ua folded before Flop (didn't bet)



PokerStars Hand #254362975534:  Hold'em No Limit ($0.50/$1.00 USD) - 2025/01/14 8:06:21 WET [2025/01/14 3:06:21 ET]
Table 'Psyche III' 6-max Seat #4 is the button
Seat 2: 4ikkiBamBoni ($104.25 in chips) is sitting out
Seat 1: W0odhouse ($97.81 in chips) 
Seat 3: janarr5 ($102.50 in chips) 
Seat 4: XattexStomil ($104.22 in chips) 
Seat 5: ARISTOTEL300 ($109.03 in chips) 
Seat 6: Pon4uk.ua ($103.20 in chips) 
ARISTOTEL300: posts small blind $0.50
Pon4uk.ua: posts big blind $1
*** HOLE CARDS ***
W0odhouse: folds 
janarr5: folds 
XattexStomil: raises $1.50 to $2.50
ARISTOTEL300: folds 
Pon4uk.ua: calls $1.50
*** FLOP *** [6s 6d 9d]
Pon4uk.ua: checks 
XattexStomil: bets $2.09
Pon4uk.ua: calls $2.09
*** TURN *** [6s 6d 9d] [4s]
Pon4uk.ua: bets $3.04
XattexStomil: calls $3.04
*** RIVER *** [6s 6d 9d 4s] [8h]
Pon4uk.ua: checks 
XattexStomil: checks 
*** SHOW DOWN ***
Pon4uk.ua: shows [Qh 9s] (two pair, Nines and Sixes)
XattexStomil: mucks hand 
Pon4uk.ua collected $14.97 from pot
*** SUMMARY ***
Total pot $15.76 | Rake $0.79 
Board [6s 6d 9d 4s 8h]
Seat 2: 4ikkiBamBoni
Seat 1: W0odhouse folded before Flop (didn't bet)
Seat 3: janarr5 folded before Flop (didn't bet)
Seat 4: XattexStomil (button) mucked
Seat 5: ARISTOTEL300 (small blind) folded before Flop
Seat 6: Pon4uk.ua (big blind) showed [Qh 9s] and won ($14.97) with two pair, Nines and Sixes



PokerStars Hand #254362979711:  Hold'em No Limit ($0.50/$1.00 USD) - 2025/01/14 8:07:20 WET [2025/01/14 3:07:20 ET]
Table 'Psyche III' 6-max Seat #5 is the button
Seat 2: 4ikkiBamBoni ($104.25 in chips) is sitting out
Seat 1: W0odhouse ($97.81 in chips) 
Seat 3: janarr5 ($102.50 in chips) 
Seat 4: XattexStomil ($100 in chips) 
Seat 5: ARISTOTEL300 ($108.53 in chips) 
Seat 6: Pon4uk.ua ($110.54 in chips) 
Pon4uk.ua: posts small blind $0.50
W0odhouse: posts big blind $1
*** HOLE CARDS ***
janarr5: folds 
XattexStomil: folds 
ARISTOTEL300: folds 
Pon4uk.ua: raises $1.75 to $2.75
W0odhouse: calls $1.75
*** FLOP *** [Ks 2d 3c]
Pon4uk.ua: bets $1.72
W0odhouse: calls $1.72
*** TURN *** [Ks 2d 3c] [Ac]
Pon4uk.ua: bets $2.80
W0odhouse: calls $2.80
*** RIVER *** [Ks 2d 3c Ac] [8d]
Pon4uk.ua: checks 
W0odhouse: checks 
*** SHOW DOWN ***
Pon4uk.ua: shows [Qd Kh] (a pair of Kings)
W0odhouse: mucks hand 
Pon4uk.ua collected $13.81 from pot
*** SUMMARY ***
Total pot $14.54 | Rake $0.73 
Board [Ks 2d 3c Ac 8d]
Seat 2: 4ikkiBamBoni
Seat 1: W0odhouse (big blind) mucked
Seat 3: janarr5 folded before Flop (didn't bet)
Seat 4: XattexStomil folded before Flop (didn't bet)
Seat 5: ARISTOTEL300 (button) folded before Flop (didn't bet)
Seat 6: Pon4uk.ua (small blind) showed [Qd Kh] and won ($13.81) with a pair of Kings



PokerStars Hand #254362984338:  Hold'em No Limit ($0.50/$1.00 USD) - 2025/01/14 8:08:25 WET [2025/01/14 3:08:25 ET]
Table 'Psyche III' 6-max Seat #6 is the button
Seat 1: W0odhouse ($90.54 in chips) 
Seat 2: 4ikkiBamBoni ($104.25 in chips) 
Seat 3: janarr5 ($102.50 in chips) 
Seat 4: XattexStomil ($100 in chips) 
Seat 5: ARISTOTEL300 ($108.53 in chips) 
Seat 6: Pon4uk.ua ($117.08 in chips) 
W0odhouse: posts small blind $0.50
4ikkiBamBoni: posts big blind $1
*** HOLE CARDS ***
janarr5: folds 
XattexStomil: folds 
ARISTOTEL300: folds 
Pon4uk.ua: raises $1.50 to $2.50
W0odhouse: folds 
4ikkiBamBoni: calls $1.50
*** FLOP *** [4h 3c 8d]
4ikkiBamBoni: checks 
janarr5 leaves the table
Pon4uk.ua: bets $2.61
4ikkiBamBoni: calls $2.61
*** TURN *** [4h 3c 8d] [Jc]
4ikkiBamBoni: checks 
Pon4uk.ua: bets $7.64
4ikkiBamBoni: folds 
Uncalled bet ($7.64) returned to Pon4uk.ua
Pon4uk.ua collected $10.18 from pot
Pon4uk.ua: doesn't show hand 
*** SUMMARY ***
Total pot $10.72 | Rake $0.54 
Board [4h 3c 8d Jc]
Seat 1: W0odhouse (small blind) folded before Flop
Seat 2: 4ikkiBamBoni (big blind) folded on the Turn
Seat 3: janarr5 folded before Flop (didn't bet)
Seat 4: XattexStomil folded before Flop (didn't bet)
Seat 5: ARISTOTEL300 folded before Flop (didn't bet)
Seat 6: Pon4uk.ua (button) collected ($10.18)



PokerStars Hand #254362989313:  Hold'em No Limit ($0.50/$1.00 USD) - 2025/01/14 8:09:34 WET [2025/01/14 3:09:34 ET]
Table 'Psyche III' 6-max Seat #1 is the button
Seat 4: XattexStomil ($100 in chips) is sitting out
Seat 1: W0odhouse ($90.04 in chips) 
Seat 2: 4ikkiBamBoni ($100 in chips) 
Seat 5: ARISTOTEL300 ($108.53 in chips) 
Seat 6: Pon4uk.ua ($122.15 in chips) 
4ikkiBamBoni: posts small blind $0.50
XattexStomil: is sitting out 
ARISTOTEL300: posts big blind $1
*** HOLE CARDS ***
XattexStomil leaves the table
Pon4uk.ua: folds 
W0odhouse: raises $1.75 to $2.75
4ikkiBamBoni: folds 
ARISTOTEL300: folds 
Uncalled bet ($1.75) returned to W0odhouse
W0odhouse collected $2.50 from pot
W0odhouse: doesn't show hand 
*** SUMMARY ***
Total pot $2.50 | Rake $0 
Seat 4: XattexStomil
Seat 1: W0odhouse (button) collected ($2.50)
Seat 2: 4ikkiBamBoni (small blind) folded before Flop
Seat 5: ARISTOTEL300 (big blind) folded before Flop
Seat 6: Pon4uk.ua folded before Flop (didn't bet)



PokerStars Hand #254362991297:  Hold'em No Limit ($0.50/$1.00 USD) - 2025/01/14 8:10:01 WET [2025/01/14 3:10:01 ET]
Table 'Psyche III' 6-max Seat #2 is the button
Seat 1: W0odhouse ($91.54 in chips) is sitting out
Seat 2: 4ikkiBamBoni ($100 in chips) 
Seat 5: ARISTOTEL300 ($107.53 in chips) 
Seat 6: Pon4uk.ua ($122.15 in chips) 
ARISTOTEL300: posts small blind $0.50
Pon4uk.ua: posts big blind $1
*** HOLE CARDS ***
W0odhouse leaves the table
4ikkiBamBoni: folds 
ARISTOTEL300: folds 
Uncalled bet ($0.50) returned to Pon4uk.ua
Pon4uk.ua collected $1 from pot
Pon4uk.ua: doesn't show hand 
*** SUMMARY ***
Total pot $1 | Rake $0 
Seat 1: W0odhouse
Seat 2: 4ikkiBamBoni (button) folded before Flop (didn't bet)
Seat 5: ARISTOTEL300 (small blind) folded before Flop
Seat 6: Pon4uk.ua (big blind) collected ($1)



PokerStars Hand #254362992747:  Hold'em No Limit ($0.50/$1.00 USD) - 2025/01/14 8:10:21 WET [2025/01/14 3:10:21 ET]
Table 'Psyche III' 6-max Seat #6 is the button
Seat 2: 4ikkiBamBoni ($100 in chips) is sitting out
Seat 5: ARISTOTEL300 ($107.03 in chips) 
Seat 6: Pon4uk.ua ($122.65 in chips) 
Pon4uk.ua: posts small blind $0.50
4ikkiBamBoni: is sitting out 
ARISTOTEL300: posts big blind $1
*** HOLE CARDS ***
Pon4uk.ua: folds 
Uncalled bet ($0.50) returned to ARISTOTEL300
ARISTOTEL300 collected $1 from pot
ARISTOTEL300: doesn't show hand 
*** SUMMARY ***
Total pot $1 | Rake $0 
Seat 2: 4ikkiBamBoni
Seat 5: ARISTOTEL300 (big blind) collected ($1)
Seat 6: Pon4uk.ua (button) (small blind) folded before Flop



PokerStars Hand #254362993809:  Hold'em No Limit ($0.50/$1.00 USD) - 2025/01/14 8:10:35 WET [2025/01/14 3:10:35 ET]
Table 'Psyche III' 6-max Seat #5 is the button
Seat 2: 4ikkiBamBoni ($100 in chips) is sitting out
Seat 5: ARISTOTEL300 ($107.53 in chips) 
Seat 6: Pon4uk.ua ($122.15 in chips) 
ARISTOTEL300: posts small blind $0.50
Pon4uk.ua: posts big blind $1
*** HOLE CARDS ***
4ikkiBamBoni leaves the table
ARISTOTEL300: raises $1 to $2
Pon4uk.ua: folds 
Uncalled bet ($1) returned to ARISTOTEL300
ARISTOTEL300 collected $2 from pot
ARISTOTEL300: doesn't show hand 
*** SUMMARY ***
Total pot $2 | Rake $0 
Seat 2: 4ikkiBamBoni
Seat 5: ARISTOTEL300 (button) (small blind) collected ($2)
Seat 6: Pon4uk.ua (big blind) folded before Flop



PokerStars Hand #254362995898:  Hold'em No Limit ($0.50/$1.00 USD) - 2025/01/14 8:11:04 WET [2025/01/14 3:11:04 ET]
Table 'Psyche III' 6-max Seat #6 is the button
Seat 5: ARISTOTEL300 ($108.53 in chips) 
Seat 6: Pon4uk.ua ($121.15 in chips) 
Pon4uk.ua: posts small blind $0.50
ARISTOTEL300: posts big blind $1
*** HOLE CARDS ***
Pon4uk.ua: folds 
Uncalled bet ($0.50) returned to ARISTOTEL300
ARISTOTEL300 collected $1 from pot
ARISTOTEL300: doesn't show hand 
*** SUMMARY ***
Total pot $1 | Rake $0 
Seat 5: ARISTOTEL300 (big blind) collected ($1)
Seat 6: Pon4uk.ua (button) (small blind) folded before Flop



