PokerStars Hand #254364987484:  Hold'em No Limit ($0.50/$1.00 USD) - 2025/01/14 13:04:45 WET [2025/01/14 8:04:45 ET]
Table 'Vesta III' 6-max Seat #1 is the button
Seat 1: PayTaxOrDie ($104 in chips) 
Seat 2: m1lkdud ($100.50 in chips) 
Seat 3: mr.Jckpot ($100 in chips) 
Seat 4: Pippa83 ($106.80 in chips) 
Seat 5: Mariuoos ($100 in chips) 
m1lkdud: posts small blind $0.50
mr.Jckpot: posts big blind $1
*** HOLE CARDS ***
Pippa83: folds 
Mariuoos: raises $1 to $2
PayTaxOrDie: folds 
m1lkdud: folds 
mr.Jckpot: folds 
Uncalled bet ($1) returned to Mariuoos
Mariuoos collected $2.50 from pot
Mariuoos: doesn't show hand 
*** SUMMARY ***
Total pot $2.50 | Rake $0 
Seat 1: PayTaxOrDie (button) folded before Flop (didn't bet)
Seat 2: m1lkdud (small blind) folded before Flop
Seat 3: mr.Jckpot (big blind) folded before Flop
Seat 4: Pippa83 folded before Flop (didn't bet)
Seat 5: Mariuoos collected ($2.50)



PokerStars Hand #254364990787:  Hold'em No Limit ($0.50/$1.00 USD) - 2025/01/14 13:05:05 WET [2025/01/14 8:05:05 ET]
Table 'Vesta III' 6-max Seat #2 is the button
Seat 1: PayTaxOrDie ($104 in chips) 
Seat 2: m1lkdud ($100 in chips) 
Seat 3: mr.Jckpot ($100 in chips) 
Seat 4: Pippa83 ($106.80 in chips) 
Seat 5: Mariuoos ($101.50 in chips) 
mr.Jckpot: posts small blind $0.50
Pippa83: posts big blind $1
*** HOLE CARDS ***
Mariuoos: folds 
PayTaxOrDie: folds 
m1lkdud: folds 
mr.Jckpot: raises $2 to $3
Pippa83: folds 
Uncalled bet ($2) returned to mr.Jckpot
Kristo 914 joins the table at seat #6 
mr.Jckpot collected $2 from pot
mr.Jckpot: doesn't show hand 
*** SUMMARY ***
Total pot $2 | Rake $0 
Seat 1: PayTaxOrDie folded before Flop (didn't bet)
Seat 2: m1lkdud (button) folded before Flop (didn't bet)
Seat 3: mr.Jckpot (small blind) collected ($2)
Seat 4: Pippa83 (big blind) folded before Flop
Seat 5: Mariuoos folded before Flop (didn't bet)



PokerStars Hand #254364993120:  Hold'em No Limit ($0.50/$1.00 USD) - 2025/01/14 13:05:20 WET [2025/01/14 8:05:20 ET]
Table 'Vesta III' 6-max Seat #3 is the button
Seat 6: Kristo 914 ($100 in chips) is sitting out
Seat 1: PayTaxOrDie ($104 in chips) 
Seat 2: m1lkdud ($100 in chips) 
Seat 3: mr.Jckpot ($101 in chips) 
Seat 4: Pippa83 ($105.80 in chips) 
Seat 5: Mariuoos ($101.50 in chips) 
Pippa83: posts small blind $0.50
Mariuoos: posts big blind $1
Kristo 914: sits out 
*** HOLE CARDS ***
PayTaxOrDie: folds 
m1lkdud: folds 
mr.Jckpot: folds 
Pippa83: folds 
Uncalled bet ($0.50) returned to Mariuoos
Mariuoos collected $1 from pot
Mariuoos: doesn't show hand 
*** SUMMARY ***
Total pot $1 | Rake $0 
Seat 6: Kristo 914
Seat 1: PayTaxOrDie folded before Flop (didn't bet)
Seat 2: m1lkdud folded before Flop (didn't bet)
Seat 3: mr.Jckpot (button) folded before Flop (didn't bet)
Seat 4: Pippa83 (small blind) folded before Flop
Seat 5: Mariuoos (big blind) collected ($1)



PokerStars Hand #254364995050:  Hold'em No Limit ($0.50/$1.00 USD) - 2025/01/14 13:05:31 WET [2025/01/14 8:05:31 ET]
Table 'Vesta III' 6-max Seat #4 is the button
Seat 1: PayTaxOrDie ($104 in chips) 
Seat 2: m1lkdud ($100 in chips) 
Seat 3: mr.Jckpot ($101 in chips) 
Seat 4: Pippa83 ($105.30 in chips) 
Seat 5: Mariuoos ($102 in chips) 
Seat 6: Kristo 914 ($100 in chips) 
Mariuoos: posts small blind $0.50
Kristo 914: posts big blind $1
*** HOLE CARDS ***
PayTaxOrDie: folds 
m1lkdud: raises $2.50 to $3.50
mr.Jckpot: folds 
Pippa83: folds 
Mariuoos: folds 
Kristo 914: folds 
Uncalled bet ($2.50) returned to m1lkdud
m1lkdud collected $2.50 from pot
*** SUMMARY ***
Total pot $2.50 | Rake $0 
Seat 1: PayTaxOrDie folded before Flop (didn't bet)
Seat 2: m1lkdud collected ($2.50)
Seat 3: mr.Jckpot folded before Flop (didn't bet)
Seat 4: Pippa83 (button) folded before Flop (didn't bet)
Seat 5: Mariuoos (small blind) folded before Flop
Seat 6: Kristo 914 (big blind) folded before Flop



PokerStars Hand #254364998278:  Hold'em No Limit ($0.50/$1.00 USD) - 2025/01/14 13:05:51 WET [2025/01/14 8:05:51 ET]
Table 'Vesta III' 6-max Seat #5 is the button
Seat 1: PayTaxOrDie ($104 in chips) 
Seat 2: m1lkdud ($101.50 in chips) 
Seat 3: mr.Jckpot ($101 in chips) 
Seat 4: Pippa83 ($105.30 in chips) 
Seat 5: Mariuoos ($101.50 in chips) 
Seat 6: Kristo 914 ($100 in chips) 
Kristo 914: posts small blind $0.50
PayTaxOrDie: posts big blind $1
*** HOLE CARDS ***
m1lkdud: folds 
mr.Jckpot: raises $1.50 to $2.50
m1lkdud leaves the table
Pippa83: folds 
Mariuoos: folds 
Kristo 914: folds 
PayTaxOrDie: folds 
Uncalled bet ($1.50) returned to mr.Jckpot
mr.Jckpot collected $2.50 from pot
mr.Jckpot: doesn't show hand 
*** SUMMARY ***
Total pot $2.50 | Rake $0 
Seat 1: PayTaxOrDie (big blind) folded before Flop
Seat 2: m1lkdud folded before Flop (didn't bet)
Seat 3: mr.Jckpot collected ($2.50)
Seat 4: Pippa83 folded before Flop (didn't bet)
Seat 5: Mariuoos (button) folded before Flop (didn't bet)
Seat 6: Kristo 914 (small blind) folded before Flop



PokerStars Hand #254365001522:  Hold'em No Limit ($0.50/$1.00 USD) - 2025/01/14 13:06:11 WET [2025/01/14 8:06:11 ET]
Table 'Vesta III' 6-max Seat #6 is the button
Seat 1: PayTaxOrDie ($103 in chips) 
Seat 3: mr.Jckpot ($102.50 in chips) 
Seat 4: Pippa83 ($105.30 in chips) 
Seat 5: Mariuoos ($101.50 in chips) 
Seat 6: Kristo 914 ($100 in chips) 
PayTaxOrDie: posts small blind $0.50
mr.Jckpot: posts big blind $1
*** HOLE CARDS ***
Pippa83: folds 
Mariuoos: folds 
Kristo 914: raises $1.40 to $2.40
PayTaxOrDie: folds 
mr.Jckpot: folds 
Uncalled bet ($1.40) returned to Kristo 914
Kristo 914 collected $2.50 from pot
Kristo 914: doesn't show hand 
*** SUMMARY ***
Total pot $2.50 | Rake $0 
Seat 1: PayTaxOrDie (small blind) folded before Flop
Seat 3: mr.Jckpot (big blind) folded before Flop
Seat 4: Pippa83 folded before Flop (didn't bet)
Seat 5: Mariuoos folded before Flop (didn't bet)
Seat 6: Kristo 914 (button) collected ($2.50)



PokerStars Hand #254365004160:  Hold'em No Limit ($0.50/$1.00 USD) - 2025/01/14 13:06:28 WET [2025/01/14 8:06:28 ET]
Table 'Vesta III' 6-max Seat #1 is the button
Seat 1: PayTaxOrDie ($102.50 in chips) 
Seat 3: mr.Jckpot ($101.50 in chips) 
Seat 4: Pippa83 ($105.30 in chips) 
Seat 5: Mariuoos ($101.50 in chips) 
Seat 6: Kristo 914 ($101.50 in chips) 
mr.Jckpot: posts small blind $0.50
Pippa83: posts big blind $1
*** HOLE CARDS ***
Mariuoos: folds 
Kristo 914: folds 
PayTaxOrDie: raises $1.50 to $2.50
mr.Jckpot: folds 
Pippa83: folds 
Uncalled bet ($1.50) returned to PayTaxOrDie
PayTaxOrDie collected $2.50 from pot
PayTaxOrDie: doesn't show hand 
*** SUMMARY ***
Total pot $2.50 | Rake $0 
Seat 1: PayTaxOrDie (button) collected ($2.50)
Seat 3: mr.Jckpot (small blind) folded before Flop
Seat 4: Pippa83 (big blind) folded before Flop
Seat 5: Mariuoos folded before Flop (didn't bet)
Seat 6: Kristo 914 folded before Flop (didn't bet)



PokerStars Hand #254365006120:  Hold'em No Limit ($0.50/$1.00 USD) - 2025/01/14 13:06:40 WET [2025/01/14 8:06:40 ET]
Table 'Vesta III' 6-max Seat #3 is the button
Seat 1: PayTaxOrDie ($104 in chips) 
Seat 3: mr.Jckpot ($101 in chips) 
Seat 4: Pippa83 ($104.30 in chips) 
Seat 5: Mariuoos ($101.50 in chips) 
Seat 6: Kristo 914 ($101.50 in chips) 
Pippa83: posts small blind $0.50
Mariuoos: posts big blind $1
*** HOLE CARDS ***
Kristo 914: folds 
PayTaxOrDie: folds 
mr.Jckpot: folds 
Kristo 914 leaves the table
Pippa83: raises $2 to $3
Mariuoos: folds 
Uncalled bet ($2) returned to Pippa83
Pippa83 collected $2 from pot
Pippa83: doesn't show hand 
*** SUMMARY ***
Total pot $2 | Rake $0 
Seat 1: PayTaxOrDie folded before Flop (didn't bet)
Seat 3: mr.Jckpot (button) folded before Flop (didn't bet)
Seat 4: Pippa83 (small blind) collected ($2)
Seat 5: Mariuoos (big blind) folded before Flop
Seat 6: Kristo 914 folded before Flop (didn't bet)



PokerStars Hand #254365010913:  Hold'em No Limit ($0.50/$1.00 USD) - 2025/01/14 13:07:10 WET [2025/01/14 8:07:10 ET]
Table 'Vesta III' 6-max Seat #4 is the button
Seat 1: PayTaxOrDie ($104 in chips) 
Seat 3: mr.Jckpot ($101 in chips) 
Seat 4: Pippa83 ($105.30 in chips) 
Seat 5: Mariuoos ($100.50 in chips) 
Mariuoos: posts small blind $0.50
PayTaxOrDie: posts big blind $1
*** HOLE CARDS ***
mr.Jckpot: folds 
Pippa83: folds 
Mariuoos: raises $2 to $3
PayTaxOrDie: calls $2
*** FLOP *** [2d As 5c]
Mariuoos: checks 
PayTaxOrDie: checks 
*** TURN *** [2d As 5c] [2s]
Mariuoos: checks 
franco232315 joins the table at seat #6 
PayTaxOrDie: checks 
*** RIVER *** [2d As 5c 2s] [Js]
Mariuoos: checks 
PayTaxOrDie: checks 
*** SHOW DOWN ***
Mariuoos: shows [Th Kh] (a pair of Deuces)
PayTaxOrDie: shows [Tc Kc] (a pair of Deuces)
Mariuoos collected $2.85 from pot
PayTaxOrDie collected $2.85 from pot
*** SUMMARY ***
Total pot $6 | Rake $0.30 
Board [2d As 5c 2s Js]
Seat 1: PayTaxOrDie (big blind) showed [Tc Kc] and won ($2.85) with a pair of Deuces
Seat 3: mr.Jckpot folded before Flop (didn't bet)
Seat 4: Pippa83 (button) folded before Flop (didn't bet)
Seat 5: Mariuoos (small blind) showed [Th Kh] and won ($2.85) with a pair of Deuces



PokerStars Hand #254365021620:  Hold'em No Limit ($0.50/$1.00 USD) - 2025/01/14 13:08:17 WET [2025/01/14 8:08:17 ET]
Table 'Vesta III' 6-max Seat #5 is the button
Seat 3: mr.Jckpot ($101 in chips) is sitting out
Seat 6: franco232315 ($100 in chips) is sitting out
Seat 1: PayTaxOrDie ($103.85 in chips) 
Seat 4: Pippa83 ($105.30 in chips) 
Seat 5: Mariuoos ($100.35 in chips) 
PayTaxOrDie: posts small blind $0.50
mr.Jckpot: is sitting out 
Pippa83: posts big blind $1
*** HOLE CARDS ***
mr.Jckpot leaves the table
franco232315 leaves the table
Mariuoos: raises $1.50 to $2.50
PayTaxOrDie: folds 
Pippa83: raises $9.50 to $12
Mariuoos: folds 
Uncalled bet ($9.50) returned to Pippa83
Pippa83 collected $5.50 from pot
Pippa83: doesn't show hand 
*** SUMMARY ***
Total pot $5.50 | Rake $0 
Seat 3: mr.Jckpot
Seat 6: franco232315
Seat 1: PayTaxOrDie (small blind) folded before Flop
Seat 4: Pippa83 (big blind) collected ($5.50)
Seat 5: Mariuoos (button) folded before Flop



PokerStars Hand #254365026164:  Hold'em No Limit ($0.50/$1.00 USD) - 2025/01/14 13:08:45 WET [2025/01/14 8:08:45 ET]
Table 'Vesta III' 6-max Seat #1 is the button
Seat 1: PayTaxOrDie ($103.35 in chips) 
Seat 4: Pippa83 ($108.30 in chips) 
Seat 5: Mariuoos ($100 in chips) 
Pippa83: posts small blind $0.50
Mariuoos: posts big blind $1
*** HOLE CARDS ***
PayTaxOrDie: raises $1.50 to $2.50
Pippa83: folds 
Mariuoos: folds 
Uncalled bet ($1.50) returned to PayTaxOrDie
PayTaxOrDie collected $2.50 from pot
PayTaxOrDie: doesn't show hand 
*** SUMMARY ***
Total pot $2.50 | Rake $0 
Seat 1: PayTaxOrDie (button) collected ($2.50)
Seat 4: Pippa83 (small blind) folded before Flop
Seat 5: Mariuoos (big blind) folded before Flop



PokerStars Hand #254365027905:  Hold'em No Limit ($0.50/$1.00 USD) - 2025/01/14 13:08:56 WET [2025/01/14 8:08:56 ET]
Table 'Vesta III' 6-max Seat #4 is the button
Seat 1: PayTaxOrDie ($104.85 in chips) 
Seat 4: Pippa83 ($107.80 in chips) 
Seat 5: Mariuoos ($100 in chips) 
Mariuoos: posts small blind $0.50
PayTaxOrDie: posts big blind $1
*** HOLE CARDS ***
Pippa83: folds 
Pippa83 leaves the table
Mariuoos: raises $2 to $3
PayTaxOrDie: calls $2
*** FLOP *** [Kc 7h Jd]
Mariuoos: bets $1.43
PayTaxOrDie: calls $1.43
*** TURN *** [Kc 7h Jd] [6s]
Mariuoos: checks 
PayTaxOrDie: bets $3.37
Mariuoos: calls $3.37
*** RIVER *** [Kc 7h Jd 6s] [4d]
Mariuoos: checks 
PayTaxOrDie: bets $9.78
Mariuoos: calls $9.78
*** SHOW DOWN ***
PayTaxOrDie: shows [Kd Td] (a pair of Kings)
Mariuoos: mucks hand 
PayTaxOrDie collected $34.16 from pot
*** SUMMARY ***
Total pot $35.16 | Rake $1 
Board [Kc 7h Jd 6s 4d]
Seat 1: PayTaxOrDie (big blind) showed [Kd Td] and won ($34.16) with a pair of Kings
Seat 4: Pippa83 (button) folded before Flop (didn't bet)
Seat 5: Mariuoos (small blind) mucked



