PokerStars Hand #254376550518:  Hold'em No Limit ($0.50/$1.00 USD) - 2025/01/14 1:42:44 WET [2025/01/14 20:42:44 ET]
Table 'Arctica III' 6-max Seat #4 is the button
Seat 1: kevinq500 ($40 in chips) 
Seat 2: Eredar5 ($100 in chips) 
Seat 3: rostickkin ($100 in chips) 
Seat 4: XneferX ($100 in chips) 
Seat 5: MaRKiToScoK ($100 in chips) 
Seat 6: equilibrium_tv ($40 in chips) 
MaRKiToScoK: posts small blind $0.50
equilibrium_tv: posts big blind $1
*** HOLE CARDS ***
kevinq500: raises $1 to $2
Eredar5: folds 
rostickkin: folds 
XneferX: folds 
MaRKiToScoK: folds 
equilibrium_tv: folds 
Uncalled bet ($1) returned to kevinq500
kevinq500 collected $2.50 from pot
*** SUMMARY ***
Total pot $2.50 | Rake $0 
Seat 1: kevinq500 collected ($2.50)
Seat 2: Eredar5 folded before Flop (didn't bet)
Seat 3: rostickkin folded before Flop (didn't bet)
Seat 4: XneferX (button) folded before Flop (didn't bet)
Seat 5: MaRKiToScoK (small blind) folded before Flop
Seat 6: equilibrium_tv (big blind) folded before Flop



PokerStars Hand #254376556153:  Hold'em No Limit ($0.50/$1.00 USD) - 2025/01/14 1:43:16 WET [2025/01/14 20:43:16 ET]
Table 'Arctica III' 6-max Seat #5 is the button
Seat 1: kevinq500 ($41.50 in chips) 
Seat 2: Eredar5 ($100 in chips) 
Seat 3: rostickkin ($100 in chips) 
Seat 4: XneferX ($100 in chips) 
Seat 5: MaRKiToScoK ($100 in chips) 
Seat 6: equilibrium_tv ($42 in chips) 
equilibrium_tv: posts small blind $0.50
kevinq500: posts big blind $1
*** HOLE CARDS ***
Eredar5: folds 
rostickkin: folds 
XneferX: folds 
MaRKiToScoK: raises $1.30 to $2.30
equilibrium_tv: folds 
kevinq500: calls $1.30
*** FLOP *** [Ks 7s Td]
kevinq500: bets $2
MaRKiToScoK: calls $2
*** TURN *** [Ks 7s Td] [3h]
kevinq500: bets $3
MaRKiToScoK: calls $3
*** RIVER *** [Ks 7s Td 3h] [6s]
kevinq500: bets $7
MaRKiToScoK: folds 
Uncalled bet ($7) returned to kevinq500
kevinq500 collected $14.34 from pot
*** SUMMARY ***
Total pot $15.10 | Rake $0.76 
Board [Ks 7s Td 3h 6s]
Seat 1: kevinq500 (big blind) collected ($14.34)
Seat 2: Eredar5 folded before Flop (didn't bet)
Seat 3: rostickkin folded before Flop (didn't bet)
Seat 4: XneferX folded before Flop (didn't bet)
Seat 5: MaRKiToScoK (button) folded on the River
Seat 6: equilibrium_tv (small blind) folded before Flop



PokerStars Hand #254376564197:  Hold'em No Limit ($0.50/$1.00 USD) - 2025/01/14 1:44:04 WET [2025/01/14 20:44:04 ET]
Table 'Arctica III' 6-max Seat #6 is the button
Seat 1: kevinq500 ($48.54 in chips) 
Seat 2: Eredar5 ($100 in chips) 
Seat 3: rostickkin ($100 in chips) 
Seat 4: XneferX ($100 in chips) 
Seat 5: MaRKiToScoK ($100 in chips) 
Seat 6: equilibrium_tv ($41.50 in chips) 
kevinq500: posts small blind $0.50
Eredar5: posts big blind $1
*** HOLE CARDS ***
rostickkin: raises $1.20 to $2.20
XneferX: folds 
MaRKiToScoK: folds 
equilibrium_tv: calls $2.20
kevinq500: folds 
Eredar5: calls $1.20
*** FLOP *** [6s Ah 2c]
Eredar5: checks 
rostickkin: checks 
equilibrium_tv: checks 
*** TURN *** [6s Ah 2c] [Qh]
Eredar5: checks 
rostickkin: bets $2.29
equilibrium_tv: calls $2.29
Eredar5: folds 
*** RIVER *** [6s Ah 2c Qh] [4c]
rostickkin: bets $8.44
equilibrium_tv: calls $8.44
*** SHOW DOWN ***
rostickkin: shows [9h Th] (high card Ace)
equilibrium_tv: shows [Ks Qs] (a pair of Queens)
equilibrium_tv collected $27.13 from pot
*** SUMMARY ***
Total pot $28.56 | Rake $1.43 
Board [6s Ah 2c Qh 4c]
Seat 1: kevinq500 (small blind) folded before Flop
Seat 2: Eredar5 (big blind) folded on the Turn
Seat 3: rostickkin showed [9h Th] and lost with high card Ace
Seat 4: XneferX folded before Flop (didn't bet)
Seat 5: MaRKiToScoK folded before Flop (didn't bet)
Seat 6: equilibrium_tv (button) showed [Ks Qs] and won ($27.13) with a pair of Queens



PokerStars Hand #254376577994:  Hold'em No Limit ($0.50/$1.00 USD) - 2025/01/14 1:45:24 WET [2025/01/14 20:45:24 ET]
Table 'Arctica III' 6-max Seat #1 is the button
Seat 1: kevinq500 ($48.04 in chips) 
Seat 2: Eredar5 ($100 in chips) 
Seat 3: rostickkin ($100 in chips) 
Seat 4: XneferX ($100 in chips) 
Seat 5: MaRKiToScoK ($100 in chips) 
Seat 6: equilibrium_tv ($62.70 in chips) 
Eredar5: posts small blind $0.50
rostickkin: posts big blind $1
*** HOLE CARDS ***
XneferX: folds 
MaRKiToScoK: raises $1.10 to $2.10
equilibrium_tv: folds 
kevinq500: folds 
Eredar5: folds 
rostickkin: folds 
Uncalled bet ($1.10) returned to MaRKiToScoK
MaRKiToScoK collected $2.50 from pot
*** SUMMARY ***
Total pot $2.50 | Rake $0 
Seat 1: kevinq500 (button) folded before Flop (didn't bet)
Seat 2: Eredar5 (small blind) folded before Flop
Seat 3: rostickkin (big blind) folded before Flop
Seat 4: XneferX folded before Flop (didn't bet)
Seat 5: MaRKiToScoK collected ($2.50)
Seat 6: equilibrium_tv folded before Flop (didn't bet)



PokerStars Hand #254376582810:  Hold'em No Limit ($0.50/$1.00 USD) - 2025/01/14 1:45:53 WET [2025/01/14 20:45:53 ET]
Table 'Arctica III' 6-max Seat #2 is the button
Seat 1: kevinq500 ($48.04 in chips) 
Seat 2: Eredar5 ($100 in chips) 
Seat 3: rostickkin ($100 in chips) 
Seat 4: XneferX ($100 in chips) 
Seat 5: MaRKiToScoK ($101.50 in chips) 
Seat 6: equilibrium_tv ($62.70 in chips) 
rostickkin: posts small blind $0.50
XneferX: posts big blind $1
*** HOLE CARDS ***
MaRKiToScoK: folds 
equilibrium_tv: folds 
kevinq500: folds 
Eredar5: folds 
rostickkin: folds 
Uncalled bet ($0.50) returned to XneferX
XneferX collected $1 from pot
XneferX: doesn't show hand 
*** SUMMARY ***
Total pot $1 | Rake $0 
Seat 1: kevinq500 folded before Flop (didn't bet)
Seat 2: Eredar5 (button) folded before Flop (didn't bet)
Seat 3: rostickkin (small blind) folded before Flop
Seat 4: XneferX (big blind) collected ($1)
Seat 5: MaRKiToScoK folded before Flop (didn't bet)
Seat 6: equilibrium_tv folded before Flop (didn't bet)



PokerStars Hand #254376585546:  Hold'em No Limit ($0.50/$1.00 USD) - 2025/01/14 1:46:09 WET [2025/01/14 20:46:09 ET]
Table 'Arctica III' 6-max Seat #3 is the button
Seat 1: kevinq500 ($48.04 in chips) 
Seat 2: Eredar5 ($100 in chips) 
Seat 3: rostickkin ($100 in chips) 
Seat 4: XneferX ($100.50 in chips) 
Seat 5: MaRKiToScoK ($101.50 in chips) 
Seat 6: equilibrium_tv ($62.70 in chips) 
XneferX: posts small blind $0.50
MaRKiToScoK: posts big blind $1
*** HOLE CARDS ***
equilibrium_tv: folds 
kevinq500: folds 
Eredar5: folds 
rostickkin: raises $1.50 to $2.50
XneferX: folds 
MaRKiToScoK: folds 
Uncalled bet ($1.50) returned to rostickkin
rostickkin collected $2.50 from pot
rostickkin: doesn't show hand 
*** SUMMARY ***
Total pot $2.50 | Rake $0 
Seat 1: kevinq500 folded before Flop (didn't bet)
Seat 2: Eredar5 folded before Flop (didn't bet)
Seat 3: rostickkin (button) collected ($2.50)
Seat 4: XneferX (small blind) folded before Flop
Seat 5: MaRKiToScoK (big blind) folded before Flop
Seat 6: equilibrium_tv folded before Flop (didn't bet)



PokerStars Hand #254376589653:  Hold'em No Limit ($0.50/$1.00 USD) - 2025/01/14 1:46:33 WET [2025/01/14 20:46:33 ET]
Table 'Arctica III' 6-max Seat #4 is the button
Seat 1: kevinq500 ($48.04 in chips) 
Seat 2: Eredar5 ($100 in chips) 
Seat 3: rostickkin ($101.50 in chips) 
Seat 4: XneferX ($100 in chips) 
Seat 5: MaRKiToScoK ($100.50 in chips) 
Seat 6: equilibrium_tv ($62.70 in chips) 
MaRKiToScoK: posts small blind $0.50
equilibrium_tv: posts big blind $1
*** HOLE CARDS ***
kevinq500: folds 
Eredar5: raises $2 to $3
rostickkin: raises $6 to $9
XneferX: folds 
MaRKiToScoK: folds 
equilibrium_tv: folds 
Eredar5: raises $91 to $100 and is all-in
rostickkin: calls $91
*** FLOP *** [6h 7h 5d]
*** TURN *** [6h 7h 5d] [3c]
*** RIVER *** [6h 7h 5d 3c] [5s]
*** SHOW DOWN ***
Eredar5: shows [Ah Kd] (a pair of Fives)
rostickkin: shows [Jc Js] (two pair, Jacks and Fives)
rostickkin collected $199 from pot
Eredar5 cashed out the hand for $83.37 | Cash Out Fee $1.70
*** SUMMARY ***
Total pot $201.50 | Rake $2.50 
Board [6h 7h 5d 3c 5s]
Seat 1: kevinq500 folded before Flop (didn't bet)
Seat 2: Eredar5 showed [Ah Kd] and lost with a pair of Fives (cashed out).
Seat 3: rostickkin showed [Jc Js] and won ($199) with two pair, Jacks and Fives
Seat 4: XneferX (button) folded before Flop (didn't bet)
Seat 5: MaRKiToScoK (small blind) folded before Flop
Seat 6: equilibrium_tv (big blind) folded before Flop



PokerStars Hand #254376599142:  Hold'em No Limit ($0.50/$1.00 USD) - 2025/01/14 1:47:29 WET [2025/01/14 20:47:29 ET]
Table 'Arctica III' 6-max Seat #5 is the button
Seat 1: kevinq500 ($48.04 in chips) 
Seat 2: Eredar5 ($100 in chips) 
Seat 3: rostickkin ($200.50 in chips) 
Seat 4: XneferX ($100 in chips) 
Seat 5: MaRKiToScoK ($100 in chips) 
Seat 6: equilibrium_tv ($61.70 in chips) 
equilibrium_tv: posts small blind $0.50
kevinq500: posts big blind $1
*** HOLE CARDS ***
Eredar5: folds 
rostickkin: raises $1.20 to $2.20
XneferX: folds 
MaRKiToScoK: folds 
equilibrium_tv: calls $1.70
kevinq500: calls $1.20
*** FLOP *** [Jc Ad 4d]
equilibrium_tv: checks 
kevinq500: bets $6.27
rostickkin has timed out
rostickkin: folds 
equilibrium_tv: folds 
Uncalled bet ($6.27) returned to kevinq500
kevinq500 collected $6.27 from pot
*** SUMMARY ***
Total pot $6.60 | Rake $0.33 
Board [Jc Ad 4d]
Seat 1: kevinq500 (big blind) collected ($6.27)
Seat 2: Eredar5 folded before Flop (didn't bet)
Seat 3: rostickkin folded on the Flop
Seat 4: XneferX folded before Flop (didn't bet)
Seat 5: MaRKiToScoK (button) folded before Flop (didn't bet)
Seat 6: equilibrium_tv (small blind) folded on the Flop



PokerStars Hand #254376609387:  Hold'em No Limit ($0.50/$1.00 USD) - 2025/01/14 1:48:30 WET [2025/01/14 20:48:30 ET]
Table 'Arctica III' 6-max Seat #6 is the button
Seat 3: rostickkin ($198.30 in chips) is sitting out
Seat 1: kevinq500 ($52.11 in chips) 
Seat 2: Eredar5 ($100 in chips) 
Seat 4: XneferX ($100 in chips) 
Seat 5: MaRKiToScoK ($100 in chips) 
Seat 6: equilibrium_tv ($59.50 in chips) 
kevinq500: posts small blind $0.50
Eredar5: posts big blind $1
*** HOLE CARDS ***
XneferX: folds 
MaRKiToScoK: folds 
equilibrium_tv: folds 
kevinq500: raises $1 to $2
Eredar5: folds 
Uncalled bet ($1) returned to kevinq500
kevinq500 collected $2 from pot
*** SUMMARY ***
Total pot $2 | Rake $0 
Seat 3: rostickkin
Seat 1: kevinq500 (small blind) collected ($2)
Seat 2: Eredar5 (big blind) folded before Flop
Seat 4: XneferX folded before Flop (didn't bet)
Seat 5: MaRKiToScoK folded before Flop (didn't bet)
Seat 6: equilibrium_tv (button) folded before Flop (didn't bet)



PokerStars Hand #254376612085:  Hold'em No Limit ($0.50/$1.00 USD) - 2025/01/14 1:48:46 WET [2025/01/14 20:48:46 ET]
Table 'Arctica III' 6-max Seat #1 is the button
Seat 1: kevinq500 ($53.11 in chips) 
Seat 2: Eredar5 ($100 in chips) 
Seat 3: rostickkin ($198.30 in chips) 
Seat 4: XneferX ($100 in chips) 
Seat 5: MaRKiToScoK ($100 in chips) 
Seat 6: equilibrium_tv ($59.50 in chips) 
Eredar5: posts small blind $0.50
rostickkin: posts big blind $1
*** HOLE CARDS ***
XneferX: folds 
MaRKiToScoK: folds 
equilibrium_tv: raises $1.50 to $2.50
kevinq500: calls $2.50
Eredar5: folds 
rostickkin: folds 
*** FLOP *** [Ah 8s 2h]
equilibrium_tv: bets $2.04
kevinq500: calls $2.04
*** TURN *** [Ah 8s 2h] [Ad]
equilibrium_tv: bets $7.54
kevinq500: folds 
Uncalled bet ($7.54) returned to equilibrium_tv
equilibrium_tv collected $10.05 from pot
*** SUMMARY ***
Total pot $10.58 | Rake $0.53 
Board [Ah 8s 2h Ad]
Seat 1: kevinq500 (button) folded on the Turn
Seat 2: Eredar5 (small blind) folded before Flop
Seat 3: rostickkin (big blind) folded before Flop
Seat 4: XneferX folded before Flop (didn't bet)
Seat 5: MaRKiToScoK folded before Flop (didn't bet)
Seat 6: equilibrium_tv collected ($10.05)



PokerStars Hand #254376620300:  Hold'em No Limit ($0.50/$1.00 USD) - 2025/01/14 1:49:36 WET [2025/01/14 20:49:36 ET]
Table 'Arctica III' 6-max Seat #2 is the button
Seat 1: kevinq500 ($48.57 in chips) 
Seat 2: Eredar5 ($100 in chips) 
Seat 3: rostickkin ($197.30 in chips) 
Seat 4: XneferX ($100 in chips) 
Seat 5: MaRKiToScoK ($100 in chips) 
Seat 6: equilibrium_tv ($65.01 in chips) 
rostickkin: posts small blind $0.50
XneferX: posts big blind $1
*** HOLE CARDS ***
MaRKiToScoK: folds 
equilibrium_tv: folds 
kevinq500: folds 
Eredar5: raises $1.50 to $2.50
rostickkin: folds 
XneferX: folds 
Uncalled bet ($1.50) returned to Eredar5
Eredar5 collected $2.50 from pot
Eredar5: doesn't show hand 
*** SUMMARY ***
Total pot $2.50 | Rake $0 
Seat 1: kevinq500 folded before Flop (didn't bet)
Seat 2: Eredar5 (button) collected ($2.50)
Seat 3: rostickkin (small blind) folded before Flop
Seat 4: XneferX (big blind) folded before Flop
Seat 5: MaRKiToScoK folded before Flop (didn't bet)
Seat 6: equilibrium_tv folded before Flop (didn't bet)



PokerStars Hand #254376623452:  Hold'em No Limit ($0.50/$1.00 USD) - 2025/01/14 1:49:55 WET [2025/01/14 20:49:55 ET]
Table 'Arctica III' 6-max Seat #3 is the button
Seat 1: kevinq500 ($48.57 in chips) 
Seat 2: Eredar5 ($101.50 in chips) 
Seat 3: rostickkin ($196.80 in chips) 
Seat 4: XneferX ($100 in chips) 
Seat 5: MaRKiToScoK ($100 in chips) 
Seat 6: equilibrium_tv ($65.01 in chips) 
XneferX: posts small blind $0.50
MaRKiToScoK: posts big blind $1
*** HOLE CARDS ***
equilibrium_tv: folds 
kevinq500: raises $1 to $2
Eredar5: folds 
rostickkin: raises $4 to $6
XneferX: folds 
MaRKiToScoK: folds 
kevinq500: folds 
Uncalled bet ($4) returned to rostickkin
rostickkin collected $5.50 from pot
rostickkin: doesn't show hand 
*** SUMMARY ***
Total pot $5.50 | Rake $0 
Seat 1: kevinq500 folded before Flop
Seat 2: Eredar5 folded before Flop (didn't bet)
Seat 3: rostickkin (button) collected ($5.50)
Seat 4: XneferX (small blind) folded before Flop
Seat 5: MaRKiToScoK (big blind) folded before Flop
Seat 6: equilibrium_tv folded before Flop (didn't bet)



PokerStars Hand #254376629726:  Hold'em No Limit ($0.50/$1.00 USD) - 2025/01/14 1:50:32 WET [2025/01/14 20:50:32 ET]
Table 'Arctica III' 6-max Seat #4 is the button
Seat 1: kevinq500 ($46.57 in chips) 
Seat 2: Eredar5 ($101.50 in chips) 
Seat 3: rostickkin ($200.30 in chips) 
Seat 4: XneferX ($100 in chips) 
Seat 5: MaRKiToScoK ($100 in chips) 
Seat 6: equilibrium_tv ($65.01 in chips) 
MaRKiToScoK: posts small blind $0.50
equilibrium_tv: posts big blind $1
*** HOLE CARDS ***
kevinq500: folds 
Eredar5: folds 
rostickkin: folds 
XneferX: raises $1.77 to $2.77
MaRKiToScoK: raises $9.23 to $12
equilibrium_tv: folds 
XneferX: folds 
Uncalled bet ($9.23) returned to MaRKiToScoK
MaRKiToScoK collected $6.54 from pot
*** SUMMARY ***
Total pot $6.54 | Rake $0 
Seat 1: kevinq500 folded before Flop (didn't bet)
Seat 2: Eredar5 folded before Flop (didn't bet)
Seat 3: rostickkin folded before Flop (didn't bet)
Seat 4: XneferX (button) folded before Flop
Seat 5: MaRKiToScoK (small blind) collected ($6.54)
Seat 6: equilibrium_tv (big blind) folded before Flop



PokerStars Hand #254376634664:  Hold'em No Limit ($0.50/$1.00 USD) - 2025/01/14 1:51:01 WET [2025/01/14 20:51:01 ET]
Table 'Arctica III' 6-max Seat #5 is the button
Seat 1: kevinq500 ($46.57 in chips) 
Seat 2: Eredar5 ($101.50 in chips) 
Seat 3: rostickkin ($200.30 in chips) 
Seat 4: XneferX ($100 in chips) 
Seat 5: MaRKiToScoK ($103.77 in chips) 
Seat 6: equilibrium_tv ($64.01 in chips) 
equilibrium_tv: posts small blind $0.50
kevinq500: posts big blind $1
*** HOLE CARDS ***
Eredar5: folds 
rostickkin: folds 
XneferX: folds 
MaRKiToScoK: raises $1.30 to $2.30
equilibrium_tv: folds 
kevinq500: calls $1.30
*** FLOP *** [5d 4h Td]
kevinq500: bets $2
MaRKiToScoK: calls $2
*** TURN *** [5d 4h Td] [As]
kevinq500: checks 
MaRKiToScoK: checks 
*** RIVER *** [5d 4h Td As] [5h]
kevinq500: bets $4
MaRKiToScoK: folds 
Uncalled bet ($4) returned to kevinq500
kevinq500 collected $8.64 from pot
*** SUMMARY ***
Total pot $9.10 | Rake $0.46 
Board [5d 4h Td As 5h]
Seat 1: kevinq500 (big blind) collected ($8.64)
Seat 2: Eredar5 folded before Flop (didn't bet)
Seat 3: rostickkin folded before Flop (didn't bet)
Seat 4: XneferX folded before Flop (didn't bet)
Seat 5: MaRKiToScoK (button) folded on the River
Seat 6: equilibrium_tv (small blind) folded before Flop



PokerStars Hand #254376642377:  Hold'em No Limit ($0.50/$1.00 USD) - 2025/01/14 1:51:48 WET [2025/01/14 20:51:48 ET]
Table 'Arctica III' 6-max Seat #6 is the button
Seat 1: kevinq500 ($50.91 in chips) 
Seat 2: Eredar5 ($101.50 in chips) 
Seat 3: rostickkin ($200.30 in chips) 
Seat 4: XneferX ($100 in chips) 
Seat 5: MaRKiToScoK ($100 in chips) 
Seat 6: equilibrium_tv ($63.51 in chips) 
kevinq500: posts small blind $0.50
Eredar5: posts big blind $1
*** HOLE CARDS ***
rostickkin: raises $1.20 to $2.20
XneferX: folds 
MaRKiToScoK: folds 
equilibrium_tv: folds 
kevinq500: calls $1.70
Eredar5: folds 
*** FLOP *** [7d 4h 9s]
kevinq500: bets $2
rostickkin: raises $6.94 to $8.94
kevinq500: folds 
Uncalled bet ($6.94) returned to rostickkin
rostickkin collected $8.93 from pot
rostickkin: doesn't show hand 
*** SUMMARY ***
Total pot $9.40 | Rake $0.47 
Board [7d 4h 9s]
Seat 1: kevinq500 (small blind) folded on the Flop
Seat 2: Eredar5 (big blind) folded before Flop
Seat 3: rostickkin collected ($8.93)
Seat 4: XneferX folded before Flop (didn't bet)
Seat 5: MaRKiToScoK folded before Flop (didn't bet)
Seat 6: equilibrium_tv (button) folded before Flop (didn't bet)



PokerStars Hand #254376651775:  Hold'em No Limit ($0.50/$1.00 USD) - 2025/01/14 1:52:44 WET [2025/01/14 20:52:44 ET]
Table 'Arctica III' 6-max Seat #1 is the button
Seat 1: kevinq500 ($46.71 in chips) 
Seat 2: Eredar5 ($100.50 in chips) 
Seat 3: rostickkin ($205.03 in chips) 
Seat 4: XneferX ($100 in chips) 
Seat 5: MaRKiToScoK ($100 in chips) 
Seat 6: equilibrium_tv ($63.51 in chips) 
Eredar5: posts small blind $0.50
rostickkin: posts big blind $1
*** HOLE CARDS ***
XneferX: folds 
MaRKiToScoK: folds 
equilibrium_tv: folds 
kevinq500: folds 
Eredar5: folds 
Uncalled bet ($0.50) returned to rostickkin
rostickkin collected $1 from pot
rostickkin: doesn't show hand 
*** SUMMARY ***
Total pot $1 | Rake $0 
Seat 1: kevinq500 (button) folded before Flop (didn't bet)
Seat 2: Eredar5 (small blind) folded before Flop
Seat 3: rostickkin (big blind) collected ($1)
Seat 4: XneferX folded before Flop (didn't bet)
Seat 5: MaRKiToScoK folded before Flop (didn't bet)
Seat 6: equilibrium_tv folded before Flop (didn't bet)



PokerStars Hand #254376654787:  Hold'em No Limit ($0.50/$1.00 USD) - 2025/01/14 1:53:01 WET [2025/01/14 20:53:01 ET]
Table 'Arctica III' 6-max Seat #2 is the button
Seat 1: kevinq500 ($46.71 in chips) 
Seat 2: Eredar5 ($100 in chips) 
Seat 3: rostickkin ($205.53 in chips) 
Seat 4: XneferX ($100 in chips) 
Seat 5: MaRKiToScoK ($100 in chips) 
Seat 6: equilibrium_tv ($63.51 in chips) 
rostickkin: posts small blind $0.50
XneferX: posts big blind $1
*** HOLE CARDS ***
MaRKiToScoK: folds 
equilibrium_tv: folds 
kevinq500: folds 
Eredar5: raises $1.50 to $2.50
rostickkin: raises $9 to $11.50
XneferX: raises $12.50 to $24
Eredar5: folds 
rostickkin: folds 
Uncalled bet ($12.50) returned to XneferX
XneferX collected $25.50 from pot
kevinq500 is disconnected 
XneferX: doesn't show hand 
*** SUMMARY ***
Total pot $25.50 | Rake $0 
Seat 1: kevinq500 folded before Flop (didn't bet)
Seat 2: Eredar5 (button) folded before Flop
Seat 3: rostickkin (small blind) folded before Flop
Seat 4: XneferX (big blind) collected ($25.50)
Seat 5: MaRKiToScoK folded before Flop (didn't bet)
Seat 6: equilibrium_tv folded before Flop (didn't bet)



PokerStars Hand #254376661452:  Hold'em No Limit ($0.50/$1.00 USD) - 2025/01/14 1:53:42 WET [2025/01/14 20:53:42 ET]
Table 'Arctica III' 6-max Seat #3 is the button
Seat 1: kevinq500 ($46.71 in chips) 
Seat 2: Eredar5 ($100 in chips) 
Seat 3: rostickkin ($194.03 in chips) 
Seat 4: XneferX ($114 in chips) 
Seat 5: MaRKiToScoK ($100 in chips) 
Seat 6: equilibrium_tv ($63.51 in chips) 
XneferX: posts small blind $0.50
MaRKiToScoK: posts big blind $1
*** HOLE CARDS ***
equilibrium_tv: raises $1.50 to $2.50
kevinq500: folds 
Eredar5: folds 
rostickkin: folds 
XneferX: folds 
MaRKiToScoK: calls $1.50
*** FLOP *** [8s 3c 6h]
MaRKiToScoK: checks 
equilibrium_tv: bets $2.61
MaRKiToScoK: calls $2.61
*** TURN *** [8s 3c 6h] [2h]
MaRKiToScoK: checks 
equilibrium_tv: checks 
*** RIVER *** [8s 3c 6h 2h] [Ah]
MaRKiToScoK: bets $1.50
equilibrium_tv: calls $1.50
*** SHOW DOWN ***
MaRKiToScoK: shows [5c Ac] (a pair of Aces)
equilibrium_tv: mucks hand 
MaRKiToScoK collected $13.03 from pot
*** SUMMARY ***
Total pot $13.72 | Rake $0.69 
Board [8s 3c 6h 2h Ah]
Seat 1: kevinq500 folded before Flop (didn't bet)
Seat 2: Eredar5 folded before Flop (didn't bet)
Seat 3: rostickkin (button) folded before Flop (didn't bet)
Seat 4: XneferX (small blind) folded before Flop
Seat 5: MaRKiToScoK (big blind) showed [5c Ac] and won ($13.03) with a pair of Aces
Seat 6: equilibrium_tv mucked



PokerStars Hand #254376673281:  Hold'em No Limit ($0.50/$1.00 USD) - 2025/01/14 1:54:54 WET [2025/01/14 20:54:54 ET]
Table 'Arctica III' 6-max Seat #4 is the button
Seat 1: kevinq500 ($46.71 in chips) 
Seat 2: Eredar5 ($100 in chips) 
Seat 3: rostickkin ($194.03 in chips) 
Seat 4: XneferX ($113.50 in chips) 
Seat 5: MaRKiToScoK ($106.42 in chips) 
Seat 6: equilibrium_tv ($56.90 in chips) 
MaRKiToScoK: posts small blind $0.50
equilibrium_tv: posts big blind $1
*** HOLE CARDS ***
kevinq500: raises $1 to $2
Eredar5: folds 
rostickkin: folds 
XneferX: folds 
MaRKiToScoK: folds 
equilibrium_tv: folds 
Uncalled bet ($1) returned to kevinq500
kevinq500 collected $2.50 from pot
*** SUMMARY ***
Total pot $2.50 | Rake $0 
Seat 1: kevinq500 collected ($2.50)
Seat 2: Eredar5 folded before Flop (didn't bet)
Seat 3: rostickkin folded before Flop (didn't bet)
Seat 4: XneferX (button) folded before Flop (didn't bet)
Seat 5: MaRKiToScoK (small blind) folded before Flop
Seat 6: equilibrium_tv (big blind) folded before Flop



PokerStars Hand #254376675567:  Hold'em No Limit ($0.50/$1.00 USD) - 2025/01/14 1:55:08 WET [2025/01/14 20:55:08 ET]
Table 'Arctica III' 6-max Seat #5 is the button
Seat 1: kevinq500 ($48.21 in chips) 
Seat 2: Eredar5 ($100 in chips) 
Seat 3: rostickkin ($194.03 in chips) 
Seat 4: XneferX ($113.50 in chips) 
Seat 5: MaRKiToScoK ($105.92 in chips) 
Seat 6: equilibrium_tv ($55.90 in chips) 
equilibrium_tv: posts small blind $0.50
kevinq500: posts big blind $1
*** HOLE CARDS ***
Eredar5: folds 
rostickkin: folds 
XneferX: folds 
MaRKiToScoK: folds 
equilibrium_tv: raises $2 to $3
kevinq500: folds 
Uncalled bet ($2) returned to equilibrium_tv
equilibrium_tv collected $2 from pot
*** SUMMARY ***
Total pot $2 | Rake $0 
Seat 1: kevinq500 (big blind) folded before Flop
Seat 2: Eredar5 folded before Flop (didn't bet)
Seat 3: rostickkin folded before Flop (didn't bet)
Seat 4: XneferX folded before Flop (didn't bet)
Seat 5: MaRKiToScoK (button) folded before Flop (didn't bet)
Seat 6: equilibrium_tv (small blind) collected ($2)



PokerStars Hand #254376682033:  Hold'em No Limit ($0.50/$1.00 USD) - 2025/01/14 1:55:57 WET [2025/01/14 20:55:57 ET]
Table 'Arctica III' 6-max Seat #6 is the button
Seat 1: kevinq500 ($47.21 in chips) 
Seat 2: Eredar5 ($100 in chips) 
Seat 3: rostickkin ($194.03 in chips) 
Seat 4: XneferX ($113.50 in chips) 
Seat 5: MaRKiToScoK ($105.92 in chips) 
Seat 6: equilibrium_tv ($56.90 in chips) 
kevinq500: posts small blind $0.50
Eredar5: posts big blind $1
*** HOLE CARDS ***
rostickkin: raises $1.20 to $2.20
XneferX: folds 
MaRKiToScoK: folds 
equilibrium_tv: folds 
kevinq500: folds 
Eredar5: folds 
Uncalled bet ($1.20) returned to rostickkin
rostickkin collected $2.50 from pot
rostickkin: doesn't show hand 
*** SUMMARY ***
Total pot $2.50 | Rake $0 
Seat 1: kevinq500 (small blind) folded before Flop
Seat 2: Eredar5 (big blind) folded before Flop
Seat 3: rostickkin collected ($2.50)
Seat 4: XneferX folded before Flop (didn't bet)
Seat 5: MaRKiToScoK folded before Flop (didn't bet)
Seat 6: equilibrium_tv (button) folded before Flop (didn't bet)



PokerStars Hand #254376684065:  Hold'em No Limit ($0.50/$1.00 USD) - 2025/01/14 1:56:13 WET [2025/01/14 20:56:13 ET]
Table 'Arctica III' 6-max Seat #1 is the button
Seat 1: kevinq500 ($46.71 in chips) 
Seat 2: Eredar5 ($100 in chips) 
Seat 3: rostickkin ($195.53 in chips) 
Seat 4: XneferX ($113.50 in chips) 
Seat 5: MaRKiToScoK ($105.92 in chips) 
Seat 6: equilibrium_tv ($56.90 in chips) 
Eredar5: posts small blind $0.50
rostickkin: posts big blind $1
*** HOLE CARDS ***
XneferX: folds 
MaRKiToScoK: raises $1.10 to $2.10
equilibrium_tv: folds 
kevinq500: calls $2.10
Eredar5: folds 
rostickkin: folds 
*** FLOP *** [Kh 8c 5c]
MaRKiToScoK: checks 
kevinq500: bets $3
MaRKiToScoK: folds 
Uncalled bet ($3) returned to kevinq500
kevinq500 collected $5.42 from pot
*** SUMMARY ***
Total pot $5.70 | Rake $0.28 
Board [Kh 8c 5c]
Seat 1: kevinq500 (button) collected ($5.42)
Seat 2: Eredar5 (small blind) folded before Flop
Seat 3: rostickkin (big blind) folded before Flop
Seat 4: XneferX folded before Flop (didn't bet)
Seat 5: MaRKiToScoK folded on the Flop
Seat 6: equilibrium_tv folded before Flop (didn't bet)



PokerStars Hand #254376689272:  Hold'em No Limit ($0.50/$1.00 USD) - 2025/01/14 1:56:53 WET [2025/01/14 20:56:53 ET]
Table 'Arctica III' 6-max Seat #2 is the button
Seat 1: kevinq500 ($50.03 in chips) 
Seat 2: Eredar5 ($100 in chips) 
Seat 3: rostickkin ($194.53 in chips) 
Seat 4: XneferX ($113.50 in chips) 
Seat 5: MaRKiToScoK ($103.82 in chips) 
Seat 6: equilibrium_tv ($56.90 in chips) 
rostickkin: posts small blind $0.50
XneferX: posts big blind $1
*** HOLE CARDS ***
MaRKiToScoK: folds 
equilibrium_tv: folds 
kevinq500: raises $2 to $3
Eredar5: folds 
rostickkin: folds 
XneferX: folds 
Uncalled bet ($2) returned to kevinq500
kevinq500 collected $2.50 from pot
*** SUMMARY ***
Total pot $2.50 | Rake $0 
Seat 1: kevinq500 collected ($2.50)
Seat 2: Eredar5 (button) folded before Flop (didn't bet)
Seat 3: rostickkin (small blind) folded before Flop
Seat 4: XneferX (big blind) folded before Flop
Seat 5: MaRKiToScoK folded before Flop (didn't bet)
Seat 6: equilibrium_tv folded before Flop (didn't bet)



PokerStars Hand #254376691845:  Hold'em No Limit ($0.50/$1.00 USD) - 2025/01/14 1:57:13 WET [2025/01/14 20:57:13 ET]
Table 'Arctica III' 6-max Seat #3 is the button
Seat 1: kevinq500 ($51.53 in chips) 
Seat 2: Eredar5 ($100 in chips) 
Seat 3: rostickkin ($194.03 in chips) 
Seat 4: XneferX ($112.50 in chips) 
Seat 5: MaRKiToScoK ($103.82 in chips) 
Seat 6: equilibrium_tv ($56.90 in chips) 
XneferX: posts small blind $0.50
MaRKiToScoK: posts big blind $1
*** HOLE CARDS ***
equilibrium_tv: folds 
kevinq500: folds 
Eredar5: folds 
rostickkin: folds 
XneferX: raises $2 to $3
MaRKiToScoK: folds 
Uncalled bet ($2) returned to XneferX
XneferX collected $2 from pot
XneferX: doesn't show hand 
*** SUMMARY ***
Total pot $2 | Rake $0 
Seat 1: kevinq500 folded before Flop (didn't bet)
Seat 2: Eredar5 folded before Flop (didn't bet)
Seat 3: rostickkin (button) folded before Flop (didn't bet)
Seat 4: XneferX (small blind) collected ($2)
Seat 5: MaRKiToScoK (big blind) folded before Flop
Seat 6: equilibrium_tv folded before Flop (didn't bet)



PokerStars Hand #254376694981:  Hold'em No Limit ($0.50/$1.00 USD) - 2025/01/14 1:57:38 WET [2025/01/14 20:57:38 ET]
Table 'Arctica III' 6-max Seat #4 is the button
Seat 1: kevinq500 ($51.53 in chips) 
Seat 2: Eredar5 ($100 in chips) 
Seat 3: rostickkin ($194.03 in chips) 
Seat 4: XneferX ($113.50 in chips) 
Seat 5: MaRKiToScoK ($102.82 in chips) 
Seat 6: equilibrium_tv ($56.90 in chips) 
MaRKiToScoK: posts small blind $0.50
equilibrium_tv: posts big blind $1
*** HOLE CARDS ***
kevinq500: raises $1 to $2
Eredar5: folds 
rostickkin: folds 
XneferX: folds 
MaRKiToScoK: folds 
equilibrium_tv: calls $1
*** FLOP *** [Td 2s 3s]
equilibrium_tv: checks 
kevinq500: bets $4
equilibrium_tv: calls $4
*** TURN *** [Td 2s 3s] [3h]
equilibrium_tv: checks 
kevinq500: bets $6
equilibrium_tv: raises $44.90 to $50.90 and is all-in
kevinq500: folds 
Uncalled bet ($44.90) returned to equilibrium_tv
equilibrium_tv collected $23.28 from pot
*** SUMMARY ***
Total pot $24.50 | Rake $1.22 
Board [Td 2s 3s 3h]
Seat 1: kevinq500 folded on the Turn
Seat 2: Eredar5 folded before Flop (didn't bet)
Seat 3: rostickkin folded before Flop (didn't bet)
Seat 4: XneferX (button) folded before Flop (didn't bet)
Seat 5: MaRKiToScoK (small blind) folded before Flop
Seat 6: equilibrium_tv (big blind) collected ($23.28)



PokerStars Hand #254376706279:  Hold'em No Limit ($0.50/$1.00 USD) - 2025/01/14 1:59:05 WET [2025/01/14 20:59:05 ET]
Table 'Arctica III' 6-max Seat #5 is the button
Seat 1: kevinq500 ($39.53 in chips) 
Seat 2: Eredar5 ($100 in chips) 
Seat 3: rostickkin ($194.03 in chips) 
Seat 4: XneferX ($113.50 in chips) 
Seat 5: MaRKiToScoK ($102.32 in chips) 
Seat 6: equilibrium_tv ($68.18 in chips) 
equilibrium_tv: posts small blind $0.50
kevinq500: posts big blind $1
*** HOLE CARDS ***
Eredar5: raises $2 to $3
rostickkin: folds 
XneferX: folds 
MaRKiToScoK: folds 
equilibrium_tv: folds 
kevinq500: folds 
Uncalled bet ($2) returned to Eredar5
Eredar5 collected $2.50 from pot
Eredar5: doesn't show hand 
*** SUMMARY ***
Total pot $2.50 | Rake $0 
Seat 1: kevinq500 (big blind) folded before Flop
Seat 2: Eredar5 collected ($2.50)
Seat 3: rostickkin folded before Flop (didn't bet)
Seat 4: XneferX folded before Flop (didn't bet)
Seat 5: MaRKiToScoK (button) folded before Flop (didn't bet)
Seat 6: equilibrium_tv (small blind) folded before Flop



PokerStars Hand #254376708465:  Hold'em No Limit ($0.50/$1.00 USD) - 2025/01/14 1:59:23 WET [2025/01/14 20:59:23 ET]
Table 'Arctica III' 6-max Seat #6 is the button
Seat 1: kevinq500 ($38.53 in chips) 
Seat 2: Eredar5 ($101.50 in chips) 
Seat 3: rostickkin ($194.03 in chips) 
Seat 4: XneferX ($113.50 in chips) 
Seat 5: MaRKiToScoK ($102.32 in chips) 
Seat 6: equilibrium_tv ($67.68 in chips) 
kevinq500: posts small blind $0.50
Eredar5: posts big blind $1
*** HOLE CARDS ***
rostickkin: folds 
XneferX: folds 
MaRKiToScoK: folds 
equilibrium_tv: folds 
kevinq500: raises $1 to $2
Eredar5: calls $1
*** FLOP *** [5c 2s 3h]
kevinq500: bets $3
Eredar5: calls $3
*** TURN *** [5c 2s 3h] [Kc]
kevinq500: bets $2
Eredar5: calls $2
*** RIVER *** [5c 2s 3h Kc] [Js]
kevinq500: bets $3
Eredar5: raises $30.50 to $33.50
kevinq500: folds 
Uncalled bet ($30.50) returned to Eredar5
Eredar5 collected $19 from pot
Eredar5: doesn't show hand 
*** SUMMARY ***
Total pot $20 | Rake $1 
Board [5c 2s 3h Kc Js]
Seat 1: kevinq500 (small blind) folded on the River
Seat 2: Eredar5 (big blind) collected ($19)
Seat 3: rostickkin folded before Flop (didn't bet)
Seat 4: XneferX folded before Flop (didn't bet)
Seat 5: MaRKiToScoK folded before Flop (didn't bet)
Seat 6: equilibrium_tv (button) folded before Flop (didn't bet)



PokerStars Hand #254376721852:  Hold'em No Limit ($0.50/$1.00 USD) - 2025/01/14 2:01:02 WET [2025/01/14 21:01:02 ET]
Table 'Arctica III' 6-max Seat #1 is the button
Seat 1: kevinq500 ($28.53 in chips) 
Seat 2: Eredar5 ($110.50 in chips) 
Seat 3: rostickkin ($194.03 in chips) 
Seat 4: XneferX ($113.50 in chips) 
Seat 5: MaRKiToScoK ($102.32 in chips) 
Seat 6: equilibrium_tv ($67.68 in chips) 
Eredar5: posts small blind $0.50
rostickkin: posts big blind $1
*** HOLE CARDS ***
XneferX: folds 
MaRKiToScoK: folds 
equilibrium_tv: folds 
kevinq500: calls $1
Eredar5: folds 
rostickkin: checks 
*** FLOP *** [As 2c Ks]
rostickkin: checks 
kevinq500: bets $1
rostickkin: folds 
Uncalled bet ($1) returned to kevinq500
kevinq500 collected $2.38 from pot
*** SUMMARY ***
Total pot $2.50 | Rake $0.12 
Board [As 2c Ks]
Seat 1: kevinq500 (button) collected ($2.38)
Seat 2: Eredar5 (small blind) folded before Flop
Seat 3: rostickkin (big blind) folded on the Flop
Seat 4: XneferX folded before Flop (didn't bet)
Seat 5: MaRKiToScoK folded before Flop (didn't bet)
Seat 6: equilibrium_tv folded before Flop (didn't bet)



PokerStars Hand #254376725758:  Hold'em No Limit ($0.50/$1.00 USD) - 2025/01/14 2:01:27 WET [2025/01/14 21:01:27 ET]
Table 'Arctica III' 6-max Seat #2 is the button
Seat 1: kevinq500 ($29.91 in chips) 
Seat 2: Eredar5 ($110 in chips) 
Seat 3: rostickkin ($193.03 in chips) 
Seat 4: XneferX ($113.50 in chips) 
Seat 5: MaRKiToScoK ($102.32 in chips) 
Seat 6: equilibrium_tv ($67.68 in chips) 
rostickkin: posts small blind $0.50
XneferX: posts big blind $1
*** HOLE CARDS ***
MaRKiToScoK: folds 
equilibrium_tv: folds 
kevinq500: raises $2 to $3
Eredar5: folds 
rostickkin: folds 
XneferX: folds 
Uncalled bet ($2) returned to kevinq500
kevinq500 collected $2.50 from pot
*** SUMMARY ***
Total pot $2.50 | Rake $0 
Seat 1: kevinq500 collected ($2.50)
Seat 2: Eredar5 (button) folded before Flop (didn't bet)
Seat 3: rostickkin (small blind) folded before Flop
Seat 4: XneferX (big blind) folded before Flop
Seat 5: MaRKiToScoK folded before Flop (didn't bet)
Seat 6: equilibrium_tv folded before Flop (didn't bet)



PokerStars Hand #254376730875:  Hold'em No Limit ($0.50/$1.00 USD) - 2025/01/14 2:01:58 WET [2025/01/14 21:01:58 ET]
Table 'Arctica III' 6-max Seat #3 is the button
Seat 1: kevinq500 ($31.41 in chips) 
Seat 2: Eredar5 ($110 in chips) 
Seat 3: rostickkin ($192.53 in chips) 
Seat 4: XneferX ($112.50 in chips) 
Seat 5: MaRKiToScoK ($102.32 in chips) 
Seat 6: equilibrium_tv ($67.68 in chips) 
XneferX: posts small blind $0.50
MaRKiToScoK: posts big blind $1
*** HOLE CARDS ***
equilibrium_tv: folds 
kevinq500: folds 
Eredar5: folds 
rostickkin: folds 
XneferX: raises $2 to $3
MaRKiToScoK: folds 
Uncalled bet ($2) returned to XneferX
XneferX collected $2 from pot
XneferX: doesn't show hand 
*** SUMMARY ***
Total pot $2 | Rake $0 
Seat 1: kevinq500 folded before Flop (didn't bet)
Seat 2: Eredar5 folded before Flop (didn't bet)
Seat 3: rostickkin (button) folded before Flop (didn't bet)
Seat 4: XneferX (small blind) collected ($2)
Seat 5: MaRKiToScoK (big blind) folded before Flop
Seat 6: equilibrium_tv folded before Flop (didn't bet)



PokerStars Hand #254376735024:  Hold'em No Limit ($0.50/$1.00 USD) - 2025/01/14 2:02:24 WET [2025/01/14 21:02:24 ET]
Table 'Arctica III' 6-max Seat #4 is the button
Seat 1: kevinq500 ($31.41 in chips) 
Seat 2: Eredar5 ($110 in chips) 
Seat 3: rostickkin ($192.53 in chips) 
Seat 4: XneferX ($113.50 in chips) 
Seat 5: MaRKiToScoK ($101.32 in chips) 
Seat 6: equilibrium_tv ($67.68 in chips) 
MaRKiToScoK: posts small blind $0.50
equilibrium_tv: posts big blind $1
*** HOLE CARDS ***
kevinq500: calls $1
Eredar5: folds 
rostickkin: raises $2.50 to $3.50
XneferX: folds 
MaRKiToScoK: folds 
equilibrium_tv: folds 
kevinq500: calls $2.50
*** FLOP *** [2c Qc Ac]
kevinq500: bets $1
rostickkin: folds 
Uncalled bet ($1) returned to kevinq500
kevinq500 collected $8.08 from pot
*** SUMMARY ***
Total pot $8.50 | Rake $0.42 
Board [2c Qc Ac]
Seat 1: kevinq500 collected ($8.08)
Seat 2: Eredar5 folded before Flop (didn't bet)
Seat 3: rostickkin folded on the Flop
Seat 4: XneferX (button) folded before Flop (didn't bet)
Seat 5: MaRKiToScoK (small blind) folded before Flop
Seat 6: equilibrium_tv (big blind) folded before Flop



PokerStars Hand #254376743942:  Hold'em No Limit ($0.50/$1.00 USD) - 2025/01/14 2:03:18 WET [2025/01/14 21:03:18 ET]
Table 'Arctica III' 6-max Seat #5 is the button
Seat 1: kevinq500 ($35.99 in chips) 
Seat 2: Eredar5 ($110 in chips) 
Seat 3: rostickkin ($189.03 in chips) 
Seat 4: XneferX ($113.50 in chips) 
Seat 5: MaRKiToScoK ($100.82 in chips) 
Seat 6: equilibrium_tv ($66.68 in chips) 
equilibrium_tv: posts small blind $0.50
kevinq500: posts big blind $1
*** HOLE CARDS ***
Eredar5: folds 
rostickkin: folds 
XneferX: folds 
MaRKiToScoK: raises $1.30 to $2.30
equilibrium_tv: folds 
kevinq500: calls $1.30
*** FLOP *** [Kc Qs Qd]
kevinq500: bets $1
MaRKiToScoK: calls $1
*** TURN *** [Kc Qs Qd] [2h]
kevinq500: checks 
MaRKiToScoK: checks 
*** RIVER *** [Kc Qs Qd 2h] [9s]
kevinq500: bets $3
MaRKiToScoK: folds 
Uncalled bet ($3) returned to kevinq500
kevinq500 collected $6.74 from pot
*** SUMMARY ***
Total pot $7.10 | Rake $0.36 
Board [Kc Qs Qd 2h 9s]
Seat 1: kevinq500 (big blind) collected ($6.74)
Seat 2: Eredar5 folded before Flop (didn't bet)
Seat 3: rostickkin folded before Flop (didn't bet)
Seat 4: XneferX folded before Flop (didn't bet)
Seat 5: MaRKiToScoK (button) folded on the River
Seat 6: equilibrium_tv (small blind) folded before Flop



PokerStars Hand #254376760705:  Hold'em No Limit ($0.50/$1.00 USD) - 2025/01/14 2:05:03 WET [2025/01/14 21:05:03 ET]
Table 'Arctica III' 6-max Seat #6 is the button
Seat 1: kevinq500 ($39.43 in chips) 
Seat 2: Eredar5 ($110 in chips) 
Seat 3: rostickkin ($189.03 in chips) 
Seat 4: XneferX ($113.50 in chips) 
Seat 5: MaRKiToScoK ($100 in chips) 
Seat 6: equilibrium_tv ($66.18 in chips) 
kevinq500: posts small blind $0.50
Eredar5: posts big blind $1
*** HOLE CARDS ***
rostickkin: folds 
XneferX: folds 
MaRKiToScoK: folds 
equilibrium_tv: folds 
kevinq500: folds 
Uncalled bet ($0.50) returned to Eredar5
Eredar5 collected $1 from pot
Eredar5: doesn't show hand 
*** SUMMARY ***
Total pot $1 | Rake $0 
Seat 1: kevinq500 (small blind) folded before Flop
Seat 2: Eredar5 (big blind) collected ($1)
Seat 3: rostickkin folded before Flop (didn't bet)
Seat 4: XneferX folded before Flop (didn't bet)
Seat 5: MaRKiToScoK folded before Flop (didn't bet)
Seat 6: equilibrium_tv (button) folded before Flop (didn't bet)



PokerStars Hand #254376762777:  Hold'em No Limit ($0.50/$1.00 USD) - 2025/01/14 2:05:16 WET [2025/01/14 21:05:16 ET]
Table 'Arctica III' 6-max Seat #1 is the button
Seat 1: kevinq500 ($38.93 in chips) 
Seat 2: Eredar5 ($110.50 in chips) 
Seat 3: rostickkin ($189.03 in chips) 
Seat 4: XneferX ($113.50 in chips) 
Seat 5: MaRKiToScoK ($100 in chips) 
Seat 6: equilibrium_tv ($66.18 in chips) 
Eredar5: posts small blind $0.50
rostickkin: posts big blind $1
*** HOLE CARDS ***
XneferX: folds 
MaRKiToScoK: folds 
equilibrium_tv: folds 
kevinq500: folds 
Eredar5: folds 
Uncalled bet ($0.50) returned to rostickkin
rostickkin collected $1 from pot
rostickkin: doesn't show hand 
*** SUMMARY ***
Total pot $1 | Rake $0 
Seat 1: kevinq500 (button) folded before Flop (didn't bet)
Seat 2: Eredar5 (small blind) folded before Flop
Seat 3: rostickkin (big blind) collected ($1)
Seat 4: XneferX folded before Flop (didn't bet)
Seat 5: MaRKiToScoK folded before Flop (didn't bet)
Seat 6: equilibrium_tv folded before Flop (didn't bet)



PokerStars Hand #254376766076:  Hold'em No Limit ($0.50/$1.00 USD) - 2025/01/14 2:05:37 WET [2025/01/14 21:05:37 ET]
Table 'Arctica III' 6-max Seat #2 is the button
Seat 1: kevinq500 ($38.93 in chips) 
Seat 2: Eredar5 ($110 in chips) 
Seat 3: rostickkin ($189.53 in chips) 
Seat 4: XneferX ($113.50 in chips) 
Seat 5: MaRKiToScoK ($100 in chips) 
Seat 6: equilibrium_tv ($66.18 in chips) 
rostickkin: posts small blind $0.50
XneferX: posts big blind $1
*** HOLE CARDS ***
MaRKiToScoK: raises $1.10 to $2.10
equilibrium_tv: folds 
kevinq500: folds 
Eredar5: folds 
rostickkin: folds 
XneferX: calls $1.10
*** FLOP *** [3c Kh 3s]
XneferX: checks 
MaRKiToScoK: bets $1.34
XneferX: calls $1.34
*** TURN *** [3c Kh 3s] [Qc]
XneferX: checks 
MaRKiToScoK: checks 
*** RIVER *** [3c Kh 3s Qc] [Qs]
XneferX: bets $2.73
MaRKiToScoK: folds 
Uncalled bet ($2.73) returned to XneferX
XneferX collected $7.01 from pot
XneferX: doesn't show hand 
*** SUMMARY ***
Total pot $7.38 | Rake $0.37 
Board [3c Kh 3s Qc Qs]
Seat 1: kevinq500 folded before Flop (didn't bet)
Seat 2: Eredar5 (button) folded before Flop (didn't bet)
Seat 3: rostickkin (small blind) folded before Flop
Seat 4: XneferX (big blind) collected ($7.01)
Seat 5: MaRKiToScoK folded on the River
Seat 6: equilibrium_tv folded before Flop (didn't bet)



PokerStars Hand #254376778681:  Hold'em No Limit ($0.50/$1.00 USD) - 2025/01/14 2:06:56 WET [2025/01/14 21:06:56 ET]
Table 'Arctica III' 6-max Seat #3 is the button
Seat 1: kevinq500 ($38.93 in chips) 
Seat 2: Eredar5 ($110 in chips) 
Seat 3: rostickkin ($189.03 in chips) 
Seat 4: XneferX ($117.07 in chips) 
Seat 5: MaRKiToScoK ($100 in chips) 
Seat 6: equilibrium_tv ($66.18 in chips) 
XneferX: posts small blind $0.50
MaRKiToScoK: posts big blind $1
*** HOLE CARDS ***
equilibrium_tv: folds 
kevinq500: folds 
Eredar5: folds 
rostickkin: folds 
XneferX: raises $2 to $3
MaRKiToScoK: calls $2
*** FLOP *** [2d 5h 6s]
XneferX: bets $4.39
MaRKiToScoK: folds 
Uncalled bet ($4.39) returned to XneferX
XneferX collected $5.70 from pot
XneferX: doesn't show hand 
*** SUMMARY ***
Total pot $6 | Rake $0.30 
Board [2d 5h 6s]
Seat 1: kevinq500 folded before Flop (didn't bet)
Seat 2: Eredar5 folded before Flop (didn't bet)
Seat 3: rostickkin (button) folded before Flop (didn't bet)
Seat 4: XneferX (small blind) collected ($5.70)
Seat 5: MaRKiToScoK (big blind) folded on the Flop
Seat 6: equilibrium_tv folded before Flop (didn't bet)



PokerStars Hand #254376785943:  Hold'em No Limit ($0.50/$1.00 USD) - 2025/01/14 2:07:42 WET [2025/01/14 21:07:42 ET]
Table 'Arctica III' 6-max Seat #4 is the button
Seat 1: kevinq500 ($38.93 in chips) 
Seat 2: Eredar5 ($110 in chips) 
Seat 3: rostickkin ($189.03 in chips) 
Seat 4: XneferX ($119.77 in chips) 
Seat 5: MaRKiToScoK ($100 in chips) 
Seat 6: equilibrium_tv ($66.18 in chips) 
MaRKiToScoK: posts small blind $0.50
equilibrium_tv: posts big blind $1
*** HOLE CARDS ***
kevinq500: calls $1
Eredar5: folds 
rostickkin: folds 
XneferX: folds 
MaRKiToScoK: folds 
equilibrium_tv: checks 
*** FLOP *** [2c 8h Qs]
equilibrium_tv: checks 
kevinq500: bets $2
equilibrium_tv: calls $2
*** TURN *** [2c 8h Qs] [3c]
equilibrium_tv: checks 
kevinq500: bets $2
equilibrium_tv: calls $2
*** RIVER *** [2c 8h Qs 3c] [4h]
equilibrium_tv: checks 
kevinq500: checks 
*** SHOW DOWN ***
equilibrium_tv: shows [Qc 7d] (a pair of Queens)
kevinq500: mucks hand 
equilibrium_tv collected $9.98 from pot
*** SUMMARY ***
Total pot $10.50 | Rake $0.52 
Board [2c 8h Qs 3c 4h]
Seat 1: kevinq500 mucked
Seat 2: Eredar5 folded before Flop (didn't bet)
Seat 3: rostickkin folded before Flop (didn't bet)
Seat 4: XneferX (button) folded before Flop (didn't bet)
Seat 5: MaRKiToScoK (small blind) folded before Flop
Seat 6: equilibrium_tv (big blind) showed [Qc 7d] and won ($9.98) with a pair of Queens



PokerStars Hand #254376794793:  Hold'em No Limit ($0.50/$1.00 USD) - 2025/01/14 2:08:38 WET [2025/01/14 21:08:38 ET]
Table 'Arctica III' 6-max Seat #5 is the button
Seat 1: kevinq500 ($33.93 in chips) 
Seat 2: Eredar5 ($110 in chips) 
Seat 3: rostickkin ($189.03 in chips) 
Seat 4: XneferX ($119.77 in chips) 
Seat 5: MaRKiToScoK ($100 in chips) 
Seat 6: equilibrium_tv ($71.16 in chips) 
equilibrium_tv: posts small blind $0.50
kevinq500: posts big blind $1
*** HOLE CARDS ***
Eredar5: folds 
rostickkin: raises $1.20 to $2.20
XneferX: folds 
MaRKiToScoK: folds 
equilibrium_tv: folds 
kevinq500: folds 
Uncalled bet ($1.20) returned to rostickkin
rostickkin collected $2.50 from pot
rostickkin: doesn't show hand 
*** SUMMARY ***
Total pot $2.50 | Rake $0 
Seat 1: kevinq500 (big blind) folded before Flop
Seat 2: Eredar5 folded before Flop (didn't bet)
Seat 3: rostickkin collected ($2.50)
Seat 4: XneferX folded before Flop (didn't bet)
Seat 5: MaRKiToScoK (button) folded before Flop (didn't bet)
Seat 6: equilibrium_tv (small blind) folded before Flop



PokerStars Hand #254376797586:  Hold'em No Limit ($0.50/$1.00 USD) - 2025/01/14 2:08:56 WET [2025/01/14 21:08:56 ET]
Table 'Arctica III' 6-max Seat #6 is the button
Seat 1: kevinq500 ($32.93 in chips) 
Seat 2: Eredar5 ($110 in chips) 
Seat 3: rostickkin ($190.53 in chips) 
Seat 4: XneferX ($119.77 in chips) 
Seat 5: MaRKiToScoK ($100 in chips) 
Seat 6: equilibrium_tv ($70.66 in chips) 
kevinq500: posts small blind $0.50
Eredar5: posts big blind $1
*** HOLE CARDS ***
rostickkin: folds 
XneferX: raises $1.10 to $2.10
MaRKiToScoK: calls $2.10
equilibrium_tv: folds 
kevinq500: folds 
Eredar5: calls $1.10
*** FLOP *** [Ad 6c 8d]
Eredar5: checks 
XneferX: checks 
MaRKiToScoK: checks 
*** TURN *** [Ad 6c 8d] [Kh]
Eredar5: checks 
XneferX: checks 
MaRKiToScoK: checks 
*** RIVER *** [Ad 6c 8d Kh] [Kd]
Eredar5: checks 
XneferX: checks 
MaRKiToScoK: checks 
*** SHOW DOWN ***
Eredar5: shows [9c Qc] (a pair of Kings)
XneferX: shows [7d 7s] (two pair, Kings and Sevens)
MaRKiToScoK: shows [9h 9d] (two pair, Kings and Nines)
MaRKiToScoK collected $6.46 from pot
*** SUMMARY ***
Total pot $6.80 | Rake $0.34 
Board [Ad 6c 8d Kh Kd]
Seat 1: kevinq500 (small blind) folded before Flop
Seat 2: Eredar5 (big blind) showed [9c Qc] and lost with a pair of Kings
Seat 3: rostickkin folded before Flop (didn't bet)
Seat 4: XneferX showed [7d 7s] and lost with two pair, Kings and Sevens
Seat 5: MaRKiToScoK showed [9h 9d] and won ($6.46) with two pair, Kings and Nines
Seat 6: equilibrium_tv (button) folded before Flop (didn't bet)



PokerStars Hand #254376812656:  Hold'em No Limit ($0.50/$1.00 USD) - 2025/01/14 2:10:31 WET [2025/01/14 21:10:31 ET]
Table 'Arctica III' 6-max Seat #1 is the button
Seat 1: kevinq500 ($32.43 in chips) 
Seat 2: Eredar5 ($107.90 in chips) 
Seat 3: rostickkin ($190.53 in chips) 
Seat 4: XneferX ($117.67 in chips) 
Seat 5: MaRKiToScoK ($104.36 in chips) 
Seat 6: equilibrium_tv ($70.66 in chips) 
Eredar5: posts small blind $0.50
rostickkin: posts big blind $1
*** HOLE CARDS ***
XneferX: raises $1.10 to $2.10
MaRKiToScoK: folds 
equilibrium_tv: folds 
kevinq500: calls $2.10
Eredar5: folds 
rostickkin: folds 
*** FLOP *** [4c Th Kh]
XneferX: checks 
kevinq500: bets $2
XneferX: calls $2
*** TURN *** [4c Th Kh] [9d]
XneferX: checks 
kevinq500: bets $4
XneferX: calls $4
*** RIVER *** [4c Th Kh 9d] [Tc]
XneferX: checks 
kevinq500: checks 
*** SHOW DOWN ***
XneferX: shows [Td Kd] (a full house, Tens full of Kings)
kevinq500: mucks hand 
XneferX collected $16.82 from pot
*** SUMMARY ***
Total pot $17.70 | Rake $0.88 
Board [4c Th Kh 9d Tc]
Seat 1: kevinq500 (button) mucked
Seat 2: Eredar5 (small blind) folded before Flop
Seat 3: rostickkin (big blind) folded before Flop
Seat 4: XneferX showed [Td Kd] and won ($16.82) with a full house, Tens full of Kings
Seat 5: MaRKiToScoK folded before Flop (didn't bet)
Seat 6: equilibrium_tv folded before Flop (didn't bet)



PokerStars Hand #254376824631:  Hold'em No Limit ($0.50/$1.00 USD) - 2025/01/14 2:11:46 WET [2025/01/14 21:11:46 ET]
Table 'Arctica III' 6-max Seat #2 is the button
Seat 1: kevinq500 ($24.33 in chips) 
Seat 2: Eredar5 ($107.40 in chips) 
Seat 3: rostickkin ($189.53 in chips) 
Seat 4: XneferX ($126.39 in chips) 
Seat 5: MaRKiToScoK ($104.36 in chips) 
Seat 6: equilibrium_tv ($70.66 in chips) 
rostickkin: posts small blind $0.50
XneferX: posts big blind $1
*** HOLE CARDS ***
MaRKiToScoK: raises $1.10 to $2.10
equilibrium_tv: folds 
kevinq500: folds 
Eredar5: folds 
rostickkin: folds 
XneferX: folds 
Uncalled bet ($1.10) returned to MaRKiToScoK
MaRKiToScoK collected $2.50 from pot
*** SUMMARY ***
Total pot $2.50 | Rake $0 
Seat 1: kevinq500 folded before Flop (didn't bet)
Seat 2: Eredar5 (button) folded before Flop (didn't bet)
Seat 3: rostickkin (small blind) folded before Flop
Seat 4: XneferX (big blind) folded before Flop
Seat 5: MaRKiToScoK collected ($2.50)
Seat 6: equilibrium_tv folded before Flop (didn't bet)



PokerStars Hand #254376827785:  Hold'em No Limit ($0.50/$1.00 USD) - 2025/01/14 2:12:06 WET [2025/01/14 21:12:06 ET]
Table 'Arctica III' 6-max Seat #3 is the button
Seat 1: kevinq500 ($24.33 in chips) 
Seat 2: Eredar5 ($107.40 in chips) 
Seat 3: rostickkin ($189.03 in chips) 
Seat 4: XneferX ($125.39 in chips) 
Seat 5: MaRKiToScoK ($105.86 in chips) 
Seat 6: equilibrium_tv ($70.66 in chips) 
XneferX: posts small blind $0.50
MaRKiToScoK: posts big blind $1
*** HOLE CARDS ***
equilibrium_tv: folds 
kevinq500: folds 
Eredar5: folds 
rostickkin: raises $1.50 to $2.50
XneferX: folds 
MaRKiToScoK: calls $1.50
*** FLOP *** [As 9d Qc]
MaRKiToScoK: checks 
rostickkin: checks 
*** TURN *** [As 9d Qc] [7s]
MaRKiToScoK: bets $3.92
rostickkin: calls $3.92
*** RIVER *** [As 9d Qc 7s] [6s]
MaRKiToScoK: bets $9.50
rostickkin: calls $9.50
*** SHOW DOWN ***
MaRKiToScoK: shows [Js 8s] (a flush, Ace high)
rostickkin: mucks hand 
MaRKiToScoK collected $30.72 from pot
*** SUMMARY ***
Total pot $32.34 | Rake $1.62 
Board [As 9d Qc 7s 6s]
Seat 1: kevinq500 folded before Flop (didn't bet)
Seat 2: Eredar5 folded before Flop (didn't bet)
Seat 3: rostickkin (button) mucked
Seat 4: XneferX (small blind) folded before Flop
Seat 5: MaRKiToScoK (big blind) showed [Js 8s] and won ($30.72) with a flush, Ace high
Seat 6: equilibrium_tv folded before Flop (didn't bet)



