PokerStars Hand #254373820516:  Hold'em No Limit ($0.50/$1.00 USD) - 2025/01/14 22:19:33 WET [2025/01/14 17:19:33 ET]
Table 'Wabash III' 6-max Seat #3 is the button
Seat 1: BumHuntKing ($100 in chips) 
Seat 3: For_the_idea ($102.25 in chips) 
Seat 5: [FB]Voodoo ($100 in chips) 
[FB]Voodoo: posts small blind $0.50
BumHuntKing: posts big blind $1
*** HOLE CARDS ***
For_the_idea: folds 
[FB]Voodoo: folds 
Uncalled bet ($0.50) returned to BumHuntKing
BumHuntKing collected $1 from pot
BumHuntKing: doesn't show hand 
*** SUMMARY ***
Total pot $1 | Rake $0 
Seat 1: BumHuntKing (big blind) collected ($1)
Seat 3: For_the_idea (button) folded before Flop (didn't bet)
Seat 5: [FB]Voodoo (small blind) folded before Flop



PokerStars Hand #254373822590:  Hold'em No Limit ($0.50/$1.00 USD) - 2025/01/14 22:19:39 WET [2025/01/14 17:19:39 ET]
Table 'Wabash III' 6-max Seat #5 is the button
Seat 1: BumHuntKing ($100.50 in chips) 
Seat 3: For_the_idea ($102.25 in chips) 
Seat 5: [FB]Voodoo ($100 in chips) 
BumHuntKing: posts small blind $0.50
For_the_idea: posts big blind $1
*** HOLE CARDS ***
[FB]Voodoo: raises $1.20 to $2.20
BumHuntKing: folds 
For_the_idea: folds 
Uncalled bet ($1.20) returned to [FB]Voodoo
[FB]Voodoo collected $2.50 from pot
[FB]Voodoo: doesn't show hand 
*** SUMMARY ***
Total pot $2.50 | Rake $0 
Seat 1: BumHuntKing (small blind) folded before Flop
Seat 3: For_the_idea (big blind) folded before Flop
Seat 5: [FB]Voodoo (button) collected ($2.50)



PokerStars Hand #254373828375:  Hold'em No Limit ($0.50/$1.00 USD) - 2025/01/14 22:19:59 WET [2025/01/14 17:19:59 ET]
Table 'Wabash III' 6-max Seat #3 is the button
Seat 5: [FB]Voodoo ($101.50 in chips) is sitting out
Seat 1: BumHuntKing ($100 in chips) 
Seat 3: For_the_idea ($101.25 in chips) 
For_the_idea: posts small blind $0.50
[FB]Voodoo: is sitting out 
[FB]Voodoo leaves the table
BumHuntKing: posts big blind $1
*** HOLE CARDS ***
For_the_idea: raises $1.50 to $2.50
BumHuntKing: calls $1.50
*** FLOP *** [2h 9s 7c]
BumHuntKing: checks 
For_the_idea: checks 
*** TURN *** [2h 9s 7c] [8c]
BumHuntKing: checks 
For_the_idea: checks 
*** RIVER *** [2h 9s 7c 8c] [3h]
BumHuntKing: bets $2.38
For_the_idea: folds 
Uncalled bet ($2.38) returned to BumHuntKing
BumHuntKing collected $4.75 from pot
BumHuntKing: doesn't show hand 
*** SUMMARY ***
Total pot $5 | Rake $0.25 
Board [2h 9s 7c 8c 3h]
Seat 5: [FB]Voodoo
Seat 1: BumHuntKing (big blind) collected ($4.75)
Seat 3: For_the_idea (button) (small blind) folded on the River



