PokerStars Hand #254377435683:  Hold'em No Limit ($0.50/$1.00 USD) - 2025/01/14 3:25:55 WET [2025/01/14 22:25:55 ET]
Table 'Theemin II' 6-max Seat #4 is the button
Seat 3: mlekarq1 ($122.50 in chips) is sitting out
Seat 1: AlexEliseev7 ($100 in chips) 
Seat 4: Rysiff ($102.50 in chips) 
Seat 6: BeauParleur ($100 in chips) 
BeauParleur: posts small blind $0.50
AlexEliseev7: posts big blind $1
*** HOLE CARDS ***
Rysiff: raises $1.50 to $2.50
BeauParleur: folds 
AlexEliseev7: folds 
Uncalled bet ($1.50) returned to Rysiff
Rysiff collected $2.50 from pot
Rysiff: doesn't show hand 
*** SUMMARY ***
Total pot $2.50 | Rake $0 
Seat 3: mlekarq1
Seat 1: AlexEliseev7 (big blind) folded before Flop
Seat 4: Rysiff (button) collected ($2.50)
Seat 6: BeauParleur (small blind) folded before Flop



PokerStars Hand #254377436972:  Hold'em No Limit ($0.50/$1.00 USD) - 2025/01/14 3:26:06 WET [2025/01/14 22:26:06 ET]
Table 'Theemin II' 6-max Seat #6 is the button
Seat 3: mlekarq1 ($122.50 in chips) is sitting out
Seat 1: AlexEliseev7 ($100 in chips) 
Seat 4: Rysiff ($104 in chips) 
Seat 6: BeauParleur ($100 in chips) 
AlexEliseev7: posts small blind $0.50
Rysiff: posts big blind $1
*** HOLE CARDS ***
BeauParleur: raises $1.50 to $2.50
AlexEliseev7: folds 
Rysiff: raises $9.50 to $12
BeauParleur: folds 
Uncalled bet ($9.50) returned to Rysiff
Rysiff collected $5.50 from pot
Rysiff: doesn't show hand 
*** SUMMARY ***
Total pot $5.50 | Rake $0 
Seat 3: mlekarq1
Seat 1: AlexEliseev7 (small blind) folded before Flop
Seat 4: Rysiff (big blind) collected ($5.50)
Seat 6: BeauParleur (button) folded before Flop



PokerStars Hand #254377440288:  Hold'em No Limit ($0.50/$1.00 USD) - 2025/01/14 3:26:33 WET [2025/01/14 22:26:33 ET]
Table 'Theemin II' 6-max Seat #1 is the button
Seat 3: mlekarq1 ($122.50 in chips) is sitting out
Seat 1: AlexEliseev7 ($100 in chips) 
Seat 4: Rysiff ($107 in chips) 
Seat 6: BeauParleur ($100 in chips) 
Rysiff: posts small blind $0.50
BeauParleur: posts big blind $1
*** HOLE CARDS ***
AlexEliseev7: raises $1.50 to $2.50
Rysiff: folds 
BeauParleur: folds 
Uncalled bet ($1.50) returned to AlexEliseev7
AlexEliseev7 collected $2.50 from pot
AlexEliseev7: doesn't show hand 
*** SUMMARY ***
Total pot $2.50 | Rake $0 
Seat 3: mlekarq1
Seat 1: AlexEliseev7 (button) collected ($2.50)
Seat 4: Rysiff (small blind) folded before Flop
Seat 6: BeauParleur (big blind) folded before Flop



PokerStars Hand #254377442774:  Hold'em No Limit ($0.50/$1.00 USD) - 2025/01/14 3:26:53 WET [2025/01/14 22:26:53 ET]
Table 'Theemin II' 6-max Seat #4 is the button
Seat 3: mlekarq1 ($122.50 in chips) is sitting out
Seat 1: AlexEliseev7 ($101.50 in chips) 
Seat 4: Rysiff ($106.50 in chips) 
Seat 6: BeauParleur ($100 in chips) 
BeauParleur: posts small blind $0.50
AlexEliseev7: posts big blind $1
*** HOLE CARDS ***
Rysiff: raises $1.50 to $2.50
BeauParleur: folds 
G.HANSEN333 joins the table at seat #2 
AlexEliseev7: folds 
Uncalled bet ($1.50) returned to Rysiff
Rysiff collected $2.50 from pot
Rysiff: doesn't show hand 
*** SUMMARY ***
Total pot $2.50 | Rake $0 
Seat 3: mlekarq1
Seat 1: AlexEliseev7 (big blind) folded before Flop
Seat 4: Rysiff (button) collected ($2.50)
Seat 6: BeauParleur (small blind) folded before Flop



PokerStars Hand #254377444053:  Hold'em No Limit ($0.50/$1.00 USD) - 2025/01/14 3:27:03 WET [2025/01/14 22:27:03 ET]
Table 'Theemin II' 6-max Seat #6 is the button
Seat 3: mlekarq1 ($122.50 in chips) is sitting out
Seat 1: AlexEliseev7 ($100.50 in chips) 
Seat 2: G.HANSEN333 ($100 in chips) 
Seat 4: Rysiff ($108 in chips) 
Seat 6: BeauParleur ($100 in chips) 
AlexEliseev7: posts small blind $0.50
G.HANSEN333: posts big blind $1
*** HOLE CARDS ***
Rysiff: folds 
BeauParleur: folds 
AlexEliseev7: raises $2 to $3
G.HANSEN333: folds 
Uncalled bet ($2) returned to AlexEliseev7
AlexEliseev7 collected $2 from pot
AlexEliseev7: doesn't show hand 
*** SUMMARY ***
Total pot $2 | Rake $0 
Seat 3: mlekarq1
Seat 1: AlexEliseev7 (small blind) collected ($2)
Seat 2: G.HANSEN333 (big blind) folded before Flop
Seat 4: Rysiff folded before Flop (didn't bet)
Seat 6: BeauParleur (button) folded before Flop (didn't bet)



PokerStars Hand #254377445779:  Hold'em No Limit ($0.50/$1.00 USD) - 2025/01/14 3:27:17 WET [2025/01/14 22:27:17 ET]
Table 'Theemin II' 6-max Seat #1 is the button
Seat 3: mlekarq1 ($122.50 in chips) is sitting out
Seat 4: Rysiff ($108 in chips) is sitting out
Seat 1: AlexEliseev7 ($101.50 in chips) 
Seat 2: G.HANSEN333 ($100 in chips) 
Seat 6: BeauParleur ($100 in chips) 
G.HANSEN333: posts small blind $0.50
Rysiff: is sitting out 
BeauParleur: posts big blind $1
*** HOLE CARDS ***
AlexEliseev7: folds 
G.HANSEN333: folds 
Uncalled bet ($0.50) returned to BeauParleur
Rysiff leaves the table
BeauParleur collected $1 from pot
BeauParleur: doesn't show hand 
*** SUMMARY ***
Total pot $1 | Rake $0 
Seat 3: mlekarq1
Seat 4: Rysiff
Seat 1: AlexEliseev7 (button) folded before Flop (didn't bet)
Seat 2: G.HANSEN333 (small blind) folded before Flop
Seat 6: BeauParleur (big blind) collected ($1)



PokerStars Hand #254377446474:  Hold'em No Limit ($0.50/$1.00 USD) - 2025/01/14 3:27:23 WET [2025/01/14 22:27:23 ET]
Table 'Theemin II' 6-max Seat #2 is the button
Seat 3: mlekarq1 ($122.50 in chips) is sitting out
Seat 1: AlexEliseev7 ($101.50 in chips) 
Seat 2: G.HANSEN333 ($100 in chips) 
Seat 6: BeauParleur ($100.50 in chips) 
BeauParleur: posts small blind $0.50
AlexEliseev7: posts big blind $1
*** HOLE CARDS ***
G.HANSEN333: folds 
G.HANSEN333 leaves the table
BeauParleur: raises $2 to $3
AlexEliseev7: calls $2
*** FLOP *** [Qh Ts Ad]
franbasualdo10 joins the table at seat #2 
franbasualdo10 is disconnected 
BeauParleur: checks 
AlexEliseev7: checks 
*** TURN *** [Qh Ts Ad] [6c]
IHateA14 joins the table at seat #4 
BeauParleur: checks 
sutata joins the table at seat #5 
AlexEliseev7: checks 
*** RIVER *** [Qh Ts Ad 6c] [2s]
BeauParleur: checks 
AlexEliseev7: bets $1
BeauParleur: calls $1
*** SHOW DOWN ***
AlexEliseev7: shows [7h 5h] (high card Ace)
BeauParleur: shows [Td 9d] (a pair of Tens)
BeauParleur collected $7.60 from pot
*** SUMMARY ***
Total pot $8 | Rake $0.40 
Board [Qh Ts Ad 6c 2s]
Seat 3: mlekarq1
Seat 1: AlexEliseev7 (big blind) showed [7h 5h] and lost with high card Ace
Seat 2: G.HANSEN333 (button) folded before Flop (didn't bet)
Seat 6: BeauParleur (small blind) showed [Td 9d] and won ($7.60) with a pair of Tens



PokerStars Hand #254377455868:  Hold'em No Limit ($0.50/$1.00 USD) - 2025/01/14 3:28:41 WET [2025/01/14 22:28:41 ET]
Table 'Theemin II' 6-max Seat #6 is the button
Seat 3: mlekarq1 ($122.50 in chips) is sitting out
Seat 4: IHateA14 ($100 in chips) is sitting out
Seat 5: sutata ($100 in chips) is sitting out
Seat 1: AlexEliseev7 ($100 in chips) 
Seat 2: franbasualdo10 ($40 in chips) 
Seat 6: BeauParleur ($104.10 in chips) 
AlexEliseev7: posts small blind $0.50
franbasualdo10: posts big blind $1
IHateA14: sits out 
sutata: sits out 
*** HOLE CARDS ***
BeauParleur: raises $1.50 to $2.50
AlexEliseev7: folds 
franbasualdo10: folds 
Uncalled bet ($1.50) returned to BeauParleur
BeauParleur collected $2.50 from pot
BeauParleur: doesn't show hand 
*** SUMMARY ***
Total pot $2.50 | Rake $0 
Seat 3: mlekarq1
Seat 4: IHateA14
Seat 5: sutata
Seat 1: AlexEliseev7 (small blind) folded before Flop
Seat 2: franbasualdo10 (big blind) folded before Flop
Seat 6: BeauParleur (button) collected ($2.50)



PokerStars Hand #254377457375:  Hold'em No Limit ($0.50/$1.00 USD) - 2025/01/14 3:28:53 WET [2025/01/14 22:28:53 ET]
Table 'Theemin II' 6-max Seat #1 is the button
Seat 3: mlekarq1 ($122.50 in chips) is sitting out
Seat 5: sutata ($100 in chips) is sitting out
Seat 1: AlexEliseev7 ($100 in chips) 
Seat 2: franbasualdo10 ($39 in chips) 
Seat 4: IHateA14 ($100 in chips) 
Seat 6: BeauParleur ($105.60 in chips) 
franbasualdo10: posts small blind $0.50
IHateA14: posts big blind $1
sutata: sits out 
*** HOLE CARDS ***
BeauParleur has timed out
BeauParleur: folds 
BeauParleur leaves the table
AlexEliseev7: folds 
franbasualdo10: folds 
Uncalled bet ($0.50) returned to IHateA14
IHateA14 collected $1 from pot
*** SUMMARY ***
Total pot $1 | Rake $0 
Seat 3: mlekarq1
Seat 5: sutata
Seat 1: AlexEliseev7 (button) folded before Flop (didn't bet)
Seat 2: franbasualdo10 (small blind) folded before Flop
Seat 4: IHateA14 (big blind) collected ($1)
Seat 6: BeauParleur folded before Flop (didn't bet)



PokerStars Hand #254377459917:  Hold'em No Limit ($0.50/$1.00 USD) - 2025/01/14 3:29:14 WET [2025/01/14 22:29:14 ET]
Table 'Theemin II' 6-max Seat #2 is the button
Seat 3: mlekarq1 ($122.50 in chips) is sitting out
Seat 1: AlexEliseev7 ($100 in chips) 
Seat 2: franbasualdo10 ($38.50 in chips) 
Seat 4: IHateA14 ($100.50 in chips) 
Seat 5: sutata ($100 in chips) 
IHateA14: posts small blind $0.50
sutata: posts big blind $1
*** HOLE CARDS ***
AlexEliseev7: folds 
franbasualdo10: raises $1 to $2
IHateA14: folds 
sutata: calls $1
*** FLOP *** [4h 3c Th]
sutata: checks 
franbasualdo10: bets $2
sutata: raises $65.50 to $67.50
franbasualdo10: folds 
Uncalled bet ($65.50) returned to sutata
sutata collected $8.08 from pot
sutata: doesn't show hand 
*** SUMMARY ***
Total pot $8.50 | Rake $0.42 
Board [4h 3c Th]
Seat 3: mlekarq1
Seat 1: AlexEliseev7 folded before Flop (didn't bet)
Seat 2: franbasualdo10 (button) folded on the Flop
Seat 4: IHateA14 (small blind) folded before Flop
Seat 5: sutata (big blind) collected ($8.08)



PokerStars Hand #254377463599:  Hold'em No Limit ($0.50/$1.00 USD) - 2025/01/14 3:29:44 WET [2025/01/14 22:29:44 ET]
Table 'Theemin II' 6-max Seat #4 is the button
Seat 3: mlekarq1 ($122.50 in chips) is sitting out
Seat 1: AlexEliseev7 ($100 in chips) 
Seat 2: franbasualdo10 ($34.50 in chips) 
Seat 4: IHateA14 ($100 in chips) 
Seat 5: sutata ($104.08 in chips) 
sutata: posts small blind $0.50
AlexEliseev7: posts big blind $1
mlekarq1: sits out 
*** HOLE CARDS ***
franbasualdo10: calls $1
IHateA14: folds 
sutata: calls $0.50
AlexEliseev7: checks 
*** FLOP *** [2d 4c Js]
sutata: bets $1
AlexEliseev7: folds 
franbasualdo10: folds 
Uncalled bet ($1) returned to sutata
sutata collected $2.85 from pot
sutata: doesn't show hand 
*** SUMMARY ***
Total pot $3 | Rake $0.15 
Board [2d 4c Js]
Seat 3: mlekarq1
Seat 1: AlexEliseev7 (big blind) folded on the Flop
Seat 2: franbasualdo10 folded on the Flop
Seat 4: IHateA14 (button) folded before Flop (didn't bet)
Seat 5: sutata (small blind) collected ($2.85)



PokerStars Hand #254377469317:  Hold'em No Limit ($0.50/$1.00 USD) - 2025/01/14 3:30:31 WET [2025/01/14 22:30:31 ET]
Table 'Theemin II' 6-max Seat #5 is the button
Seat 3: mlekarq1 ($122.50 in chips) is sitting out
Seat 1: AlexEliseev7 ($100 in chips) 
Seat 2: franbasualdo10 ($33.50 in chips) 
Seat 4: IHateA14 ($100 in chips) 
Seat 5: sutata ($105.93 in chips) 
AlexEliseev7: posts small blind $0.50
franbasualdo10: posts big blind $1
mlekarq1: sits out 
*** HOLE CARDS ***
IHateA14: folds 
sutata: folds 
alextony1 joins the table at seat #6 
alextony1 is disconnected 
AlexEliseev7: raises $2 to $3
franbasualdo10: calls $2
*** FLOP *** [Jh 5h 2c]
AlexEliseev7: bets $1.88
franbasualdo10: calls $1.88
*** TURN *** [Jh 5h 2c] [Td]
AlexEliseev7: bets $7.23
franbasualdo10: folds 
Uncalled bet ($7.23) returned to AlexEliseev7
AlexEliseev7 collected $9.27 from pot
AlexEliseev7: doesn't show hand 
*** SUMMARY ***
Total pot $9.76 | Rake $0.49 
Board [Jh 5h 2c Td]
Seat 3: mlekarq1
Seat 1: AlexEliseev7 (small blind) collected ($9.27)
Seat 2: franbasualdo10 (big blind) folded on the Turn
Seat 4: IHateA14 folded before Flop (didn't bet)
Seat 5: sutata (button) folded before Flop (didn't bet)



PokerStars Hand #254377474522:  Hold'em No Limit ($0.50/$1.00 USD) - 2025/01/14 3:31:14 WET [2025/01/14 22:31:14 ET]
Table 'Theemin II' 6-max Seat #1 is the button
Seat 1: AlexEliseev7 ($104.39 in chips) 
Seat 2: franbasualdo10 ($28.62 in chips) 
Seat 3: mlekarq1 ($122.50 in chips) 
Seat 4: IHateA14 ($100 in chips) 
Seat 5: sutata ($105.93 in chips) 
Seat 6: alextony1 ($100 in chips) 
franbasualdo10: posts small blind $0.50
mlekarq1: posts big blind $1
alextony1: posts big blind $1
*** HOLE CARDS ***
IHateA14: folds 
sutata: folds 
alextony1: checks 
AlexEliseev7: folds 
franbasualdo10: raises $2 to $3
mlekarq1: folds 
alextony1: folds 
Uncalled bet ($2) returned to franbasualdo10
franbasualdo10 collected $3 from pot
*** SUMMARY ***
Total pot $3 | Rake $0 
Seat 1: AlexEliseev7 (button) folded before Flop (didn't bet)
Seat 2: franbasualdo10 (small blind) collected ($3)
Seat 3: mlekarq1 (big blind) folded before Flop
Seat 4: IHateA14 folded before Flop (didn't bet)
Seat 5: sutata folded before Flop (didn't bet)
Seat 6: alextony1 folded before Flop (didn't bet)



PokerStars Hand #254377476953:  Hold'em No Limit ($0.50/$1.00 USD) - 2025/01/14 3:31:34 WET [2025/01/14 22:31:34 ET]
Table 'Theemin II' 6-max Seat #2 is the button
Seat 1: AlexEliseev7 ($104.39 in chips) 
Seat 2: franbasualdo10 ($30.62 in chips) 
Seat 3: mlekarq1 ($121.50 in chips) 
Seat 4: IHateA14 ($100 in chips) 
Seat 5: sutata ($105.93 in chips) 
Seat 6: alextony1 ($99 in chips) 
mlekarq1: posts small blind $0.50
IHateA14: posts big blind $1
*** HOLE CARDS ***
sutata: folds 
alextony1: folds 
AlexEliseev7: folds 
franbasualdo10: folds 
mlekarq1: raises $2 to $3
IHateA14: raises $6.30 to $9.30
mlekarq1: folds 
Uncalled bet ($6.30) returned to IHateA14
IHateA14 collected $6 from pot
*** SUMMARY ***
Total pot $6 | Rake $0 
Seat 1: AlexEliseev7 folded before Flop (didn't bet)
Seat 2: franbasualdo10 (button) folded before Flop (didn't bet)
Seat 3: mlekarq1 (small blind) folded before Flop
Seat 4: IHateA14 (big blind) collected ($6)
Seat 5: sutata folded before Flop (didn't bet)
Seat 6: alextony1 folded before Flop (didn't bet)



PokerStars Hand #254377482095:  Hold'em No Limit ($0.50/$1.00 USD) - 2025/01/14 3:32:17 WET [2025/01/14 22:32:17 ET]
Table 'Theemin II' 6-max Seat #3 is the button
Seat 1: AlexEliseev7 ($104.39 in chips) 
Seat 2: franbasualdo10 ($30.62 in chips) 
Seat 3: mlekarq1 ($118.50 in chips) 
Seat 4: IHateA14 ($103 in chips) 
Seat 5: sutata ($105.93 in chips) 
Seat 6: alextony1 ($99 in chips) 
IHateA14: posts small blind $0.50
sutata: posts big blind $1
*** HOLE CARDS ***
alextony1: folds 
AlexEliseev7: folds 
franbasualdo10: folds 
mlekarq1: raises $1.50 to $2.50
IHateA14: raises $8.52 to $11.02
sutata: folds 
mlekarq1: raises $13.98 to $25
IHateA14: folds 
Uncalled bet ($13.98) returned to mlekarq1
mlekarq1 collected $23.04 from pot
*** SUMMARY ***
Total pot $23.04 | Rake $0 
Seat 1: AlexEliseev7 folded before Flop (didn't bet)
Seat 2: franbasualdo10 folded before Flop (didn't bet)
Seat 3: mlekarq1 (button) collected ($23.04)
Seat 4: IHateA14 (small blind) folded before Flop
Seat 5: sutata (big blind) folded before Flop
Seat 6: alextony1 folded before Flop (didn't bet)



PokerStars Hand #254377486328:  Hold'em No Limit ($0.50/$1.00 USD) - 2025/01/14 3:32:52 WET [2025/01/14 22:32:52 ET]
Table 'Theemin II' 6-max Seat #4 is the button
Seat 1: AlexEliseev7 ($104.39 in chips) 
Seat 2: franbasualdo10 ($30.62 in chips) 
Seat 3: mlekarq1 ($130.52 in chips) 
Seat 4: IHateA14 ($100 in chips) 
Seat 5: sutata ($104.93 in chips) 
Seat 6: alextony1 ($99 in chips) 
sutata: posts small blind $0.50
alextony1: posts big blind $1
*** HOLE CARDS ***
AlexEliseev7: folds 
franbasualdo10: raises $1 to $2
mlekarq1: folds 
IHateA14: folds 
sutata: folds 
alextony1: calls $1
*** FLOP *** [6c 5h 5s]
alextony1: checks 
franbasualdo10: bets $2
alextony1: folds 
Uncalled bet ($2) returned to franbasualdo10
franbasualdo10 collected $4.28 from pot
*** SUMMARY ***
Total pot $4.50 | Rake $0.22 
Board [6c 5h 5s]
Seat 1: AlexEliseev7 folded before Flop (didn't bet)
Seat 2: franbasualdo10 collected ($4.28)
Seat 3: mlekarq1 folded before Flop (didn't bet)
Seat 4: IHateA14 (button) folded before Flop (didn't bet)
Seat 5: sutata (small blind) folded before Flop
Seat 6: alextony1 (big blind) folded on the Flop



PokerStars Hand #254377489479:  Hold'em No Limit ($0.50/$1.00 USD) - 2025/01/14 3:33:19 WET [2025/01/14 22:33:19 ET]
Table 'Theemin II' 6-max Seat #5 is the button
Seat 1: AlexEliseev7 ($104.39 in chips) 
Seat 2: franbasualdo10 ($32.90 in chips) 
Seat 3: mlekarq1 ($130.52 in chips) 
Seat 4: IHateA14 ($100 in chips) 
Seat 5: sutata ($104.43 in chips) 
Seat 6: alextony1 ($97 in chips) 
alextony1: posts small blind $0.50
AlexEliseev7: posts big blind $1
*** HOLE CARDS ***
franbasualdo10: raises $1 to $2
mlekarq1: folds 
IHateA14: folds 
sutata: folds 
alextony1: folds 
AlexEliseev7: folds 
Uncalled bet ($1) returned to franbasualdo10
franbasualdo10 collected $2.50 from pot
*** SUMMARY ***
Total pot $2.50 | Rake $0 
Seat 1: AlexEliseev7 (big blind) folded before Flop
Seat 2: franbasualdo10 collected ($2.50)
Seat 3: mlekarq1 folded before Flop (didn't bet)
Seat 4: IHateA14 folded before Flop (didn't bet)
Seat 5: sutata (button) folded before Flop (didn't bet)
Seat 6: alextony1 (small blind) folded before Flop



PokerStars Hand #254377493233:  Hold'em No Limit ($0.50/$1.00 USD) - 2025/01/14 3:33:50 WET [2025/01/14 22:33:50 ET]
Table 'Theemin II' 6-max Seat #6 is the button
Seat 1: AlexEliseev7 ($103.39 in chips) 
Seat 2: franbasualdo10 ($34.40 in chips) 
Seat 3: mlekarq1 ($130.52 in chips) 
Seat 4: IHateA14 ($100 in chips) 
Seat 5: sutata ($104.43 in chips) 
Seat 6: alextony1 ($96.50 in chips) 
AlexEliseev7: posts small blind $0.50
franbasualdo10: posts big blind $1
*** HOLE CARDS ***
mlekarq1: raises $1.20 to $2.20
IHateA14: folds 
sutata: calls $2.20
alextony1: folds 
AlexEliseev7: folds 
franbasualdo10: folds 
*** FLOP *** [Kh 7d Ks]
mlekarq1: bets $1.40
sutata: calls $1.40
*** TURN *** [Kh 7d Ks] [Ad]
mlekarq1: bets $2.07
sutata: calls $2.07
*** RIVER *** [Kh 7d Ks Ad] [6s]
mlekarq1: bets $3.05
sutata: raises $13.91 to $16.96
mlekarq1: raises $107.89 to $124.85 and is all-in
sutata: folds 
Uncalled bet ($107.89) returned to mlekarq1
mlekarq1 collected $44.42 from pot
*** SUMMARY ***
Total pot $46.76 | Rake $2.34 
Board [Kh 7d Ks Ad 6s]
Seat 1: AlexEliseev7 (small blind) folded before Flop
Seat 2: franbasualdo10 (big blind) folded before Flop
Seat 3: mlekarq1 collected ($44.42)
Seat 4: IHateA14 folded before Flop (didn't bet)
Seat 5: sutata folded on the River
Seat 6: alextony1 (button) folded before Flop (didn't bet)



PokerStars Hand #254377504054:  Hold'em No Limit ($0.50/$1.00 USD) - 2025/01/14 3:35:21 WET [2025/01/14 22:35:21 ET]
Table 'Theemin II' 6-max Seat #1 is the button
Seat 1: AlexEliseev7 ($102.89 in chips) 
Seat 2: franbasualdo10 ($33.40 in chips) 
Seat 3: mlekarq1 ($152.31 in chips) 
Seat 4: IHateA14 ($100 in chips) 
Seat 5: sutata ($100 in chips) 
Seat 6: alextony1 ($96.50 in chips) 
franbasualdo10: posts small blind $0.50
mlekarq1: posts big blind $1
*** HOLE CARDS ***
IHateA14: folds 
sutata: folds 
alextony1: raises $3 to $4
AlexEliseev7: folds 
franbasualdo10: folds 
mlekarq1: folds 
Uncalled bet ($3) returned to alextony1
alextony1 collected $2.50 from pot
*** SUMMARY ***
Total pot $2.50 | Rake $0 
Seat 1: AlexEliseev7 (button) folded before Flop (didn't bet)
Seat 2: franbasualdo10 (small blind) folded before Flop
Seat 3: mlekarq1 (big blind) folded before Flop
Seat 4: IHateA14 folded before Flop (didn't bet)
Seat 5: sutata folded before Flop (didn't bet)
Seat 6: alextony1 collected ($2.50)



PokerStars Hand #254377505664:  Hold'em No Limit ($0.50/$1.00 USD) - 2025/01/14 3:35:34 WET [2025/01/14 22:35:34 ET]
Table 'Theemin II' 6-max Seat #2 is the button
Seat 1: AlexEliseev7 ($102.89 in chips) 
Seat 2: franbasualdo10 ($32.90 in chips) 
Seat 3: mlekarq1 ($151.31 in chips) 
Seat 4: IHateA14 ($100 in chips) 
Seat 5: sutata ($100 in chips) 
Seat 6: alextony1 ($98 in chips) 
mlekarq1: posts small blind $0.50
IHateA14: posts big blind $1
*** HOLE CARDS ***
sutata: folds 
alextony1: folds 
AlexEliseev7: folds 
franbasualdo10: folds 
mlekarq1: raises $2 to $3
IHateA14: calls $2
*** FLOP *** [Ah 8c 7h]
mlekarq1: checks 
IHateA14: checks 
*** TURN *** [Ah 8c 7h] [2s]
mlekarq1: bets $2.85
IHateA14: folds 
Uncalled bet ($2.85) returned to mlekarq1
mlekarq1 collected $5.70 from pot
*** SUMMARY ***
Total pot $6 | Rake $0.30 
Board [Ah 8c 7h 2s]
Seat 1: AlexEliseev7 folded before Flop (didn't bet)
Seat 2: franbasualdo10 (button) folded before Flop (didn't bet)
Seat 3: mlekarq1 (small blind) collected ($5.70)
Seat 4: IHateA14 (big blind) folded on the Turn
Seat 5: sutata folded before Flop (didn't bet)
Seat 6: alextony1 folded before Flop (didn't bet)



PokerStars Hand #254377510839:  Hold'em No Limit ($0.50/$1.00 USD) - 2025/01/14 3:36:18 WET [2025/01/14 22:36:18 ET]
Table 'Theemin II' 6-max Seat #3 is the button
Seat 1: AlexEliseev7 ($102.89 in chips) 
Seat 2: franbasualdo10 ($32.90 in chips) 
Seat 3: mlekarq1 ($154.01 in chips) 
Seat 4: IHateA14 ($100 in chips) 
Seat 5: sutata ($100 in chips) 
Seat 6: alextony1 ($98 in chips) 
IHateA14: posts small blind $0.50
sutata: posts big blind $1
*** HOLE CARDS ***
alextony1: raises $1 to $2
AlexEliseev7: folds 
franbasualdo10: folds 
mlekarq1: folds 
IHateA14: folds 
sutata: calls $1
*** FLOP *** [6h 3h Th]
sutata: checks 
alextony1: bets $2.14
sutata: calls $2.14
*** TURN *** [6h 3h Th] [Jh]
sutata: checks 
alextony1: checks 
*** RIVER *** [6h 3h Th Jh] [7h]
sutata: bets $6.34
alextony1: folds 
Uncalled bet ($6.34) returned to sutata
sutata collected $8.34 from pot
sutata: doesn't show hand 
*** SUMMARY ***
Total pot $8.78 | Rake $0.44 
Board [6h 3h Th Jh 7h]
Seat 1: AlexEliseev7 folded before Flop (didn't bet)
Seat 2: franbasualdo10 folded before Flop (didn't bet)
Seat 3: mlekarq1 (button) folded before Flop (didn't bet)
Seat 4: IHateA14 (small blind) folded before Flop
Seat 5: sutata (big blind) collected ($8.34)
Seat 6: alextony1 folded on the River



PokerStars Hand #254377515183:  Hold'em No Limit ($0.50/$1.00 USD) - 2025/01/14 3:36:55 WET [2025/01/14 22:36:55 ET]
Table 'Theemin II' 6-max Seat #4 is the button
Seat 1: AlexEliseev7 ($102.89 in chips) 
Seat 2: franbasualdo10 ($32.90 in chips) 
Seat 3: mlekarq1 ($154.01 in chips) 
Seat 4: IHateA14 ($100 in chips) 
Seat 5: sutata ($104.20 in chips) 
Seat 6: alextony1 ($93.86 in chips) 
sutata: posts small blind $0.50
alextony1: posts big blind $1
*** HOLE CARDS ***
AlexEliseev7: folds 
franbasualdo10: folds 
mlekarq1: folds 
IHateA14: raises $1 to $2
sutata: folds 
alextony1: calls $1
*** FLOP *** [Kc 2h Ad]
alextony1: checks 
IHateA14: bets $1.16
alextony1: folds 
Uncalled bet ($1.16) returned to IHateA14
IHateA14 collected $4.28 from pot
*** SUMMARY ***
Total pot $4.50 | Rake $0.22 
Board [Kc 2h Ad]
Seat 1: AlexEliseev7 folded before Flop (didn't bet)
Seat 2: franbasualdo10 folded before Flop (didn't bet)
Seat 3: mlekarq1 folded before Flop (didn't bet)
Seat 4: IHateA14 (button) collected ($4.28)
Seat 5: sutata (small blind) folded before Flop
Seat 6: alextony1 (big blind) folded on the Flop



PokerStars Hand #254377517567:  Hold'em No Limit ($0.50/$1.00 USD) - 2025/01/14 3:37:16 WET [2025/01/14 22:37:16 ET]
Table 'Theemin II' 6-max Seat #5 is the button
Seat 1: AlexEliseev7 ($102.89 in chips) 
Seat 2: franbasualdo10 ($32.90 in chips) 
Seat 3: mlekarq1 ($154.01 in chips) 
Seat 4: IHateA14 ($102.28 in chips) 
Seat 5: sutata ($103.70 in chips) 
Seat 6: alextony1 ($91.86 in chips) 
alextony1: posts small blind $0.50
AlexEliseev7: posts big blind $1
*** HOLE CARDS ***
franbasualdo10: raises $1 to $2
mlekarq1: folds 
IHateA14: folds 
sutata: calls $2
alextony1: folds 
AlexEliseev7: folds 
*** FLOP *** [Td 3h 2c]
franbasualdo10: checks 
sutata: checks 
*** TURN *** [Td 3h 2c] [Qh]
franbasualdo10: checks 
sutata: checks 
*** RIVER *** [Td 3h 2c Qh] [Kc]
franbasualdo10: checks 
sutata: bets $2.61
franbasualdo10: calls $2.61
*** SHOW DOWN ***
sutata: shows [8s 9s] (high card King)
franbasualdo10: shows [Ad 8h] (high card Ace)
franbasualdo10 collected $10.18 from pot
*** SUMMARY ***
Total pot $10.72 | Rake $0.54 
Board [Td 3h 2c Qh Kc]
Seat 1: AlexEliseev7 (big blind) folded before Flop
Seat 2: franbasualdo10 showed [Ad 8h] and won ($10.18) with high card Ace
Seat 3: mlekarq1 folded before Flop (didn't bet)
Seat 4: IHateA14 folded before Flop (didn't bet)
Seat 5: sutata (button) showed [8s 9s] and lost with high card King
Seat 6: alextony1 (small blind) folded before Flop



PokerStars Hand #254377522483:  Hold'em No Limit ($0.50/$1.00 USD) - 2025/01/14 3:37:58 WET [2025/01/14 22:37:58 ET]
Table 'Theemin II' 6-max Seat #6 is the button
Seat 1: AlexEliseev7 ($101.89 in chips) 
Seat 2: franbasualdo10 ($38.47 in chips) 
Seat 3: mlekarq1 ($154.01 in chips) 
Seat 4: IHateA14 ($102.28 in chips) 
Seat 5: sutata ($100 in chips) 
Seat 6: alextony1 ($91.36 in chips) 
AlexEliseev7: posts small blind $0.50
franbasualdo10: posts big blind $1
*** HOLE CARDS ***
mlekarq1: folds 
IHateA14: raises $1 to $2
sutata: folds 
alextony1: calls $2
AlexEliseev7: folds 
franbasualdo10: calls $1
*** FLOP *** [8c 9d Ts]
franbasualdo10: checks 
IHateA14: checks 
alextony1: bets $3.09
franbasualdo10: folds 
IHateA14: calls $3.09
*** TURN *** [8c 9d Ts] [6c]
IHateA14: checks 
alextony1: checks 
*** RIVER *** [8c 9d Ts 6c] [3d]
IHateA14: bets $24.10
alextony1: folds 
Uncalled bet ($24.10) returned to IHateA14
IHateA14 collected $12.05 from pot
*** SUMMARY ***
Total pot $12.68 | Rake $0.63 
Board [8c 9d Ts 6c 3d]
Seat 1: AlexEliseev7 (small blind) folded before Flop
Seat 2: franbasualdo10 (big blind) folded on the Flop
Seat 3: mlekarq1 folded before Flop (didn't bet)
Seat 4: IHateA14 collected ($12.05)
Seat 5: sutata folded before Flop (didn't bet)
Seat 6: alextony1 (button) folded on the River



PokerStars Hand #254377530149:  Hold'em No Limit ($0.50/$1.00 USD) - 2025/01/14 3:39:05 WET [2025/01/14 22:39:05 ET]
Table 'Theemin II' 6-max Seat #1 is the button
Seat 1: AlexEliseev7 ($101.39 in chips) 
Seat 2: franbasualdo10 ($36.47 in chips) 
Seat 3: mlekarq1 ($154.01 in chips) 
Seat 4: IHateA14 ($109.24 in chips) 
Seat 5: sutata ($100 in chips) 
Seat 6: alextony1 ($86.27 in chips) 
franbasualdo10: posts small blind $0.50
mlekarq1: posts big blind $1
*** HOLE CARDS ***
IHateA14: folds 
sutata: folds 
alextony1: folds 
AlexEliseev7: raises $1.50 to $2.50
franbasualdo10: calls $2
mlekarq1: folds 
*** FLOP *** [7c 6d 5c]
franbasualdo10: checks 
AlexEliseev7: checks 
*** TURN *** [7c 6d 5c] [4h]
franbasualdo10: bets $3
AlexEliseev7: folds 
Uncalled bet ($3) returned to franbasualdo10
franbasualdo10 collected $5.70 from pot
*** SUMMARY ***
Total pot $6 | Rake $0.30 
Board [7c 6d 5c 4h]
Seat 1: AlexEliseev7 (button) folded on the Turn
Seat 2: franbasualdo10 (small blind) collected ($5.70)
Seat 3: mlekarq1 (big blind) folded before Flop
Seat 4: IHateA14 folded before Flop (didn't bet)
Seat 5: sutata folded before Flop (didn't bet)
Seat 6: alextony1 folded before Flop (didn't bet)



PokerStars Hand #254377533503:  Hold'em No Limit ($0.50/$1.00 USD) - 2025/01/14 3:39:33 WET [2025/01/14 22:39:33 ET]
Table 'Theemin II' 6-max Seat #2 is the button
Seat 4: IHateA14 ($109.24 in chips) is sitting out
Seat 1: AlexEliseev7 ($100 in chips) 
Seat 2: franbasualdo10 ($39.67 in chips) 
Seat 3: mlekarq1 ($153.01 in chips) 
Seat 5: sutata ($100 in chips) 
Seat 6: alextony1 ($86.27 in chips) 
mlekarq1: posts small blind $0.50
IHateA14: is sitting out 
sutata: posts big blind $1
*** HOLE CARDS ***
alextony1: folds 
AlexEliseev7: folds 
franbasualdo10: calls $1
mlekarq1: calls $0.50
sutata: checks 
*** FLOP *** [Jh 9s 6h]
mlekarq1: checks 
sutata: checks 
franbasualdo10: checks 
*** TURN *** [Jh 9s 6h] [8s]
mlekarq1: checks 
sutata: checks 
franbasualdo10: checks 
*** RIVER *** [Jh 9s 6h 8s] [Kc]
mlekarq1: checks 
sutata: checks 
franbasualdo10: checks 
*** SHOW DOWN ***
mlekarq1: shows [3s Qs] (high card King)
sutata: shows [5h 5s] (a pair of Fives)
franbasualdo10: mucks hand 
sutata collected $2.85 from pot
*** SUMMARY ***
Total pot $3 | Rake $0.15 
Board [Jh 9s 6h 8s Kc]
Seat 4: IHateA14
Seat 1: AlexEliseev7 folded before Flop (didn't bet)
Seat 2: franbasualdo10 (button) mucked
Seat 3: mlekarq1 (small blind) showed [3s Qs] and lost with high card King
Seat 5: sutata (big blind) showed [5h 5s] and won ($2.85) with a pair of Fives
Seat 6: alextony1 folded before Flop (didn't bet)



PokerStars Hand #254377538412:  Hold'em No Limit ($0.50/$1.00 USD) - 2025/01/14 3:40:15 WET [2025/01/14 22:40:15 ET]
Table 'Theemin II' 6-max Seat #3 is the button
Seat 4: IHateA14 ($109.24 in chips) is sitting out
Seat 1: AlexEliseev7 ($100 in chips) 
Seat 2: franbasualdo10 ($38.67 in chips) 
Seat 3: mlekarq1 ($152.01 in chips) 
Seat 5: sutata ($101.85 in chips) 
Seat 6: alextony1 ($86.27 in chips) 
sutata: posts small blind $0.50
alextony1: posts big blind $1
*** HOLE CARDS ***
AlexEliseev7: raises $1.50 to $2.50
franbasualdo10: folds 
mlekarq1: folds 
sutata: folds 
alextony1: folds 
Uncalled bet ($1.50) returned to AlexEliseev7
AlexEliseev7 collected $2.50 from pot
AlexEliseev7: doesn't show hand 
*** SUMMARY ***
Total pot $2.50 | Rake $0 
Seat 4: IHateA14
Seat 1: AlexEliseev7 collected ($2.50)
Seat 2: franbasualdo10 folded before Flop (didn't bet)
Seat 3: mlekarq1 (button) folded before Flop (didn't bet)
Seat 5: sutata (small blind) folded before Flop
Seat 6: alextony1 (big blind) folded before Flop



