PokerStars Hand #254369483175:  Hold'em No Limit ($0.50/$1.00 USD) - 2025/01/14 18:17:56 WET [2025/01/14 13:17:56 ET]
Table 'Gudrun III' 6-max Seat #2 is the button
Seat 1: Zvst ($100 in chips) 
Seat 2: vadjkeee ($100 in chips) 
Seat 3: Nicedaymybro ($100 in chips) 
Seat 4: ReVeu710 ($100 in chips) 
Seat 5: BoyLoc0 ($100 in chips) 
Seat 6: filip883 ($116.56 in chips) 
Nicedaymybro: posts small blind $0.50
ReVeu710: posts big blind $1
*** HOLE CARDS ***
BoyLoc0: folds 
filip883: raises $1 to $2
Zvst: folds 
vadjkeee: folds 
Nicedaymybro: folds 
ReVeu710: raises $8 to $10
filip883: calls $8
*** FLOP *** [2c 5c 8c]
ReVeu710: bets $4.87
filip883: raises $6.87 to $11.74
ReVeu710: calls $6.87
*** TURN *** [2c 5c 8c] [9d]
ReVeu710: checks 
filip883: bets $24.89
ReVeu710: calls $24.89
*** RIVER *** [2c 5c 8c 9d] [8s]
ReVeu710: checks 
filip883: bets $69.93 and is all-in
ReVeu710: calls $53.37 and is all-in
Uncalled bet ($16.56) returned to filip883
*** SHOW DOWN ***
filip883: shows [4h Ac] (a pair of Eights)
ReVeu710: shows [Qh Qc] (two pair, Queens and Eights)
ReVeu710 collected $198 from pot
*** SUMMARY ***
Total pot $200.50 | Rake $2.50 
Board [2c 5c 8c 9d 8s]
Seat 1: Zvst folded before Flop (didn't bet)
Seat 2: vadjkeee (button) folded before Flop (didn't bet)
Seat 3: Nicedaymybro (small blind) folded before Flop
Seat 4: ReVeu710 (big blind) showed [Qh Qc] and won ($198) with two pair, Queens and Eights
Seat 5: BoyLoc0 folded before Flop (didn't bet)
Seat 6: filip883 showed [4h Ac] and lost with a pair of Eights



PokerStars Hand #254369498341:  Hold'em No Limit ($0.50/$1.00 USD) - 2025/01/14 18:18:49 WET [2025/01/14 13:18:49 ET]
Table 'Gudrun III' 6-max Seat #3 is the button
Seat 1: Zvst ($100 in chips) 
Seat 2: vadjkeee ($100 in chips) 
Seat 3: Nicedaymybro ($100 in chips) 
Seat 4: ReVeu710 ($198 in chips) 
Seat 5: BoyLoc0 ($100 in chips) 
Seat 6: filip883 ($16.56 in chips) 
ReVeu710: posts small blind $0.50
BoyLoc0: posts big blind $1
*** HOLE CARDS ***
filip883: folds 
Zvst: folds 
vadjkeee: raises $1.50 to $2.50
Nicedaymybro: folds 
ReVeu710: raises $9.50 to $12
BoyLoc0: raises $12 to $24
vadjkeee: raises $76 to $100 and is all-in
ReVeu710: folds 
BoyLoc0: folds 
Uncalled bet ($76) returned to vadjkeee
vadjkeee collected $60 from pot
vadjkeee: doesn't show hand 
*** SUMMARY ***
Total pot $60 | Rake $0 
Seat 1: Zvst folded before Flop (didn't bet)
Seat 2: vadjkeee collected ($60)
Seat 3: Nicedaymybro (button) folded before Flop (didn't bet)
Seat 4: ReVeu710 (small blind) folded before Flop
Seat 5: BoyLoc0 (big blind) folded before Flop
Seat 6: filip883 folded before Flop (didn't bet)



PokerStars Hand #254369512334:  Hold'em No Limit ($0.50/$1.00 USD) - 2025/01/14 18:19:39 WET [2025/01/14 13:19:39 ET]
Table 'Gudrun III' 6-max Seat #4 is the button
Seat 1: Zvst ($100 in chips) 
Seat 2: vadjkeee ($136 in chips) 
Seat 3: Nicedaymybro ($100 in chips) 
Seat 4: ReVeu710 ($186 in chips) 
Seat 5: BoyLoc0 ($100 in chips) 
Seat 6: filip883 ($16.56 in chips) 
BoyLoc0: posts small blind $0.50
filip883: posts big blind $1
*** HOLE CARDS ***
Zvst: folds 
vadjkeee: folds 
Nicedaymybro: raises $1.50 to $2.50
ReVeu710: folds 
BoyLoc0: folds 
filip883: raises $5.50 to $8
Nicedaymybro: calls $5.50
*** FLOP *** [4s 5s Ad]
filip883: bets $8.56 and is all-in
Nicedaymybro: folds 
Uncalled bet ($8.56) returned to filip883
filip883 collected $15.68 from pot
*** SUMMARY ***
Total pot $16.50 | Rake $0.82 
Board [4s 5s Ad]
Seat 1: Zvst folded before Flop (didn't bet)
Seat 2: vadjkeee folded before Flop (didn't bet)
Seat 3: Nicedaymybro folded on the Flop
Seat 4: ReVeu710 (button) folded before Flop (didn't bet)
Seat 5: BoyLoc0 (small blind) folded before Flop
Seat 6: filip883 (big blind) collected ($15.68)



PokerStars Hand #254369518875:  Hold'em No Limit ($0.50/$1.00 USD) - 2025/01/14 18:20:02 WET [2025/01/14 13:20:02 ET]
Table 'Gudrun III' 6-max Seat #5 is the button
Seat 1: Zvst ($100 in chips) 
Seat 2: vadjkeee ($136 in chips) 
Seat 3: Nicedaymybro ($100 in chips) 
Seat 4: ReVeu710 ($186 in chips) 
Seat 5: BoyLoc0 ($100 in chips) 
Seat 6: filip883 ($24.24 in chips) 
filip883: posts small blind $0.50
Zvst: posts big blind $1
*** HOLE CARDS ***
vadjkeee: folds 
Nicedaymybro: folds 
ReVeu710: folds 
BoyLoc0: folds 
filip883: raises $2 to $3
Zvst: calls $2
*** FLOP *** [2c Td Qh]
filip883: bets $2
Zvst: calls $2
*** TURN *** [2c Td Qh] [Kd]
filip883: bets $6
Zvst: calls $6
*** RIVER *** [2c Td Qh Kd] [Ac]
filip883: bets $13.24 and is all-in
Zvst: calls $13.24
*** SHOW DOWN ***
filip883: shows [8c Jc] (a straight, Ten to Ace)
Zvst: shows [Jh Tc] (a straight, Ten to Ace)
filip883 collected $23.03 from pot
Zvst collected $23.03 from pot
*** SUMMARY ***
Total pot $48.48 | Rake $2.42 
Board [2c Td Qh Kd Ac]
Seat 1: Zvst (big blind) showed [Jh Tc] and won ($23.03) with a straight, Ten to Ace
Seat 2: vadjkeee folded before Flop (didn't bet)
Seat 3: Nicedaymybro folded before Flop (didn't bet)
Seat 4: ReVeu710 folded before Flop (didn't bet)
Seat 5: BoyLoc0 (button) folded before Flop (didn't bet)
Seat 6: filip883 (small blind) showed [8c Jc] and won ($23.03) with a straight, Ten to Ace



PokerStars Hand #254369531588:  Hold'em No Limit ($0.50/$1.00 USD) - 2025/01/14 18:20:46 WET [2025/01/14 13:20:46 ET]
Table 'Gudrun III' 6-max Seat #6 is the button
Seat 1: Zvst ($100 in chips) 
Seat 2: vadjkeee ($136 in chips) 
Seat 3: Nicedaymybro ($100 in chips) 
Seat 4: ReVeu710 ($186 in chips) 
Seat 5: BoyLoc0 ($100 in chips) 
Seat 6: filip883 ($23.03 in chips) 
Zvst: posts small blind $0.50
vadjkeee: posts big blind $1
*** HOLE CARDS ***
Nicedaymybro: folds 
ReVeu710: raises $1 to $2
BoyLoc0: folds 
filip883: raises $5.50 to $7.50
Zvst: folds 
vadjkeee: folds 
ReVeu710: raises $178.50 to $186 and is all-in
filip883: calls $15.53 and is all-in
Uncalled bet ($162.97) returned to ReVeu710
Zvst leaves the table
*** FLOP *** [4h Jh Qc]
*** TURN *** [4h Jh Qc] [6c]
*** RIVER *** [4h Jh Qc 6c] [6s]
*** SHOW DOWN ***
ReVeu710: shows [As Js] (two pair, Jacks and Sixes)
filip883: shows [4d Td] (two pair, Sixes and Fours)
ReVeu710 collected $45.18 from pot
*** SUMMARY ***
Total pot $47.56 | Rake $2.38 
Board [4h Jh Qc 6c 6s]
Seat 1: Zvst (small blind) folded before Flop
Seat 2: vadjkeee (big blind) folded before Flop
Seat 3: Nicedaymybro folded before Flop (didn't bet)
Seat 4: ReVeu710 showed [As Js] and won ($45.18) with two pair, Jacks and Sixes
Seat 5: BoyLoc0 folded before Flop (didn't bet)
Seat 6: filip883 (button) showed [4d Td] and lost with two pair, Sixes and Fours



PokerStars Hand #254369539076:  Hold'em No Limit ($0.50/$1.00 USD) - 2025/01/14 18:21:12 WET [2025/01/14 13:21:12 ET]
Table 'Gudrun III' 6-max Seat #2 is the button
Seat 6: filip883 ($0 in chips) is sitting out
Seat 2: vadjkeee ($135 in chips) 
Seat 3: Nicedaymybro ($100 in chips) 
Seat 4: ReVeu710 ($208.15 in chips) 
Seat 5: BoyLoc0 ($100 in chips) 
Nicedaymybro: posts small blind $0.50
ReVeu710: posts big blind $1
*** HOLE CARDS ***
BoyLoc0: raises $1.50 to $2.50
filip883 leaves the table
vadjkeee: folds 
Nicedaymybro: folds 
ReVeu710: folds 
Uncalled bet ($1.50) returned to BoyLoc0
BoyLoc0 collected $2.50 from pot
BoyLoc0: doesn't show hand 
gohome78 joins the table at seat #6 
*** SUMMARY ***
Total pot $2.50 | Rake $0 
Seat 6: filip883
Seat 2: vadjkeee (button) folded before Flop (didn't bet)
Seat 3: Nicedaymybro (small blind) folded before Flop
Seat 4: ReVeu710 (big blind) folded before Flop
Seat 5: BoyLoc0 collected ($2.50)



PokerStars Hand #254369543290:  Hold'em No Limit ($0.50/$1.00 USD) - 2025/01/14 18:21:26 WET [2025/01/14 13:21:26 ET]
Table 'Gudrun III' 6-max Seat #3 is the button
Seat 6: gohome78 ($10 in chips) is sitting out
Seat 2: vadjkeee ($135 in chips) 
Seat 3: Nicedaymybro ($100 in chips) 
Seat 4: ReVeu710 ($207.15 in chips) 
Seat 5: BoyLoc0 ($101.50 in chips) 
ReVeu710: posts small blind $0.50
BoyLoc0: posts big blind $1
gohome78: sits out 
*** HOLE CARDS ***
vadjkeee: folds 
Nicedaymybro: folds 
ReVeu710: raises $2 to $3
BoyLoc0: calls $2
*** FLOP *** [7s 6h 3d]
ReVeu710: checks 
BoyLoc0: bets $1.88
ReVeu710: calls $1.88
*** TURN *** [7s 6h 3d] [8h]
ReVeu710: checks 
BoyLoc0: checks 
*** RIVER *** [7s 6h 3d 8h] [Qd]
ReVeu710: checks 
BoyLoc0: checks 
*** SHOW DOWN ***
ReVeu710: shows [Kc As] (high card Ace)
BoyLoc0: shows [4s 4c] (a pair of Fours)
BoyLoc0 collected $9.27 from pot
*** SUMMARY ***
Total pot $9.76 | Rake $0.49 
Board [7s 6h 3d 8h Qd]
Seat 6: gohome78
Seat 2: vadjkeee folded before Flop (didn't bet)
Seat 3: Nicedaymybro (button) folded before Flop (didn't bet)
Seat 4: ReVeu710 (small blind) showed [Kc As] and lost with high card Ace
Seat 5: BoyLoc0 (big blind) showed [4s 4c] and won ($9.27) with a pair of Fours



PokerStars Hand #254369552091:  Hold'em No Limit ($0.50/$1.00 USD) - 2025/01/14 18:21:57 WET [2025/01/14 13:21:57 ET]
Table 'Gudrun III' 6-max Seat #4 is the button
Seat 2: vadjkeee ($135 in chips) 
Seat 3: Nicedaymybro ($100 in chips) 
Seat 4: ReVeu710 ($202.27 in chips) 
Seat 5: BoyLoc0 ($105.89 in chips) 
Seat 6: gohome78 ($10 in chips) 
BoyLoc0: posts small blind $0.50
gohome78: posts big blind $1
*** HOLE CARDS ***
vadjkeee: folds 
Nicedaymybro: folds 
ReVeu710: raises $1.50 to $2.50
BoyLoc0: folds 
gohome78: folds 
Uncalled bet ($1.50) returned to ReVeu710
ReVeu710 collected $2.50 from pot
ReVeu710: doesn't show hand 
*** SUMMARY ***
Total pot $2.50 | Rake $0 
Seat 2: vadjkeee folded before Flop (didn't bet)
Seat 3: Nicedaymybro folded before Flop (didn't bet)
Seat 4: ReVeu710 (button) collected ($2.50)
Seat 5: BoyLoc0 (small blind) folded before Flop
Seat 6: gohome78 (big blind) folded before Flop



PokerStars Hand #254369556106:  Hold'em No Limit ($0.50/$1.00 USD) - 2025/01/14 18:22:11 WET [2025/01/14 13:22:11 ET]
Table 'Gudrun III' 6-max Seat #5 is the button
Seat 2: vadjkeee ($135 in chips) is sitting out
Seat 3: Nicedaymybro ($100 in chips) 
Seat 4: ReVeu710 ($203.77 in chips) 
Seat 5: BoyLoc0 ($105.39 in chips) 
Seat 6: gohome78 ($9 in chips) 
gohome78: posts small blind $0.50
vadjkeee: is sitting out 
Nicedaymybro: posts big blind $1
*** HOLE CARDS ***
ReVeu710: raises $1.30 to $2.30
BoyLoc0: folds 
vadjkeee leaves the table
gohome78: folds 
Nicedaymybro: folds 
Uncalled bet ($1.30) returned to ReVeu710
ReVeu710 collected $2.50 from pot
ReVeu710: doesn't show hand 
*** SUMMARY ***
Total pot $2.50 | Rake $0 
Seat 2: vadjkeee
Seat 3: Nicedaymybro (big blind) folded before Flop
Seat 4: ReVeu710 collected ($2.50)
Seat 5: BoyLoc0 (button) folded before Flop (didn't bet)
Seat 6: gohome78 (small blind) folded before Flop



PokerStars Hand #254369561314:  Hold'em No Limit ($0.50/$1.00 USD) - 2025/01/14 18:22:29 WET [2025/01/14 13:22:29 ET]
Table 'Gudrun III' 6-max Seat #6 is the button
Seat 4: ReVeu710 ($205.27 in chips) is sitting out
Seat 3: Nicedaymybro ($100 in chips) 
Seat 5: BoyLoc0 ($105.39 in chips) 
Seat 6: gohome78 ($8.50 in chips) 
Nicedaymybro: posts small blind $0.50
ReVeu710: is sitting out 
BoyLoc0: posts big blind $1
*** HOLE CARDS ***
gohome78: folds 
ReVeu710 leaves the table
Nicedaymybro: folds 
Uncalled bet ($0.50) returned to BoyLoc0
BoyLoc0 collected $1 from pot
BoyLoc0: doesn't show hand 
*** SUMMARY ***
Total pot $1 | Rake $0 
Seat 4: ReVeu710
Seat 3: Nicedaymybro (small blind) folded before Flop
Seat 5: BoyLoc0 (big blind) collected ($1)
Seat 6: gohome78 (button) folded before Flop (didn't bet)



PokerStars Hand #254369563366:  Hold'em No Limit ($0.50/$1.00 USD) - 2025/01/14 18:22:36 WET [2025/01/14 13:22:36 ET]
Table 'Gudrun III' 6-max Seat #3 is the button
Seat 3: Nicedaymybro ($100 in chips) 
Seat 5: BoyLoc0 ($105.89 in chips) 
Seat 6: gohome78 ($8.50 in chips) 
BoyLoc0: posts small blind $0.50
gohome78: posts big blind $1
*** HOLE CARDS ***
Nicedaymybro: folds 
Nicedaymybro leaves the table
BoyLoc0: calls $0.50
gohome78: raises $7.50 to $8.50 and is all-in
BoyLoc0: folds 
Uncalled bet ($7.50) returned to gohome78
gohome78 collected $2 from pot
*** SUMMARY ***
Total pot $2 | Rake $0 
Seat 3: Nicedaymybro (button) folded before Flop (didn't bet)
Seat 5: BoyLoc0 (small blind) folded before Flop
Seat 6: gohome78 (big blind) collected ($2)



PokerStars Hand #254369567907:  Hold'em No Limit ($0.50/$1.00 USD) - 2025/01/14 18:22:52 WET [2025/01/14 13:22:52 ET]
Table 'Gudrun III' 6-max Seat #6 is the button
Seat 5: BoyLoc0 ($104.89 in chips) 
Seat 6: gohome78 ($9.50 in chips) 
gohome78: posts small blind $0.50
BoyLoc0: posts big blind $1
*** HOLE CARDS ***
gohome78: calls $0.50
BoyLoc0: raises $11 to $12
gohome78: folds 
Uncalled bet ($11) returned to BoyLoc0
BoyLoc0 collected $2 from pot
BoyLoc0: doesn't show hand 
*** SUMMARY ***
Total pot $2 | Rake $0 
Seat 5: BoyLoc0 (big blind) collected ($2)
Seat 6: gohome78 (button) (small blind) folded before Flop



PokerStars Hand #254369570451:  Hold'em No Limit ($0.50/$1.00 USD) - 2025/01/14 18:23:01 WET [2025/01/14 13:23:01 ET]
Table 'Gudrun III' 6-max Seat #5 is the button
Seat 5: BoyLoc0 ($105.89 in chips) 
Seat 6: gohome78 ($8.50 in chips) 
BoyLoc0: posts small blind $0.50
gohome78: posts big blind $1
*** HOLE CARDS ***
BoyLoc0: raises $11 to $12
gohome78: folds 
Uncalled bet ($11) returned to BoyLoc0
BoyLoc0 collected $2 from pot
BoyLoc0: doesn't show hand 
*** SUMMARY ***
Total pot $2 | Rake $0 
Seat 5: BoyLoc0 (button) (small blind) collected ($2)
Seat 6: gohome78 (big blind) folded before Flop



PokerStars Hand #254369573093:  Hold'em No Limit ($0.50/$1.00 USD) - 2025/01/14 18:23:10 WET [2025/01/14 13:23:10 ET]
Table 'Gudrun III' 6-max Seat #6 is the button
Seat 5: BoyLoc0 ($106.89 in chips) 
Seat 6: gohome78 ($7.50 in chips) 
gohome78: posts small blind $0.50
BoyLoc0: posts big blind $1
*** HOLE CARDS ***
gohome78: folds 
Uncalled bet ($0.50) returned to BoyLoc0
BoyLoc0 collected $1 from pot
BoyLoc0: doesn't show hand 
*** SUMMARY ***
Total pot $1 | Rake $0 
Seat 5: BoyLoc0 (big blind) collected ($1)
Seat 6: gohome78 (button) (small blind) folded before Flop



PokerStars Hand #254369574565:  Hold'em No Limit ($0.50/$1.00 USD) - 2025/01/14 18:23:15 WET [2025/01/14 13:23:15 ET]
Table 'Gudrun III' 6-max Seat #5 is the button
Seat 5: BoyLoc0 ($107.39 in chips) 
Seat 6: gohome78 ($7 in chips) 
BoyLoc0: posts small blind $0.50
gohome78: posts big blind $1
*** HOLE CARDS ***
BoyLoc0: raises $6.50 to $7.50
gohome78: calls $6 and is all-in
Uncalled bet ($0.50) returned to BoyLoc0
*** FLOP *** [Ac 6d Td]
*** TURN *** [Ac 6d Td] [Jd]
*** RIVER *** [Ac 6d Td Jd] [4s]
*** SHOW DOWN ***
gohome78: shows [6h As] (two pair, Aces and Sixes)
BoyLoc0: shows [Qd 9h] (high card Ace)
gohome78 collected $13.30 from pot
*** SUMMARY ***
Total pot $14 | Rake $0.70 
Board [Ac 6d Td Jd 4s]
Seat 5: BoyLoc0 (button) (small blind) showed [Qd 9h] and lost with high card Ace
Seat 6: gohome78 (big blind) showed [6h As] and won ($13.30) with two pair, Aces and Sixes



PokerStars Hand #254369579890:  Hold'em No Limit ($0.50/$1.00 USD) - 2025/01/14 18:23:33 WET [2025/01/14 13:23:33 ET]
Table 'Gudrun III' 6-max Seat #6 is the button
Seat 5: BoyLoc0 ($100.39 in chips) 
Seat 6: gohome78 ($13.30 in chips) 
gohome78: posts small blind $0.50
BoyLoc0: posts big blind $1
*** HOLE CARDS ***
gohome78: folds 
Uncalled bet ($0.50) returned to BoyLoc0
BoyLoc0 collected $1 from pot
BoyLoc0: doesn't show hand 
*** SUMMARY ***
Total pot $1 | Rake $0 
Seat 5: BoyLoc0 (big blind) collected ($1)
Seat 6: gohome78 (button) (small blind) folded before Flop



PokerStars Hand #254369738474:  Hold'em No Limit ($0.50/$1.00 USD) - 2025/01/14 18:32:37 WET [2025/01/14 13:32:37 ET]
Table 'Gudrun III' 6-max Seat #1 is the button
Seat 1: steelNike ($10 in chips) 
Seat 2: ptolejmus ($10 in chips) 
Seat 3: Zvst ($100 in chips) 
Seat 4: CapoDiTutti17 ($27.35 in chips) 
Seat 5: Poker9803 ($100 in chips) 
Seat 6: Evelexy1 ($10 in chips) 
ptolejmus: posts small blind $0.50
Zvst: posts big blind $1
*** HOLE CARDS ***
CapoDiTutti17: folds 
Poker9803: folds 
Evelexy1: folds 
steelNike: folds 
ptolejmus: raises $1 to $2
Zvst: calls $1
*** FLOP *** [7d 8d Ah]
ptolejmus: bets $1.94
Zvst: folds 
Uncalled bet ($1.94) returned to ptolejmus
ptolejmus collected $3.80 from pot
*** SUMMARY ***
Total pot $4 | Rake $0.20 
Board [7d 8d Ah]
Seat 1: steelNike (button) folded before Flop (didn't bet)
Seat 2: ptolejmus (small blind) collected ($3.80)
Seat 3: Zvst (big blind) folded on the Flop
Seat 4: CapoDiTutti17 folded before Flop (didn't bet)
Seat 5: Poker9803 folded before Flop (didn't bet)
Seat 6: Evelexy1 folded before Flop (didn't bet)



PokerStars Hand #254369752954:  Hold'em No Limit ($0.50/$1.00 USD) - 2025/01/14 18:33:25 WET [2025/01/14 13:33:25 ET]
Table 'Gudrun III' 6-max Seat #2 is the button
Seat 1: steelNike ($30 in chips) 
Seat 2: ptolejmus ($11.80 in chips) 
Seat 3: Zvst ($100 in chips) 
Seat 4: CapoDiTutti17 ($27.35 in chips) 
Seat 5: Poker9803 ($100 in chips) 
Seat 6: Evelexy1 ($100 in chips) 
Zvst: posts small blind $0.50
CapoDiTutti17: posts big blind $1
*** HOLE CARDS ***
Poker9803: folds 
Evelexy1: folds 
steelNike: folds 
ptolejmus: folds 
Zvst: raises $1 to $2
CapoDiTutti17: raises $1 to $3
Zvst: calls $1
*** FLOP *** [Qc Td 6c]
Zvst: checks 
CapoDiTutti17: bets $2.85
Zvst: raises $94.15 to $97 and is all-in
CapoDiTutti17: calls $21.50 and is all-in
Uncalled bet ($72.65) returned to Zvst
*** TURN *** [Qc Td 6c] [9s]
*** RIVER *** [Qc Td 6c 9s] [Jh]
*** SHOW DOWN ***
Zvst: shows [7c Kc] (a straight, Nine to King)
CapoDiTutti17: shows [3c 5c] (high card Queen)
Zvst collected $52.20 from pot
CapoDiTutti17 cashed out the hand for $9.81 | Cash Out Fee $0.20
*** SUMMARY ***
Total pot $54.70 | Rake $2.50 
Board [Qc Td 6c 9s Jh]
Seat 1: steelNike folded before Flop (didn't bet)
Seat 2: ptolejmus (button) folded before Flop (didn't bet)
Seat 3: Zvst (small blind) showed [7c Kc] and won ($52.20) with a straight, Nine to King
Seat 4: CapoDiTutti17 (big blind) showed [3c 5c] and lost with high card Queen (cashed out).
Seat 5: Poker9803 folded before Flop (didn't bet)
Seat 6: Evelexy1 folded before Flop (didn't bet)



PokerStars Hand #254369766627:  Hold'em No Limit ($0.50/$1.00 USD) - 2025/01/14 18:34:10 WET [2025/01/14 13:34:10 ET]
Table 'Gudrun III' 6-max Seat #3 is the button
Seat 1: steelNike ($30 in chips) 
Seat 2: ptolejmus ($11.80 in chips) 
Seat 3: Zvst ($124.85 in chips) 
Seat 4: CapoDiTutti17 ($9.81 in chips) 
Seat 5: Poker9803 ($100 in chips) 
Seat 6: Evelexy1 ($100 in chips) 
CapoDiTutti17: posts small blind $0.50
Poker9803: posts big blind $1
*** HOLE CARDS ***
Evelexy1: folds 
steelNike: folds 
ptolejmus: folds 
Zvst: folds 
CapoDiTutti17: raises $8.81 to $9.81 and is all-in
Poker9803: calls $8.81
*** FLOP *** [As Qs 7c]
*** TURN *** [As Qs 7c] [2h]
*** RIVER *** [As Qs 7c 2h] [Ad]
*** SHOW DOWN ***
CapoDiTutti17: shows [Kc 2c] (two pair, Aces and Deuces)
Poker9803: shows [4d Ac] (three of a kind, Aces)
Poker9803 collected $18.64 from pot
*** SUMMARY ***
Total pot $19.62 | Rake $0.98 
Board [As Qs 7c 2h Ad]
Seat 1: steelNike folded before Flop (didn't bet)
Seat 2: ptolejmus folded before Flop (didn't bet)
Seat 3: Zvst (button) folded before Flop (didn't bet)
Seat 4: CapoDiTutti17 (small blind) showed [Kc 2c] and lost with two pair, Aces and Deuces
Seat 5: Poker9803 (big blind) showed [4d Ac] and won ($18.64) with three of a kind, Aces
Seat 6: Evelexy1 folded before Flop (didn't bet)



PokerStars Hand #254369777063:  Hold'em No Limit ($0.50/$1.00 USD) - 2025/01/14 18:34:45 WET [2025/01/14 13:34:45 ET]
Table 'Gudrun III' 6-max Seat #5 is the button
Seat 4: CapoDiTutti17 ($0 in chips) is sitting out
Seat 1: steelNike ($30 in chips) 
Seat 2: ptolejmus ($11.80 in chips) 
Seat 3: Zvst ($124.85 in chips) 
Seat 5: Poker9803 ($108.83 in chips) 
Seat 6: Evelexy1 ($100 in chips) 
Evelexy1: posts small blind $0.50
steelNike: posts big blind $1
*** HOLE CARDS ***
ptolejmus: folds 
Zvst: raises $1.50 to $2.50
Poker9803: raises $6 to $8.50
Evelexy1: folds 
steelNike: folds 
Zvst: calls $6
*** FLOP *** [Qs 9s Qc]
Zvst: checks 
Poker9803: bets $5.80
Zvst: calls $5.80
*** TURN *** [Qs 9s Qc] [8h]
Zvst: checks 
Poker9803: checks 
*** RIVER *** [Qs 9s Qc 8h] [3d]
Zvst: checks 
Poker9803: checks 
*** SHOW DOWN ***
Zvst: shows [7s 7d] (two pair, Queens and Sevens)
Poker9803: mucks hand 
Zvst collected $28.60 from pot
*** SUMMARY ***
Total pot $30.10 | Rake $1.50 
Board [Qs 9s Qc 8h 3d]
Seat 4: CapoDiTutti17
Seat 1: steelNike (big blind) folded before Flop
Seat 2: ptolejmus folded before Flop (didn't bet)
Seat 3: Zvst showed [7s 7d] and won ($28.60) with two pair, Queens and Sevens
Seat 5: Poker9803 (button) mucked
Seat 6: Evelexy1 (small blind) folded before Flop



PokerStars Hand #254369797853:  Hold'em No Limit ($0.50/$1.00 USD) - 2025/01/14 18:35:53 WET [2025/01/14 13:35:53 ET]
Table 'Gudrun III' 6-max Seat #6 is the button
Seat 1: steelNike ($29 in chips) 
Seat 2: ptolejmus ($11.80 in chips) 
Seat 3: Zvst ($139.15 in chips) 
Seat 4: CapoDiTutti17 ($27.35 in chips) 
Seat 5: Poker9803 ($100 in chips) 
Seat 6: Evelexy1 ($100 in chips) 
steelNike: posts small blind $0.50
ptolejmus: posts big blind $1
*** HOLE CARDS ***
Zvst: folds 
CapoDiTutti17: calls $1
Poker9803: folds 
Evelexy1: raises $2.50 to $3.50
steelNike: folds 
ptolejmus: folds 
CapoDiTutti17: calls $2.50
*** FLOP *** [9c 7d 3h]
CapoDiTutti17: checks 
Evelexy1: checks 
*** TURN *** [9c 7d 3h] [5c]
CapoDiTutti17: checks 
Evelexy1: checks 
*** RIVER *** [9c 7d 3h 5c] [7h]
CapoDiTutti17: checks 
Evelexy1: checks 
*** SHOW DOWN ***
CapoDiTutti17: shows [Td 8c] (a pair of Sevens)
Evelexy1: shows [Qd Kc] (a pair of Sevens - King kicker)
Evelexy1 collected $8.08 from pot
*** SUMMARY ***
Total pot $8.50 | Rake $0.42 
Board [9c 7d 3h 5c 7h]
Seat 1: steelNike (small blind) folded before Flop
Seat 2: ptolejmus (big blind) folded before Flop
Seat 3: Zvst folded before Flop (didn't bet)
Seat 4: CapoDiTutti17 showed [Td 8c] and lost with a pair of Sevens
Seat 5: Poker9803 folded before Flop (didn't bet)
Seat 6: Evelexy1 (button) showed [Qd Kc] and won ($8.08) with a pair of Sevens



PokerStars Hand #254369810933:  Hold'em No Limit ($0.50/$1.00 USD) - 2025/01/14 18:36:36 WET [2025/01/14 13:36:36 ET]
Table 'Gudrun III' 6-max Seat #1 is the button
Seat 1: steelNike ($28.50 in chips) 
Seat 2: ptolejmus ($10.80 in chips) 
Seat 3: Zvst ($139.15 in chips) 
Seat 4: CapoDiTutti17 ($23.85 in chips) 
Seat 5: Poker9803 ($100 in chips) 
Seat 6: Evelexy1 ($104.58 in chips) 
ptolejmus: posts small blind $0.50
Zvst: posts big blind $1
*** HOLE CARDS ***
CapoDiTutti17: calls $1
Poker9803: folds 
Evelexy1: folds 
steelNike: folds 
ptolejmus: calls $0.50
Zvst: checks 
*** FLOP *** [2d 9h Tc]
ptolejmus: checks 
Zvst: checks 
CapoDiTutti17: checks 
*** TURN *** [2d 9h Tc] [Qs]
ptolejmus: checks 
Zvst: bets $2
CapoDiTutti17: folds 
ptolejmus: folds 
Uncalled bet ($2) returned to Zvst
Zvst collected $2.85 from pot
Zvst: doesn't show hand 
*** SUMMARY ***
Total pot $3 | Rake $0.15 
Board [2d 9h Tc Qs]
Seat 1: steelNike (button) folded before Flop (didn't bet)
Seat 2: ptolejmus (small blind) folded on the Turn
Seat 3: Zvst (big blind) collected ($2.85)
Seat 4: CapoDiTutti17 folded on the Turn
Seat 5: Poker9803 folded before Flop (didn't bet)
Seat 6: Evelexy1 folded before Flop (didn't bet)



PokerStars Hand #254369825488:  Hold'em No Limit ($0.50/$1.00 USD) - 2025/01/14 18:37:24 WET [2025/01/14 13:37:24 ET]
Table 'Gudrun III' 6-max Seat #2 is the button
Seat 1: steelNike ($28.50 in chips) 
Seat 2: ptolejmus ($10 in chips) 
Seat 3: Zvst ($141 in chips) 
Seat 4: CapoDiTutti17 ($22.85 in chips) 
Seat 5: Poker9803 ($100 in chips) 
Seat 6: Evelexy1 ($104.58 in chips) 
Zvst: posts small blind $0.50
CapoDiTutti17: posts big blind $1
*** HOLE CARDS ***
Poker9803: folds 
Evelexy1: folds 
steelNike: raises $1 to $2
ptolejmus: folds 
Zvst: folds 
CapoDiTutti17: calls $1
*** FLOP *** [6h 3h Kc]
CapoDiTutti17: checks 
steelNike: bets $2.14
CapoDiTutti17: folds 
Uncalled bet ($2.14) returned to steelNike
steelNike collected $4.28 from pot
*** SUMMARY ***
Total pot $4.50 | Rake $0.22 
Board [6h 3h Kc]
Seat 1: steelNike collected ($4.28)
Seat 2: ptolejmus (button) folded before Flop (didn't bet)
Seat 3: Zvst (small blind) folded before Flop
Seat 4: CapoDiTutti17 (big blind) folded on the Flop
Seat 5: Poker9803 folded before Flop (didn't bet)
Seat 6: Evelexy1 folded before Flop (didn't bet)



PokerStars Hand #254369835427:  Hold'em No Limit ($0.50/$1.00 USD) - 2025/01/14 18:37:57 WET [2025/01/14 13:37:57 ET]
Table 'Gudrun III' 6-max Seat #3 is the button
Seat 1: steelNike ($30.78 in chips) 
Seat 2: ptolejmus ($10 in chips) 
Seat 3: Zvst ($140.50 in chips) 
Seat 4: CapoDiTutti17 ($20.85 in chips) 
Seat 5: Poker9803 ($100 in chips) 
Seat 6: Evelexy1 ($104.58 in chips) 
CapoDiTutti17: posts small blind $0.50
Poker9803: posts big blind $1
*** HOLE CARDS ***
Evelexy1: folds 
steelNike: folds 
ptolejmus: folds 
Zvst: folds 
CapoDiTutti17: calls $0.50
Poker9803: checks 
*** FLOP *** [Jc 4c Qd]
CapoDiTutti17: checks 
Poker9803: bets $1
CapoDiTutti17: calls $1
*** TURN *** [Jc 4c Qd] [6c]
CapoDiTutti17: checks 
Poker9803: checks 
*** RIVER *** [Jc 4c Qd 6c] [3c]
CapoDiTutti17: checks 
Poker9803: bets $3.80
CapoDiTutti17: raises $3.80 to $7.60
Poker9803: calls $3.80
*** SHOW DOWN ***
CapoDiTutti17: shows [Js Jh] (three of a kind, Jacks)
Poker9803: shows [Qh 8c] (a flush, Jack high)
Poker9803 collected $18.24 from pot
*** SUMMARY ***
Total pot $19.20 | Rake $0.96 
Board [Jc 4c Qd 6c 3c]
Seat 1: steelNike folded before Flop (didn't bet)
Seat 2: ptolejmus folded before Flop (didn't bet)
Seat 3: Zvst (button) folded before Flop (didn't bet)
Seat 4: CapoDiTutti17 (small blind) showed [Js Jh] and lost with three of a kind, Jacks
Seat 5: Poker9803 (big blind) showed [Qh 8c] and won ($18.24) with a flush, Jack high
Seat 6: Evelexy1 folded before Flop (didn't bet)



PokerStars Hand #254369850660:  Hold'em No Limit ($0.50/$1.00 USD) - 2025/01/14 18:38:48 WET [2025/01/14 13:38:48 ET]
Table 'Gudrun III' 6-max Seat #4 is the button
Seat 1: steelNike ($30.78 in chips) 
Seat 2: ptolejmus ($10 in chips) 
Seat 3: Zvst ($140.50 in chips) 
Seat 4: CapoDiTutti17 ($11.25 in chips) 
Seat 5: Poker9803 ($108.64 in chips) 
Seat 6: Evelexy1 ($104.58 in chips) 
Poker9803: posts small blind $0.50
Evelexy1: posts big blind $1
*** HOLE CARDS ***
steelNike: raises $1 to $2
ptolejmus: folds 
Zvst: folds 
CapoDiTutti17: folds 
Poker9803: folds 
Evelexy1: folds 
Uncalled bet ($1) returned to steelNike
steelNike collected $2.50 from pot
*** SUMMARY ***
Total pot $2.50 | Rake $0 
Seat 1: steelNike collected ($2.50)
Seat 2: ptolejmus folded before Flop (didn't bet)
Seat 3: Zvst folded before Flop (didn't bet)
Seat 4: CapoDiTutti17 (button) folded before Flop (didn't bet)
Seat 5: Poker9803 (small blind) folded before Flop
Seat 6: Evelexy1 (big blind) folded before Flop



PokerStars Hand #254369855186:  Hold'em No Limit ($0.50/$1.00 USD) - 2025/01/14 18:39:03 WET [2025/01/14 13:39:03 ET]
Table 'Gudrun III' 6-max Seat #5 is the button
Seat 1: steelNike ($32.28 in chips) 
Seat 2: ptolejmus ($10 in chips) 
Seat 3: Zvst ($140.50 in chips) 
Seat 4: CapoDiTutti17 ($11.25 in chips) 
Seat 5: Poker9803 ($108.14 in chips) 
Seat 6: Evelexy1 ($103.58 in chips) 
Evelexy1: posts small blind $0.50
steelNike: posts big blind $1
*** HOLE CARDS ***
ptolejmus: raises $1 to $2
Zvst: folds 
CapoDiTutti17: calls $2
Poker9803: folds 
Evelexy1: folds 
steelNike: calls $1
*** FLOP *** [Qc 6s 6h]
steelNike: checks 
ptolejmus: bets $1.67
CapoDiTutti17: raises $1.67 to $3.34
steelNike: folds 
ptolejmus: folds 
Uncalled bet ($1.67) returned to CapoDiTutti17
CapoDiTutti17 collected $9.35 from pot
*** SUMMARY ***
Total pot $9.84 | Rake $0.49 
Board [Qc 6s 6h]
Seat 1: steelNike (big blind) folded on the Flop
Seat 2: ptolejmus folded on the Flop
Seat 3: Zvst folded before Flop (didn't bet)
Seat 4: CapoDiTutti17 collected ($9.35)
Seat 5: Poker9803 (button) folded before Flop (didn't bet)
Seat 6: Evelexy1 (small blind) folded before Flop



PokerStars Hand #254369864510:  Hold'em No Limit ($0.50/$1.00 USD) - 2025/01/14 18:39:33 WET [2025/01/14 13:39:33 ET]
Table 'Gudrun III' 6-max Seat #6 is the button
Seat 1: steelNike ($30.28 in chips) 
Seat 2: ptolejmus ($10 in chips) 
Seat 3: Zvst ($140.50 in chips) 
Seat 4: CapoDiTutti17 ($16.93 in chips) 
Seat 5: Poker9803 ($108.14 in chips) 
Seat 6: Evelexy1 ($103.08 in chips) 
steelNike: posts small blind $0.50
ptolejmus: posts big blind $1
*** HOLE CARDS ***
Zvst: folds 
CapoDiTutti17: calls $1
Poker9803: folds 
Evelexy1: folds 
steelNike: folds 
ptolejmus: checks 
*** FLOP *** [7h 3h 7d]
ptolejmus: checks 
CapoDiTutti17: checks 
*** TURN *** [7h 3h 7d] [7c]
ptolejmus: checks 
CapoDiTutti17: checks 
*** RIVER *** [7h 3h 7d 7c] [Qs]
ptolejmus: checks 
CapoDiTutti17: bets $2.38
ptolejmus: folds 
Uncalled bet ($2.38) returned to CapoDiTutti17
CapoDiTutti17 collected $2.38 from pot
*** SUMMARY ***
Total pot $2.50 | Rake $0.12 
Board [7h 3h 7d 7c Qs]
Seat 1: steelNike (small blind) folded before Flop
Seat 2: ptolejmus (big blind) folded on the River
Seat 3: Zvst folded before Flop (didn't bet)
Seat 4: CapoDiTutti17 collected ($2.38)
Seat 5: Poker9803 folded before Flop (didn't bet)
Seat 6: Evelexy1 (button) folded before Flop (didn't bet)



PokerStars Hand #254369873119:  Hold'em No Limit ($0.50/$1.00 USD) - 2025/01/14 18:40:02 WET [2025/01/14 13:40:02 ET]
Table 'Gudrun III' 6-max Seat #1 is the button
Seat 1: steelNike ($29.78 in chips) 
Seat 2: ptolejmus ($10 in chips) 
Seat 3: Zvst ($140.50 in chips) 
Seat 4: CapoDiTutti17 ($18.31 in chips) 
Seat 5: Poker9803 ($108.14 in chips) 
Seat 6: Evelexy1 ($103.08 in chips) 
ptolejmus: posts small blind $0.50
Zvst: posts big blind $1
*** HOLE CARDS ***
CapoDiTutti17: calls $1
Poker9803: folds 
Evelexy1: folds 
steelNike: raises $4 to $5
ptolejmus: folds 
Zvst: folds 
CapoDiTutti17: calls $4
*** FLOP *** [6h 6d Qh]
CapoDiTutti17: checks 
steelNike: bets $3.60
CapoDiTutti17: calls $3.60
*** TURN *** [6h 6d Qh] [3h]
CapoDiTutti17: checks 
steelNike: bets $13.32
CapoDiTutti17: calls $9.71 and is all-in
Uncalled bet ($3.61) returned to steelNike
*** RIVER *** [6h 6d Qh 3h] [Jd]
*** SHOW DOWN ***
CapoDiTutti17: shows [8h Ac] (a pair of Sixes)
steelNike: shows [Qs Js] (two pair, Queens and Jacks)
steelNike collected $36.21 from pot
*** SUMMARY ***
Total pot $38.12 | Rake $1.91 
Board [6h 6d Qh 3h Jd]
Seat 1: steelNike (button) showed [Qs Js] and won ($36.21) with two pair, Queens and Jacks
Seat 2: ptolejmus (small blind) folded before Flop
Seat 3: Zvst (big blind) folded before Flop
Seat 4: CapoDiTutti17 showed [8h Ac] and lost with a pair of Sixes
Seat 5: Poker9803 folded before Flop (didn't bet)
Seat 6: Evelexy1 folded before Flop (didn't bet)



PokerStars Hand #254369888082:  Hold'em No Limit ($0.50/$1.00 USD) - 2025/01/14 18:40:51 WET [2025/01/14 13:40:51 ET]
Table 'Gudrun III' 6-max Seat #2 is the button
Seat 4: CapoDiTutti17 ($0 in chips) is sitting out
Seat 1: steelNike ($47.68 in chips) 
Seat 2: ptolejmus ($10 in chips) 
Seat 3: Zvst ($139.50 in chips) 
Seat 5: Poker9803 ($108.14 in chips) 
Seat 6: Evelexy1 ($103.08 in chips) 
Zvst: posts small blind $0.50
Poker9803: posts big blind $1
*** HOLE CARDS ***
Evelexy1: folds 
steelNike: folds 
ptolejmus: folds 
Zvst: folds 
Uncalled bet ($0.50) returned to Poker9803
Poker9803 collected $1 from pot
Poker9803: doesn't show hand 
*** SUMMARY ***
Total pot $1 | Rake $0 
Seat 4: CapoDiTutti17
Seat 1: steelNike folded before Flop (didn't bet)
Seat 2: ptolejmus (button) folded before Flop (didn't bet)
Seat 3: Zvst (small blind) folded before Flop
Seat 5: Poker9803 (big blind) collected ($1)
Seat 6: Evelexy1 folded before Flop (didn't bet)



PokerStars Hand #254369893308:  Hold'em No Limit ($0.50/$1.00 USD) - 2025/01/14 18:41:09 WET [2025/01/14 13:41:09 ET]
Table 'Gudrun III' 6-max Seat #3 is the button
Seat 4: CapoDiTutti17 ($0 in chips) is sitting out
Seat 1: steelNike ($47.68 in chips) 
Seat 2: ptolejmus ($10 in chips) 
Seat 3: Zvst ($139 in chips) 
Seat 5: Poker9803 ($108.64 in chips) 
Seat 6: Evelexy1 ($103.08 in chips) 
Poker9803: posts small blind $0.50
Evelexy1: posts big blind $1
*** HOLE CARDS ***
steelNike: folds 
ptolejmus: folds 
Zvst: folds 
Poker9803: folds 
Uncalled bet ($0.50) returned to Evelexy1
Evelexy1 collected $1 from pot
Evelexy1: doesn't show hand 
CapoDiTutti17 leaves the table
*** SUMMARY ***
Total pot $1 | Rake $0 
Seat 4: CapoDiTutti17
Seat 1: steelNike folded before Flop (didn't bet)
Seat 2: ptolejmus folded before Flop (didn't bet)
Seat 3: Zvst (button) folded before Flop (didn't bet)
Seat 5: Poker9803 (small blind) folded before Flop
Seat 6: Evelexy1 (big blind) collected ($1)



PokerStars Hand #254369897608:  Hold'em No Limit ($0.50/$1.00 USD) - 2025/01/14 18:41:23 WET [2025/01/14 13:41:23 ET]
Table 'Gudrun III' 6-max Seat #5 is the button
Seat 1: steelNike ($47.68 in chips) 
Seat 2: ptolejmus ($10 in chips) 
Seat 3: Zvst ($139 in chips) 
Seat 5: Poker9803 ($108.14 in chips) 
Seat 6: Evelexy1 ($103.58 in chips) 
Evelexy1: posts small blind $0.50
steelNike: posts big blind $1
*** HOLE CARDS ***
ptolejmus: raises $1 to $2
Zvst: folds 
Poker9803: raises $8 to $10
Evelexy1: folds 
steelNike: folds 
ptolejmus: folds 
Uncalled bet ($8) returned to Poker9803
Evelexy1 leaves the table
Poker9803 collected $5.50 from pot
Poker9803: doesn't show hand 
*** SUMMARY ***
Total pot $5.50 | Rake $0 
Seat 1: steelNike (big blind) folded before Flop
Seat 2: ptolejmus folded before Flop
Seat 3: Zvst folded before Flop (didn't bet)
Seat 5: Poker9803 (button) collected ($5.50)
Seat 6: Evelexy1 (small blind) folded before Flop



