PokerStars Hand #254368854952:  Hold'em No Limit ($0.50/$1.00 USD) - 2025/01/14 17:38:02 WET [2025/01/14 12:38:02 ET]
Table 'Echepolos III' 6-max Seat #2 is the button
Seat 1: ptolejmus ($10 in chips) 
Seat 2: blistein ($100 in chips) 
Seat 3: Nicedaymybro ($100 in chips) 
Seat 4: BoyLoc0 ($100 in chips) 
Seat 5: Zvst ($10 in chips) 
Nicedaymybro: posts small blind $0.50
BoyLoc0: posts big blind $1
*** HOLE CARDS ***
Zvst: folds 
ptolejmus: folds 
blistein: folds 
Nicedaymybro: raises $2 to $3
BoyLoc0: folds 
Uncalled bet ($2) returned to Nicedaymybro
Nicedaymybro collected $2 from pot
Nicedaymybro: doesn't show hand 
*** SUMMARY ***
Total pot $2 | Rake $0 
Seat 1: ptolejmus folded before Flop (didn't bet)
Seat 2: blistein (button) folded before Flop (didn't bet)
Seat 3: Nicedaymybro (small blind) collected ($2)
Seat 4: BoyLoc0 (big blind) folded before Flop
Seat 5: Zvst folded before Flop (didn't bet)



PokerStars Hand #254368857721:  Hold'em No Limit ($0.50/$1.00 USD) - 2025/01/14 17:38:12 WET [2025/01/14 12:38:12 ET]
Table 'Echepolos III' 6-max Seat #3 is the button
Seat 1: ptolejmus ($10 in chips) 
Seat 2: blistein ($100 in chips) 
Seat 3: Nicedaymybro ($101 in chips) 
Seat 4: BoyLoc0 ($100 in chips) 
Seat 5: Zvst ($10 in chips) 
BoyLoc0: posts small blind $0.50
Zvst: posts big blind $1
*** HOLE CARDS ***
ptolejmus: folds 
blistein: folds 
Nicedaymybro: raises $1.50 to $2.50
BoyLoc0: folds 
Zvst: raises $7.50 to $10 and is all-in
Nicedaymybro: calls $7.50
*** FLOP *** [3d 8c 9h]
*** TURN *** [3d 8c 9h] [4h]
*** RIVER *** [3d 8c 9h 4h] [Ad]
*** SHOW DOWN ***
Zvst: shows [7s 8s] (a pair of Eights)
Nicedaymybro: shows [Js Kh] (high card Ace)
Zvst collected $19.48 from pot
*** SUMMARY ***
Total pot $20.50 | Rake $1.02 
Board [3d 8c 9h 4h Ad]
Seat 1: ptolejmus folded before Flop (didn't bet)
Seat 2: blistein folded before Flop (didn't bet)
Seat 3: Nicedaymybro (button) showed [Js Kh] and lost with high card Ace
Seat 4: BoyLoc0 (small blind) folded before Flop
Seat 5: Zvst (big blind) showed [7s 8s] and won ($19.48) with a pair of Eights



PokerStars Hand #254368866423:  Hold'em No Limit ($0.50/$1.00 USD) - 2025/01/14 17:38:45 WET [2025/01/14 12:38:45 ET]
Table 'Echepolos III' 6-max Seat #4 is the button
Seat 1: ptolejmus ($10 in chips) 
Seat 2: blistein ($100 in chips) 
Seat 3: Nicedaymybro ($100 in chips) 
Seat 4: BoyLoc0 ($100 in chips) 
Seat 5: Zvst ($19.48 in chips) 
Zvst: posts small blind $0.50
ptolejmus: posts big blind $1
*** HOLE CARDS ***
blistein: raises $1.20 to $2.20
Nicedaymybro: folds 
BoyLoc0: folds 
Zvst: folds 
ptolejmus: folds 
Uncalled bet ($1.20) returned to blistein
blistein collected $2.50 from pot
blistein: doesn't show hand 
*** SUMMARY ***
Total pot $2.50 | Rake $0 
Seat 1: ptolejmus (big blind) folded before Flop
Seat 2: blistein collected ($2.50)
Seat 3: Nicedaymybro folded before Flop (didn't bet)
Seat 4: BoyLoc0 (button) folded before Flop (didn't bet)
Seat 5: Zvst (small blind) folded before Flop



PokerStars Hand #254368872862:  Hold'em No Limit ($0.50/$1.00 USD) - 2025/01/14 17:39:09 WET [2025/01/14 12:39:09 ET]
Table 'Echepolos III' 6-max Seat #5 is the button
Seat 1: ptolejmus ($10 in chips) 
Seat 2: blistein ($101.50 in chips) 
Seat 3: Nicedaymybro ($100 in chips) 
Seat 4: BoyLoc0 ($100 in chips) 
Seat 5: Zvst ($18.98 in chips) 
ptolejmus: posts small blind $0.50
blistein: posts big blind $1
*** HOLE CARDS ***
Nicedaymybro: folds 
BoyLoc0: raises $1.50 to $2.50
Zvst: folds 
ptolejmus: folds 
blistein: folds 
Uncalled bet ($1.50) returned to BoyLoc0
BoyLoc0 collected $2.50 from pot
BoyLoc0: doesn't show hand 
*** SUMMARY ***
Total pot $2.50 | Rake $0 
Seat 1: ptolejmus (small blind) folded before Flop
Seat 2: blistein (big blind) folded before Flop
Seat 3: Nicedaymybro folded before Flop (didn't bet)
Seat 4: BoyLoc0 collected ($2.50)
Seat 5: Zvst (button) folded before Flop (didn't bet)



PokerStars Hand #254368877025:  Hold'em No Limit ($0.50/$1.00 USD) - 2025/01/14 17:39:25 WET [2025/01/14 12:39:25 ET]
Table 'Echepolos III' 6-max Seat #1 is the button
Seat 1: ptolejmus ($10 in chips) 
Seat 2: blistein ($100.50 in chips) 
Seat 3: Nicedaymybro ($100 in chips) 
Seat 4: BoyLoc0 ($101.50 in chips) 
Seat 5: Zvst ($18.98 in chips) 
blistein: posts small blind $0.50
Nicedaymybro: posts big blind $1
*** HOLE CARDS ***
BoyLoc0: raises $1.50 to $2.50
Zvst: folds 
ptolejmus: folds 
blistein: folds 
Nicedaymybro: folds 
Uncalled bet ($1.50) returned to BoyLoc0
Kristo 914 joins the table at seat #6 
BoyLoc0 collected $2.50 from pot
BoyLoc0: doesn't show hand 
*** SUMMARY ***
Total pot $2.50 | Rake $0 
Seat 1: ptolejmus (button) folded before Flop (didn't bet)
Seat 2: blistein (small blind) folded before Flop
Seat 3: Nicedaymybro (big blind) folded before Flop
Seat 4: BoyLoc0 collected ($2.50)
Seat 5: Zvst folded before Flop (didn't bet)



PokerStars Hand #254368881169:  Hold'em No Limit ($0.50/$1.00 USD) - 2025/01/14 17:39:40 WET [2025/01/14 12:39:40 ET]
Table 'Echepolos III' 6-max Seat #2 is the button
Seat 6: Kristo 914 ($100 in chips) is sitting out
Seat 1: ptolejmus ($10 in chips) 
Seat 2: blistein ($100 in chips) 
Seat 3: Nicedaymybro ($100 in chips) 
Seat 4: BoyLoc0 ($103 in chips) 
Seat 5: Zvst ($18.98 in chips) 
Nicedaymybro: posts small blind $0.50
BoyLoc0: posts big blind $1
Kristo 914: sits out 
*** HOLE CARDS ***
Zvst: folds 
ptolejmus: folds 
blistein: raises $1.50 to $2.50
Zvst leaves the table
Nicedaymybro: raises $8.50 to $11
BoyLoc0: folds 
blistein: calls $8.50
*** FLOP *** [9c Js 7c]
Nicedaymybro: bets $16.43
blistein: folds 
Uncalled bet ($16.43) returned to Nicedaymybro
Nicedaymybro collected $21.85 from pot
Nicedaymybro: doesn't show hand 
*** SUMMARY ***
Total pot $23 | Rake $1.15 
Board [9c Js 7c]
Seat 6: Kristo 914
Seat 1: ptolejmus folded before Flop (didn't bet)
Seat 2: blistein (button) folded on the Flop
Seat 3: Nicedaymybro (small blind) collected ($21.85)
Seat 4: BoyLoc0 (big blind) folded before Flop
Seat 5: Zvst folded before Flop (didn't bet)



PokerStars Hand #254368895639:  Hold'em No Limit ($0.50/$1.00 USD) - 2025/01/14 17:40:33 WET [2025/01/14 12:40:33 ET]
Table 'Echepolos III' 6-max Seat #3 is the button
Seat 1: ptolejmus ($10 in chips) 
Seat 2: blistein ($100 in chips) 
Seat 3: Nicedaymybro ($110.85 in chips) 
Seat 4: BoyLoc0 ($102 in chips) 
Seat 6: Kristo 914 ($100 in chips) 
BoyLoc0: posts small blind $0.50
Kristo 914: posts big blind $1
*** HOLE CARDS ***
ptolejmus: raises $1 to $2
blistein: raises $4.50 to $6.50
Nicedaymybro: folds 
BoyLoc0: folds 
Kristo 914: folds 
ptolejmus: folds 
Uncalled bet ($4.50) returned to blistein
blistein collected $5.50 from pot
blistein: doesn't show hand 
*** SUMMARY ***
Total pot $5.50 | Rake $0 
Seat 1: ptolejmus folded before Flop
Seat 2: blistein collected ($5.50)
Seat 3: Nicedaymybro (button) folded before Flop (didn't bet)
Seat 4: BoyLoc0 (small blind) folded before Flop
Seat 6: Kristo 914 (big blind) folded before Flop



PokerStars Hand #254368904255:  Hold'em No Limit ($0.50/$1.00 USD) - 2025/01/14 17:41:06 WET [2025/01/14 12:41:06 ET]
Table 'Echepolos III' 6-max Seat #6 is the button
Seat 1: ptolejmus ($10 in chips) is sitting out
Seat 2: blistein ($103.50 in chips) is sitting out
Seat 3: Nicedaymybro ($110.85 in chips) is sitting out
Seat 4: BoyLoc0 ($101.50 in chips) 
Seat 6: Kristo 914 ($100 in chips) 
Kristo 914: posts small blind $0.50
ptolejmus: is sitting out 
blistein: is sitting out 
Nicedaymybro: is sitting out 
BoyLoc0: posts big blind $1
*** HOLE CARDS ***
blistein leaves the table
ptolejmus leaves the table
Nicedaymybro leaves the table
Kristo 914: folds 
Uncalled bet ($0.50) returned to BoyLoc0
BoyLoc0 collected $1 from pot
BoyLoc0: doesn't show hand 
Kristo 914 leaves the table
*** SUMMARY ***
Total pot $1 | Rake $0 
Seat 1: ptolejmus
Seat 2: blistein
Seat 3: Nicedaymybro
Seat 4: BoyLoc0 (big blind) collected ($1)
Seat 6: Kristo 914 (button) (small blind) folded before Flop



PokerStars Hand #254369045587:  Hold'em No Limit ($0.50/$1.00 USD) - 2025/01/14 17:49:54 WET [2025/01/14 12:49:54 ET]
Table 'Echepolos III' 6-max Seat #3 is the button
Seat 1: nastja336 ($100 in chips) 
Seat 2: ptolejmus ($10 in chips) 
Seat 3: Zvst ($100 in chips) 
Seat 4: blistein ($100 in chips) 
Seat 5: BoyLoc0 ($100 in chips) 
Seat 6: vpetriu ($100 in chips) 
blistein: posts small blind $0.50
BoyLoc0: posts big blind $1
*** HOLE CARDS ***
vpetriu: folds 
nastja336: folds 
ptolejmus: folds 
Zvst: folds 
blistein: folds 
Uncalled bet ($0.50) returned to BoyLoc0
BoyLoc0 collected $1 from pot
BoyLoc0: doesn't show hand 
*** SUMMARY ***
Total pot $1 | Rake $0 
Seat 1: nastja336 folded before Flop (didn't bet)
Seat 2: ptolejmus folded before Flop (didn't bet)
Seat 3: Zvst (button) folded before Flop (didn't bet)
Seat 4: blistein (small blind) folded before Flop
Seat 5: BoyLoc0 (big blind) collected ($1)
Seat 6: vpetriu folded before Flop (didn't bet)



PokerStars Hand #254369052813:  Hold'em No Limit ($0.50/$1.00 USD) - 2025/01/14 17:50:21 WET [2025/01/14 12:50:21 ET]
Table 'Echepolos III' 6-max Seat #4 is the button
Seat 1: nastja336 ($100 in chips) 
Seat 2: ptolejmus ($10 in chips) 
Seat 3: Zvst ($100 in chips) 
Seat 4: blistein ($100 in chips) 
Seat 5: BoyLoc0 ($100.50 in chips) 
Seat 6: vpetriu ($100 in chips) 
BoyLoc0: posts small blind $0.50
vpetriu: posts big blind $1
*** HOLE CARDS ***
nastja336: folds 
ptolejmus: folds 
Zvst: folds 
blistein: folds 
BoyLoc0: raises $2 to $3
vpetriu: folds 
Uncalled bet ($2) returned to BoyLoc0
BoyLoc0 collected $2 from pot
BoyLoc0: doesn't show hand 
*** SUMMARY ***
Total pot $2 | Rake $0 
Seat 1: nastja336 folded before Flop (didn't bet)
Seat 2: ptolejmus folded before Flop (didn't bet)
Seat 3: Zvst folded before Flop (didn't bet)
Seat 4: blistein (button) folded before Flop (didn't bet)
Seat 5: BoyLoc0 (small blind) collected ($2)
Seat 6: vpetriu (big blind) folded before Flop



PokerStars Hand #254369061663:  Hold'em No Limit ($0.50/$1.00 USD) - 2025/01/14 17:50:54 WET [2025/01/14 12:50:54 ET]
Table 'Echepolos III' 6-max Seat #5 is the button
Seat 1: nastja336 ($100 in chips) 
Seat 2: ptolejmus ($10 in chips) 
Seat 3: Zvst ($100 in chips) 
Seat 4: blistein ($100 in chips) 
Seat 5: BoyLoc0 ($101.50 in chips) 
Seat 6: vpetriu ($100 in chips) 
vpetriu: posts small blind $0.50
nastja336: posts big blind $1
*** HOLE CARDS ***
ptolejmus: folds 
Zvst: folds 
blistein: folds 
BoyLoc0: folds 
vpetriu: folds 
Uncalled bet ($0.50) returned to nastja336
nastja336 collected $1 from pot
nastja336: doesn't show hand 
*** SUMMARY ***
Total pot $1 | Rake $0 
Seat 1: nastja336 (big blind) collected ($1)
Seat 2: ptolejmus folded before Flop (didn't bet)
Seat 3: Zvst folded before Flop (didn't bet)
Seat 4: blistein folded before Flop (didn't bet)
Seat 5: BoyLoc0 (button) folded before Flop (didn't bet)
Seat 6: vpetriu (small blind) folded before Flop



PokerStars Hand #254369066199:  Hold'em No Limit ($0.50/$1.00 USD) - 2025/01/14 17:51:11 WET [2025/01/14 12:51:11 ET]
Table 'Echepolos III' 6-max Seat #6 is the button
Seat 1: nastja336 ($100.50 in chips) 
Seat 2: ptolejmus ($10 in chips) 
Seat 3: Zvst ($100 in chips) 
Seat 4: blistein ($100 in chips) 
Seat 5: BoyLoc0 ($101.50 in chips) 
Seat 6: vpetriu ($100 in chips) 
nastja336: posts small blind $0.50
ptolejmus: posts big blind $1
*** HOLE CARDS ***
Zvst: folds 
blistein: folds 
BoyLoc0: folds 
vpetriu: folds 
nastja336: folds 
Uncalled bet ($0.50) returned to ptolejmus
ptolejmus collected $1 from pot
*** SUMMARY ***
Total pot $1 | Rake $0 
Seat 1: nastja336 (small blind) folded before Flop
Seat 2: ptolejmus (big blind) collected ($1)
Seat 3: Zvst folded before Flop (didn't bet)
Seat 4: blistein folded before Flop (didn't bet)
Seat 5: BoyLoc0 folded before Flop (didn't bet)
Seat 6: vpetriu (button) folded before Flop (didn't bet)



PokerStars Hand #254369070389:  Hold'em No Limit ($0.50/$1.00 USD) - 2025/01/14 17:51:26 WET [2025/01/14 12:51:26 ET]
Table 'Echepolos III' 6-max Seat #1 is the button
Seat 1: nastja336 ($100 in chips) 
Seat 2: ptolejmus ($10.50 in chips) 
Seat 3: Zvst ($100 in chips) 
Seat 4: blistein ($100 in chips) 
Seat 5: BoyLoc0 ($101.50 in chips) 
Seat 6: vpetriu ($100 in chips) 
ptolejmus: posts small blind $0.50
Zvst: posts big blind $1
*** HOLE CARDS ***
blistein: folds 
BoyLoc0: folds 
vpetriu: folds 
nastja336: folds 
ptolejmus: folds 
Uncalled bet ($0.50) returned to Zvst
Zvst collected $1 from pot
Zvst: doesn't show hand 
*** SUMMARY ***
Total pot $1 | Rake $0 
Seat 1: nastja336 (button) folded before Flop (didn't bet)
Seat 2: ptolejmus (small blind) folded before Flop
Seat 3: Zvst (big blind) collected ($1)
Seat 4: blistein folded before Flop (didn't bet)
Seat 5: BoyLoc0 folded before Flop (didn't bet)
Seat 6: vpetriu folded before Flop (didn't bet)



PokerStars Hand #254369076088:  Hold'em No Limit ($0.50/$1.00 USD) - 2025/01/14 17:51:48 WET [2025/01/14 12:51:48 ET]
Table 'Echepolos III' 6-max Seat #2 is the button
Seat 1: nastja336 ($100 in chips) 
Seat 2: ptolejmus ($10 in chips) 
Seat 3: Zvst ($100.50 in chips) 
Seat 4: blistein ($100 in chips) 
Seat 5: BoyLoc0 ($101.50 in chips) 
Seat 6: vpetriu ($100 in chips) 
Zvst: posts small blind $0.50
blistein: posts big blind $1
*** HOLE CARDS ***
BoyLoc0: folds 
vpetriu: folds 
nastja336: folds 
ptolejmus: folds 
Zvst: raises $2 to $3
blistein: raises $7 to $10
Zvst: folds 
Uncalled bet ($7) returned to blistein
blistein collected $6 from pot
blistein: doesn't show hand 
*** SUMMARY ***
Total pot $6 | Rake $0 
Seat 1: nastja336 folded before Flop (didn't bet)
Seat 2: ptolejmus (button) folded before Flop (didn't bet)
Seat 3: Zvst (small blind) folded before Flop
Seat 4: blistein (big blind) collected ($6)
Seat 5: BoyLoc0 folded before Flop (didn't bet)
Seat 6: vpetriu folded before Flop (didn't bet)



PokerStars Hand #254369087329:  Hold'em No Limit ($0.50/$1.00 USD) - 2025/01/14 17:52:30 WET [2025/01/14 12:52:30 ET]
Table 'Echepolos III' 6-max Seat #4 is the button
Seat 1: nastja336 ($100 in chips) 
Seat 2: ptolejmus ($10 in chips) 
Seat 4: blistein ($103 in chips) 
Seat 5: BoyLoc0 ($101.50 in chips) 
Seat 6: vpetriu ($100 in chips) 
BoyLoc0: posts small blind $0.50
Zvst leaves the table
vpetriu: posts big blind $1
*** HOLE CARDS ***
nastja336: folds 
ptolejmus: folds 
blistein: raises $1.50 to $2.50
BoyLoc0: folds 
vpetriu: folds 
Uncalled bet ($1.50) returned to blistein
blistein collected $2.50 from pot
blistein: doesn't show hand 
*** SUMMARY ***
Total pot $2.50 | Rake $0 
Seat 1: nastja336 folded before Flop (didn't bet)
Seat 2: ptolejmus folded before Flop (didn't bet)
Seat 4: blistein (button) collected ($2.50)
Seat 5: BoyLoc0 (small blind) folded before Flop
Seat 6: vpetriu (big blind) folded before Flop



PokerStars Hand #254369091533:  Hold'em No Limit ($0.50/$1.00 USD) - 2025/01/14 17:52:46 WET [2025/01/14 12:52:46 ET]
Table 'Echepolos III' 6-max Seat #6 is the button
Seat 1: nastja336 ($100 in chips) is sitting out
Seat 2: ptolejmus ($10 in chips) is sitting out
Seat 4: blistein ($104.50 in chips) is sitting out
Seat 5: BoyLoc0 ($101 in chips) 
Seat 6: vpetriu ($100 in chips) 
vpetriu: posts small blind $0.50
nastja336: is sitting out 
ptolejmus: is sitting out 
blistein: is sitting out 
BoyLoc0: posts big blind $1
*** HOLE CARDS ***
nastja336 leaves the table
vpetriu: folds 
Uncalled bet ($0.50) returned to BoyLoc0
blistein leaves the table
BoyLoc0 collected $1 from pot
BoyLoc0: doesn't show hand 
*** SUMMARY ***
Total pot $1 | Rake $0 
Seat 1: nastja336
Seat 2: ptolejmus
Seat 4: blistein
Seat 5: BoyLoc0 (big blind) collected ($1)
Seat 6: vpetriu (button) (small blind) folded before Flop



PokerStars Hand #254369093445:  Hold'em No Limit ($0.50/$1.00 USD) - 2025/01/14 17:52:53 WET [2025/01/14 12:52:53 ET]
Table 'Echepolos III' 6-max Seat #5 is the button
Seat 2: ptolejmus ($10 in chips) is sitting out
Seat 5: BoyLoc0 ($101.50 in chips) 
Seat 6: vpetriu ($100 in chips) 
BoyLoc0: posts small blind $0.50
vpetriu: posts big blind $1
*** HOLE CARDS ***
ptolejmus leaves the table
BoyLoc0: raises $1.50 to $2.50
vpetriu: calls $1.50
*** FLOP *** [9h 3s 7c]
vpetriu: checks 
BoyLoc0: bets $1.57
vpetriu: folds 
Uncalled bet ($1.57) returned to BoyLoc0
BoyLoc0 collected $4.75 from pot
BoyLoc0: doesn't show hand 
*** SUMMARY ***
Total pot $5 | Rake $0.25 
Board [9h 3s 7c]
Seat 2: ptolejmus
Seat 5: BoyLoc0 (button) (small blind) collected ($4.75)
Seat 6: vpetriu (big blind) folded on the Flop



PokerStars Hand #254369218802:  Hold'em No Limit ($0.50/$1.00 USD) - 2025/01/14 18:02:13 WET [2025/01/14 13:02:13 ET]
Table 'Echepolos III' 6-max Seat #1 is the button
Seat 1: ptolejmus ($10 in chips) 
Seat 3: vadjkeee ($100 in chips) 
Seat 5: MaikonAll ($100 in chips) 
vadjkeee: posts small blind $0.50
MaikonAll: posts big blind $1
*** HOLE CARDS ***
ptolejmus: folds 
vadjkeee: raises $2 to $3
MaikonAll: folds 
Uncalled bet ($2) returned to vadjkeee
vadjkeee collected $2 from pot
vadjkeee: doesn't show hand 
*** SUMMARY ***
Total pot $2 | Rake $0 
Seat 1: ptolejmus (button) folded before Flop (didn't bet)
Seat 3: vadjkeee (small blind) collected ($2)
Seat 5: MaikonAll (big blind) folded before Flop



PokerStars Hand #254369223001:  Hold'em No Limit ($0.50/$1.00 USD) - 2025/01/14 18:02:28 WET [2025/01/14 13:02:28 ET]
Table 'Echepolos III' 6-max Seat #3 is the button
Seat 1: ptolejmus ($10 in chips) 
Seat 3: vadjkeee ($101 in chips) 
Seat 5: MaikonAll ($100 in chips) 
MaikonAll: posts small blind $0.50
ptolejmus: posts big blind $1
*** HOLE CARDS ***
vadjkeee: raises $1.50 to $2.50
MaikonAll: folds 
ptolejmus: folds 
Uncalled bet ($1.50) returned to vadjkeee
vadjkeee collected $2.50 from pot
vadjkeee: doesn't show hand 
*** SUMMARY ***
Total pot $2.50 | Rake $0 
Seat 1: ptolejmus (big blind) folded before Flop
Seat 3: vadjkeee (button) collected ($2.50)
Seat 5: MaikonAll (small blind) folded before Flop



PokerStars Hand #254369227080:  Hold'em No Limit ($0.50/$1.00 USD) - 2025/01/14 18:02:43 WET [2025/01/14 13:02:43 ET]
Table 'Echepolos III' 6-max Seat #5 is the button
Seat 1: ptolejmus ($10 in chips) 
Seat 3: vadjkeee ($102.50 in chips) 
Seat 5: MaikonAll ($100 in chips) 
ptolejmus: posts small blind $0.50
vadjkeee: posts big blind $1
*** HOLE CARDS ***
MaikonAll: raises $1.50 to $2.50
ptolejmus: folds 
vadjkeee: folds 
Uncalled bet ($1.50) returned to MaikonAll
MaikonAll collected $2.50 from pot
MaikonAll: doesn't show hand 
*** SUMMARY ***
Total pot $2.50 | Rake $0 
Seat 1: ptolejmus (small blind) folded before Flop
Seat 3: vadjkeee (big blind) folded before Flop
Seat 5: MaikonAll (button) collected ($2.50)



PokerStars Hand #254369230352:  Hold'em No Limit ($0.50/$1.00 USD) - 2025/01/14 18:02:56 WET [2025/01/14 13:02:56 ET]
Table 'Echepolos III' 6-max Seat #1 is the button
Seat 1: ptolejmus ($10 in chips) 
Seat 3: vadjkeee ($101.50 in chips) 
Seat 5: MaikonAll ($101.50 in chips) 
vadjkeee: posts small blind $0.50
MaikonAll: posts big blind $1
*** HOLE CARDS ***
ptolejmus: folds 
vadjkeee: folds 
Uncalled bet ($0.50) returned to MaikonAll
MaikonAll collected $1 from pot
MaikonAll: doesn't show hand 
*** SUMMARY ***
Total pot $1 | Rake $0 
Seat 1: ptolejmus (button) folded before Flop (didn't bet)
Seat 3: vadjkeee (small blind) folded before Flop
Seat 5: MaikonAll (big blind) collected ($1)



PokerStars Hand #254369232747:  Hold'em No Limit ($0.50/$1.00 USD) - 2025/01/14 18:03:05 WET [2025/01/14 13:03:05 ET]
Table 'Echepolos III' 6-max Seat #3 is the button
Seat 1: ptolejmus ($10 in chips) 
Seat 3: vadjkeee ($101 in chips) 
Seat 5: MaikonAll ($102 in chips) 
MaikonAll: posts small blind $0.50
ptolejmus: posts big blind $1
*** HOLE CARDS ***
vadjkeee: folds 
MaikonAll: raises $2 to $3
ptolejmus: folds 
Uncalled bet ($2) returned to MaikonAll
MaikonAll collected $2 from pot
MaikonAll: doesn't show hand 
*** SUMMARY ***
Total pot $2 | Rake $0 
Seat 1: ptolejmus (big blind) folded before Flop
Seat 3: vadjkeee (button) folded before Flop (didn't bet)
Seat 5: MaikonAll (small blind) collected ($2)



PokerStars Hand #254369238299:  Hold'em No Limit ($0.50/$1.00 USD) - 2025/01/14 18:03:25 WET [2025/01/14 13:03:25 ET]
Table 'Echepolos III' 6-max Seat #5 is the button
Seat 1: ptolejmus ($10 in chips) 
Seat 3: vadjkeee ($101 in chips) 
Seat 5: MaikonAll ($103 in chips) 
ptolejmus: posts small blind $0.50
vadjkeee: posts big blind $1
*** HOLE CARDS ***
MaikonAll: folds 
ptolejmus: raises $9 to $10 and is all-in
vadjkeee: calls $9
*** FIRST FLOP *** [2d 8c As]
*** FIRST TURN *** [2d 8c As] [Qc]
*** FIRST RIVER *** [2d 8c As Qc] [3d]
*** SECOND FLOP *** [Kd Ah Kh]
*** SECOND TURN *** [Kd Ah Kh] [Qs]
*** SECOND RIVER *** [Kd Ah Kh Qs] [9s]
*** FIRST SHOW DOWN ***
ptolejmus: shows [6h 8h] (a pair of Eights)
vadjkeee: shows [Td 8d] (a pair of Eights - Ace+Queen+Ten kicker)
vadjkeee collected $9.50 from pot
*** SECOND SHOW DOWN ***
ptolejmus: shows [6h 8h] (a pair of Kings)
vadjkeee: shows [Td 8d] (a pair of Kings - Ace+Queen+Ten kicker)
vadjkeee collected $9.50 from pot
*** SUMMARY ***
Total pot $20 | Rake $1 
Hand was run twice
FIRST Board [2d 8c As Qc 3d]
SECOND Board [Kd Ah Kh Qs 9s]
Seat 1: ptolejmus (small blind) showed [6h 8h] and lost with a pair of Eights, and lost with a pair of Kings
Seat 3: vadjkeee (big blind) showed [Td 8d] and won ($9.50) with a pair of Eights, and won ($9.50) with a pair of Kings
Seat 5: MaikonAll (button) folded before Flop (didn't bet)



PokerStars Hand #254369246858:  Hold'em No Limit ($0.50/$1.00 USD) - 2025/01/14 18:03:56 WET [2025/01/14 13:03:56 ET]
Table 'Echepolos III' 6-max Seat #1 is the button
Seat 1: ptolejmus ($10 in chips) 
Seat 3: vadjkeee ($110 in chips) 
Seat 5: MaikonAll ($103 in chips) 
vadjkeee: posts small blind $0.50
MaikonAll: posts big blind $1
*** HOLE CARDS ***
ptolejmus: folds 
vadjkeee: folds 
Uncalled bet ($0.50) returned to MaikonAll
MaikonAll collected $1 from pot
MaikonAll: doesn't show hand 
*** SUMMARY ***
Total pot $1 | Rake $0 
Seat 1: ptolejmus (button) folded before Flop (didn't bet)
Seat 3: vadjkeee (small blind) folded before Flop
Seat 5: MaikonAll (big blind) collected ($1)



PokerStars Hand #254369249276:  Hold'em No Limit ($0.50/$1.00 USD) - 2025/01/14 18:04:05 WET [2025/01/14 13:04:05 ET]
Table 'Echepolos III' 6-max Seat #3 is the button
Seat 1: ptolejmus ($10 in chips) 
Seat 3: vadjkeee ($109.50 in chips) 
Seat 5: MaikonAll ($103.50 in chips) 
MaikonAll: posts small blind $0.50
ptolejmus: posts big blind $1
*** HOLE CARDS ***
vadjkeee: raises $1.50 to $2.50
MaikonAll: folds 
nastja336 joins the table at seat #2 
coons69 joins the table at seat #6 
coons69 is disconnected 
ptolejmus: folds 
Uncalled bet ($1.50) returned to vadjkeee
vadjkeee collected $2.50 from pot
vadjkeee: doesn't show hand 
*** SUMMARY ***
Total pot $2.50 | Rake $0 
Seat 1: ptolejmus (big blind) folded before Flop
Seat 3: vadjkeee (button) collected ($2.50)
Seat 5: MaikonAll (small blind) folded before Flop



PokerStars Hand #254369254705:  Hold'em No Limit ($0.50/$1.00 USD) - 2025/01/14 18:04:24 WET [2025/01/14 13:04:24 ET]
Table 'Echepolos III' 6-max Seat #5 is the button
Seat 6: coons69 ($67.62 in chips) is sitting out
Seat 1: ptolejmus ($10 in chips) 
Seat 2: nastja336 ($100 in chips) 
Seat 3: vadjkeee ($111 in chips) 
Seat 5: MaikonAll ($103 in chips) 
ptolejmus: posts small blind $0.50
nastja336: posts big blind $1
*** HOLE CARDS ***
Evelexy1 joins the table at seat #4 
vadjkeee: folds 
MaikonAll: folds 
ptolejmus: folds 
Uncalled bet ($0.50) returned to nastja336
nastja336 collected $1 from pot
nastja336: doesn't show hand 
*** SUMMARY ***
Total pot $1 | Rake $0 
Seat 6: coons69
Seat 1: ptolejmus (small blind) folded before Flop
Seat 2: nastja336 (big blind) collected ($1)
Seat 3: vadjkeee folded before Flop (didn't bet)
Seat 5: MaikonAll (button) folded before Flop (didn't bet)



PokerStars Hand #254369261085:  Hold'em No Limit ($0.50/$1.00 USD) - 2025/01/14 18:04:48 WET [2025/01/14 13:04:48 ET]
Table 'Echepolos III' 6-max Seat #1 is the button
Seat 4: Evelexy1 ($100 in chips) is sitting out
Seat 6: coons69 ($67.62 in chips) is sitting out
Seat 1: ptolejmus ($10 in chips) 
Seat 2: nastja336 ($100.50 in chips) 
Seat 3: vadjkeee ($111 in chips) 
Seat 5: MaikonAll ($103 in chips) 
nastja336: posts small blind $0.50
vadjkeee: posts big blind $1
Evelexy1: sits out 
coons69: sits out 
*** HOLE CARDS ***
MaikonAll: folds 
ptolejmus: raises $9 to $10 and is all-in
nastja336: folds 
vadjkeee: folds 
Uncalled bet ($9) returned to ptolejmus
ptolejmus collected $2.50 from pot
*** SUMMARY ***
Total pot $2.50 | Rake $0 
Seat 4: Evelexy1
Seat 6: coons69
Seat 1: ptolejmus (button) collected ($2.50)
Seat 2: nastja336 (small blind) folded before Flop
Seat 3: vadjkeee (big blind) folded before Flop
Seat 5: MaikonAll folded before Flop (didn't bet)



PokerStars Hand #254369268017:  Hold'em No Limit ($0.50/$1.00 USD) - 2025/01/14 18:05:13 WET [2025/01/14 13:05:13 ET]
Table 'Echepolos III' 6-max Seat #2 is the button
Seat 6: coons69 ($67.62 in chips) is sitting out
Seat 1: ptolejmus ($11.50 in chips) 
Seat 2: nastja336 ($100 in chips) 
Seat 3: vadjkeee ($110 in chips) 
Seat 4: Evelexy1 ($100 in chips) 
Seat 5: MaikonAll ($103 in chips) 
vadjkeee: posts small blind $0.50
Evelexy1: posts big blind $1
coons69: sits out 
*** HOLE CARDS ***
MaikonAll: folds 
ptolejmus: folds 
nastja336: folds 
vadjkeee: raises $2 to $3
Evelexy1: folds 
Uncalled bet ($2) returned to vadjkeee
vadjkeee collected $2 from pot
vadjkeee: doesn't show hand 
*** SUMMARY ***
Total pot $2 | Rake $0 
Seat 6: coons69
Seat 1: ptolejmus folded before Flop (didn't bet)
Seat 2: nastja336 (button) folded before Flop (didn't bet)
Seat 3: vadjkeee (small blind) collected ($2)
Seat 4: Evelexy1 (big blind) folded before Flop
Seat 5: MaikonAll folded before Flop (didn't bet)



PokerStars Hand #254369275477:  Hold'em No Limit ($0.50/$1.00 USD) - 2025/01/14 18:05:40 WET [2025/01/14 13:05:40 ET]
Table 'Echepolos III' 6-max Seat #3 is the button
Seat 6: coons69 ($67.62 in chips) is sitting out
Seat 1: ptolejmus ($11.50 in chips) 
Seat 2: nastja336 ($100 in chips) 
Seat 3: vadjkeee ($111 in chips) 
Seat 4: Evelexy1 ($100 in chips) 
Seat 5: MaikonAll ($103 in chips) 
Evelexy1: posts small blind $0.50
MaikonAll: posts big blind $1
coons69: sits out 
*** HOLE CARDS ***
ptolejmus: raises $10.50 to $11.50 and is all-in
nastja336: folds 
vadjkeee: folds 
Evelexy1: folds 
MaikonAll: folds 
Uncalled bet ($10.50) returned to ptolejmus
ptolejmus collected $2.50 from pot
*** SUMMARY ***
Total pot $2.50 | Rake $0 
Seat 6: coons69
Seat 1: ptolejmus collected ($2.50)
Seat 2: nastja336 folded before Flop (didn't bet)
Seat 3: vadjkeee (button) folded before Flop (didn't bet)
Seat 4: Evelexy1 (small blind) folded before Flop
Seat 5: MaikonAll (big blind) folded before Flop



PokerStars Hand #254369281625:  Hold'em No Limit ($0.50/$1.00 USD) - 2025/01/14 18:06:02 WET [2025/01/14 13:06:02 ET]
Table 'Echepolos III' 6-max Seat #5 is the button
Seat 4: Evelexy1 ($100 in chips) is sitting out
Seat 6: coons69 ($67.62 in chips) is sitting out
Seat 1: ptolejmus ($13 in chips) 
Seat 2: nastja336 ($100 in chips) 
Seat 3: vadjkeee ($111 in chips) 
Seat 5: MaikonAll ($102 in chips) 
ptolejmus: posts small blind $0.50
nastja336: posts big blind $1
*** HOLE CARDS ***
vadjkeee: folds 
MaikonAll: raises $1.50 to $2.50
ptolejmus: folds 
nastja336: folds 
Uncalled bet ($1.50) returned to MaikonAll
MaikonAll collected $2.50 from pot
MaikonAll: doesn't show hand 
*** SUMMARY ***
Total pot $2.50 | Rake $0 
Seat 4: Evelexy1
Seat 6: coons69
Seat 1: ptolejmus (small blind) folded before Flop
Seat 2: nastja336 (big blind) folded before Flop
Seat 3: vadjkeee folded before Flop (didn't bet)
Seat 5: MaikonAll (button) collected ($2.50)



PokerStars Hand #254369286377:  Hold'em No Limit ($0.50/$1.00 USD) - 2025/01/14 18:06:19 WET [2025/01/14 13:06:19 ET]
Table 'Echepolos III' 6-max Seat #1 is the button
Seat 4: Evelexy1 ($100 in chips) is sitting out
Seat 6: coons69 ($67.62 in chips) is sitting out
Seat 1: ptolejmus ($12.50 in chips) 
Seat 2: nastja336 ($100 in chips) 
Seat 3: vadjkeee ($111 in chips) 
Seat 5: MaikonAll ($103.50 in chips) 
nastja336: posts small blind $0.50
vadjkeee: posts big blind $1
coons69: sits out 
*** HOLE CARDS ***
MaikonAll: folds 
ptolejmus: folds 
nastja336: raises $2 to $3
vadjkeee: folds 
Uncalled bet ($2) returned to nastja336
nastja336 collected $2 from pot
nastja336: doesn't show hand 
*** SUMMARY ***
Total pot $2 | Rake $0 
Seat 4: Evelexy1
Seat 6: coons69
Seat 1: ptolejmus (button) folded before Flop (didn't bet)
Seat 2: nastja336 (small blind) collected ($2)
Seat 3: vadjkeee (big blind) folded before Flop
Seat 5: MaikonAll folded before Flop (didn't bet)



PokerStars Hand #254369291717:  Hold'em No Limit ($0.50/$1.00 USD) - 2025/01/14 18:06:38 WET [2025/01/14 13:06:38 ET]
Table 'Echepolos III' 6-max Seat #2 is the button
Seat 4: Evelexy1 ($100 in chips) is sitting out
Seat 6: coons69 ($67.62 in chips) is sitting out
Seat 1: ptolejmus ($12.50 in chips) 
Seat 2: nastja336 ($101 in chips) 
Seat 3: vadjkeee ($110 in chips) 
Seat 5: MaikonAll ($103.50 in chips) 
vadjkeee: posts small blind $0.50
MaikonAll: posts big blind $1
coons69: sits out 
*** HOLE CARDS ***
ptolejmus: raises $11.50 to $12.50 and is all-in
nastja336: folds 
vadjkeee: raises $12.50 to $25
MaikonAll: folds 
Uncalled bet ($12.50) returned to vadjkeee
*** FIRST FLOP *** [5s 3d 5c]
*** FIRST TURN *** [5s 3d 5c] [2c]
*** FIRST RIVER *** [5s 3d 5c 2c] [4c]
*** SECOND FLOP *** [8s 7c Ts]
*** SECOND TURN *** [8s 7c Ts] [5h]
*** SECOND RIVER *** [8s 7c Ts 5h] [Kd]
*** FIRST SHOW DOWN ***
vadjkeee: shows [Ac Qc] (a flush, Ace high)
ptolejmus: shows [Js Ad] (a straight, Ace to Five)
vadjkeee collected $12.50 from pot
*** SECOND SHOW DOWN ***
vadjkeee: shows [Ac Qc] (high card Ace)
ptolejmus: shows [Js Ad] (high card Ace - lower kicker)
vadjkeee collected $12.50 from pot
*** SUMMARY ***
Total pot $26 | Rake $1 
Hand was run twice
FIRST Board [5s 3d 5c 2c 4c]
SECOND Board [8s 7c Ts 5h Kd]
Seat 4: Evelexy1
Seat 6: coons69
Seat 1: ptolejmus showed [Js Ad] and lost with a straight, Ace to Five, and lost with high card Ace
Seat 2: nastja336 (button) folded before Flop (didn't bet)
Seat 3: vadjkeee (small blind) showed [Ac Qc] and won ($12.50) with a flush, Ace high, and won ($12.50) with high card Ace
Seat 5: MaikonAll (big blind) folded before Flop



PokerStars Hand #254369301471:  Hold'em No Limit ($0.50/$1.00 USD) - 2025/01/14 18:07:13 WET [2025/01/14 13:07:13 ET]
Table 'Echepolos III' 6-max Seat #3 is the button
Seat 4: Evelexy1 ($100 in chips) is sitting out
Seat 1: ptolejmus ($10 in chips) 
Seat 2: nastja336 ($101 in chips) 
Seat 3: vadjkeee ($122.50 in chips) 
Seat 5: MaikonAll ($102.50 in chips) 
Seat 6: coons69 ($67.62 in chips) 
MaikonAll: posts small blind $0.50
coons69: posts big blind $1
*** HOLE CARDS ***
ptolejmus: folds 
nastja336: folds 
vadjkeee: raises $1.50 to $2.50
MaikonAll: folds 
coons69: calls $1.50
*** FLOP *** [Kh 5h Jd]
coons69: checks 
vadjkeee: bets $2.87
coons69: calls $2.87
*** TURN *** [Kh 5h Jd] [As]
coons69: checks 
vadjkeee: bets $10.15
coons69: folds 
Uncalled bet ($10.15) returned to vadjkeee
vadjkeee collected $10.68 from pot
vadjkeee: doesn't show hand 
*** SUMMARY ***
Total pot $11.24 | Rake $0.56 
Board [Kh 5h Jd As]
Seat 4: Evelexy1
Seat 1: ptolejmus folded before Flop (didn't bet)
Seat 2: nastja336 folded before Flop (didn't bet)
Seat 3: vadjkeee (button) collected ($10.68)
Seat 5: MaikonAll (small blind) folded before Flop
Seat 6: coons69 (big blind) folded on the Turn



PokerStars Hand #254369316499:  Hold'em No Limit ($0.50/$1.00 USD) - 2025/01/14 18:08:07 WET [2025/01/14 13:08:07 ET]
Table 'Echepolos III' 6-max Seat #5 is the button
Seat 4: Evelexy1 ($100 in chips) is sitting out
Seat 1: ptolejmus ($10 in chips) 
Seat 2: nastja336 ($101 in chips) 
Seat 3: vadjkeee ($127.81 in chips) 
Seat 5: MaikonAll ($102 in chips) 
Seat 6: coons69 ($62.25 in chips) 
coons69: posts small blind $0.50
ptolejmus: posts big blind $1
*** HOLE CARDS ***
nastja336: folds 
vadjkeee: raises $1.50 to $2.50
MaikonAll: folds 
coons69: folds 
ptolejmus: folds 
Uncalled bet ($1.50) returned to vadjkeee
vadjkeee collected $2.50 from pot
vadjkeee: doesn't show hand 
*** SUMMARY ***
Total pot $2.50 | Rake $0 
Seat 4: Evelexy1
Seat 1: ptolejmus (big blind) folded before Flop
Seat 2: nastja336 folded before Flop (didn't bet)
Seat 3: vadjkeee collected ($2.50)
Seat 5: MaikonAll (button) folded before Flop (didn't bet)
Seat 6: coons69 (small blind) folded before Flop



PokerStars Hand #254369320265:  Hold'em No Limit ($0.50/$1.00 USD) - 2025/01/14 18:08:21 WET [2025/01/14 13:08:21 ET]
Table 'Echepolos III' 6-max Seat #6 is the button
Seat 2: nastja336 ($101 in chips) is sitting out
Seat 4: Evelexy1 ($100 in chips) is sitting out
Seat 1: ptolejmus ($10 in chips) 
Seat 3: vadjkeee ($129.31 in chips) 
Seat 5: MaikonAll ($102 in chips) 
Seat 6: coons69 ($61.75 in chips) 
ptolejmus: posts small blind $0.50
nastja336: is sitting out 
vadjkeee: posts big blind $1
*** HOLE CARDS ***
nastja336 leaves the table
MaikonAll: raises $1.30 to $2.30
coons69: folds 
Joe_Li7 joins the table at seat #2 
ptolejmus: folds 
vadjkeee: folds 
Uncalled bet ($1.30) returned to MaikonAll
MaikonAll collected $2.50 from pot
MaikonAll: doesn't show hand 
*** SUMMARY ***
Total pot $2.50 | Rake $0 
Seat 2: nastja336
Seat 4: Evelexy1
Seat 1: ptolejmus (small blind) folded before Flop
Seat 3: vadjkeee (big blind) folded before Flop
Seat 5: MaikonAll collected ($2.50)
Seat 6: coons69 (button) folded before Flop (didn't bet)



PokerStars Hand #254369326939:  Hold'em No Limit ($0.50/$1.00 USD) - 2025/01/14 18:08:44 WET [2025/01/14 13:08:44 ET]
Table 'Echepolos III' 6-max Seat #1 is the button
Seat 2: Joe_Li7 ($100 in chips) is sitting out
Seat 4: Evelexy1 ($100 in chips) is sitting out
Seat 1: ptolejmus ($10 in chips) 
Seat 3: vadjkeee ($128.31 in chips) 
Seat 5: MaikonAll ($103.50 in chips) 
Seat 6: coons69 ($61.75 in chips) 
vadjkeee: posts small blind $0.50
MaikonAll: posts big blind $1
*** HOLE CARDS ***
coons69: folds 
ptolejmus: raises $9 to $10 and is all-in
vadjkeee: raises $13 to $23
MaikonAll: folds 
Uncalled bet ($13) returned to vadjkeee
*** FLOP *** [9h Ts 5d]
*** TURN *** [9h Ts 5d] [Jh]
*** RIVER *** [9h Ts 5d Jh] [Ah]
*** SHOW DOWN ***
vadjkeee: shows [Ad Td] (two pair, Aces and Tens)
ptolejmus: shows [4s 4c] (a pair of Fours)
vadjkeee collected $20 from pot
ptolejmus cashed out the hand for $9.85 | Cash Out Fee $0.20
*** SUMMARY ***
Total pot $21 | Rake $1 
Board [9h Ts 5d Jh Ah]
Seat 2: Joe_Li7
Seat 4: Evelexy1
Seat 1: ptolejmus (button) showed [4s 4c] and lost with a pair of Fours (cashed out).
Seat 3: vadjkeee (small blind) showed [Ad Td] and won ($20) with two pair, Aces and Tens
Seat 5: MaikonAll (big blind) folded before Flop
Seat 6: coons69 folded before Flop (didn't bet)



PokerStars Hand #254369336692:  Hold'em No Limit ($0.50/$1.00 USD) - 2025/01/14 18:09:19 WET [2025/01/14 13:09:19 ET]
Table 'Echepolos III' 6-max Seat #3 is the button
Seat 2: Joe_Li7 ($100 in chips) is sitting out
Seat 4: Evelexy1 ($100 in chips) is sitting out
Seat 1: ptolejmus ($10 in chips) 
Seat 3: vadjkeee ($138.31 in chips) 
Seat 5: MaikonAll ($102.50 in chips) 
Seat 6: coons69 ($61.75 in chips) 
MaikonAll: posts small blind $0.50
coons69: posts big blind $1
Joe_Li7: sits out 
*** HOLE CARDS ***
ptolejmus: raises $1 to $2
vadjkeee: folds 
MaikonAll: folds 
coons69: calls $1
*** FLOP *** [9c 3h 9s]
coons69: checks 
ptolejmus: bets $1.16
coons69: folds 
Uncalled bet ($1.16) returned to ptolejmus
ptolejmus collected $4.28 from pot
*** SUMMARY ***
Total pot $4.50 | Rake $0.22 
Board [9c 3h 9s]
Seat 2: Joe_Li7
Seat 4: Evelexy1
Seat 1: ptolejmus collected ($4.28)
Seat 3: vadjkeee (button) folded before Flop (didn't bet)
Seat 5: MaikonAll (small blind) folded before Flop
Seat 6: coons69 (big blind) folded on the Flop



PokerStars Hand #254369343909:  Hold'em No Limit ($0.50/$1.00 USD) - 2025/01/14 18:09:46 WET [2025/01/14 13:09:46 ET]
Table 'Echepolos III' 6-max Seat #5 is the button
Seat 2: Joe_Li7 ($100 in chips) is sitting out
Seat 4: Evelexy1 ($100 in chips) is sitting out
Seat 1: ptolejmus ($12.28 in chips) 
Seat 3: vadjkeee ($138.31 in chips) 
Seat 5: MaikonAll ($102 in chips) 
Seat 6: coons69 ($59.75 in chips) 
coons69: posts small blind $0.50
ptolejmus: posts big blind $1
Joe_Li7: sits out 
*** HOLE CARDS ***
vadjkeee: folds 
MaikonAll: folds 
coons69: raises $2 to $3
ptolejmus: calls $2
*** FLOP *** [Kc 6d 9d]
coons69: bets $2.85
ptolejmus: raises $6.43 to $9.28 and is all-in
coons69: calls $6.43
*** TURN *** [Kc 6d 9d] [2d]
*** RIVER *** [Kc 6d 9d 2d] [5h]
*** SHOW DOWN ***
coons69: shows [As Qd] (high card Ace)
ptolejmus: shows [9s 8s] (a pair of Nines)
ptolejmus collected $23.56 from pot
*** SUMMARY ***
Total pot $24.56 | Rake $1 
Board [Kc 6d 9d 2d 5h]
Seat 2: Joe_Li7
Seat 4: Evelexy1
Seat 1: ptolejmus (big blind) showed [9s 8s] and won ($23.56) with a pair of Nines
Seat 3: vadjkeee folded before Flop (didn't bet)
Seat 5: MaikonAll (button) folded before Flop (didn't bet)
Seat 6: coons69 (small blind) showed [As Qd] and lost with high card Ace



PokerStars Hand #254369358191:  Hold'em No Limit ($0.50/$1.00 USD) - 2025/01/14 18:10:36 WET [2025/01/14 13:10:36 ET]
Table 'Echepolos III' 6-max Seat #6 is the button
Seat 4: Evelexy1 ($100 in chips) is sitting out
Seat 1: ptolejmus ($23.56 in chips) 
Seat 2: Joe_Li7 ($100 in chips) 
Seat 3: vadjkeee ($138.31 in chips) 
Seat 5: MaikonAll ($102 in chips) 
Seat 6: coons69 ($47.47 in chips) 
ptolejmus: posts small blind $0.50
Joe_Li7: posts big blind $1
Evelexy1: sits out 
*** HOLE CARDS ***
vadjkeee: raises $1.50 to $2.50
MaikonAll: folds 
coons69: calls $2.50
ptolejmus: raises $21.06 to $23.56 and is all-in
Joe_Li7: folds 
vadjkeee: folds 
coons69: folds 
Uncalled bet ($21.06) returned to ptolejmus
ptolejmus collected $8.50 from pot
*** SUMMARY ***
Total pot $8.50 | Rake $0 
Seat 4: Evelexy1
Seat 1: ptolejmus (small blind) collected ($8.50)
Seat 2: Joe_Li7 (big blind) folded before Flop
Seat 3: vadjkeee folded before Flop
Seat 5: MaikonAll folded before Flop (didn't bet)
Seat 6: coons69 (button) folded before Flop



PokerStars Hand #254369364619:  Hold'em No Limit ($0.50/$1.00 USD) - 2025/01/14 18:10:59 WET [2025/01/14 13:10:59 ET]
Table 'Echepolos III' 6-max Seat #1 is the button
Seat 3: vadjkeee ($135.81 in chips) is sitting out
Seat 1: ptolejmus ($29.56 in chips) 
Seat 2: Joe_Li7 ($100 in chips) 
Seat 4: Evelexy1 ($100 in chips) 
Seat 5: MaikonAll ($102 in chips) 
Seat 6: coons69 ($44.97 in chips) 
Joe_Li7: posts small blind $0.50
vadjkeee: is sitting out 
Evelexy1: posts big blind $1
*** HOLE CARDS ***
MaikonAll: folds 
coons69: folds 
vadjkeee leaves the table
ptolejmus: folds 
Joe_Li7: raises $2 to $3
Evelexy1: calls $2
*** FLOP *** [6c Th 4d]
Joe_Li7: checks 
Evelexy1: checks 
*** TURN *** [6c Th 4d] [Kh]
HAPPYpoker11 joins the table at seat #3 
HAPPYpoker11 is disconnected 
Joe_Li7: bets $8.55
Evelexy1: folds 
Uncalled bet ($8.55) returned to Joe_Li7
Joe_Li7 collected $5.70 from pot
*** SUMMARY ***
Total pot $6 | Rake $0.30 
Board [6c Th 4d Kh]
Seat 3: vadjkeee
Seat 1: ptolejmus (button) folded before Flop (didn't bet)
Seat 2: Joe_Li7 (small blind) collected ($5.70)
Seat 4: Evelexy1 (big blind) folded on the Turn
Seat 5: MaikonAll folded before Flop (didn't bet)
Seat 6: coons69 folded before Flop (didn't bet)



PokerStars Hand #254369376202:  Hold'em No Limit ($0.50/$1.00 USD) - 2025/01/14 18:11:40 WET [2025/01/14 13:11:40 ET]
Table 'Echepolos III' 6-max Seat #2 is the button
Seat 3: HAPPYpoker11 ($22 in chips) is sitting out
Seat 1: ptolejmus ($29.56 in chips) 
Seat 2: Joe_Li7 ($102.70 in chips) 
Seat 4: Evelexy1 ($100 in chips) 
Seat 5: MaikonAll ($102 in chips) 
Seat 6: coons69 ($44.97 in chips) 
Evelexy1: posts small blind $0.50
MaikonAll: posts big blind $1
*** HOLE CARDS ***
coons69: raises $1 to $2
ptolejmus: raises $2 to $4
Joe_Li7: calls $4
Evelexy1: folds 
MaikonAll: folds 
coons69: calls $2
*** FLOP *** [2s Ts Kd]
coons69: checks 
ptolejmus: bets $3.46
Joe_Li7: folds 
coons69: calls $3.46
*** TURN *** [2s Ts Kd] [2d]
coons69: checks 
ptolejmus: bets $22.10 and is all-in
coons69: calls $22.10
*** RIVER *** [2s Ts Kd 2d] [Ad]
*** SHOW DOWN ***
coons69: shows [Kh 5d] (two pair, Kings and Deuces)
ptolejmus: shows [Qc Ac] (two pair, Aces and Deuces)
ptolejmus collected $62.12 from pot
*** SUMMARY ***
Total pot $64.62 | Rake $2.50 
Board [2s Ts Kd 2d Ad]
Seat 3: HAPPYpoker11
Seat 1: ptolejmus showed [Qc Ac] and won ($62.12) with two pair, Aces and Deuces
Seat 2: Joe_Li7 (button) folded on the Flop
Seat 4: Evelexy1 (small blind) folded before Flop
Seat 5: MaikonAll (big blind) folded before Flop
Seat 6: coons69 showed [Kh 5d] and lost with two pair, Kings and Deuces



PokerStars Hand #254369395614:  Hold'em No Limit ($0.50/$1.00 USD) - 2025/01/14 18:12:48 WET [2025/01/14 13:12:48 ET]
Table 'Echepolos III' 6-max Seat #4 is the button
Seat 1: ptolejmus ($62.12 in chips) 
Seat 2: Joe_Li7 ($100 in chips) 
Seat 3: HAPPYpoker11 ($22 in chips) 
Seat 4: Evelexy1 ($100 in chips) 
Seat 5: MaikonAll ($101 in chips) 
Seat 6: coons69 ($15.41 in chips) 
MaikonAll: posts small blind $0.50
coons69: posts big blind $1
HAPPYpoker11: posts big blind $1
*** HOLE CARDS ***
ptolejmus: folds 
Joe_Li7: folds 
HAPPYpoker11: checks 
Evelexy1: raises $2.50 to $3.50
MaikonAll: folds 
coons69: calls $2.50
HAPPYpoker11: folds 
*** FLOP *** [7s Tc 2s]
coons69: bets $11.91 and is all-in
Evelexy1: calls $11.91
*** TURN *** [7s Tc 2s] [5d]
*** RIVER *** [7s Tc 2s 5d] [6s]
*** SHOW DOWN ***
coons69: shows [6c 2c] (two pair, Sixes and Deuces)
Evelexy1: shows [8c 8h] (a pair of Eights)
coons69 collected $30.70 from pot
*** SUMMARY ***
Total pot $32.32 | Rake $1.62 
Board [7s Tc 2s 5d 6s]
Seat 1: ptolejmus folded before Flop (didn't bet)
Seat 2: Joe_Li7 folded before Flop (didn't bet)
Seat 3: HAPPYpoker11 folded before Flop (didn't bet)
Seat 4: Evelexy1 (button) showed [8c 8h] and lost with a pair of Eights
Seat 5: MaikonAll (small blind) folded before Flop
Seat 6: coons69 (big blind) showed [6c 2c] and won ($30.70) with two pair, Sixes and Deuces



PokerStars Hand #254369405476:  Hold'em No Limit ($0.50/$1.00 USD) - 2025/01/14 18:13:23 WET [2025/01/14 13:13:23 ET]
Table 'Echepolos III' 6-max Seat #5 is the button
Seat 1: ptolejmus ($62.12 in chips) is sitting out
Seat 2: Joe_Li7 ($100 in chips) 
Seat 3: HAPPYpoker11 ($21 in chips) 
Seat 4: Evelexy1 ($100 in chips) 
Seat 5: MaikonAll ($100.50 in chips) 
Seat 6: coons69 ($30.70 in chips) 
coons69: posts small blind $0.50
ptolejmus: is sitting out 
Joe_Li7: posts big blind $1
*** HOLE CARDS ***
HAPPYpoker11: folds 
Evelexy1: folds 
ptolejmus leaves the table
MaikonAll: folds 
coons69: raises $29.70 to $30.70 and is all-in
Joe_Li7: calls $29.70
*** FLOP *** [3s Ts 8d]
*** TURN *** [3s Ts 8d] [4h]
*** RIVER *** [3s Ts 8d 4h] [6h]
*** SHOW DOWN ***
coons69: shows [9h 9d] (a pair of Nines)
Joe_Li7: shows [Ah 7s] (high card Ace)
coons69 collected $58.90 from pot
*** SUMMARY ***
Total pot $61.40 | Rake $2.50 
Board [3s Ts 8d 4h 6h]
Seat 1: ptolejmus
Seat 2: Joe_Li7 (big blind) showed [Ah 7s] and lost with high card Ace
Seat 3: HAPPYpoker11 folded before Flop (didn't bet)
Seat 4: Evelexy1 folded before Flop (didn't bet)
Seat 5: MaikonAll (button) folded before Flop (didn't bet)
Seat 6: coons69 (small blind) showed [9h 9d] and won ($58.90) with a pair of Nines



PokerStars Hand #254369414241:  Hold'em No Limit ($0.50/$1.00 USD) - 2025/01/14 18:13:54 WET [2025/01/14 13:13:54 ET]
Table 'Echepolos III' 6-max Seat #6 is the button
Seat 2: Joe_Li7 ($100 in chips) 
Seat 3: HAPPYpoker11 ($21 in chips) 
Seat 4: Evelexy1 ($100 in chips) 
Seat 5: MaikonAll ($100.50 in chips) 
Seat 6: coons69 ($58.90 in chips) 
Joe_Li7: posts small blind $0.50
HAPPYpoker11: posts big blind $1
*** HOLE CARDS ***
Evelexy1: folds 
MaikonAll: folds 
coons69: folds 
Joe_Li7: folds 
Uncalled bet ($0.50) returned to HAPPYpoker11
EAroca joins the table at seat #1 
HAPPYpoker11 collected $1 from pot
HAPPYpoker11: doesn't show hand 
*** SUMMARY ***
Total pot $1 | Rake $0 
Seat 2: Joe_Li7 (small blind) folded before Flop
Seat 3: HAPPYpoker11 (big blind) collected ($1)
Seat 4: Evelexy1 folded before Flop (didn't bet)
Seat 5: MaikonAll folded before Flop (didn't bet)
Seat 6: coons69 (button) folded before Flop (didn't bet)



PokerStars Hand #254369417238:  Hold'em No Limit ($0.50/$1.00 USD) - 2025/01/14 18:14:04 WET [2025/01/14 13:14:04 ET]
Table 'Echepolos III' 6-max Seat #2 is the button
Seat 1: EAroca ($100 in chips) is sitting out
Seat 2: Joe_Li7 ($100 in chips) 
Seat 3: HAPPYpoker11 ($21.50 in chips) 
Seat 4: Evelexy1 ($100 in chips) 
Seat 5: MaikonAll ($100.50 in chips) 
Seat 6: coons69 ($58.90 in chips) 
HAPPYpoker11: posts small blind $0.50
Evelexy1: posts big blind $1
EAroca: sits out 
*** HOLE CARDS ***
MaikonAll: raises $1.30 to $2.30
coons69: calls $2.30
Joe_Li7: folds 
HAPPYpoker11: folds 
Evelexy1: folds 
*** FLOP *** [7s Ks Qs]
MaikonAll: checks 
coons69: checks 
*** TURN *** [7s Ks Qs] [Td]
MaikonAll: checks 
coons69: checks 
*** RIVER *** [7s Ks Qs Td] [Kd]
MaikonAll: bets $1.45
coons69: folds 
Uncalled bet ($1.45) returned to MaikonAll
MaikonAll collected $5.80 from pot
MaikonAll: doesn't show hand 
*** SUMMARY ***
Total pot $6.10 | Rake $0.30 
Board [7s Ks Qs Td Kd]
Seat 1: EAroca
Seat 2: Joe_Li7 (button) folded before Flop (didn't bet)
Seat 3: HAPPYpoker11 (small blind) folded before Flop
Seat 4: Evelexy1 (big blind) folded before Flop
Seat 5: MaikonAll collected ($5.80)
Seat 6: coons69 folded on the River



PokerStars Hand #254369431150:  Hold'em No Limit ($0.50/$1.00 USD) - 2025/01/14 18:14:53 WET [2025/01/14 13:14:53 ET]
Table 'Echepolos III' 6-max Seat #3 is the button
Seat 1: EAroca ($100 in chips) is sitting out
Seat 2: Joe_Li7 ($100 in chips) 
Seat 3: HAPPYpoker11 ($21 in chips) 
Seat 4: Evelexy1 ($100 in chips) 
Seat 5: MaikonAll ($104 in chips) 
Seat 6: coons69 ($56.60 in chips) 
Evelexy1: posts small blind $0.50
MaikonAll: posts big blind $1
EAroca: sits out 
*** HOLE CARDS ***
coons69: folds 
Joe_Li7: folds 
HAPPYpoker11: folds 
Evelexy1: folds 
Uncalled bet ($0.50) returned to MaikonAll
MaikonAll collected $1 from pot
MaikonAll: doesn't show hand 
*** SUMMARY ***
Total pot $1 | Rake $0 
Seat 1: EAroca
Seat 2: Joe_Li7 folded before Flop (didn't bet)
Seat 3: HAPPYpoker11 (button) folded before Flop (didn't bet)
Seat 4: Evelexy1 (small blind) folded before Flop
Seat 5: MaikonAll (big blind) collected ($1)
Seat 6: coons69 folded before Flop (didn't bet)



PokerStars Hand #254369433918:  Hold'em No Limit ($0.50/$1.00 USD) - 2025/01/14 18:15:03 WET [2025/01/14 13:15:03 ET]
Table 'Echepolos III' 6-max Seat #4 is the button
Seat 1: EAroca ($100 in chips) is sitting out
Seat 2: Joe_Li7 ($100 in chips) 
Seat 3: HAPPYpoker11 ($21 in chips) 
Seat 4: Evelexy1 ($100 in chips) 
Seat 5: MaikonAll ($104.50 in chips) 
Seat 6: coons69 ($56.60 in chips) 
MaikonAll: posts small blind $0.50
coons69: posts big blind $1
EAroca: sits out 
*** HOLE CARDS ***
Joe_Li7: raises $1.20 to $2.20
HAPPYpoker11: calls $2.20
Evelexy1: calls $2.20
MaikonAll: folds 
coons69: folds 
*** FLOP *** [8c 5h 7h]
Joe_Li7: checks 
HAPPYpoker11: bets $3
Evelexy1: folds 
Joe_Li7: folds 
Uncalled bet ($3) returned to HAPPYpoker11
HAPPYpoker11 collected $7.70 from pot
HAPPYpoker11: doesn't show hand 
*** SUMMARY ***
Total pot $8.10 | Rake $0.40 
Board [8c 5h 7h]
Seat 1: EAroca
Seat 2: Joe_Li7 folded on the Flop
Seat 3: HAPPYpoker11 collected ($7.70)
Seat 4: Evelexy1 (button) folded on the Flop
Seat 5: MaikonAll (small blind) folded before Flop
Seat 6: coons69 (big blind) folded before Flop



PokerStars Hand #254369444327:  Hold'em No Limit ($0.50/$1.00 USD) - 2025/01/14 18:15:39 WET [2025/01/14 13:15:39 ET]
Table 'Echepolos III' 6-max Seat #5 is the button
Seat 1: EAroca ($100 in chips) 
Seat 2: Joe_Li7 ($100 in chips) 
Seat 3: HAPPYpoker11 ($26.50 in chips) 
Seat 4: Evelexy1 ($100 in chips) 
Seat 5: MaikonAll ($104 in chips) 
Seat 6: coons69 ($55.60 in chips) 
coons69: posts small blind $0.50
EAroca: posts big blind $1
*** HOLE CARDS ***
Joe_Li7: folds 
HAPPYpoker11: folds 
Evelexy1: folds 
MaikonAll: raises $1.50 to $2.50
coons69: folds 
EAroca: folds 
Uncalled bet ($1.50) returned to MaikonAll
MaikonAll collected $2.50 from pot
MaikonAll: doesn't show hand 
*** SUMMARY ***
Total pot $2.50 | Rake $0 
Seat 1: EAroca (big blind) folded before Flop
Seat 2: Joe_Li7 folded before Flop (didn't bet)
Seat 3: HAPPYpoker11 folded before Flop (didn't bet)
Seat 4: Evelexy1 folded before Flop (didn't bet)
Seat 5: MaikonAll (button) collected ($2.50)
Seat 6: coons69 (small blind) folded before Flop



PokerStars Hand #254369450076:  Hold'em No Limit ($0.50/$1.00 USD) - 2025/01/14 18:15:59 WET [2025/01/14 13:15:59 ET]
Table 'Echepolos III' 6-max Seat #6 is the button
Seat 1: EAroca ($100 in chips) 
Seat 2: Joe_Li7 ($100 in chips) 
Seat 3: HAPPYpoker11 ($26.50 in chips) 
Seat 4: Evelexy1 ($100 in chips) 
Seat 5: MaikonAll ($105.50 in chips) 
Seat 6: coons69 ($55.10 in chips) 
EAroca: posts small blind $0.50
Joe_Li7: posts big blind $1
*** HOLE CARDS ***
HAPPYpoker11: folds 
Evelexy1: folds 
MaikonAll: folds 
coons69: raises $1 to $2
EAroca: folds 
Joe_Li7: calls $1
*** FLOP *** [8h 3c Td]
Joe_Li7: checks 
coons69: bets $2
Joe_Li7: raises $4.97 to $6.97
coons69: folds 
Uncalled bet ($4.97) returned to Joe_Li7
Joe_Li7 collected $8.08 from pot
*** SUMMARY ***
Total pot $8.50 | Rake $0.42 
Board [8h 3c Td]
Seat 1: EAroca (small blind) folded before Flop
Seat 2: Joe_Li7 (big blind) collected ($8.08)
Seat 3: HAPPYpoker11 folded before Flop (didn't bet)
Seat 4: Evelexy1 folded before Flop (didn't bet)
Seat 5: MaikonAll folded before Flop (didn't bet)
Seat 6: coons69 (button) folded on the Flop



PokerStars Hand #254369461748:  Hold'em No Limit ($0.50/$1.00 USD) - 2025/01/14 18:16:41 WET [2025/01/14 13:16:41 ET]
Table 'Echepolos III' 6-max Seat #1 is the button
Seat 1: EAroca ($100 in chips) 
Seat 2: Joe_Li7 ($104.08 in chips) 
Seat 3: HAPPYpoker11 ($26.50 in chips) 
Seat 4: Evelexy1 ($100 in chips) 
Seat 5: MaikonAll ($105.50 in chips) 
Seat 6: coons69 ($51.10 in chips) 
Joe_Li7: posts small blind $0.50
HAPPYpoker11: posts big blind $1
*** HOLE CARDS ***
Evelexy1: raises $1 to $2
MaikonAll: folds 
coons69: calls $2
EAroca: folds 
Joe_Li7: folds 
HAPPYpoker11: calls $1
*** FLOP *** [3c Qd 4s]
HAPPYpoker11: checks 
Evelexy1: checks 
coons69: checks 
*** TURN *** [3c Qd 4s] [9c]
HAPPYpoker11: bets $1
Evelexy1: calls $1
coons69: calls $1
*** RIVER *** [3c Qd 4s 9c] [2c]
HAPPYpoker11: checks 
Evelexy1: checks 
coons69: bets $4.51
HAPPYpoker11: folds 
Evelexy1: folds 
Uncalled bet ($4.51) returned to coons69
coons69 collected $9.02 from pot
*** SUMMARY ***
Total pot $9.50 | Rake $0.48 
Board [3c Qd 4s 9c 2c]
Seat 1: EAroca (button) folded before Flop (didn't bet)
Seat 2: Joe_Li7 (small blind) folded before Flop
Seat 3: HAPPYpoker11 (big blind) folded on the River
Seat 4: Evelexy1 folded on the River
Seat 5: MaikonAll folded before Flop (didn't bet)
Seat 6: coons69 collected ($9.02)



PokerStars Hand #254369477610:  Hold'em No Limit ($0.50/$1.00 USD) - 2025/01/14 18:17:36 WET [2025/01/14 13:17:36 ET]
Table 'Echepolos III' 6-max Seat #2 is the button
Seat 1: EAroca ($100 in chips) 
Seat 2: Joe_Li7 ($103.58 in chips) 
Seat 3: HAPPYpoker11 ($23.50 in chips) 
Seat 4: Evelexy1 ($100 in chips) 
Seat 5: MaikonAll ($105.50 in chips) 
Seat 6: coons69 ($57.12 in chips) 
HAPPYpoker11: posts small blind $0.50
Evelexy1: posts big blind $1
*** HOLE CARDS ***
MaikonAll: raises $1.30 to $2.30
coons69: folds 
EAroca: folds 
Joe_Li7: folds 
HAPPYpoker11: calls $1.80
Evelexy1: calls $1.30
*** FLOP *** [8c Ks 7h]
HAPPYpoker11: checks 
Evelexy1: checks 
MaikonAll: bets $1.64
HAPPYpoker11: calls $1.64
Evelexy1: folds 
*** TURN *** [8c Ks 7h] [3d]
HAPPYpoker11: bets $4
MaikonAll: calls $4
*** RIVER *** [8c Ks 7h 3d] [6h]
HAPPYpoker11: checks 
MaikonAll: bets $16.50
HAPPYpoker11: calls $15.56 and is all-in
Uncalled bet ($0.94) returned to MaikonAll
*** SHOW DOWN ***
MaikonAll: shows [8h 8d] (three of a kind, Eights)
HAPPYpoker11: shows [Qh Kh] (a pair of Kings)
MaikonAll collected $46.84 from pot
*** SUMMARY ***
Total pot $49.30 | Rake $2.46 
Board [8c Ks 7h 3d 6h]
Seat 1: EAroca folded before Flop (didn't bet)
Seat 2: Joe_Li7 (button) folded before Flop (didn't bet)
Seat 3: HAPPYpoker11 (small blind) showed [Qh Kh] and lost with a pair of Kings
Seat 4: Evelexy1 (big blind) folded on the Flop
Seat 5: MaikonAll showed [8h 8d] and won ($46.84) with three of a kind, Eights
Seat 6: coons69 folded before Flop (didn't bet)



PokerStars Hand #254369507348:  Hold'em No Limit ($0.50/$1.00 USD) - 2025/01/14 18:19:21 WET [2025/01/14 13:19:21 ET]
Table 'Echepolos III' 6-max Seat #4 is the button
Seat 3: HAPPYpoker11 ($0 in chips) is sitting out
Seat 1: EAroca ($100 in chips) 
Seat 2: Joe_Li7 ($103.58 in chips) 
Seat 4: Evelexy1 ($100 in chips) 
Seat 5: MaikonAll ($128.84 in chips) 
Seat 6: coons69 ($57.12 in chips) 
MaikonAll: posts small blind $0.50
coons69: posts big blind $1
*** HOLE CARDS ***
EAroca: folds 
Joe_Li7: folds 
Evelexy1: folds 
MaikonAll: raises $2 to $3
coons69: folds 
Uncalled bet ($2) returned to MaikonAll
MaikonAll collected $2 from pot
MaikonAll: doesn't show hand 
*** SUMMARY ***
Total pot $2 | Rake $0 
Seat 3: HAPPYpoker11
Seat 1: EAroca folded before Flop (didn't bet)
Seat 2: Joe_Li7 folded before Flop (didn't bet)
Seat 4: Evelexy1 (button) folded before Flop (didn't bet)
Seat 5: MaikonAll (small blind) collected ($2)
Seat 6: coons69 (big blind) folded before Flop



PokerStars Hand #254369514169:  Hold'em No Limit ($0.50/$1.00 USD) - 2025/01/14 18:19:45 WET [2025/01/14 13:19:45 ET]
Table 'Echepolos III' 6-max Seat #5 is the button
Seat 3: HAPPYpoker11 ($0 in chips) is sitting out
Seat 1: EAroca ($100 in chips) 
Seat 2: Joe_Li7 ($103.58 in chips) 
Seat 4: Evelexy1 ($100 in chips) 
Seat 5: MaikonAll ($129.84 in chips) 
Seat 6: coons69 ($56.12 in chips) 
coons69: posts small blind $0.50
EAroca: posts big blind $1
*** HOLE CARDS ***
Joe_Li7: folds 
Evelexy1: folds 
MaikonAll: folds 
coons69: raises $2 to $3
EAroca: folds 
Uncalled bet ($2) returned to coons69
coons69 collected $2 from pot
*** SUMMARY ***
Total pot $2 | Rake $0 
Seat 3: HAPPYpoker11
Seat 1: EAroca (big blind) folded before Flop
Seat 2: Joe_Li7 folded before Flop (didn't bet)
Seat 4: Evelexy1 folded before Flop (didn't bet)
Seat 5: MaikonAll (button) folded before Flop (didn't bet)
Seat 6: coons69 (small blind) collected ($2)



PokerStars Hand #254369523411:  Hold'em No Limit ($0.50/$1.00 USD) - 2025/01/14 18:20:18 WET [2025/01/14 13:20:18 ET]
Table 'Echepolos III' 6-max Seat #6 is the button
Seat 1: EAroca ($100 in chips) 
Seat 2: Joe_Li7 ($103.58 in chips) 
Seat 3: HAPPYpoker11 ($18.06 in chips) 
Seat 4: Evelexy1 ($100 in chips) 
Seat 5: MaikonAll ($129.84 in chips) 
Seat 6: coons69 ($57.12 in chips) 
EAroca: posts small blind $0.50
Joe_Li7: posts big blind $1
*** HOLE CARDS ***
HAPPYpoker11: calls $1
Evelexy1: folds 
MaikonAll: folds 
coons69: calls $1
EAroca: calls $0.50
Joe_Li7: checks 
*** FLOP *** [Qc Qh 5d]
EAroca: checks 
Joe_Li7: checks 
HAPPYpoker11: bets $1
coons69: calls $1
EAroca: folds 
Joe_Li7: folds 
*** TURN *** [Qc Qh 5d] [7h]
HAPPYpoker11: bets $2
coons69: calls $2
*** RIVER *** [Qc Qh 5d 7h] [Qd]
HAPPYpoker11: bets $3
coons69: calls $3
*** SHOW DOWN ***
HAPPYpoker11: shows [Ah 6c] (three of a kind, Queens)
coons69: shows [4h 5h] (a full house, Queens full of Fives)
coons69 collected $15.20 from pot
*** SUMMARY ***
Total pot $16 | Rake $0.80 
Board [Qc Qh 5d 7h Qd]
Seat 1: EAroca (small blind) folded on the Flop
Seat 2: Joe_Li7 (big blind) folded on the Flop
Seat 3: HAPPYpoker11 showed [Ah 6c] and lost with three of a kind, Queens
Seat 4: Evelexy1 folded before Flop (didn't bet)
Seat 5: MaikonAll folded before Flop (didn't bet)
Seat 6: coons69 (button) showed [4h 5h] and won ($15.20) with a full house, Queens full of Fives



PokerStars Hand #254369545341:  Hold'em No Limit ($0.50/$1.00 USD) - 2025/01/14 18:21:34 WET [2025/01/14 13:21:34 ET]
Table 'Echepolos III' 6-max Seat #1 is the button
Seat 1: EAroca ($100 in chips) 
Seat 2: Joe_Li7 ($102.58 in chips) 
Seat 3: HAPPYpoker11 ($11.06 in chips) 
Seat 4: Evelexy1 ($100 in chips) 
Seat 5: MaikonAll ($129.84 in chips) 
Seat 6: coons69 ($65.32 in chips) 
Joe_Li7: posts small blind $0.50
HAPPYpoker11: posts big blind $1
*** HOLE CARDS ***
Evelexy1: folds 
MaikonAll: raises $1.30 to $2.30
coons69: folds 
EAroca: folds 
Joe_Li7: folds 
HAPPYpoker11: calls $1.30
*** FLOP *** [2c 4s 4h]
HAPPYpoker11: checks 
MaikonAll: bets $1.21
HAPPYpoker11: raises $7.55 to $8.76 and is all-in
MaikonAll: folds 
Uncalled bet ($7.55) returned to HAPPYpoker11
HAPPYpoker11 collected $7.14 from pot
HAPPYpoker11: doesn't show hand 
*** SUMMARY ***
Total pot $7.52 | Rake $0.38 
Board [2c 4s 4h]
Seat 1: EAroca (button) folded before Flop (didn't bet)
Seat 2: Joe_Li7 (small blind) folded before Flop
Seat 3: HAPPYpoker11 (big blind) collected ($7.14)
Seat 4: Evelexy1 folded before Flop (didn't bet)
Seat 5: MaikonAll folded on the Flop
Seat 6: coons69 folded before Flop (didn't bet)



PokerStars Hand #254369561813:  Hold'em No Limit ($0.50/$1.00 USD) - 2025/01/14 18:22:30 WET [2025/01/14 13:22:30 ET]
Table 'Echepolos III' 6-max Seat #2 is the button
Seat 1: EAroca ($100 in chips) 
Seat 2: Joe_Li7 ($102.08 in chips) 
Seat 3: HAPPYpoker11 ($14.69 in chips) 
Seat 4: Evelexy1 ($100 in chips) 
Seat 5: MaikonAll ($126.33 in chips) 
Seat 6: coons69 ($65.32 in chips) 
HAPPYpoker11: posts small blind $0.50
Evelexy1: posts big blind $1
*** HOLE CARDS ***
MaikonAll: folds 
coons69: raises $1 to $2
EAroca: raises $4.50 to $6.50
Joe_Li7: folds 
HAPPYpoker11: folds 
Evelexy1: folds 
coons69: folds 
Uncalled bet ($4.50) returned to EAroca
EAroca collected $5.50 from pot
EAroca: doesn't show hand 
*** SUMMARY ***
Total pot $5.50 | Rake $0 
Seat 1: EAroca collected ($5.50)
Seat 2: Joe_Li7 (button) folded before Flop (didn't bet)
Seat 3: HAPPYpoker11 (small blind) folded before Flop
Seat 4: Evelexy1 (big blind) folded before Flop
Seat 5: MaikonAll folded before Flop (didn't bet)
Seat 6: coons69 folded before Flop



PokerStars Hand #254369567001:  Hold'em No Limit ($0.50/$1.00 USD) - 2025/01/14 18:22:49 WET [2025/01/14 13:22:49 ET]
Table 'Echepolos III' 6-max Seat #3 is the button
Seat 1: EAroca ($103.50 in chips) 
Seat 2: Joe_Li7 ($102.08 in chips) 
Seat 3: HAPPYpoker11 ($14.19 in chips) 
Seat 4: Evelexy1 ($100 in chips) 
Seat 5: MaikonAll ($126.33 in chips) 
Seat 6: coons69 ($63.32 in chips) 
Evelexy1: posts small blind $0.50
MaikonAll: posts big blind $1
*** HOLE CARDS ***
coons69: raises $2 to $3
EAroca: folds 
Joe_Li7: folds 
HAPPYpoker11: folds 
Evelexy1: folds 
MaikonAll: folds 
Uncalled bet ($2) returned to coons69
coons69 collected $2.50 from pot
*** SUMMARY ***
Total pot $2.50 | Rake $0 
Seat 1: EAroca folded before Flop (didn't bet)
Seat 2: Joe_Li7 folded before Flop (didn't bet)
Seat 3: HAPPYpoker11 (button) folded before Flop (didn't bet)
Seat 4: Evelexy1 (small blind) folded before Flop
Seat 5: MaikonAll (big blind) folded before Flop
Seat 6: coons69 collected ($2.50)



PokerStars Hand #254369571350:  Hold'em No Limit ($0.50/$1.00 USD) - 2025/01/14 18:23:04 WET [2025/01/14 13:23:04 ET]
Table 'Echepolos III' 6-max Seat #4 is the button
Seat 1: EAroca ($103.50 in chips) 
Seat 2: Joe_Li7 ($102.08 in chips) 
Seat 3: HAPPYpoker11 ($14.19 in chips) 
Seat 4: Evelexy1 ($100 in chips) 
Seat 5: MaikonAll ($125.33 in chips) 
Seat 6: coons69 ($64.82 in chips) 
MaikonAll: posts small blind $0.50
coons69: posts big blind $1
*** HOLE CARDS ***
EAroca: folds 
Joe_Li7: folds 
HAPPYpoker11: folds 
Evelexy1: folds 
MaikonAll: raises $2 to $3
coons69: calls $2
*** FLOP *** [3c 7h Qh]
MaikonAll: checks 
coons69: checks 
*** TURN *** [3c 7h Qh] [Qd]
MaikonAll: bets $1.43
coons69: calls $1.43
*** RIVER *** [3c 7h Qh Qd] [Qs]
MaikonAll: checks 
coons69: checks 
*** SHOW DOWN ***
MaikonAll: shows [As Tc] (three of a kind, Queens)
coons69: mucks hand 
MaikonAll collected $8.42 from pot
*** SUMMARY ***
Total pot $8.86 | Rake $0.44 
Board [3c 7h Qh Qd Qs]
Seat 1: EAroca folded before Flop (didn't bet)
Seat 2: Joe_Li7 folded before Flop (didn't bet)
Seat 3: HAPPYpoker11 folded before Flop (didn't bet)
Seat 4: Evelexy1 (button) folded before Flop (didn't bet)
Seat 5: MaikonAll (small blind) showed [As Tc] and won ($8.42) with three of a kind, Queens
Seat 6: coons69 (big blind) mucked



PokerStars Hand #254369584523:  Hold'em No Limit ($0.50/$1.00 USD) - 2025/01/14 18:23:49 WET [2025/01/14 13:23:49 ET]
Table 'Echepolos III' 6-max Seat #5 is the button
Seat 1: EAroca ($103.50 in chips) 
Seat 2: Joe_Li7 ($102.08 in chips) 
Seat 3: HAPPYpoker11 ($14.19 in chips) 
Seat 4: Evelexy1 ($100 in chips) 
Seat 5: MaikonAll ($129.32 in chips) 
Seat 6: coons69 ($60.39 in chips) 
coons69: posts small blind $0.50
EAroca: posts big blind $1
*** HOLE CARDS ***
Joe_Li7: folds 
HAPPYpoker11: folds 
Evelexy1: folds 
MaikonAll: folds 
coons69: calls $0.50
EAroca: raises $3 to $4
coons69: folds 
Uncalled bet ($3) returned to EAroca
EAroca collected $2 from pot
EAroca: doesn't show hand 
*** SUMMARY ***
Total pot $2 | Rake $0 
Seat 1: EAroca (big blind) collected ($2)
Seat 2: Joe_Li7 folded before Flop (didn't bet)
Seat 3: HAPPYpoker11 folded before Flop (didn't bet)
Seat 4: Evelexy1 folded before Flop (didn't bet)
Seat 5: MaikonAll (button) folded before Flop (didn't bet)
Seat 6: coons69 (small blind) folded before Flop



PokerStars Hand #254369592933:  Hold'em No Limit ($0.50/$1.00 USD) - 2025/01/14 18:24:19 WET [2025/01/14 13:24:19 ET]
Table 'Echepolos III' 6-max Seat #6 is the button
Seat 1: EAroca ($104.50 in chips) 
Seat 2: Joe_Li7 ($102.08 in chips) 
Seat 3: HAPPYpoker11 ($14.19 in chips) 
Seat 4: Evelexy1 ($100 in chips) 
Seat 5: MaikonAll ($129.32 in chips) 
Seat 6: coons69 ($59.39 in chips) 
EAroca: posts small blind $0.50
Joe_Li7: posts big blind $1
*** HOLE CARDS ***
HAPPYpoker11: calls $1
Evelexy1: folds 
MaikonAll: folds 
coons69: folds 
EAroca: folds 
Joe_Li7: checks 
*** FLOP *** [Ac 6c 7h]
Joe_Li7: checks 
HAPPYpoker11: bets $1
Joe_Li7: folds 
Uncalled bet ($1) returned to HAPPYpoker11
HAPPYpoker11 collected $2.38 from pot
HAPPYpoker11: doesn't show hand 
*** SUMMARY ***
Total pot $2.50 | Rake $0.12 
Board [Ac 6c 7h]
Seat 1: EAroca (small blind) folded before Flop
Seat 2: Joe_Li7 (big blind) folded on the Flop
Seat 3: HAPPYpoker11 collected ($2.38)
Seat 4: Evelexy1 folded before Flop (didn't bet)
Seat 5: MaikonAll folded before Flop (didn't bet)
Seat 6: coons69 (button) folded before Flop (didn't bet)



PokerStars Hand #254369602613:  Hold'em No Limit ($0.50/$1.00 USD) - 2025/01/14 18:24:53 WET [2025/01/14 13:24:53 ET]
Table 'Echepolos III' 6-max Seat #1 is the button
Seat 1: EAroca ($104 in chips) 
Seat 2: Joe_Li7 ($101.08 in chips) 
Seat 3: HAPPYpoker11 ($15.57 in chips) 
Seat 4: Evelexy1 ($100 in chips) 
Seat 5: MaikonAll ($129.32 in chips) 
Seat 6: coons69 ($59.39 in chips) 
Joe_Li7: posts small blind $0.50
HAPPYpoker11: posts big blind $1
*** HOLE CARDS ***
Evelexy1: folds 
MaikonAll: raises $1.30 to $2.30
coons69: folds 
EAroca: folds 
Joe_Li7: folds 
HAPPYpoker11: folds 
Uncalled bet ($1.30) returned to MaikonAll
MaikonAll collected $2.50 from pot
MaikonAll: doesn't show hand 
*** SUMMARY ***
Total pot $2.50 | Rake $0 
Seat 1: EAroca (button) folded before Flop (didn't bet)
Seat 2: Joe_Li7 (small blind) folded before Flop
Seat 3: HAPPYpoker11 (big blind) folded before Flop
Seat 4: Evelexy1 folded before Flop (didn't bet)
Seat 5: MaikonAll collected ($2.50)
Seat 6: coons69 folded before Flop (didn't bet)



PokerStars Hand #254369609637:  Hold'em No Limit ($0.50/$1.00 USD) - 2025/01/14 18:25:17 WET [2025/01/14 13:25:17 ET]
Table 'Echepolos III' 6-max Seat #2 is the button
Seat 1: EAroca ($104 in chips) 
Seat 2: Joe_Li7 ($100.58 in chips) 
Seat 3: HAPPYpoker11 ($14.57 in chips) 
Seat 4: Evelexy1 ($100 in chips) 
Seat 5: MaikonAll ($130.82 in chips) 
Seat 6: coons69 ($59.39 in chips) 
HAPPYpoker11: posts small blind $0.50
Evelexy1: posts big blind $1
*** HOLE CARDS ***
MaikonAll: raises $1.30 to $2.30
coons69: calls $2.30
EAroca: folds 
Joe_Li7: folds 
HAPPYpoker11: folds 
Evelexy1: calls $1.30
*** FLOP *** [6d 6h 3d]
Evelexy1: checks 
MaikonAll: checks 
coons69: checks 
*** TURN *** [6d 6h 3d] [6s]
Evelexy1: checks 
MaikonAll: checks 
coons69: bets $3
Evelexy1: folds 
MaikonAll: calls $3
*** RIVER *** [6d 6h 3d 6s] [8c]
MaikonAll: checks 
coons69: bets $4
MaikonAll: calls $4
*** SHOW DOWN ***
coons69: shows [2c 2d] (a full house, Sixes full of Deuces)
MaikonAll: mucks hand 
coons69 collected $20.33 from pot
*** SUMMARY ***
Total pot $21.40 | Rake $1.07 
Board [6d 6h 3d 6s 8c]
Seat 1: EAroca folded before Flop (didn't bet)
Seat 2: Joe_Li7 (button) folded before Flop (didn't bet)
Seat 3: HAPPYpoker11 (small blind) folded before Flop
Seat 4: Evelexy1 (big blind) folded on the Turn
Seat 5: MaikonAll mucked
Seat 6: coons69 showed [2c 2d] and won ($20.33) with a full house, Sixes full of Deuces



PokerStars Hand #254369633820:  Hold'em No Limit ($0.50/$1.00 USD) - 2025/01/14 18:26:42 WET [2025/01/14 13:26:42 ET]
Table 'Echepolos III' 6-max Seat #3 is the button
Seat 1: EAroca ($104 in chips) 
Seat 2: Joe_Li7 ($100.58 in chips) 
Seat 3: HAPPYpoker11 ($14.07 in chips) 
Seat 4: Evelexy1 ($100 in chips) 
Seat 5: MaikonAll ($121.52 in chips) 
Seat 6: coons69 ($70.42 in chips) 
Evelexy1: posts small blind $0.50
MaikonAll: posts big blind $1
*** HOLE CARDS ***
coons69: folds 
EAroca: folds 
Joe_Li7: folds 
HAPPYpoker11: folds 
Evelexy1: folds 
Uncalled bet ($0.50) returned to MaikonAll
MaikonAll collected $1 from pot
MaikonAll: doesn't show hand 
*** SUMMARY ***
Total pot $1 | Rake $0 
Seat 1: EAroca folded before Flop (didn't bet)
Seat 2: Joe_Li7 folded before Flop (didn't bet)
Seat 3: HAPPYpoker11 (button) folded before Flop (didn't bet)
Seat 4: Evelexy1 (small blind) folded before Flop
Seat 5: MaikonAll (big blind) collected ($1)
Seat 6: coons69 folded before Flop (didn't bet)



PokerStars Hand #254369636785:  Hold'em No Limit ($0.50/$1.00 USD) - 2025/01/14 18:26:52 WET [2025/01/14 13:26:52 ET]
Table 'Echepolos III' 6-max Seat #4 is the button
Seat 1: EAroca ($104 in chips) 
Seat 2: Joe_Li7 ($100.58 in chips) 
Seat 3: HAPPYpoker11 ($14.07 in chips) 
Seat 4: Evelexy1 ($100 in chips) 
Seat 5: MaikonAll ($122.02 in chips) 
Seat 6: coons69 ($70.42 in chips) 
MaikonAll: posts small blind $0.50
coons69: posts big blind $1
*** HOLE CARDS ***
EAroca: folds 
Joe_Li7: raises $1.20 to $2.20
HAPPYpoker11: folds 
Evelexy1: folds 
MaikonAll: folds 
coons69: calls $1.20
*** FLOP *** [5h 9c 9s]
coons69: checks 
Joe_Li7: bets $1.54
coons69: calls $1.54
*** TURN *** [5h 9c 9s] [9h]
coons69: checks 
Joe_Li7: checks 
*** RIVER *** [5h 9c 9s 9h] [8h]
coons69: checks 
Joe_Li7: checks 
*** SHOW DOWN ***
coons69: shows [4c Kc] (three of a kind, Nines)
Joe_Li7: shows [Ks Tc] (three of a kind, Nines - King+Ten kicker)
Joe_Li7 collected $7.58 from pot
*** SUMMARY ***
Total pot $7.98 | Rake $0.40 
Board [5h 9c 9s 9h 8h]
Seat 1: EAroca folded before Flop (didn't bet)
Seat 2: Joe_Li7 showed [Ks Tc] and won ($7.58) with three of a kind, Nines
Seat 3: HAPPYpoker11 folded before Flop (didn't bet)
Seat 4: Evelexy1 (button) folded before Flop (didn't bet)
Seat 5: MaikonAll (small blind) folded before Flop
Seat 6: coons69 (big blind) showed [4c Kc] and lost with three of a kind, Nines



PokerStars Hand #254369654159:  Hold'em No Limit ($0.50/$1.00 USD) - 2025/01/14 18:27:52 WET [2025/01/14 13:27:52 ET]
Table 'Echepolos III' 6-max Seat #5 is the button
Seat 1: EAroca ($104 in chips) 
Seat 2: Joe_Li7 ($104.42 in chips) 
Seat 3: HAPPYpoker11 ($14.07 in chips) 
Seat 4: Evelexy1 ($100 in chips) 
Seat 5: MaikonAll ($121.52 in chips) 
Seat 6: coons69 ($66.68 in chips) 
coons69: posts small blind $0.50
EAroca: posts big blind $1
*** HOLE CARDS ***
Joe_Li7: folds 
HAPPYpoker11: calls $1
Evelexy1: folds 
MaikonAll: folds 
coons69: calls $0.50
EAroca: checks 
*** FLOP *** [Kd Js Td]
coons69: bets $1
EAroca: calls $1
HAPPYpoker11: folds 
*** TURN *** [Kd Js Td] [Jh]
coons69: bets $2.38
EAroca: raises $6.51 to $8.89
coons69: folds 
Uncalled bet ($6.51) returned to EAroca
EAroca collected $9.27 from pot
EAroca: doesn't show hand 
*** SUMMARY ***
Total pot $9.76 | Rake $0.49 
Board [Kd Js Td Jh]
Seat 1: EAroca (big blind) collected ($9.27)
Seat 2: Joe_Li7 folded before Flop (didn't bet)
Seat 3: HAPPYpoker11 folded on the Flop
Seat 4: Evelexy1 folded before Flop (didn't bet)
Seat 5: MaikonAll (button) folded before Flop (didn't bet)
Seat 6: coons69 (small blind) folded on the Turn



PokerStars Hand #254369671395:  Hold'em No Limit ($0.50/$1.00 USD) - 2025/01/14 18:28:52 WET [2025/01/14 13:28:52 ET]
Table 'Echepolos III' 6-max Seat #6 is the button
Seat 1: EAroca ($108.89 in chips) 
Seat 2: Joe_Li7 ($104.42 in chips) 
Seat 3: HAPPYpoker11 ($13.07 in chips) 
Seat 4: Evelexy1 ($100 in chips) 
Seat 5: MaikonAll ($121.52 in chips) 
Seat 6: coons69 ($62.30 in chips) 
EAroca: posts small blind $0.50
Joe_Li7: posts big blind $1
*** HOLE CARDS ***
HAPPYpoker11: folds 
Evelexy1: folds 
MaikonAll: folds 
coons69: raises $1 to $2
EAroca: folds 
Joe_Li7: folds 
Uncalled bet ($1) returned to coons69
coons69 collected $2.50 from pot
*** SUMMARY ***
Total pot $2.50 | Rake $0 
Seat 1: EAroca (small blind) folded before Flop
Seat 2: Joe_Li7 (big blind) folded before Flop
Seat 3: HAPPYpoker11 folded before Flop (didn't bet)
Seat 4: Evelexy1 folded before Flop (didn't bet)
Seat 5: MaikonAll folded before Flop (didn't bet)
Seat 6: coons69 (button) collected ($2.50)



PokerStars Hand #254369676872:  Hold'em No Limit ($0.50/$1.00 USD) - 2025/01/14 18:29:12 WET [2025/01/14 13:29:12 ET]
Table 'Echepolos III' 6-max Seat #1 is the button
Seat 1: EAroca ($108.39 in chips) 
Seat 2: Joe_Li7 ($103.42 in chips) 
Seat 3: HAPPYpoker11 ($13.07 in chips) 
Seat 4: Evelexy1 ($100 in chips) 
Seat 5: MaikonAll ($121.52 in chips) 
Seat 6: coons69 ($63.80 in chips) 
Joe_Li7: posts small blind $0.50
HAPPYpoker11: posts big blind $1
*** HOLE CARDS ***
Evelexy1: folds 
MaikonAll: folds 
coons69: raises $2 to $3
EAroca: folds 
Joe_Li7: folds 
HAPPYpoker11: folds 
Uncalled bet ($2) returned to coons69
coons69 collected $2.50 from pot
*** SUMMARY ***
Total pot $2.50 | Rake $0 
Seat 1: EAroca (button) folded before Flop (didn't bet)
Seat 2: Joe_Li7 (small blind) folded before Flop
Seat 3: HAPPYpoker11 (big blind) folded before Flop
Seat 4: Evelexy1 folded before Flop (didn't bet)
Seat 5: MaikonAll folded before Flop (didn't bet)
Seat 6: coons69 collected ($2.50)



PokerStars Hand #254369683159:  Hold'em No Limit ($0.50/$1.00 USD) - 2025/01/14 18:29:34 WET [2025/01/14 13:29:34 ET]
Table 'Echepolos III' 6-max Seat #2 is the button
Seat 1: EAroca ($108.39 in chips) 
Seat 2: Joe_Li7 ($102.92 in chips) 
Seat 3: HAPPYpoker11 ($12.07 in chips) 
Seat 4: Evelexy1 ($100 in chips) 
Seat 5: MaikonAll ($121.52 in chips) 
Seat 6: coons69 ($65.30 in chips) 
HAPPYpoker11: posts small blind $0.50
Evelexy1: posts big blind $1
*** HOLE CARDS ***
MaikonAll: folds 
coons69: raises $2 to $3
EAroca: folds 
Joe_Li7: folds 
HAPPYpoker11: calls $2.50
Evelexy1: folds 
*** FLOP *** [3h 6c 7c]
HAPPYpoker11: checks 
coons69: checks 
*** TURN *** [3h 6c 7c] [Ac]
HAPPYpoker11: bets $4
coons69: calls $4
*** RIVER *** [3h 6c 7c Ac] [2c]
HAPPYpoker11: checks 
coons69: checks 
*** SHOW DOWN ***
HAPPYpoker11: shows [Ah Jh] (a pair of Aces)
coons69: mucks hand 
HAPPYpoker11 collected $14.25 from pot
*** SUMMARY ***
Total pot $15 | Rake $0.75 
Board [3h 6c 7c Ac 2c]
Seat 1: EAroca folded before Flop (didn't bet)
Seat 2: Joe_Li7 (button) folded before Flop (didn't bet)
Seat 3: HAPPYpoker11 (small blind) showed [Ah Jh] and won ($14.25) with a pair of Aces
Seat 4: Evelexy1 (big blind) folded before Flop
Seat 5: MaikonAll folded before Flop (didn't bet)
Seat 6: coons69 mucked



PokerStars Hand #254369694979:  Hold'em No Limit ($0.50/$1.00 USD) - 2025/01/14 18:30:13 WET [2025/01/14 13:30:13 ET]
Table 'Echepolos III' 6-max Seat #3 is the button
Seat 1: EAroca ($108.39 in chips) 
Seat 2: Joe_Li7 ($102.92 in chips) 
Seat 3: HAPPYpoker11 ($19.32 in chips) 
Seat 4: Evelexy1 ($100 in chips) 
Seat 5: MaikonAll ($121.52 in chips) 
Seat 6: coons69 ($58.30 in chips) 
Evelexy1: posts small blind $0.50
MaikonAll: posts big blind $1
*** HOLE CARDS ***
coons69: calls $1
EAroca: folds 
Joe_Li7: folds 
HAPPYpoker11: folds 
Evelexy1: raises $3.50 to $4.50
MaikonAll: calls $3.50
coons69: calls $3.50
*** FLOP *** [Ad 2c Qh]
Evelexy1: bets $6.41
MaikonAll: folds 
coons69: folds 
Uncalled bet ($6.41) returned to Evelexy1
Evelexy1 collected $12.82 from pot
Evelexy1: doesn't show hand 
*** SUMMARY ***
Total pot $13.50 | Rake $0.68 
Board [Ad 2c Qh]
Seat 1: EAroca folded before Flop (didn't bet)
Seat 2: Joe_Li7 folded before Flop (didn't bet)
Seat 3: HAPPYpoker11 (button) folded before Flop (didn't bet)
Seat 4: Evelexy1 (small blind) collected ($12.82)
Seat 5: MaikonAll (big blind) folded on the Flop
Seat 6: coons69 folded on the Flop



PokerStars Hand #254369705363:  Hold'em No Limit ($0.50/$1.00 USD) - 2025/01/14 18:30:47 WET [2025/01/14 13:30:47 ET]
Table 'Echepolos III' 6-max Seat #4 is the button
Seat 1: EAroca ($108.39 in chips) 
Seat 2: Joe_Li7 ($102.92 in chips) 
Seat 3: HAPPYpoker11 ($19.32 in chips) 
Seat 4: Evelexy1 ($108.32 in chips) 
Seat 5: MaikonAll ($117.02 in chips) 
Seat 6: coons69 ($53.80 in chips) 
MaikonAll: posts small blind $0.50
coons69: posts big blind $1
*** HOLE CARDS ***
EAroca: folds 
Joe_Li7: folds 
HAPPYpoker11: calls $1
Evelexy1: folds 
MaikonAll: raises $4 to $5
coons69: folds 
HAPPYpoker11: folds 
Uncalled bet ($4) returned to MaikonAll
MaikonAll collected $3 from pot
MaikonAll: doesn't show hand 
*** SUMMARY ***
Total pot $3 | Rake $0 
Seat 1: EAroca folded before Flop (didn't bet)
Seat 2: Joe_Li7 folded before Flop (didn't bet)
Seat 3: HAPPYpoker11 folded before Flop
Seat 4: Evelexy1 (button) folded before Flop (didn't bet)
Seat 5: MaikonAll (small blind) collected ($3)
Seat 6: coons69 (big blind) folded before Flop



PokerStars Hand #254369711833:  Hold'em No Limit ($0.50/$1.00 USD) - 2025/01/14 18:31:09 WET [2025/01/14 13:31:09 ET]
Table 'Echepolos III' 6-max Seat #5 is the button
Seat 1: EAroca ($108.39 in chips) 
Seat 2: Joe_Li7 ($102.92 in chips) 
Seat 3: HAPPYpoker11 ($18.32 in chips) 
Seat 4: Evelexy1 ($108.32 in chips) 
Seat 5: MaikonAll ($119.02 in chips) 
Seat 6: coons69 ($52.80 in chips) 
coons69: posts small blind $0.50
EAroca: posts big blind $1
*** HOLE CARDS ***
Joe_Li7: folds 
HAPPYpoker11: folds 
Evelexy1: raises $2 to $3
MaikonAll: folds 
coons69: calls $2.50
EAroca: folds 
*** FLOP *** [7h Td Qc]
coons69: checks 
Evelexy1: bets $4.99
coons69: calls $4.99
*** TURN *** [7h Td Qc] [3c]
coons69: checks 
Evelexy1: bets $10.65
coons69: calls $10.65
*** RIVER *** [7h Td Qc 3c] [5h]
coons69: checks 
Evelexy1: bets $36
coons69: folds 
Uncalled bet ($36) returned to Evelexy1
Evelexy1 collected $36.37 from pot
Evelexy1: doesn't show hand 
*** SUMMARY ***
Total pot $38.28 | Rake $1.91 
Board [7h Td Qc 3c 5h]
Seat 1: EAroca (big blind) folded before Flop
Seat 2: Joe_Li7 folded before Flop (didn't bet)
Seat 3: HAPPYpoker11 folded before Flop (didn't bet)
Seat 4: Evelexy1 collected ($36.37)
Seat 5: MaikonAll (button) folded before Flop (didn't bet)
Seat 6: coons69 (small blind) folded on the River



PokerStars Hand #254369726997:  Hold'em No Limit ($0.50/$1.00 USD) - 2025/01/14 18:31:59 WET [2025/01/14 13:31:59 ET]
Table 'Echepolos III' 6-max Seat #6 is the button
Seat 1: EAroca ($107.39 in chips) 
Seat 2: Joe_Li7 ($102.92 in chips) 
Seat 3: HAPPYpoker11 ($18.32 in chips) 
Seat 4: Evelexy1 ($126.05 in chips) 
Seat 5: MaikonAll ($119.02 in chips) 
Seat 6: coons69 ($34.16 in chips) 
EAroca: posts small blind $0.50
Joe_Li7: posts big blind $1
*** HOLE CARDS ***
HAPPYpoker11: folds 
Evelexy1: raises $1 to $2
MaikonAll: folds 
coons69: calls $2
EAroca: folds 
Joe_Li7: folds 
*** FLOP *** [Qc 2h 4s]
Evelexy1: checks 
coons69: checks 
*** TURN *** [Qc 2h 4s] [4d]
Evelexy1: checks 
coons69: checks 
*** RIVER *** [Qc 2h 4s 4d] [6d]
Evelexy1: checks 
coons69: bets $2.61
Evelexy1: folds 
Uncalled bet ($2.61) returned to coons69
coons69 collected $5.22 from pot
*** SUMMARY ***
Total pot $5.50 | Rake $0.28 
Board [Qc 2h 4s 4d 6d]
Seat 1: EAroca (small blind) folded before Flop
Seat 2: Joe_Li7 (big blind) folded before Flop
Seat 3: HAPPYpoker11 folded before Flop (didn't bet)
Seat 4: Evelexy1 folded on the River
Seat 5: MaikonAll folded before Flop (didn't bet)
Seat 6: coons69 (button) collected ($5.22)



PokerStars Hand #254369735450:  Hold'em No Limit ($0.50/$1.00 USD) - 2025/01/14 18:32:27 WET [2025/01/14 13:32:27 ET]
Table 'Echepolos III' 6-max Seat #1 is the button
Seat 1: EAroca ($106.89 in chips) 
Seat 2: Joe_Li7 ($101.92 in chips) 
Seat 3: HAPPYpoker11 ($18.32 in chips) 
Seat 4: Evelexy1 ($124.05 in chips) 
Seat 5: MaikonAll ($119.02 in chips) 
Seat 6: coons69 ($37.38 in chips) 
Joe_Li7: posts small blind $0.50
HAPPYpoker11: posts big blind $1
*** HOLE CARDS ***
Evelexy1: folds 
MaikonAll: folds 
coons69: raises $2 to $3
EAroca: folds 
Joe_Li7: folds 
HAPPYpoker11: calls $2
*** FLOP *** [8s 4s Kc]
HAPPYpoker11: checks 
coons69: checks 
*** TURN *** [8s 4s Kc] [4h]
HAPPYpoker11: bets $3
coons69: calls $3
*** RIVER *** [8s 4s Kc 4h] [7c]
HAPPYpoker11: bets $5
coons69: calls $5
*** SHOW DOWN ***
HAPPYpoker11: shows [Kd Td] (two pair, Kings and Fours)
coons69: mucks hand 
HAPPYpoker11 collected $21.38 from pot
*** SUMMARY ***
Total pot $22.50 | Rake $1.12 
Board [8s 4s Kc 4h 7c]
Seat 1: EAroca (button) folded before Flop (didn't bet)
Seat 2: Joe_Li7 (small blind) folded before Flop
Seat 3: HAPPYpoker11 (big blind) showed [Kd Td] and won ($21.38) with two pair, Kings and Fours
Seat 4: Evelexy1 folded before Flop (didn't bet)
Seat 5: MaikonAll folded before Flop (didn't bet)
Seat 6: coons69 mucked



PokerStars Hand #254369752489:  Hold'em No Limit ($0.50/$1.00 USD) - 2025/01/14 18:33:24 WET [2025/01/14 13:33:24 ET]
Table 'Echepolos III' 6-max Seat #2 is the button
Seat 1: EAroca ($106.89 in chips) 
Seat 2: Joe_Li7 ($101.42 in chips) 
Seat 3: HAPPYpoker11 ($28.70 in chips) 
Seat 4: Evelexy1 ($124.05 in chips) 
Seat 5: MaikonAll ($119.02 in chips) 
Seat 6: coons69 ($26.38 in chips) 
HAPPYpoker11: posts small blind $0.50
Evelexy1: posts big blind $1
*** HOLE CARDS ***
MaikonAll: raises $1.30 to $2.30
coons69: raises $24.08 to $26.38 and is all-in
EAroca: folds 
Joe_Li7: folds 
HAPPYpoker11: folds 
Evelexy1: folds 
MaikonAll: folds 
Uncalled bet ($24.08) returned to coons69
coons69 collected $6.10 from pot
*** SUMMARY ***
Total pot $6.10 | Rake $0 
Seat 1: EAroca folded before Flop (didn't bet)
Seat 2: Joe_Li7 (button) folded before Flop (didn't bet)
Seat 3: HAPPYpoker11 (small blind) folded before Flop
Seat 4: Evelexy1 (big blind) folded before Flop
Seat 5: MaikonAll folded before Flop
Seat 6: coons69 collected ($6.10)



PokerStars Hand #254369757817:  Hold'em No Limit ($0.50/$1.00 USD) - 2025/01/14 18:33:41 WET [2025/01/14 13:33:41 ET]
Table 'Echepolos III' 6-max Seat #3 is the button
Seat 1: EAroca ($106.89 in chips) 
Seat 2: Joe_Li7 ($101.42 in chips) 
Seat 3: HAPPYpoker11 ($28.20 in chips) 
Seat 4: Evelexy1 ($123.05 in chips) 
Seat 5: MaikonAll ($116.72 in chips) 
Seat 6: coons69 ($30.18 in chips) 
Evelexy1: posts small blind $0.50
MaikonAll: posts big blind $1
*** HOLE CARDS ***
coons69: folds 
EAroca: folds 
Joe_Li7: folds 
HAPPYpoker11: raises $2 to $3
Evelexy1: folds 
MaikonAll: folds 
Uncalled bet ($2) returned to HAPPYpoker11
HAPPYpoker11 collected $2.50 from pot
HAPPYpoker11: doesn't show hand 
*** SUMMARY ***
Total pot $2.50 | Rake $0 
Seat 1: EAroca folded before Flop (didn't bet)
Seat 2: Joe_Li7 folded before Flop (didn't bet)
Seat 3: HAPPYpoker11 (button) collected ($2.50)
Seat 4: Evelexy1 (small blind) folded before Flop
Seat 5: MaikonAll (big blind) folded before Flop
Seat 6: coons69 folded before Flop (didn't bet)



PokerStars Hand #254369763904:  Hold'em No Limit ($0.50/$1.00 USD) - 2025/01/14 18:34:01 WET [2025/01/14 13:34:01 ET]
Table 'Echepolos III' 6-max Seat #4 is the button
Seat 1: EAroca ($106.89 in chips) 
Seat 2: Joe_Li7 ($101.42 in chips) 
Seat 3: HAPPYpoker11 ($29.70 in chips) 
Seat 4: Evelexy1 ($122.55 in chips) 
Seat 5: MaikonAll ($115.72 in chips) 
Seat 6: coons69 ($30.18 in chips) 
MaikonAll: posts small blind $0.50
coons69: posts big blind $1
*** HOLE CARDS ***
EAroca: folds 
Joe_Li7: folds 
HAPPYpoker11: folds 
Evelexy1: folds 
MaikonAll: folds 
Uncalled bet ($0.50) returned to coons69
coons69 collected $1 from pot
coons69: doesn't show hand 
*** SUMMARY ***
Total pot $1 | Rake $0 
Seat 1: EAroca folded before Flop (didn't bet)
Seat 2: Joe_Li7 folded before Flop (didn't bet)
Seat 3: HAPPYpoker11 folded before Flop (didn't bet)
Seat 4: Evelexy1 (button) folded before Flop (didn't bet)
Seat 5: MaikonAll (small blind) folded before Flop
Seat 6: coons69 (big blind) collected ($1)



PokerStars Hand #254369767328:  Hold'em No Limit ($0.50/$1.00 USD) - 2025/01/14 18:34:13 WET [2025/01/14 13:34:13 ET]
Table 'Echepolos III' 6-max Seat #5 is the button
Seat 1: EAroca ($106.89 in chips) 
Seat 2: Joe_Li7 ($101.42 in chips) 
Seat 3: HAPPYpoker11 ($29.70 in chips) 
Seat 4: Evelexy1 ($122.55 in chips) 
Seat 5: MaikonAll ($115.22 in chips) 
Seat 6: coons69 ($30.68 in chips) 
coons69: posts small blind $0.50
EAroca: posts big blind $1
*** HOLE CARDS ***
Joe_Li7: folds 
HAPPYpoker11: folds 
Evelexy1: folds 
MaikonAll: raises $1.50 to $2.50
coons69: calls $2
EAroca: calls $1.50
*** FLOP *** [3c 8h 4h]
coons69: checks 
EAroca: checks 
MaikonAll: checks 
*** TURN *** [3c 8h 4h] [Ts]
coons69: checks 
EAroca: checks 
MaikonAll: bets $5.34
coons69: folds 
EAroca: calls $5.34
*** RIVER *** [3c 8h 4h Ts] [8d]
EAroca: checks 
MaikonAll: bets $12.98
EAroca: raises $86.07 to $99.05 and is all-in
MaikonAll: folds 
Uncalled bet ($86.07) returned to EAroca
EAroca collected $41.93 from pot
EAroca: doesn't show hand 
*** SUMMARY ***
Total pot $44.14 | Rake $2.21 
Board [3c 8h 4h Ts 8d]
Seat 1: EAroca (big blind) collected ($41.93)
Seat 2: Joe_Li7 folded before Flop (didn't bet)
Seat 3: HAPPYpoker11 folded before Flop (didn't bet)
Seat 4: Evelexy1 folded before Flop (didn't bet)
Seat 5: MaikonAll (button) folded on the River
Seat 6: coons69 (small blind) folded on the Turn



PokerStars Hand #254369810897:  Hold'em No Limit ($0.50/$1.00 USD) - 2025/01/14 18:36:36 WET [2025/01/14 13:36:36 ET]
Table 'Echepolos III' 6-max Seat #6 is the button
Seat 1: EAroca ($128 in chips) 
Seat 2: Joe_Li7 ($101.42 in chips) 
Seat 3: HAPPYpoker11 ($29.70 in chips) 
Seat 4: Evelexy1 ($122.55 in chips) 
Seat 5: MaikonAll ($100 in chips) 
Seat 6: coons69 ($28.18 in chips) 
EAroca: posts small blind $0.50
Joe_Li7: posts big blind $1
*** HOLE CARDS ***
HAPPYpoker11: folds 
Evelexy1: folds 
MaikonAll: raises $1.30 to $2.30
coons69: calls $2.30
EAroca: raises $11.70 to $14
Joe_Li7: folds 
MaikonAll: folds 
coons69: calls $11.70
*** FLOP *** [9h 9c 4d]
EAroca: checks 
coons69: checks 
*** TURN *** [9h 9c 4d] [Th]
EAroca: checks 
coons69: bets $14.18 and is all-in
EAroca: calls $14.18
*** RIVER *** [9h 9c 4d Th] [4s]
*** SHOW DOWN ***
EAroca: shows [9d Ad] (a full house, Nines full of Fours)
coons69: shows [Qc Jh] (two pair, Nines and Fours)
EAroca collected $57.16 from pot
*** SUMMARY ***
Total pot $59.66 | Rake $2.50 
Board [9h 9c 4d Th 4s]
Seat 1: EAroca (small blind) showed [9d Ad] and won ($57.16) with a full house, Nines full of Fours
Seat 2: Joe_Li7 (big blind) folded before Flop
Seat 3: HAPPYpoker11 folded before Flop (didn't bet)
Seat 4: Evelexy1 folded before Flop (didn't bet)
Seat 5: MaikonAll folded before Flop
Seat 6: coons69 (button) showed [Qc Jh] and lost with two pair, Nines and Fours



PokerStars Hand #254369834428:  Hold'em No Limit ($0.50/$1.00 USD) - 2025/01/14 18:37:54 WET [2025/01/14 13:37:54 ET]
Table 'Echepolos III' 6-max Seat #1 is the button
Seat 6: coons69 ($0 in chips) is sitting out
Seat 1: EAroca ($156.98 in chips) 
Seat 2: Joe_Li7 ($100.42 in chips) 
Seat 3: HAPPYpoker11 ($29.70 in chips) 
Seat 4: Evelexy1 ($122.55 in chips) 
Seat 5: MaikonAll ($100 in chips) 
Joe_Li7: posts small blind $0.50
HAPPYpoker11: posts big blind $1
*** HOLE CARDS ***
coons69 leaves the table
Evelexy1: folds 
MaikonAll: folds 
EAroca: folds 
Joe_Li7: raises $1.50 to $2.50
HAPPYpoker11: calls $1.50
*** FLOP *** [6s 4h 5c]
Yoalfre joins the table at seat #6 
Evelexy1 leaves the table
Joe_Li7: checks 
HAPPYpoker11: bets $3
Joe_Li7: folds 
Uncalled bet ($3) returned to HAPPYpoker11
HAPPYpoker11 collected $4.75 from pot
HAPPYpoker11: doesn't show hand 
*** SUMMARY ***
Total pot $5 | Rake $0.25 
Board [6s 4h 5c]
Seat 6: coons69
Seat 1: EAroca (button) folded before Flop (didn't bet)
Seat 2: Joe_Li7 (small blind) folded on the Flop
Seat 3: HAPPYpoker11 (big blind) collected ($4.75)
Seat 4: Evelexy1 folded before Flop (didn't bet)
Seat 5: MaikonAll folded before Flop (didn't bet)



PokerStars Hand #254369849160:  Hold'em No Limit ($0.50/$1.00 USD) - 2025/01/14 18:38:43 WET [2025/01/14 13:38:43 ET]
Table 'Echepolos III' 6-max Seat #2 is the button
Seat 6: Yoalfre ($100 in chips) is sitting out
Seat 1: EAroca ($156.98 in chips) 
Seat 2: Joe_Li7 ($100 in chips) 
Seat 3: HAPPYpoker11 ($31.95 in chips) 
Seat 5: MaikonAll ($100 in chips) 
HAPPYpoker11: posts small blind $0.50
MaikonAll: posts big blind $1
Yoalfre: sits out 
*** HOLE CARDS ***
EAroca: folds 
Joe_Li7: folds 
HAPPYpoker11: calls $0.50
MaikonAll: checks 
*** FLOP *** [Jd Th 7s]
avstero joins the table at seat #4 
HAPPYpoker11: bets $1
MaikonAll: raises $1.95 to $2.95
HAPPYpoker11: calls $1.95
*** TURN *** [Jd Th 7s] [8s]
HAPPYpoker11: bets $1
MaikonAll: raises $4.75 to $5.75
HAPPYpoker11: folds 
Uncalled bet ($4.75) returned to MaikonAll
MaikonAll collected $9.40 from pot
MaikonAll: doesn't show hand 
*** SUMMARY ***
Total pot $9.90 | Rake $0.50 
Board [Jd Th 7s 8s]
Seat 6: Yoalfre
Seat 1: EAroca folded before Flop (didn't bet)
Seat 2: Joe_Li7 (button) folded before Flop (didn't bet)
Seat 3: HAPPYpoker11 (small blind) folded on the Turn
Seat 5: MaikonAll (big blind) collected ($9.40)



PokerStars Hand #254369866897:  Hold'em No Limit ($0.50/$1.00 USD) - 2025/01/14 18:39:41 WET [2025/01/14 13:39:41 ET]
Table 'Echepolos III' 6-max Seat #3 is the button
Seat 4: avstero ($100 in chips) is sitting out
Seat 1: EAroca ($156.98 in chips) 
Seat 2: Joe_Li7 ($100 in chips) 
Seat 3: HAPPYpoker11 ($27 in chips) 
Seat 5: MaikonAll ($104.45 in chips) 
Seat 6: Yoalfre ($100 in chips) 
MaikonAll: posts small blind $0.50
Yoalfre: posts big blind $1
*** HOLE CARDS ***
EAroca: folds 
Joe_Li7: raises $1.20 to $2.20
HAPPYpoker11: folds 
MaikonAll: folds 
Yoalfre: folds 
Uncalled bet ($1.20) returned to Joe_Li7
Joe_Li7 collected $2.50 from pot
*** SUMMARY ***
Total pot $2.50 | Rake $0 
Seat 4: avstero
Seat 1: EAroca folded before Flop (didn't bet)
Seat 2: Joe_Li7 collected ($2.50)
Seat 3: HAPPYpoker11 (button) folded before Flop (didn't bet)
Seat 5: MaikonAll (small blind) folded before Flop
Seat 6: Yoalfre (big blind) folded before Flop



PokerStars Hand #254369873828:  Hold'em No Limit ($0.50/$1.00 USD) - 2025/01/14 18:40:04 WET [2025/01/14 13:40:04 ET]
Table 'Echepolos III' 6-max Seat #5 is the button
Seat 4: avstero ($100 in chips) is sitting out
Seat 1: EAroca ($156.98 in chips) 
Seat 2: Joe_Li7 ($101.50 in chips) 
Seat 3: HAPPYpoker11 ($27 in chips) 
Seat 5: MaikonAll ($103.95 in chips) 
Seat 6: Yoalfre ($100 in chips) 
Yoalfre: posts small blind $0.50
EAroca: posts big blind $1
avstero: sits out 
*** HOLE CARDS ***
Joe_Li7: folds 
HAPPYpoker11: folds 
MaikonAll: folds 
Yoalfre: folds 
Uncalled bet ($0.50) returned to EAroca
EAroca collected $1 from pot
EAroca: doesn't show hand 
*** SUMMARY ***
Total pot $1 | Rake $0 
Seat 4: avstero
Seat 1: EAroca (big blind) collected ($1)
Seat 2: Joe_Li7 folded before Flop (didn't bet)
Seat 3: HAPPYpoker11 folded before Flop (didn't bet)
Seat 5: MaikonAll (button) folded before Flop (didn't bet)
Seat 6: Yoalfre (small blind) folded before Flop



PokerStars Hand #254369878016:  Hold'em No Limit ($0.50/$1.00 USD) - 2025/01/14 18:40:18 WET [2025/01/14 13:40:18 ET]
Table 'Echepolos III' 6-max Seat #6 is the button
Seat 2: Joe_Li7 ($101.50 in chips) is sitting out
Seat 4: avstero ($100 in chips) is sitting out
Seat 1: EAroca ($157.48 in chips) 
Seat 3: HAPPYpoker11 ($27 in chips) 
Seat 5: MaikonAll ($103.95 in chips) 
Seat 6: Yoalfre ($100 in chips) 
EAroca: posts small blind $0.50
Joe_Li7: is sitting out 
HAPPYpoker11: posts big blind $1
avstero: sits out 
*** HOLE CARDS ***
MaikonAll: folds 
Yoalfre: raises $1.50 to $2.50
EAroca: folds 
HAPPYpoker11: calls $1.50
*** FLOP *** [Ts 5h Ks]
HAPPYpoker11: checks 
Joe_Li7 leaves the table
Yoalfre: bets $2.61
HAPPYpoker11: calls $2.61
*** TURN *** [Ts 5h Ks] [Kc]
HAPPYpoker11: checks 
Rdalonso joins the table at seat #2 
Yoalfre: bets $5.09
HAPPYpoker11: calls $5.09
*** RIVER *** [Ts 5h Ks Kc] [4s]
HAPPYpoker11: checks 
Yoalfre: checks 
*** SHOW DOWN ***
HAPPYpoker11: shows [9d Th] (two pair, Kings and Tens)
Yoalfre: mucks hand 
HAPPYpoker11 collected $19.90 from pot
*** SUMMARY ***
Total pot $20.90 | Rake $1 
Board [Ts 5h Ks Kc 4s]
Seat 2: Joe_Li7
Seat 4: avstero
Seat 1: EAroca (small blind) folded before Flop
Seat 3: HAPPYpoker11 (big blind) showed [9d Th] and won ($19.90) with two pair, Kings and Tens
Seat 5: MaikonAll folded before Flop (didn't bet)
Seat 6: Yoalfre (button) mucked



PokerStars Hand #254369895019:  Hold'em No Limit ($0.50/$1.00 USD) - 2025/01/14 18:41:15 WET [2025/01/14 13:41:15 ET]
Table 'Echepolos III' 6-max Seat #1 is the button
Seat 2: Rdalonso ($100 in chips) is sitting out
Seat 1: EAroca ($156.98 in chips) 
Seat 3: HAPPYpoker11 ($36.70 in chips) 
Seat 4: avstero ($100 in chips) 
Seat 5: MaikonAll ($103.95 in chips) 
Seat 6: Yoalfre ($100 in chips) 
HAPPYpoker11: posts small blind $0.50
avstero: posts big blind $1
*** HOLE CARDS ***
MaikonAll: folds 
Yoalfre: raises $1.50 to $2.50
EAroca: folds 
HAPPYpoker11: folds 
avstero: folds 
Uncalled bet ($1.50) returned to Yoalfre
Yoalfre collected $2.50 from pot
Yoalfre: doesn't show hand 
*** SUMMARY ***
Total pot $2.50 | Rake $0 
Seat 2: Rdalonso
Seat 1: EAroca (button) folded before Flop (didn't bet)
Seat 3: HAPPYpoker11 (small blind) folded before Flop
Seat 4: avstero (big blind) folded before Flop
Seat 5: MaikonAll folded before Flop (didn't bet)
Seat 6: Yoalfre collected ($2.50)



PokerStars Hand #254369901021:  Hold'em No Limit ($0.50/$1.00 USD) - 2025/01/14 18:41:34 WET [2025/01/14 13:41:34 ET]
Table 'Echepolos III' 6-max Seat #3 is the button
Seat 2: Rdalonso ($100 in chips) is sitting out
Seat 1: EAroca ($156.98 in chips) 
Seat 3: HAPPYpoker11 ($36.20 in chips) 
Seat 4: avstero ($99 in chips) 
Seat 5: MaikonAll ($103.95 in chips) 
Seat 6: Yoalfre ($101.50 in chips) 
avstero: posts small blind $0.50
MaikonAll: posts big blind $1
Rdalonso: sits out 
*** HOLE CARDS ***
Yoalfre: folds 
EAroca: folds 
HAPPYpoker11: folds 
avstero: raises $1.80 to $2.80
MaikonAll: calls $1.80
*** FLOP *** [Js Kd 9s]
avstero: checks 
MaikonAll: checks 
*** TURN *** [Js Kd 9s] [7c]
avstero: checks 
MaikonAll: bets $1.33
avstero: calls $1.33
*** RIVER *** [Js Kd 9s 7c] [Qs]
avstero: checks 
MaikonAll: checks 
*** SHOW DOWN ***
avstero: shows [9h As] (a pair of Nines)
MaikonAll: shows [8c Kc] (a pair of Kings)
MaikonAll collected $7.85 from pot
*** SUMMARY ***
Total pot $8.26 | Rake $0.41 
Board [Js Kd 9s 7c Qs]
Seat 2: Rdalonso
Seat 1: EAroca folded before Flop (didn't bet)
Seat 3: HAPPYpoker11 (button) folded before Flop (didn't bet)
Seat 4: avstero (small blind) showed [9h As] and lost with a pair of Nines
Seat 5: MaikonAll (big blind) showed [8c Kc] and won ($7.85) with a pair of Kings
Seat 6: Yoalfre folded before Flop (didn't bet)



PokerStars Hand #254369933032:  Hold'em No Limit ($0.50/$1.00 USD) - 2025/01/14 18:43:21 WET [2025/01/14 13:43:21 ET]
Table 'Echepolos III' 6-max Seat #4 is the button
Seat 2: Rdalonso ($100 in chips) is sitting out
Seat 1: EAroca ($156.98 in chips) 
Seat 3: HAPPYpoker11 ($36.20 in chips) 
Seat 4: avstero ($100 in chips) 
Seat 5: MaikonAll ($107.67 in chips) 
Seat 6: Yoalfre ($101.50 in chips) 
MaikonAll: posts small blind $0.50
Yoalfre: posts big blind $1
Rdalonso: sits out 
*** HOLE CARDS ***
EAroca: folds 
HAPPYpoker11: folds 
avstero: folds 
MaikonAll: folds 
Uncalled bet ($0.50) returned to Yoalfre
Yoalfre collected $1 from pot
Yoalfre: doesn't show hand 
*** SUMMARY ***
Total pot $1 | Rake $0 
Seat 2: Rdalonso
Seat 1: EAroca folded before Flop (didn't bet)
Seat 3: HAPPYpoker11 folded before Flop (didn't bet)
Seat 4: avstero (button) folded before Flop (didn't bet)
Seat 5: MaikonAll (small blind) folded before Flop
Seat 6: Yoalfre (big blind) collected ($1)



PokerStars Hand #254369940724:  Hold'em No Limit ($0.50/$1.00 USD) - 2025/01/14 18:43:46 WET [2025/01/14 13:43:46 ET]
Table 'Echepolos III' 6-max Seat #5 is the button
Seat 2: Rdalonso ($100 in chips) is sitting out
Seat 1: EAroca ($156.98 in chips) 
Seat 3: HAPPYpoker11 ($36.20 in chips) 
Seat 4: avstero ($100 in chips) 
Seat 5: MaikonAll ($107.17 in chips) 
Seat 6: Yoalfre ($102 in chips) 
Yoalfre: posts small blind $0.50
EAroca: posts big blind $1
Rdalonso: sits out 
*** HOLE CARDS ***
HAPPYpoker11: folds 
avstero: raises $1.20 to $2.20
MaikonAll: folds 
Yoalfre: raises $8.30 to $10.50
EAroca: folds 
avstero: folds 
Uncalled bet ($8.30) returned to Yoalfre
Yoalfre collected $5.40 from pot
Yoalfre: doesn't show hand 
*** SUMMARY ***
Total pot $5.40 | Rake $0 
Seat 2: Rdalonso
Seat 1: EAroca (big blind) folded before Flop
Seat 3: HAPPYpoker11 folded before Flop (didn't bet)
Seat 4: avstero folded before Flop
Seat 5: MaikonAll (button) folded before Flop (didn't bet)
Seat 6: Yoalfre (small blind) collected ($5.40)



PokerStars Hand #254369949280:  Hold'em No Limit ($0.50/$1.00 USD) - 2025/01/14 18:44:15 WET [2025/01/14 13:44:15 ET]
Table 'Echepolos III' 6-max Seat #6 is the button
Seat 1: EAroca ($155.98 in chips) 
Seat 2: Rdalonso ($100 in chips) 
Seat 3: HAPPYpoker11 ($36.20 in chips) 
Seat 4: avstero ($100 in chips) 
Seat 5: MaikonAll ($107.17 in chips) 
Seat 6: Yoalfre ($105.20 in chips) 
EAroca: posts small blind $0.50
Rdalonso: posts big blind $1
*** HOLE CARDS ***
HAPPYpoker11: folds 
avstero: folds 
MaikonAll: folds 
Yoalfre: folds 
EAroca: raises $2 to $3
Rdalonso: calls $2
*** FLOP *** [3c 3s Kd]
EAroca: checks 
Rdalonso: checks 
*** TURN *** [3c 3s Kd] [6c]
EAroca: checks 
Rdalonso: bets $3.76
EAroca: folds 
Uncalled bet ($3.76) returned to Rdalonso
Rdalonso collected $5.70 from pot
Rdalonso: doesn't show hand 
*** SUMMARY ***
Total pot $6 | Rake $0.30 
Board [3c 3s Kd 6c]
Seat 1: EAroca (small blind) folded on the Turn
Seat 2: Rdalonso (big blind) collected ($5.70)
Seat 3: HAPPYpoker11 folded before Flop (didn't bet)
Seat 4: avstero folded before Flop (didn't bet)
Seat 5: MaikonAll folded before Flop (didn't bet)
Seat 6: Yoalfre (button) folded before Flop (didn't bet)



PokerStars Hand #254369973803:  Hold'em No Limit ($0.50/$1.00 USD) - 2025/01/14 18:45:36 WET [2025/01/14 13:45:36 ET]
Table 'Echepolos III' 6-max Seat #1 is the button
Seat 1: EAroca ($152.98 in chips) 
Seat 2: Rdalonso ($102.70 in chips) 
Seat 3: HAPPYpoker11 ($36.20 in chips) 
Seat 4: avstero ($100 in chips) 
Seat 5: MaikonAll ($107.17 in chips) 
Seat 6: Yoalfre ($105.20 in chips) 
Rdalonso: posts small blind $0.50
HAPPYpoker11: posts big blind $1
*** HOLE CARDS ***
avstero: raises $1.20 to $2.20
MaikonAll: folds 
Yoalfre: folds 
EAroca: folds 
Rdalonso: raises $8.80 to $11
HAPPYpoker11: folds 
avstero: calls $8.80
*** FLOP *** [Jc Kd 5s]
Rdalonso: bets $7.21
avstero: folds 
Uncalled bet ($7.21) returned to Rdalonso
Rdalonso collected $21.85 from pot
Rdalonso: doesn't show hand 
*** SUMMARY ***
Total pot $23 | Rake $1.15 
Board [Jc Kd 5s]
Seat 1: EAroca (button) folded before Flop (didn't bet)
Seat 2: Rdalonso (small blind) collected ($21.85)
Seat 3: HAPPYpoker11 (big blind) folded before Flop
Seat 4: avstero folded on the Flop
Seat 5: MaikonAll folded before Flop (didn't bet)
Seat 6: Yoalfre folded before Flop (didn't bet)



PokerStars Hand #254369996269:  Hold'em No Limit ($0.50/$1.00 USD) - 2025/01/14 18:46:51 WET [2025/01/14 13:46:51 ET]
Table 'Echepolos III' 6-max Seat #2 is the button
Seat 1: EAroca ($152.98 in chips) 
Seat 2: Rdalonso ($113.55 in chips) 
Seat 3: HAPPYpoker11 ($35.20 in chips) 
Seat 4: avstero ($100 in chips) 
Seat 5: MaikonAll ($107.17 in chips) 
Seat 6: Yoalfre ($105.20 in chips) 
HAPPYpoker11: posts small blind $0.50
avstero: posts big blind $1
*** HOLE CARDS ***
MaikonAll: folds 
Yoalfre: raises $1.50 to $2.50
EAroca: folds 
Rdalonso: folds 
HAPPYpoker11: calls $2
avstero: folds 
*** FLOP *** [Ad Qc 2d]
HAPPYpoker11: checks 
Yoalfre: checks 
*** TURN *** [Ad Qc 2d] [6s]
HAPPYpoker11: bets $1
Yoalfre: raises $3.54 to $4.54
HAPPYpoker11: folds 
Uncalled bet ($3.54) returned to Yoalfre
Yoalfre collected $7.60 from pot
Yoalfre: doesn't show hand 
*** SUMMARY ***
Total pot $8 | Rake $0.40 
Board [Ad Qc 2d 6s]
Seat 1: EAroca folded before Flop (didn't bet)
Seat 2: Rdalonso (button) folded before Flop (didn't bet)
Seat 3: HAPPYpoker11 (small blind) folded on the Turn
Seat 4: avstero (big blind) folded before Flop
Seat 5: MaikonAll folded before Flop (didn't bet)
Seat 6: Yoalfre collected ($7.60)



PokerStars Hand #254370014792:  Hold'em No Limit ($0.50/$1.00 USD) - 2025/01/14 18:47:54 WET [2025/01/14 13:47:54 ET]
Table 'Echepolos III' 6-max Seat #3 is the button
Seat 1: EAroca ($152.98 in chips) 
Seat 2: Rdalonso ($113.55 in chips) 
Seat 3: HAPPYpoker11 ($31.70 in chips) 
Seat 4: avstero ($99 in chips) 
Seat 5: MaikonAll ($107.17 in chips) 
Seat 6: Yoalfre ($109.30 in chips) 
avstero: posts small blind $0.50
MaikonAll: posts big blind $1
*** HOLE CARDS ***
Yoalfre: folds 
EAroca: folds 
Rdalonso: folds 
HAPPYpoker11: folds 
avstero: raises $1.80 to $2.80
MaikonAll: folds 
Uncalled bet ($1.80) returned to avstero
avstero collected $2 from pot
avstero: doesn't show hand 
*** SUMMARY ***
Total pot $2 | Rake $0 
Seat 1: EAroca folded before Flop (didn't bet)
Seat 2: Rdalonso folded before Flop (didn't bet)
Seat 3: HAPPYpoker11 (button) folded before Flop (didn't bet)
Seat 4: avstero (small blind) collected ($2)
Seat 5: MaikonAll (big blind) folded before Flop
Seat 6: Yoalfre folded before Flop (didn't bet)



PokerStars Hand #254370021340:  Hold'em No Limit ($0.50/$1.00 USD) - 2025/01/14 18:48:15 WET [2025/01/14 13:48:15 ET]
Table 'Echepolos III' 6-max Seat #4 is the button
Seat 1: EAroca ($152.98 in chips) 
Seat 2: Rdalonso ($113.55 in chips) 
Seat 3: HAPPYpoker11 ($31.70 in chips) 
Seat 4: avstero ($100 in chips) 
Seat 5: MaikonAll ($106.17 in chips) 
Seat 6: Yoalfre ($109.30 in chips) 
MaikonAll: posts small blind $0.50
Yoalfre: posts big blind $1
*** HOLE CARDS ***
EAroca: raises $1 to $2
Rdalonso: folds 
HAPPYpoker11: folds 
avstero: folds 
MaikonAll: folds 
Yoalfre: calls $1
*** FLOP *** [5h 9h Kh]
Yoalfre: checks 
EAroca: bets $1.41
Yoalfre: folds 
Uncalled bet ($1.41) returned to EAroca
EAroca collected $4.28 from pot
EAroca: doesn't show hand 
*** SUMMARY ***
Total pot $4.50 | Rake $0.22 
Board [5h 9h Kh]
Seat 1: EAroca collected ($4.28)
Seat 2: Rdalonso folded before Flop (didn't bet)
Seat 3: HAPPYpoker11 folded before Flop (didn't bet)
Seat 4: avstero (button) folded before Flop (didn't bet)
Seat 5: MaikonAll (small blind) folded before Flop
Seat 6: Yoalfre (big blind) folded on the Flop



PokerStars Hand #254370033418:  Hold'em No Limit ($0.50/$1.00 USD) - 2025/01/14 18:48:56 WET [2025/01/14 13:48:56 ET]
Table 'Echepolos III' 6-max Seat #5 is the button
Seat 1: EAroca ($155.26 in chips) 
Seat 2: Rdalonso ($113.55 in chips) 
Seat 3: HAPPYpoker11 ($31.70 in chips) 
Seat 4: avstero ($100 in chips) 
Seat 5: MaikonAll ($105.67 in chips) 
Seat 6: Yoalfre ($107.30 in chips) 
Yoalfre: posts small blind $0.50
EAroca: posts big blind $1
*** HOLE CARDS ***
Rdalonso: folds 
HAPPYpoker11: folds 
avstero: folds 
MaikonAll: raises $1.50 to $2.50
Yoalfre: folds 
EAroca: folds 
Uncalled bet ($1.50) returned to MaikonAll
MaikonAll collected $2.50 from pot
MaikonAll: doesn't show hand 
*** SUMMARY ***
Total pot $2.50 | Rake $0 
Seat 1: EAroca (big blind) folded before Flop
Seat 2: Rdalonso folded before Flop (didn't bet)
Seat 3: HAPPYpoker11 folded before Flop (didn't bet)
Seat 4: avstero folded before Flop (didn't bet)
Seat 5: MaikonAll (button) collected ($2.50)
Seat 6: Yoalfre (small blind) folded before Flop



PokerStars Hand #254370040152:  Hold'em No Limit ($0.50/$1.00 USD) - 2025/01/14 18:49:19 WET [2025/01/14 13:49:19 ET]
Table 'Echepolos III' 6-max Seat #6 is the button
Seat 1: EAroca ($154.26 in chips) 
Seat 2: Rdalonso ($113.55 in chips) 
Seat 3: HAPPYpoker11 ($31.70 in chips) 
Seat 4: avstero ($100 in chips) 
Seat 5: MaikonAll ($107.17 in chips) 
Seat 6: Yoalfre ($106.80 in chips) 
EAroca: posts small blind $0.50
Rdalonso: posts big blind $1
*** HOLE CARDS ***
HAPPYpoker11: folds 
avstero: folds 
MaikonAll: raises $1.30 to $2.30
Yoalfre: folds 
EAroca: folds 
Rdalonso: calls $1.30
*** FLOP *** [8d Th 3d]
Rdalonso: checks 
MaikonAll: bets $3.63
Rdalonso: calls $3.63
*** TURN *** [8d Th 3d] [Jh]
Rdalonso: checks 
MaikonAll: bets $8.78
Rdalonso: folds 
Uncalled bet ($8.78) returned to MaikonAll
MaikonAll collected $11.74 from pot
MaikonAll: doesn't show hand 
*** SUMMARY ***
Total pot $12.36 | Rake $0.62 
Board [8d Th 3d Jh]
Seat 1: EAroca (small blind) folded before Flop
Seat 2: Rdalonso (big blind) folded on the Turn
Seat 3: HAPPYpoker11 folded before Flop (didn't bet)
Seat 4: avstero folded before Flop (didn't bet)
Seat 5: MaikonAll collected ($11.74)
Seat 6: Yoalfre (button) folded before Flop (didn't bet)



PokerStars Hand #254370063527:  Hold'em No Limit ($0.50/$1.00 USD) - 2025/01/14 18:50:37 WET [2025/01/14 13:50:37 ET]
Table 'Echepolos III' 6-max Seat #1 is the button
Seat 1: EAroca ($153.76 in chips) 
Seat 2: Rdalonso ($107.62 in chips) 
Seat 3: HAPPYpoker11 ($31.70 in chips) 
Seat 4: avstero ($100 in chips) 
Seat 5: MaikonAll ($112.98 in chips) 
Seat 6: Yoalfre ($106.80 in chips) 
Rdalonso: posts small blind $0.50
HAPPYpoker11: posts big blind $1
*** HOLE CARDS ***
avstero: folds 
MaikonAll: raises $1.30 to $2.30
Yoalfre: folds 
EAroca: folds 
Rdalonso: folds 
HAPPYpoker11: folds 
Uncalled bet ($1.30) returned to MaikonAll
MaikonAll collected $2.50 from pot
MaikonAll: doesn't show hand 
*** SUMMARY ***
Total pot $2.50 | Rake $0 
Seat 1: EAroca (button) folded before Flop (didn't bet)
Seat 2: Rdalonso (small blind) folded before Flop
Seat 3: HAPPYpoker11 (big blind) folded before Flop
Seat 4: avstero folded before Flop (didn't bet)
Seat 5: MaikonAll collected ($2.50)
Seat 6: Yoalfre folded before Flop (didn't bet)



PokerStars Hand #254370073102:  Hold'em No Limit ($0.50/$1.00 USD) - 2025/01/14 18:51:10 WET [2025/01/14 13:51:10 ET]
Table 'Echepolos III' 6-max Seat #2 is the button
Seat 1: EAroca ($153.76 in chips) 
Seat 2: Rdalonso ($107.12 in chips) 
Seat 3: HAPPYpoker11 ($30.70 in chips) 
Seat 4: avstero ($100 in chips) 
Seat 5: MaikonAll ($114.48 in chips) 
Seat 6: Yoalfre ($106.80 in chips) 
HAPPYpoker11: posts small blind $0.50
avstero: posts big blind $1
*** HOLE CARDS ***
MaikonAll: folds 
Yoalfre: folds 
EAroca: folds 
Rdalonso: raises $1.50 to $2.50
HAPPYpoker11: folds 
avstero: folds 
Uncalled bet ($1.50) returned to Rdalonso
Rdalonso collected $2.50 from pot
Rdalonso: doesn't show hand 
*** SUMMARY ***
Total pot $2.50 | Rake $0 
Seat 1: EAroca folded before Flop (didn't bet)
Seat 2: Rdalonso (button) collected ($2.50)
Seat 3: HAPPYpoker11 (small blind) folded before Flop
Seat 4: avstero (big blind) folded before Flop
Seat 5: MaikonAll folded before Flop (didn't bet)
Seat 6: Yoalfre folded before Flop (didn't bet)



PokerStars Hand #254370077017:  Hold'em No Limit ($0.50/$1.00 USD) - 2025/01/14 18:51:23 WET [2025/01/14 13:51:23 ET]
Table 'Echepolos III' 6-max Seat #3 is the button
Seat 1: EAroca ($153.76 in chips) 
Seat 2: Rdalonso ($108.62 in chips) 
Seat 3: HAPPYpoker11 ($30.20 in chips) 
Seat 4: avstero ($99 in chips) 
Seat 5: MaikonAll ($114.48 in chips) 
Seat 6: Yoalfre ($106.80 in chips) 
avstero: posts small blind $0.50
MaikonAll: posts big blind $1
*** HOLE CARDS ***
Yoalfre: folds 
EAroca: raises $1.10 to $2.10
Rdalonso: folds 
HAPPYpoker11: folds 
avstero: folds 
MaikonAll: calls $1.10
*** FLOP *** [8c Th 2c]
MaikonAll: checks 
EAroca: checks 
*** TURN *** [8c Th 2c] [Ac]
MaikonAll: checks 
EAroca: bets $1.12
MaikonAll: folds 
Uncalled bet ($1.12) returned to EAroca
MaikonAll leaves the table
EAroca collected $4.46 from pot
EAroca: doesn't show hand 
*** SUMMARY ***
Total pot $4.70 | Rake $0.24 
Board [8c Th 2c Ac]
Seat 1: EAroca collected ($4.46)
Seat 2: Rdalonso folded before Flop (didn't bet)
Seat 3: HAPPYpoker11 (button) folded before Flop (didn't bet)
Seat 4: avstero (small blind) folded before Flop
Seat 5: MaikonAll (big blind) folded on the Turn
Seat 6: Yoalfre folded before Flop (didn't bet)



PokerStars Hand #254370104688:  Hold'em No Limit ($0.50/$1.00 USD) - 2025/01/14 18:52:57 WET [2025/01/14 13:52:57 ET]
Table 'Echepolos III' 6-max Seat #4 is the button
Seat 1: EAroca ($156.12 in chips) 
Seat 2: Rdalonso ($108.62 in chips) 
Seat 3: HAPPYpoker11 ($30.20 in chips) 
Seat 4: avstero ($100 in chips) 
Seat 6: Yoalfre ($106.80 in chips) 
Yoalfre: posts small blind $0.50
EAroca: posts big blind $1
*** HOLE CARDS ***
BoyLoc0 joins the table at seat #5 
Rdalonso: raises $1.50 to $2.50
HAPPYpoker11: folds 
avstero: folds 
Yoalfre: folds 
EAroca: folds 
Uncalled bet ($1.50) returned to Rdalonso
Rdalonso collected $2.50 from pot
Rdalonso: doesn't show hand 
*** SUMMARY ***
Total pot $2.50 | Rake $0 
Seat 1: EAroca (big blind) folded before Flop
Seat 2: Rdalonso collected ($2.50)
Seat 3: HAPPYpoker11 folded before Flop (didn't bet)
Seat 4: avstero (button) folded before Flop (didn't bet)
Seat 6: Yoalfre (small blind) folded before Flop



PokerStars Hand #254370111051:  Hold'em No Limit ($0.50/$1.00 USD) - 2025/01/14 18:53:18 WET [2025/01/14 13:53:18 ET]
Table 'Echepolos III' 6-max Seat #6 is the button
Seat 5: BoyLoc0 ($103.75 in chips) is sitting out
Seat 1: EAroca ($155.12 in chips) 
Seat 2: Rdalonso ($110.12 in chips) 
Seat 3: HAPPYpoker11 ($30.20 in chips) 
Seat 4: avstero ($100 in chips) 
Seat 6: Yoalfre ($106.30 in chips) 
EAroca: posts small blind $0.50
Rdalonso: posts big blind $1
BoyLoc0: sits out 
*** HOLE CARDS ***
HAPPYpoker11: folds 
avstero: folds 
Yoalfre: raises $1.50 to $2.50
EAroca: raises $8.50 to $11
Rdalonso: folds 
Yoalfre: folds 
Uncalled bet ($8.50) returned to EAroca
EAroca collected $6 from pot
EAroca: doesn't show hand 
*** SUMMARY ***
Total pot $6 | Rake $0 
Seat 5: BoyLoc0
Seat 1: EAroca (small blind) collected ($6)
Seat 2: Rdalonso (big blind) folded before Flop
Seat 3: HAPPYpoker11 folded before Flop (didn't bet)
Seat 4: avstero folded before Flop (didn't bet)
Seat 6: Yoalfre (button) folded before Flop



PokerStars Hand #254370120895:  Hold'em No Limit ($0.50/$1.00 USD) - 2025/01/14 18:53:52 WET [2025/01/14 13:53:52 ET]
Table 'Echepolos III' 6-max Seat #1 is the button
Seat 5: BoyLoc0 ($103.75 in chips) is sitting out
Seat 1: EAroca ($158.62 in chips) 
Seat 2: Rdalonso ($109.12 in chips) 
Seat 3: HAPPYpoker11 ($30.20 in chips) 
Seat 4: avstero ($100 in chips) 
Seat 6: Yoalfre ($103.80 in chips) 
Rdalonso: posts small blind $0.50
HAPPYpoker11: posts big blind $1
BoyLoc0: sits out 
*** HOLE CARDS ***
avstero: folds 
Yoalfre: folds 
EAroca: folds 
Rdalonso: folds 
Uncalled bet ($0.50) returned to HAPPYpoker11
HAPPYpoker11 collected $1 from pot
HAPPYpoker11: doesn't show hand 
*** SUMMARY ***
Total pot $1 | Rake $0 
Seat 5: BoyLoc0
Seat 1: EAroca (button) folded before Flop (didn't bet)
Seat 2: Rdalonso (small blind) folded before Flop
Seat 3: HAPPYpoker11 (big blind) collected ($1)
Seat 4: avstero folded before Flop (didn't bet)
Seat 6: Yoalfre folded before Flop (didn't bet)



PokerStars Hand #254370126225:  Hold'em No Limit ($0.50/$1.00 USD) - 2025/01/14 18:54:10 WET [2025/01/14 13:54:10 ET]
Table 'Echepolos III' 6-max Seat #2 is the button
Seat 4: avstero ($100 in chips) is sitting out
Seat 1: EAroca ($158.62 in chips) 
Seat 2: Rdalonso ($108.62 in chips) 
Seat 3: HAPPYpoker11 ($30.70 in chips) 
Seat 5: BoyLoc0 ($103.75 in chips) 
Seat 6: Yoalfre ($103.80 in chips) 
HAPPYpoker11: posts small blind $0.50
avstero: is sitting out 
BoyLoc0: posts big blind $1
*** HOLE CARDS ***
Yoalfre: folds 
EAroca: folds 
Rdalonso: folds 
HAPPYpoker11: folds 
Uncalled bet ($0.50) returned to BoyLoc0
BoyLoc0 collected $1 from pot
BoyLoc0: doesn't show hand 
avstero leaves the table
*** SUMMARY ***
Total pot $1 | Rake $0 
Seat 4: avstero
Seat 1: EAroca folded before Flop (didn't bet)
Seat 2: Rdalonso (button) folded before Flop (didn't bet)
Seat 3: HAPPYpoker11 (small blind) folded before Flop
Seat 5: BoyLoc0 (big blind) collected ($1)
Seat 6: Yoalfre folded before Flop (didn't bet)



PokerStars Hand #254370128929:  Hold'em No Limit ($0.50/$1.00 USD) - 2025/01/14 18:54:20 WET [2025/01/14 13:54:20 ET]
Table 'Echepolos III' 6-max Seat #3 is the button
Seat 1: EAroca ($158.62 in chips) 
Seat 2: Rdalonso ($108.62 in chips) 
Seat 3: HAPPYpoker11 ($30.20 in chips) 
Seat 5: BoyLoc0 ($104.25 in chips) 
Seat 6: Yoalfre ($103.80 in chips) 
BoyLoc0: posts small blind $0.50
Yoalfre: posts big blind $1
*** HOLE CARDS ***
EAroca: folds 
Rdalonso: raises $1.50 to $2.50
HAPPYpoker11: folds 
BoyLoc0: folds 
Nicedaymybro joins the table at seat #4 
Yoalfre: raises $8.50 to $11
Rdalonso: folds 
Uncalled bet ($8.50) returned to Yoalfre
Yoalfre collected $5.50 from pot
Yoalfre: doesn't show hand 
*** SUMMARY ***
Total pot $5.50 | Rake $0 
Seat 1: EAroca folded before Flop (didn't bet)
Seat 2: Rdalonso folded before Flop
Seat 3: HAPPYpoker11 (button) folded before Flop (didn't bet)
Seat 5: BoyLoc0 (small blind) folded before Flop
Seat 6: Yoalfre (big blind) collected ($5.50)



PokerStars Hand #254370138752:  Hold'em No Limit ($0.50/$1.00 USD) - 2025/01/14 18:54:53 WET [2025/01/14 13:54:53 ET]
Table 'Echepolos III' 6-max Seat #5 is the button
Seat 4: Nicedaymybro ($100 in chips) is sitting out
Seat 1: EAroca ($158.62 in chips) 
Seat 2: Rdalonso ($106.12 in chips) 
Seat 3: HAPPYpoker11 ($30.20 in chips) 
Seat 5: BoyLoc0 ($103.75 in chips) 
Seat 6: Yoalfre ($106.80 in chips) 
Yoalfre: posts small blind $0.50
EAroca: posts big blind $1
Nicedaymybro: sits out 
*** HOLE CARDS ***
Rdalonso: folds 
HAPPYpoker11: folds 
BoyLoc0: folds 
Yoalfre: raises $2 to $3
EAroca: folds 
Uncalled bet ($2) returned to Yoalfre
Yoalfre collected $2 from pot
Yoalfre: doesn't show hand 
*** SUMMARY ***
Total pot $2 | Rake $0 
Seat 4: Nicedaymybro
Seat 1: EAroca (big blind) folded before Flop
Seat 2: Rdalonso folded before Flop (didn't bet)
Seat 3: HAPPYpoker11 folded before Flop (didn't bet)
Seat 5: BoyLoc0 (button) folded before Flop (didn't bet)
Seat 6: Yoalfre (small blind) collected ($2)



PokerStars Hand #254370144487:  Hold'em No Limit ($0.50/$1.00 USD) - 2025/01/14 18:55:13 WET [2025/01/14 13:55:13 ET]
Table 'Echepolos III' 6-max Seat #6 is the button
Seat 2: Rdalonso ($106.12 in chips) is sitting out
Seat 4: Nicedaymybro ($100 in chips) is sitting out
Seat 1: EAroca ($157.62 in chips) 
Seat 3: HAPPYpoker11 ($30.20 in chips) 
Seat 5: BoyLoc0 ($103.75 in chips) 
Seat 6: Yoalfre ($107.80 in chips) 
EAroca: posts small blind $0.50
Rdalonso: is sitting out 
HAPPYpoker11: posts big blind $1
Nicedaymybro: sits out 
*** HOLE CARDS ***
BoyLoc0: folds 
Yoalfre: folds 
Rdalonso leaves the table
EAroca: folds 
Uncalled bet ($0.50) returned to HAPPYpoker11
HAPPYpoker11 collected $1 from pot
HAPPYpoker11: doesn't show hand 
*** SUMMARY ***
Total pot $1 | Rake $0 
Seat 2: Rdalonso
Seat 4: Nicedaymybro
Seat 1: EAroca (small blind) folded before Flop
Seat 3: HAPPYpoker11 (big blind) collected ($1)
Seat 5: BoyLoc0 folded before Flop (didn't bet)
Seat 6: Yoalfre (button) folded before Flop (didn't bet)



PokerStars Hand #254370147849:  Hold'em No Limit ($0.50/$1.00 USD) - 2025/01/14 18:55:29 WET [2025/01/14 13:55:29 ET]
Table 'Echepolos III' 6-max Seat #1 is the button
Seat 1: EAroca ($157.12 in chips) 
Seat 3: HAPPYpoker11 ($30.70 in chips) 
Seat 4: Nicedaymybro ($100 in chips) 
Seat 5: BoyLoc0 ($103.75 in chips) 
Seat 6: Yoalfre ($107.80 in chips) 
HAPPYpoker11: posts small blind $0.50
Nicedaymybro: posts big blind $1
*** HOLE CARDS ***
BoyLoc0: folds 
Yoalfre: folds 
BoyLoc0 leaves the table
EAroca: raises $1.50 to $2.50
nastja336 joins the table at seat #5 
HAPPYpoker11: folds 
Nicedaymybro: folds 
Uncalled bet ($1.50) returned to EAroca
EAroca collected $2.50 from pot
EAroca: doesn't show hand 
*** SUMMARY ***
Total pot $2.50 | Rake $0 
Seat 1: EAroca (button) collected ($2.50)
Seat 3: HAPPYpoker11 (small blind) folded before Flop
Seat 4: Nicedaymybro (big blind) folded before Flop
Seat 5: BoyLoc0 folded before Flop (didn't bet)
Seat 6: Yoalfre folded before Flop (didn't bet)



PokerStars Hand #254370154507:  Hold'em No Limit ($0.50/$1.00 USD) - 2025/01/14 18:56:02 WET [2025/01/14 13:56:02 ET]
Table 'Echepolos III' 6-max Seat #3 is the button
Seat 1: EAroca ($158.62 in chips) 
Seat 3: HAPPYpoker11 ($30.20 in chips) 
Seat 4: Nicedaymybro ($100 in chips) 
Seat 5: nastja336 ($101 in chips) 
Seat 6: Yoalfre ($107.80 in chips) 
Nicedaymybro: posts small blind $0.50
nastja336: posts big blind $1
*** HOLE CARDS ***
Yoalfre: folds 
Nazareno1999 joins the table at seat #2 
EAroca: folds 
HAPPYpoker11: folds 
Nicedaymybro: folds 
Uncalled bet ($0.50) returned to nastja336
nastja336 collected $1 from pot
nastja336: doesn't show hand 
*** SUMMARY ***
Total pot $1 | Rake $0 
Seat 1: EAroca folded before Flop (didn't bet)
Seat 3: HAPPYpoker11 (button) folded before Flop (didn't bet)
Seat 4: Nicedaymybro (small blind) folded before Flop
Seat 5: nastja336 (big blind) collected ($1)
Seat 6: Yoalfre folded before Flop (didn't bet)



PokerStars Hand #254370157204:  Hold'em No Limit ($0.50/$1.00 USD) - 2025/01/14 18:56:15 WET [2025/01/14 13:56:15 ET]
Table 'Echepolos III' 6-max Seat #4 is the button
Seat 2: Nazareno1999 ($100 in chips) is sitting out
Seat 6: Yoalfre ($107.80 in chips) is sitting out
Seat 1: EAroca ($158.62 in chips) 
Seat 3: HAPPYpoker11 ($30.20 in chips) 
Seat 4: Nicedaymybro ($100 in chips) 
Seat 5: nastja336 ($101.50 in chips) 
nastja336: posts small blind $0.50
Yoalfre: is sitting out 
EAroca: posts big blind $1
Nazareno1999: sits out 
*** HOLE CARDS ***
HAPPYpoker11: calls $1
Nicedaymybro: folds 
nastja336: raises $4 to $5
EAroca: folds 
HAPPYpoker11: folds 
Uncalled bet ($4) returned to nastja336
nastja336 collected $3 from pot
nastja336: doesn't show hand 
*** SUMMARY ***
Total pot $3 | Rake $0 
Seat 2: Nazareno1999
Seat 6: Yoalfre
Seat 1: EAroca (big blind) folded before Flop
Seat 3: HAPPYpoker11 folded before Flop
Seat 4: Nicedaymybro (button) folded before Flop (didn't bet)
Seat 5: nastja336 (small blind) collected ($3)



PokerStars Hand #254370163746:  Hold'em No Limit ($0.50/$1.00 USD) - 2025/01/14 18:56:47 WET [2025/01/14 13:56:47 ET]
Table 'Echepolos III' 6-max Seat #5 is the button
Seat 1: EAroca ($157.62 in chips) 
Seat 2: Nazareno1999 ($100 in chips) 
Seat 3: HAPPYpoker11 ($29.20 in chips) 
Seat 4: Nicedaymybro ($100 in chips) 
Seat 5: nastja336 ($103.50 in chips) 
EAroca: posts small blind $0.50
Yoalfre leaves the table
Nazareno1999: posts big blind $1
*** HOLE CARDS ***
HAPPYpoker11: folds 
Nicedaymybro: folds 
nastja336: folds 
EAroca: folds 
Uncalled bet ($0.50) returned to Nazareno1999
Nazareno1999 collected $1 from pot
Nazareno1999: doesn't show hand 
*** SUMMARY ***
Total pot $1 | Rake $0 
Seat 1: EAroca (small blind) folded before Flop
Seat 2: Nazareno1999 (big blind) collected ($1)
Seat 3: HAPPYpoker11 folded before Flop (didn't bet)
Seat 4: Nicedaymybro folded before Flop (didn't bet)
Seat 5: nastja336 (button) folded before Flop (didn't bet)



PokerStars Hand #254370166709:  Hold'em No Limit ($0.50/$1.00 USD) - 2025/01/14 18:57:01 WET [2025/01/14 13:57:01 ET]
Table 'Echepolos III' 6-max Seat #1 is the button
Seat 1: EAroca ($157.12 in chips) 
Seat 2: Nazareno1999 ($100.50 in chips) 
Seat 3: HAPPYpoker11 ($29.20 in chips) 
Seat 4: Nicedaymybro ($100 in chips) 
Seat 5: nastja336 ($103.50 in chips) 
Nazareno1999: posts small blind $0.50
HAPPYpoker11: posts big blind $1
*** HOLE CARDS ***
chirva007 joins the table at seat #6 
Nicedaymybro: raises $1.50 to $2.50
nastja336: folds 
EAroca: folds 
Nazareno1999: folds 
HAPPYpoker11: calls $1.50
*** FLOP *** [7s 7h 3c]
HAPPYpoker11: checks 
Nicedaymybro: bets $2.09
HAPPYpoker11: folds 
Uncalled bet ($2.09) returned to Nicedaymybro
Nicedaymybro collected $5.22 from pot
Nicedaymybro: doesn't show hand 
*** SUMMARY ***
Total pot $5.50 | Rake $0.28 
Board [7s 7h 3c]
Seat 1: EAroca (button) folded before Flop (didn't bet)
Seat 2: Nazareno1999 (small blind) folded before Flop
Seat 3: HAPPYpoker11 (big blind) folded on the Flop
Seat 4: Nicedaymybro collected ($5.22)
Seat 5: nastja336 folded before Flop (didn't bet)



PokerStars Hand #254370171625:  Hold'em No Limit ($0.50/$1.00 USD) - 2025/01/14 18:57:24 WET [2025/01/14 13:57:24 ET]
Table 'Echepolos III' 6-max Seat #2 is the button
Seat 6: chirva007 ($100 in chips) is sitting out
Seat 1: EAroca ($157.12 in chips) 
Seat 2: Nazareno1999 ($100 in chips) 
Seat 3: HAPPYpoker11 ($26.70 in chips) 
Seat 4: Nicedaymybro ($102.72 in chips) 
Seat 5: nastja336 ($103.50 in chips) 
HAPPYpoker11: posts small blind $0.50
Nicedaymybro: posts big blind $1
chirva007: sits out 
*** HOLE CARDS ***
nastja336: folds 
EAroca: folds 
Nazareno1999: folds 
HAPPYpoker11: raises $2 to $3
Nicedaymybro: folds 
Uncalled bet ($2) returned to HAPPYpoker11
HAPPYpoker11 collected $2 from pot
HAPPYpoker11: doesn't show hand 
*** SUMMARY ***
Total pot $2 | Rake $0 
Seat 6: chirva007
Seat 1: EAroca folded before Flop (didn't bet)
Seat 2: Nazareno1999 (button) folded before Flop (didn't bet)
Seat 3: HAPPYpoker11 (small blind) collected ($2)
Seat 4: Nicedaymybro (big blind) folded before Flop
Seat 5: nastja336 folded before Flop (didn't bet)



PokerStars Hand #254370175865:  Hold'em No Limit ($0.50/$1.00 USD) - 2025/01/14 18:57:44 WET [2025/01/14 13:57:44 ET]
Table 'Echepolos III' 6-max Seat #3 is the button
Seat 5: nastja336 ($103.50 in chips) is sitting out
Seat 1: EAroca ($157.12 in chips) 
Seat 2: Nazareno1999 ($100 in chips) 
Seat 3: HAPPYpoker11 ($27.70 in chips) 
Seat 4: Nicedaymybro ($101.72 in chips) 
Seat 6: chirva007 ($100 in chips) 
Nicedaymybro: posts small blind $0.50
nastja336: is sitting out 
chirva007: posts big blind $1
*** HOLE CARDS ***
nastja336 leaves the table
poker_soul11 joins the table at seat #5 
EAroca: folds 
Nazareno1999: folds 
HAPPYpoker11: folds 
Nicedaymybro: raises $2 to $3
chirva007: folds 
Uncalled bet ($2) returned to Nicedaymybro
Nicedaymybro collected $2 from pot
Nicedaymybro: doesn't show hand 
*** SUMMARY ***
Total pot $2 | Rake $0 
Seat 5: nastja336
Seat 1: EAroca folded before Flop (didn't bet)
Seat 2: Nazareno1999 folded before Flop (didn't bet)
Seat 3: HAPPYpoker11 (button) folded before Flop (didn't bet)
Seat 4: Nicedaymybro (small blind) collected ($2)
Seat 6: chirva007 (big blind) folded before Flop



PokerStars Hand #254370180317:  Hold'em No Limit ($0.50/$1.00 USD) - 2025/01/14 18:58:06 WET [2025/01/14 13:58:06 ET]
Table 'Echepolos III' 6-max Seat #4 is the button
Seat 5: poker_soul11 ($100 in chips) is sitting out
Seat 1: EAroca ($157.12 in chips) 
Seat 2: Nazareno1999 ($100 in chips) 
Seat 3: HAPPYpoker11 ($27.70 in chips) 
Seat 4: Nicedaymybro ($102.72 in chips) 
Seat 6: chirva007 ($100 in chips) 
chirva007: posts small blind $0.50
EAroca: posts big blind $1
*** HOLE CARDS ***
Nazareno1999: folds 
HAPPYpoker11: folds 
Nicedaymybro: folds 
chirva007: raises $1.50 to $2.50
EAroca: raises $5.50 to $8
chirva007: folds 
Uncalled bet ($5.50) returned to EAroca
EAroca collected $5 from pot
EAroca: doesn't show hand 
*** SUMMARY ***
Total pot $5 | Rake $0 
Seat 5: poker_soul11
Seat 1: EAroca (big blind) collected ($5)
Seat 2: Nazareno1999 folded before Flop (didn't bet)
Seat 3: HAPPYpoker11 folded before Flop (didn't bet)
Seat 4: Nicedaymybro (button) folded before Flop (didn't bet)
Seat 6: chirva007 (small blind) folded before Flop



PokerStars Hand #254370184498:  Hold'em No Limit ($0.50/$1.00 USD) - 2025/01/14 18:58:26 WET [2025/01/14 13:58:26 ET]
Table 'Echepolos III' 6-max Seat #6 is the button
Seat 5: poker_soul11 ($100 in chips) is sitting out
Seat 1: EAroca ($159.62 in chips) 
Seat 2: Nazareno1999 ($100 in chips) 
Seat 3: HAPPYpoker11 ($27.70 in chips) 
Seat 4: Nicedaymybro ($102.72 in chips) 
Seat 6: chirva007 ($100 in chips) 
EAroca: posts small blind $0.50
Nazareno1999: posts big blind $1
poker_soul11: sits out 
*** HOLE CARDS ***
HAPPYpoker11: folds 
Nicedaymybro: raises $1.50 to $2.50
chirva007: folds 
EAroca: folds 
Nazareno1999: folds 
Uncalled bet ($1.50) returned to Nicedaymybro
Nicedaymybro collected $2.50 from pot
Nicedaymybro: doesn't show hand 
*** SUMMARY ***
Total pot $2.50 | Rake $0 
Seat 5: poker_soul11
Seat 1: EAroca (small blind) folded before Flop
Seat 2: Nazareno1999 (big blind) folded before Flop
Seat 3: HAPPYpoker11 folded before Flop (didn't bet)
Seat 4: Nicedaymybro collected ($2.50)
Seat 6: chirva007 (button) folded before Flop (didn't bet)



PokerStars Hand #254370187368:  Hold'em No Limit ($0.50/$1.00 USD) - 2025/01/14 18:58:40 WET [2025/01/14 13:58:40 ET]
Table 'Echepolos III' 6-max Seat #1 is the button
Seat 5: poker_soul11 ($100 in chips) is sitting out
Seat 1: EAroca ($159.12 in chips) 
Seat 2: Nazareno1999 ($100 in chips) 
Seat 3: HAPPYpoker11 ($27.70 in chips) 
Seat 4: Nicedaymybro ($104.22 in chips) 
Seat 6: chirva007 ($100 in chips) 
Nazareno1999: posts small blind $0.50
HAPPYpoker11: posts big blind $1
poker_soul11: sits out 
*** HOLE CARDS ***
Nicedaymybro: raises $1.50 to $2.50
chirva007: folds 
EAroca: folds 
Nazareno1999: raises $8 to $10.50
HAPPYpoker11: folds 
Nicedaymybro: folds 
Uncalled bet ($8) returned to Nazareno1999
Nazareno1999 collected $6 from pot
Nazareno1999: doesn't show hand 
*** SUMMARY ***
Total pot $6 | Rake $0 
Seat 5: poker_soul11
Seat 1: EAroca (button) folded before Flop (didn't bet)
Seat 2: Nazareno1999 (small blind) collected ($6)
Seat 3: HAPPYpoker11 (big blind) folded before Flop
Seat 4: Nicedaymybro folded before Flop
Seat 6: chirva007 folded before Flop (didn't bet)



PokerStars Hand #254370191117:  Hold'em No Limit ($0.50/$1.00 USD) - 2025/01/14 18:58:59 WET [2025/01/14 13:58:59 ET]
Table 'Echepolos III' 6-max Seat #2 is the button
Seat 5: poker_soul11 ($100 in chips) is sitting out
Seat 1: EAroca ($159.12 in chips) 
Seat 2: Nazareno1999 ($103.50 in chips) 
Seat 3: HAPPYpoker11 ($26.70 in chips) 
Seat 4: Nicedaymybro ($101.72 in chips) 
Seat 6: chirva007 ($100 in chips) 
HAPPYpoker11: posts small blind $0.50
Nicedaymybro: posts big blind $1
poker_soul11: sits out 
*** HOLE CARDS ***
chirva007: folds 
EAroca: raises $1 to $2
Nazareno1999: folds 
HAPPYpoker11: folds 
Nicedaymybro: folds 
Uncalled bet ($1) returned to EAroca
EAroca collected $2.50 from pot
EAroca: doesn't show hand 
*** SUMMARY ***
Total pot $2.50 | Rake $0 
Seat 5: poker_soul11
Seat 1: EAroca collected ($2.50)
Seat 2: Nazareno1999 (button) folded before Flop (didn't bet)
Seat 3: HAPPYpoker11 (small blind) folded before Flop
Seat 4: Nicedaymybro (big blind) folded before Flop
Seat 6: chirva007 folded before Flop (didn't bet)



PokerStars Hand #254370195974:  Hold'em No Limit ($0.50/$1.00 USD) - 2025/01/14 18:59:23 WET [2025/01/14 13:59:23 ET]
Table 'Echepolos III' 6-max Seat #3 is the button
Seat 1: EAroca ($160.62 in chips) 
Seat 2: Nazareno1999 ($103.50 in chips) 
Seat 3: HAPPYpoker11 ($26.20 in chips) 
Seat 4: Nicedaymybro ($100.72 in chips) 
Seat 5: poker_soul11 ($100 in chips) 
Seat 6: chirva007 ($100 in chips) 
Nicedaymybro: posts small blind $0.50
poker_soul11: posts big blind $1
*** HOLE CARDS ***
chirva007: folds 
EAroca: folds 
Nazareno1999: folds 
HAPPYpoker11: calls $1
Nicedaymybro: folds 
poker_soul11: checks 
*** FLOP *** [7s Qh 2c]
poker_soul11: checks 
HAPPYpoker11: checks 
*** TURN *** [7s Qh 2c] [7c]
poker_soul11: bets $1.19
HAPPYpoker11: calls $1.19
*** RIVER *** [7s Qh 2c 7c] [9s]
poker_soul11: bets $2.32
HAPPYpoker11: calls $2.32
*** SHOW DOWN ***
poker_soul11: shows [2h 9c] (two pair, Nines and Sevens)
HAPPYpoker11: shows [Js Qs] (two pair, Queens and Sevens)
HAPPYpoker11 collected $9.04 from pot
*** SUMMARY ***
Total pot $9.52 | Rake $0.48 
Board [7s Qh 2c 7c 9s]
Seat 1: EAroca folded before Flop (didn't bet)
Seat 2: Nazareno1999 folded before Flop (didn't bet)
Seat 3: HAPPYpoker11 (button) showed [Js Qs] and won ($9.04) with two pair, Queens and Sevens
Seat 4: Nicedaymybro (small blind) folded before Flop
Seat 5: poker_soul11 (big blind) showed [2h 9c] and lost with two pair, Nines and Sevens
Seat 6: chirva007 folded before Flop (didn't bet)



PokerStars Hand #254370206340:  Hold'em No Limit ($0.50/$1.00 USD) - 2025/01/14 19:00:12 WET [2025/01/14 14:00:12 ET]
Table 'Echepolos III' 6-max Seat #4 is the button
Seat 1: EAroca ($160.62 in chips) 
Seat 2: Nazareno1999 ($103.50 in chips) 
Seat 3: HAPPYpoker11 ($30.73 in chips) 
Seat 4: Nicedaymybro ($100.22 in chips) 
Seat 5: poker_soul11 ($100 in chips) 
Seat 6: chirva007 ($100 in chips) 
poker_soul11: posts small blind $0.50
chirva007: posts big blind $1
*** HOLE CARDS ***
EAroca: folds 
Nazareno1999: folds 
HAPPYpoker11: folds 
Nicedaymybro: folds 
poker_soul11: folds 
Uncalled bet ($0.50) returned to chirva007
chirva007 collected $1 from pot
chirva007: doesn't show hand 
*** SUMMARY ***
Total pot $1 | Rake $0 
Seat 1: EAroca folded before Flop (didn't bet)
Seat 2: Nazareno1999 folded before Flop (didn't bet)
Seat 3: HAPPYpoker11 folded before Flop (didn't bet)
Seat 4: Nicedaymybro (button) folded before Flop (didn't bet)
Seat 5: poker_soul11 (small blind) folded before Flop
Seat 6: chirva007 (big blind) collected ($1)



PokerStars Hand #254370209235:  Hold'em No Limit ($0.50/$1.00 USD) - 2025/01/14 19:00:25 WET [2025/01/14 14:00:25 ET]
Table 'Echepolos III' 6-max Seat #5 is the button
Seat 1: EAroca ($160.62 in chips) 
Seat 2: Nazareno1999 ($103.50 in chips) 
Seat 3: HAPPYpoker11 ($30.73 in chips) 
Seat 4: Nicedaymybro ($100.22 in chips) 
Seat 5: poker_soul11 ($100 in chips) 
Seat 6: chirva007 ($100.50 in chips) 
chirva007: posts small blind $0.50
EAroca: posts big blind $1
*** HOLE CARDS ***
Nazareno1999: folds 
HAPPYpoker11: folds 
Nicedaymybro: raises $1.50 to $2.50
poker_soul11: raises $5 to $7.50
chirva007: folds 
EAroca: folds 
Nicedaymybro: calls $5
*** FLOP *** [Th 6d Jc]
Nicedaymybro: checks 
poker_soul11: bets $5.17
Nicedaymybro: calls $5.17
*** TURN *** [Th 6d Jc] [8h]
Nicedaymybro: checks 
poker_soul11: checks 
*** RIVER *** [Th 6d Jc 8h] [9d]
Nicedaymybro: checks 
poker_soul11: bets $19.13
Nicedaymybro: folds 
Uncalled bet ($19.13) returned to poker_soul11
poker_soul11 collected $25.50 from pot
poker_soul11: doesn't show hand 
*** SUMMARY ***
Total pot $26.84 | Rake $1.34 
Board [Th 6d Jc 8h 9d]
Seat 1: EAroca (big blind) folded before Flop
Seat 2: Nazareno1999 folded before Flop (didn't bet)
Seat 3: HAPPYpoker11 folded before Flop (didn't bet)
Seat 4: Nicedaymybro folded on the River
Seat 5: poker_soul11 (button) collected ($25.50)
Seat 6: chirva007 (small blind) folded before Flop



PokerStars Hand #254370227082:  Hold'em No Limit ($0.50/$1.00 USD) - 2025/01/14 19:01:40 WET [2025/01/14 14:01:40 ET]
Table 'Echepolos III' 6-max Seat #6 is the button
Seat 1: EAroca ($159.62 in chips) 
Seat 2: Nazareno1999 ($103.50 in chips) 
Seat 3: HAPPYpoker11 ($30.73 in chips) 
Seat 4: Nicedaymybro ($100 in chips) 
Seat 5: poker_soul11 ($112.83 in chips) 
Seat 6: chirva007 ($100 in chips) 
EAroca: posts small blind $0.50
Nazareno1999: posts big blind $1
*** HOLE CARDS ***
HAPPYpoker11: folds 
Nicedaymybro: folds 
poker_soul11: folds 
chirva007: folds 
EAroca: folds 
Uncalled bet ($0.50) returned to Nazareno1999
Nazareno1999 collected $1 from pot
Nazareno1999: doesn't show hand 
*** SUMMARY ***
Total pot $1 | Rake $0 
Seat 1: EAroca (small blind) folded before Flop
Seat 2: Nazareno1999 (big blind) collected ($1)
Seat 3: HAPPYpoker11 folded before Flop (didn't bet)
Seat 4: Nicedaymybro folded before Flop (didn't bet)
Seat 5: poker_soul11 folded before Flop (didn't bet)
Seat 6: chirva007 (button) folded before Flop (didn't bet)



PokerStars Hand #254370230606:  Hold'em No Limit ($0.50/$1.00 USD) - 2025/01/14 19:01:53 WET [2025/01/14 14:01:53 ET]
Table 'Echepolos III' 6-max Seat #1 is the button
Seat 1: EAroca ($159.12 in chips) 
Seat 2: Nazareno1999 ($104 in chips) 
Seat 3: HAPPYpoker11 ($30.73 in chips) 
Seat 4: Nicedaymybro ($100 in chips) 
Seat 5: poker_soul11 ($112.83 in chips) 
Seat 6: chirva007 ($100 in chips) 
Nazareno1999: posts small blind $0.50
HAPPYpoker11: posts big blind $1
*** HOLE CARDS ***
Nicedaymybro: folds 
poker_soul11: folds 
chirva007: folds 
EAroca: folds 
Nazareno1999: folds 
Uncalled bet ($0.50) returned to HAPPYpoker11
HAPPYpoker11 collected $1 from pot
HAPPYpoker11: doesn't show hand 
*** SUMMARY ***
Total pot $1 | Rake $0 
Seat 1: EAroca (button) folded before Flop (didn't bet)
Seat 2: Nazareno1999 (small blind) folded before Flop
Seat 3: HAPPYpoker11 (big blind) collected ($1)
Seat 4: Nicedaymybro folded before Flop (didn't bet)
Seat 5: poker_soul11 folded before Flop (didn't bet)
Seat 6: chirva007 folded before Flop (didn't bet)



PokerStars Hand #254370234321:  Hold'em No Limit ($0.50/$1.00 USD) - 2025/01/14 19:02:06 WET [2025/01/14 14:02:06 ET]
Table 'Echepolos III' 6-max Seat #2 is the button
Seat 1: EAroca ($159.12 in chips) 
Seat 2: Nazareno1999 ($103.50 in chips) 
Seat 3: HAPPYpoker11 ($31.23 in chips) 
Seat 4: Nicedaymybro ($100 in chips) 
Seat 5: poker_soul11 ($112.83 in chips) 
Seat 6: chirva007 ($100 in chips) 
HAPPYpoker11: posts small blind $0.50
Nicedaymybro: posts big blind $1
*** HOLE CARDS ***
poker_soul11: folds 
chirva007: folds 
EAroca: folds 
Nazareno1999: folds 
HAPPYpoker11: folds 
Uncalled bet ($0.50) returned to Nicedaymybro
Nicedaymybro collected $1 from pot
Nicedaymybro: doesn't show hand 
*** SUMMARY ***
Total pot $1 | Rake $0 
Seat 1: EAroca folded before Flop (didn't bet)
Seat 2: Nazareno1999 (button) folded before Flop (didn't bet)
Seat 3: HAPPYpoker11 (small blind) folded before Flop
Seat 4: Nicedaymybro (big blind) collected ($1)
Seat 5: poker_soul11 folded before Flop (didn't bet)
Seat 6: chirva007 folded before Flop (didn't bet)



PokerStars Hand #254370242398:  Hold'em No Limit ($0.50/$1.00 USD) - 2025/01/14 19:02:35 WET [2025/01/14 14:02:35 ET]
Table 'Echepolos III' 6-max Seat #3 is the button
Seat 1: EAroca ($159.12 in chips) 
Seat 2: Nazareno1999 ($103.50 in chips) 
Seat 3: HAPPYpoker11 ($30.73 in chips) 
Seat 4: Nicedaymybro ($100.50 in chips) 
Seat 5: poker_soul11 ($112.83 in chips) 
Seat 6: chirva007 ($100 in chips) 
Nicedaymybro: posts small blind $0.50
poker_soul11: posts big blind $1
*** HOLE CARDS ***
chirva007: folds 
EAroca: folds 
Nazareno1999: folds 
HAPPYpoker11: folds 
Nicedaymybro: folds 
Uncalled bet ($0.50) returned to poker_soul11
poker_soul11 collected $1 from pot
poker_soul11: doesn't show hand 
*** SUMMARY ***
Total pot $1 | Rake $0 
Seat 1: EAroca folded before Flop (didn't bet)
Seat 2: Nazareno1999 folded before Flop (didn't bet)
Seat 3: HAPPYpoker11 (button) folded before Flop (didn't bet)
Seat 4: Nicedaymybro (small blind) folded before Flop
Seat 5: poker_soul11 (big blind) collected ($1)
Seat 6: chirva007 folded before Flop (didn't bet)



PokerStars Hand #254370244824:  Hold'em No Limit ($0.50/$1.00 USD) - 2025/01/14 19:02:43 WET [2025/01/14 14:02:43 ET]
Table 'Echepolos III' 6-max Seat #4 is the button
Seat 1: EAroca ($159.12 in chips) is sitting out
Seat 6: chirva007 ($100 in chips) is sitting out
Seat 2: Nazareno1999 ($103.50 in chips) 
Seat 3: HAPPYpoker11 ($30.73 in chips) 
Seat 4: Nicedaymybro ($100 in chips) 
Seat 5: poker_soul11 ($113.33 in chips) 
poker_soul11: posts small blind $0.50
chirva007: is sitting out 
EAroca: is sitting out 
Nazareno1999: posts big blind $1
*** HOLE CARDS ***
chirva007 leaves the table
HAPPYpoker11: calls $1
Nicedaymybro: folds 
poker_soul11: folds 
Nazareno1999: checks 
*** FLOP *** [Qh Qd Ah]
Nazareno1999: checks 
HAPPYpoker11: bets $1
Nazareno1999: folds 
Uncalled bet ($1) returned to HAPPYpoker11
vadjkeee joins the table at seat #6 
HAPPYpoker11 collected $2.38 from pot
HAPPYpoker11: doesn't show hand 
*** SUMMARY ***
Total pot $2.50 | Rake $0.12 
Board [Qh Qd Ah]
Seat 1: EAroca
Seat 6: chirva007
Seat 2: Nazareno1999 (big blind) folded on the Flop
Seat 3: HAPPYpoker11 collected ($2.38)
Seat 4: Nicedaymybro (button) folded before Flop (didn't bet)
Seat 5: poker_soul11 (small blind) folded before Flop



PokerStars Hand #254370259720:  Hold'em No Limit ($0.50/$1.00 USD) - 2025/01/14 19:03:35 WET [2025/01/14 14:03:35 ET]
Table 'Echepolos III' 6-max Seat #5 is the button
Seat 1: EAroca ($159.12 in chips) is sitting out
Seat 6: vadjkeee ($135.81 in chips) is sitting out
Seat 2: Nazareno1999 ($102.50 in chips) 
Seat 3: HAPPYpoker11 ($32.11 in chips) 
Seat 4: Nicedaymybro ($100 in chips) 
Seat 5: poker_soul11 ($112.83 in chips) 
Nazareno1999: posts small blind $0.50
HAPPYpoker11: posts big blind $1
*** HOLE CARDS ***
Nicedaymybro: folds 
poker_soul11: folds 
Nazareno1999: raises $1.50 to $2.50
HAPPYpoker11: calls $1.50
*** FLOP *** [3h Js Qh]
Nazareno1999: bets $1.57
HAPPYpoker11: calls $1.57
*** TURN *** [3h Js Qh] [Qd]
Nazareno1999: checks 
HAPPYpoker11: checks 
*** RIVER *** [3h Js Qh Qd] [Td]
Nazareno1999: bets $11.60
HAPPYpoker11: folds 
Uncalled bet ($11.60) returned to Nazareno1999
Nazareno1999 collected $7.73 from pot
Nazareno1999: doesn't show hand 
*** SUMMARY ***
Total pot $8.14 | Rake $0.41 
Board [3h Js Qh Qd Td]
Seat 1: EAroca
Seat 6: vadjkeee
Seat 2: Nazareno1999 (small blind) collected ($7.73)
Seat 3: HAPPYpoker11 (big blind) folded on the River
Seat 4: Nicedaymybro folded before Flop (didn't bet)
Seat 5: poker_soul11 (button) folded before Flop (didn't bet)



PokerStars Hand #254370270537:  Hold'em No Limit ($0.50/$1.00 USD) - 2025/01/14 19:04:12 WET [2025/01/14 14:04:12 ET]
Table 'Echepolos III' 6-max Seat #2 is the button
Seat 1: EAroca ($159.12 in chips) is sitting out
Seat 6: vadjkeee ($135.81 in chips) is sitting out
Seat 2: Nazareno1999 ($106.16 in chips) 
Seat 3: HAPPYpoker11 ($28.04 in chips) 
Seat 4: Nicedaymybro ($100 in chips) 
Seat 5: poker_soul11 ($112.83 in chips) 
HAPPYpoker11: posts small blind $0.50
Nicedaymybro: posts big blind $1
vadjkeee: sits out 
*** HOLE CARDS ***
poker_soul11: raises $1.20 to $2.20
Nazareno1999: folds 
HAPPYpoker11: folds 
Nicedaymybro: folds 
Uncalled bet ($1.20) returned to poker_soul11
poker_soul11 collected $2.50 from pot
poker_soul11: doesn't show hand 
*** SUMMARY ***
Total pot $2.50 | Rake $0 
Seat 1: EAroca
Seat 6: vadjkeee
Seat 2: Nazareno1999 (button) folded before Flop (didn't bet)
Seat 3: HAPPYpoker11 (small blind) folded before Flop
Seat 4: Nicedaymybro (big blind) folded before Flop
Seat 5: poker_soul11 collected ($2.50)



PokerStars Hand #254370278362:  Hold'em No Limit ($0.50/$1.00 USD) - 2025/01/14 19:04:38 WET [2025/01/14 14:04:38 ET]
Table 'Echepolos III' 6-max Seat #3 is the button
Seat 1: EAroca ($159.12 in chips) is sitting out
Seat 6: vadjkeee ($135.81 in chips) is sitting out
Seat 2: Nazareno1999 ($106.16 in chips) 
Seat 3: HAPPYpoker11 ($27.54 in chips) 
Seat 4: Nicedaymybro ($100 in chips) 
Seat 5: poker_soul11 ($114.33 in chips) 
Nicedaymybro: posts small blind $0.50
poker_soul11: posts big blind $1
vadjkeee: sits out 
*** HOLE CARDS ***
Nazareno1999: folds 
HAPPYpoker11: folds 
Nicedaymybro: folds 
Uncalled bet ($0.50) returned to poker_soul11
poker_soul11 collected $1 from pot
poker_soul11: doesn't show hand 
*** SUMMARY ***
Total pot $1 | Rake $0 
Seat 1: EAroca
Seat 6: vadjkeee
Seat 2: Nazareno1999 folded before Flop (didn't bet)
Seat 3: HAPPYpoker11 (button) folded before Flop (didn't bet)
Seat 4: Nicedaymybro (small blind) folded before Flop
Seat 5: poker_soul11 (big blind) collected ($1)



PokerStars Hand #254370280781:  Hold'em No Limit ($0.50/$1.00 USD) - 2025/01/14 19:04:46 WET [2025/01/14 14:04:46 ET]
Table 'Echepolos III' 6-max Seat #4 is the button
Seat 1: EAroca ($159.12 in chips) is sitting out
Seat 2: Nazareno1999 ($106.16 in chips) 
Seat 3: HAPPYpoker11 ($27.54 in chips) 
Seat 4: Nicedaymybro ($100 in chips) 
Seat 5: poker_soul11 ($114.83 in chips) 
Seat 6: vadjkeee ($135.81 in chips) 
poker_soul11: posts small blind $0.50
vadjkeee: posts big blind $1
*** HOLE CARDS ***
Nazareno1999: folds 
HAPPYpoker11: folds 
Nicedaymybro: folds 
poker_soul11: folds 
Uncalled bet ($0.50) returned to vadjkeee
vadjkeee collected $1 from pot
vadjkeee: doesn't show hand 
*** SUMMARY ***
Total pot $1 | Rake $0 
Seat 1: EAroca
Seat 2: Nazareno1999 folded before Flop (didn't bet)
Seat 3: HAPPYpoker11 folded before Flop (didn't bet)
Seat 4: Nicedaymybro (button) folded before Flop (didn't bet)
Seat 5: poker_soul11 (small blind) folded before Flop
Seat 6: vadjkeee (big blind) collected ($1)



PokerStars Hand #254370283725:  Hold'em No Limit ($0.50/$1.00 USD) - 2025/01/14 19:04:56 WET [2025/01/14 14:04:56 ET]
Table 'Echepolos III' 6-max Seat #5 is the button
Seat 1: EAroca ($159.12 in chips) is sitting out
Seat 2: Nazareno1999 ($106.16 in chips) 
Seat 3: HAPPYpoker11 ($27.54 in chips) 
Seat 4: Nicedaymybro ($100 in chips) 
Seat 5: poker_soul11 ($114.33 in chips) 
Seat 6: vadjkeee ($136.31 in chips) 
vadjkeee: posts small blind $0.50
Nazareno1999: posts big blind $1
*** HOLE CARDS ***
HAPPYpoker11: folds 
Nicedaymybro: raises $1.50 to $2.50
poker_soul11: folds 
vadjkeee: folds 
Nazareno1999: calls $1.50
*** FLOP *** [9s 2s Kd]
Nazareno1999: checks 
Nicedaymybro: checks 
*** TURN *** [9s 2s Kd] [Qs]
Nazareno1999: checks 
Nicedaymybro: bets $3.92
Nazareno1999: folds 
Uncalled bet ($3.92) returned to Nicedaymybro
Nicedaymybro collected $5.22 from pot
Nicedaymybro: doesn't show hand 
*** SUMMARY ***
Total pot $5.50 | Rake $0.28 
Board [9s 2s Kd Qs]
Seat 1: EAroca
Seat 2: Nazareno1999 (big blind) folded on the Turn
Seat 3: HAPPYpoker11 folded before Flop (didn't bet)
Seat 4: Nicedaymybro collected ($5.22)
Seat 5: poker_soul11 (button) folded before Flop (didn't bet)
Seat 6: vadjkeee (small blind) folded before Flop



PokerStars Hand #254370292453:  Hold'em No Limit ($0.50/$1.00 USD) - 2025/01/14 19:05:24 WET [2025/01/14 14:05:24 ET]
Table 'Echepolos III' 6-max Seat #6 is the button
Seat 1: EAroca ($159.12 in chips) is sitting out
Seat 2: Nazareno1999 ($103.66 in chips) 
Seat 3: HAPPYpoker11 ($27.54 in chips) 
Seat 4: Nicedaymybro ($102.72 in chips) 
Seat 5: poker_soul11 ($114.33 in chips) 
Seat 6: vadjkeee ($135.81 in chips) 
Nazareno1999: posts small blind $0.50
HAPPYpoker11: posts big blind $1
*** HOLE CARDS ***
Nicedaymybro: folds 
poker_soul11: raises $1.20 to $2.20
vadjkeee: folds 
Nazareno1999: folds 
EAroca leaves the table
HAPPYpoker11: folds 
Uncalled bet ($1.20) returned to poker_soul11
poker_soul11 collected $2.50 from pot
poker_soul11: doesn't show hand 
*** SUMMARY ***
Total pot $2.50 | Rake $0 
Seat 1: EAroca
Seat 2: Nazareno1999 (small blind) folded before Flop
Seat 3: HAPPYpoker11 (big blind) folded before Flop
Seat 4: Nicedaymybro folded before Flop (didn't bet)
Seat 5: poker_soul11 collected ($2.50)
Seat 6: vadjkeee (button) folded before Flop (didn't bet)



PokerStars Hand #254370297014:  Hold'em No Limit ($0.50/$1.00 USD) - 2025/01/14 19:05:40 WET [2025/01/14 14:05:40 ET]
Table 'Echepolos III' 6-max Seat #2 is the button
Seat 2: Nazareno1999 ($103.16 in chips) 
Seat 3: HAPPYpoker11 ($26.54 in chips) 
Seat 4: Nicedaymybro ($102.72 in chips) 
Seat 5: poker_soul11 ($115.83 in chips) 
Seat 6: vadjkeee ($135.81 in chips) 
HAPPYpoker11: posts small blind $0.50
Nicedaymybro: posts big blind $1
*** HOLE CARDS ***
poker_soul11: raises $1.20 to $2.20
vadjkeee: folds 
Nazareno1999: folds 
HAPPYpoker11: folds 
Nicedaymybro: folds 
Uncalled bet ($1.20) returned to poker_soul11
poker_soul11 collected $2.50 from pot
poker_soul11: doesn't show hand 
*** SUMMARY ***
Total pot $2.50 | Rake $0 
Seat 2: Nazareno1999 (button) folded before Flop (didn't bet)
Seat 3: HAPPYpoker11 (small blind) folded before Flop
Seat 4: Nicedaymybro (big blind) folded before Flop
Seat 5: poker_soul11 collected ($2.50)
Seat 6: vadjkeee folded before Flop (didn't bet)



PokerStars Hand #254370301711:  Hold'em No Limit ($0.50/$1.00 USD) - 2025/01/14 19:05:56 WET [2025/01/14 14:05:56 ET]
Table 'Echepolos III' 6-max Seat #3 is the button
Seat 2: Nazareno1999 ($103.16 in chips) 
Seat 3: HAPPYpoker11 ($26.04 in chips) 
Seat 4: Nicedaymybro ($101.72 in chips) 
Seat 5: poker_soul11 ($117.33 in chips) 
Seat 6: vadjkeee ($135.81 in chips) 
Nicedaymybro: posts small blind $0.50
poker_soul11: posts big blind $1
*** HOLE CARDS ***
vadjkeee: raises $1.50 to $2.50
Nazareno1999: folds 
HAPPYpoker11: folds 
Nicedaymybro: folds 
poker_soul11: folds 
Uncalled bet ($1.50) returned to vadjkeee
vadjkeee collected $2.50 from pot
vadjkeee: doesn't show hand 
*** SUMMARY ***
Total pot $2.50 | Rake $0 
Seat 2: Nazareno1999 folded before Flop (didn't bet)
Seat 3: HAPPYpoker11 (button) folded before Flop (didn't bet)
Seat 4: Nicedaymybro (small blind) folded before Flop
Seat 5: poker_soul11 (big blind) folded before Flop
Seat 6: vadjkeee collected ($2.50)



PokerStars Hand #254370307342:  Hold'em No Limit ($0.50/$1.00 USD) - 2025/01/14 19:06:14 WET [2025/01/14 14:06:14 ET]
Table 'Echepolos III' 6-max Seat #4 is the button
Seat 2: Nazareno1999 ($103.16 in chips) 
Seat 3: HAPPYpoker11 ($26.04 in chips) 
Seat 4: Nicedaymybro ($101.22 in chips) 
Seat 5: poker_soul11 ($116.33 in chips) 
Seat 6: vadjkeee ($137.31 in chips) 
poker_soul11: posts small blind $0.50
vadjkeee: posts big blind $1
*** HOLE CARDS ***
Nazareno1999: folds 
HAPPYpoker11: folds 
Nicedaymybro: raises $1.50 to $2.50
poker_soul11: folds 
vadjkeee: calls $1.50
*** FLOP *** [7h 4c 7s]
vadjkeee: checks 
Nicedaymybro: bets $2.09
vadjkeee: calls $2.09
*** TURN *** [7h 4c 7s] [Jh]
vadjkeee: checks 
Nicedaymybro: bets $6.90
Christianzt1 joins the table at seat #1 
vadjkeee: calls $6.90
*** RIVER *** [7h 4c 7s Jh] [7d]
vadjkeee: checks 
Nicedaymybro: checks 
*** SHOW DOWN ***
vadjkeee: shows [Jc Kd] (a full house, Sevens full of Jacks)
Nicedaymybro: mucks hand 
vadjkeee collected $22.31 from pot
*** SUMMARY ***
Total pot $23.48 | Rake $1.17 
Board [7h 4c 7s Jh 7d]
Seat 2: Nazareno1999 folded before Flop (didn't bet)
Seat 3: HAPPYpoker11 folded before Flop (didn't bet)
Seat 4: Nicedaymybro (button) mucked
Seat 5: poker_soul11 (small blind) folded before Flop
Seat 6: vadjkeee (big blind) showed [Jc Kd] and won ($22.31) with a full house, Sevens full of Jacks



PokerStars Hand #254370320921:  Hold'em No Limit ($0.50/$1.00 USD) - 2025/01/14 19:07:00 WET [2025/01/14 14:07:00 ET]
Table 'Echepolos III' 6-max Seat #5 is the button
Seat 1: Christianzt1 ($100 in chips) 
Seat 2: Nazareno1999 ($103.16 in chips) 
Seat 3: HAPPYpoker11 ($26.04 in chips) 
Seat 4: Nicedaymybro ($100 in chips) 
Seat 5: poker_soul11 ($115.83 in chips) 
Seat 6: vadjkeee ($148.13 in chips) 
vadjkeee: posts small blind $0.50
Christianzt1: posts big blind $1
*** HOLE CARDS ***
Nazareno1999: folds 
HAPPYpoker11: folds 
Nicedaymybro: raises $1.50 to $2.50
poker_soul11: folds 
vadjkeee: folds 
Christianzt1: folds 
Uncalled bet ($1.50) returned to Nicedaymybro
Nicedaymybro collected $2.50 from pot
Nicedaymybro: doesn't show hand 
*** SUMMARY ***
Total pot $2.50 | Rake $0 
Seat 1: Christianzt1 (big blind) folded before Flop
Seat 2: Nazareno1999 folded before Flop (didn't bet)
Seat 3: HAPPYpoker11 folded before Flop (didn't bet)
Seat 4: Nicedaymybro collected ($2.50)
Seat 5: poker_soul11 (button) folded before Flop (didn't bet)
Seat 6: vadjkeee (small blind) folded before Flop



PokerStars Hand #254370326004:  Hold'em No Limit ($0.50/$1.00 USD) - 2025/01/14 19:07:17 WET [2025/01/14 14:07:17 ET]
Table 'Echepolos III' 6-max Seat #6 is the button
Seat 1: Christianzt1 ($100 in chips) 
Seat 2: Nazareno1999 ($103.16 in chips) 
Seat 3: HAPPYpoker11 ($26.04 in chips) 
Seat 4: Nicedaymybro ($101.50 in chips) 
Seat 5: poker_soul11 ($115.83 in chips) 
Seat 6: vadjkeee ($147.63 in chips) 
Christianzt1: posts small blind $0.50
Nazareno1999: posts big blind $1
*** HOLE CARDS ***
HAPPYpoker11: folds 
Nicedaymybro: raises $1.50 to $2.50
poker_soul11: folds 
vadjkeee: folds 
Christianzt1: folds 
Nazareno1999: folds 
Uncalled bet ($1.50) returned to Nicedaymybro
Nicedaymybro collected $2.50 from pot
Nicedaymybro: doesn't show hand 
*** SUMMARY ***
Total pot $2.50 | Rake $0 
Seat 1: Christianzt1 (small blind) folded before Flop
Seat 2: Nazareno1999 (big blind) folded before Flop
Seat 3: HAPPYpoker11 folded before Flop (didn't bet)
Seat 4: Nicedaymybro collected ($2.50)
Seat 5: poker_soul11 folded before Flop (didn't bet)
Seat 6: vadjkeee (button) folded before Flop (didn't bet)



PokerStars Hand #254370333113:  Hold'em No Limit ($0.50/$1.00 USD) - 2025/01/14 19:07:41 WET [2025/01/14 14:07:41 ET]
Table 'Echepolos III' 6-max Seat #1 is the button
Seat 1: Christianzt1 ($100 in chips) 
Seat 2: Nazareno1999 ($102.16 in chips) 
Seat 3: HAPPYpoker11 ($26.04 in chips) 
Seat 4: Nicedaymybro ($103 in chips) 
Seat 5: poker_soul11 ($115.83 in chips) 
Seat 6: vadjkeee ($147.63 in chips) 
Nazareno1999: posts small blind $0.50
HAPPYpoker11: posts big blind $1
*** HOLE CARDS ***
Nicedaymybro: raises $1.50 to $2.50
poker_soul11: folds 
vadjkeee: folds 
Christianzt1: folds 
Nazareno1999: folds 
HAPPYpoker11: folds 
Uncalled bet ($1.50) returned to Nicedaymybro
Nicedaymybro collected $2.50 from pot
Nicedaymybro: doesn't show hand 
*** SUMMARY ***
Total pot $2.50 | Rake $0 
Seat 1: Christianzt1 (button) folded before Flop (didn't bet)
Seat 2: Nazareno1999 (small blind) folded before Flop
Seat 3: HAPPYpoker11 (big blind) folded before Flop
Seat 4: Nicedaymybro collected ($2.50)
Seat 5: poker_soul11 folded before Flop (didn't bet)
Seat 6: vadjkeee folded before Flop (didn't bet)



PokerStars Hand #254370337500:  Hold'em No Limit ($0.50/$1.00 USD) - 2025/01/14 19:07:55 WET [2025/01/14 14:07:55 ET]
Table 'Echepolos III' 6-max Seat #2 is the button
Seat 1: Christianzt1 ($100 in chips) 
Seat 2: Nazareno1999 ($101.66 in chips) 
Seat 3: HAPPYpoker11 ($25.04 in chips) 
Seat 4: Nicedaymybro ($104.50 in chips) 
Seat 5: poker_soul11 ($115.83 in chips) 
Seat 6: vadjkeee ($147.63 in chips) 
HAPPYpoker11: posts small blind $0.50
Nicedaymybro: posts big blind $1
*** HOLE CARDS ***
poker_soul11: folds 
vadjkeee: folds 
Christianzt1: folds 
Nazareno1999: raises $1.20 to $2.20
HAPPYpoker11: calls $1.70
Nicedaymybro: calls $1.20
*** FLOP *** [3c Kh Js]
HAPPYpoker11: checks 
Nicedaymybro: checks 
Nazareno1999: checks 
*** TURN *** [3c Kh Js] [9d]
HAPPYpoker11: bets $1
Nicedaymybro: folds 
Nazareno1999: folds 
Uncalled bet ($1) returned to HAPPYpoker11
HAPPYpoker11 collected $6.27 from pot
HAPPYpoker11: doesn't show hand 
*** SUMMARY ***
Total pot $6.60 | Rake $0.33 
Board [3c Kh Js 9d]
Seat 1: Christianzt1 folded before Flop (didn't bet)
Seat 2: Nazareno1999 (button) folded on the Turn
Seat 3: HAPPYpoker11 (small blind) collected ($6.27)
Seat 4: Nicedaymybro (big blind) folded on the Turn
Seat 5: poker_soul11 folded before Flop (didn't bet)
Seat 6: vadjkeee folded before Flop (didn't bet)



PokerStars Hand #254370354143:  Hold'em No Limit ($0.50/$1.00 USD) - 2025/01/14 19:08:52 WET [2025/01/14 14:08:52 ET]
Table 'Echepolos III' 6-max Seat #3 is the button
Seat 1: Christianzt1 ($100 in chips) is sitting out
Seat 5: poker_soul11 ($115.83 in chips) is sitting out
Seat 6: vadjkeee ($147.63 in chips) is sitting out
Seat 2: Nazareno1999 ($100 in chips) 
Seat 3: HAPPYpoker11 ($29.11 in chips) 
Seat 4: Nicedaymybro ($102.30 in chips) 
Nicedaymybro: posts small blind $0.50
poker_soul11: is sitting out 
vadjkeee: is sitting out 
Christianzt1: is sitting out 
Nazareno1999: posts big blind $1
*** HOLE CARDS ***
HAPPYpoker11: folds 
Nicedaymybro: folds 
Uncalled bet ($0.50) returned to Nazareno1999
poker_soul11 leaves the table
Nazareno1999 collected $1 from pot
Nazareno1999: doesn't show hand 
Christianzt1 leaves the table
vadjkeee leaves the table
*** SUMMARY ***
Total pot $1 | Rake $0 
Seat 1: Christianzt1
Seat 5: poker_soul11
Seat 6: vadjkeee
Seat 2: Nazareno1999 (big blind) collected ($1)
Seat 3: HAPPYpoker11 (button) folded before Flop (didn't bet)
Seat 4: Nicedaymybro (small blind) folded before Flop



PokerStars Hand #254370356725:  Hold'em No Limit ($0.50/$1.00 USD) - 2025/01/14 19:09:01 WET [2025/01/14 14:09:01 ET]
Table 'Echepolos III' 6-max Seat #4 is the button
Seat 2: Nazareno1999 ($100.50 in chips) 
Seat 3: HAPPYpoker11 ($29.11 in chips) 
Seat 4: Nicedaymybro ($101.80 in chips) 
Nazareno1999: posts small blind $0.50
HAPPYpoker11: posts big blind $1
*** HOLE CARDS ***
Nicedaymybro: raises $1.50 to $2.50
Nazareno1999: folds 
HAPPYpoker11: calls $1.50
*** FLOP *** [7s 6h Td]
HAPPYpoker11: checks 
Nicedaymybro: bets $1.72
HAPPYpoker11: calls $1.72
*** TURN *** [7s 6h Td] [3s]
HAPPYpoker11: checks 
Nicedaymybro: checks 
*** RIVER *** [7s 6h Td 3s] [Jc]
HAPPYpoker11: bets $3
Nicedaymybro: folds 
Uncalled bet ($3) returned to HAPPYpoker11
HAPPYpoker11 collected $8.49 from pot
HAPPYpoker11: doesn't show hand 
*** SUMMARY ***
Total pot $8.94 | Rake $0.45 
Board [7s 6h Td 3s Jc]
Seat 2: Nazareno1999 (small blind) folded before Flop
Seat 3: HAPPYpoker11 (big blind) collected ($8.49)
Seat 4: Nicedaymybro (button) folded on the River



