PokerStars Hand #254375287411:  Hold'em No Limit ($0.50/$1.00 USD) - 2025/01/14 23:51:19 WET [2025/01/14 18:51:19 ET]
Table 'Massalia III' 6-max Seat #5 is the button
Seat 1: BenCampbel10 ($103.50 in chips) 
Seat 2: vpetriu ($101 in chips) 
Seat 5: nikalas22 ($100 in chips) 
BenCampbel10: posts small blind $0.50
vpetriu: posts big blind $1
*** HOLE CARDS ***
nikalas22: folds 
BenCampbel10: raises $1.50 to $2.50
vpetriu: folds 
Uncalled bet ($1.50) returned to BenCampbel10
BenCampbel10 collected $2 from pot
BenCampbel10: doesn't show hand 
*** SUMMARY ***
Total pot $2 | Rake $0 
Seat 1: BenCampbel10 (small blind) collected ($2)
Seat 2: vpetriu (big blind) folded before Flop
Seat 5: nikalas22 (button) folded before Flop (didn't bet)



PokerStars Hand #254375292189:  Hold'em No Limit ($0.50/$1.00 USD) - 2025/01/14 23:51:40 WET [2025/01/14 18:51:40 ET]
Table 'Massalia III' 6-max Seat #1 is the button
Seat 1: BenCampbel10 ($104.50 in chips) 
Seat 2: vpetriu ($100 in chips) 
Seat 5: nikalas22 ($100 in chips) 
vpetriu: posts small blind $0.50
nikalas22: posts big blind $1
*** HOLE CARDS ***
BenCampbel10: raises $1 to $2
vpetriu: folds 
nikalas22: calls $1
*** FLOP *** [Ts Td Qc]
nikalas22: checks 
BenCampbel10: bets $1
nikalas22: folds 
Uncalled bet ($1) returned to BenCampbel10
BenCampbel10 collected $4.28 from pot
BenCampbel10: doesn't show hand 
*** SUMMARY ***
Total pot $4.50 | Rake $0.22 
Board [Ts Td Qc]
Seat 1: BenCampbel10 (button) collected ($4.28)
Seat 2: vpetriu (small blind) folded before Flop
Seat 5: nikalas22 (big blind) folded on the Flop



PokerStars Hand #254375297922:  Hold'em No Limit ($0.50/$1.00 USD) - 2025/01/14 23:52:04 WET [2025/01/14 18:52:04 ET]
Table 'Massalia III' 6-max Seat #2 is the button
Seat 1: BenCampbel10 ($106.78 in chips) 
Seat 2: vpetriu ($100 in chips) 
Seat 5: nikalas22 ($100 in chips) 
nikalas22: posts small blind $0.50
BenCampbel10: posts big blind $1
*** HOLE CARDS ***
vpetriu: raises $1.50 to $2.50
nikalas22: raises $9.50 to $12
BenCampbel10: folds 
vpetriu: folds 
Uncalled bet ($9.50) returned to nikalas22
nikalas22 collected $6 from pot
nikalas22: doesn't show hand 
*** SUMMARY ***
Total pot $6 | Rake $0 
Seat 1: BenCampbel10 (big blind) folded before Flop
Seat 2: vpetriu (button) folded before Flop
Seat 5: nikalas22 (small blind) collected ($6)



PokerStars Hand #254375303266:  Hold'em No Limit ($0.50/$1.00 USD) - 2025/01/14 23:52:27 WET [2025/01/14 18:52:27 ET]
Table 'Massalia III' 6-max Seat #5 is the button
Seat 1: BenCampbel10 ($105.78 in chips) 
Seat 2: vpetriu ($100 in chips) 
Seat 5: nikalas22 ($103.50 in chips) 
BenCampbel10: posts small blind $0.50
vpetriu: posts big blind $1
*** HOLE CARDS ***
nikalas22: folds 
BenCampbel10: raises $1.50 to $2.50
vpetriu: calls $1.50
*** FLOP *** [Jc As 7h]
BenCampbel10: checks 
vpetriu: checks 
*** TURN *** [Jc As 7h] [Kh]
BenCampbel10: bets $1.60
vpetriu: calls $1.60
*** RIVER *** [Jc As 7h Kh] [9d]
BenCampbel10: bets $4.20
vpetriu: folds 
Uncalled bet ($4.20) returned to BenCampbel10
BenCampbel10 collected $7.79 from pot
*** SUMMARY ***
Total pot $8.20 | Rake $0.41 
Board [Jc As 7h Kh 9d]
Seat 1: BenCampbel10 (small blind) collected ($7.79)
Seat 2: vpetriu (big blind) folded on the River
Seat 5: nikalas22 (button) folded before Flop (didn't bet)



PokerStars Hand #254375317089:  Hold'em No Limit ($0.50/$1.00 USD) - 2025/01/14 23:53:27 WET [2025/01/14 18:53:27 ET]
Table 'Massalia III' 6-max Seat #1 is the button
Seat 1: BenCampbel10 ($109.47 in chips) 
Seat 2: vpetriu ($100 in chips) 
Seat 5: nikalas22 ($103.50 in chips) 
vpetriu: posts small blind $0.50
nikalas22: posts big blind $1
*** HOLE CARDS ***
BenCampbel10: folds 
vpetriu: folds 
Uncalled bet ($0.50) returned to nikalas22
vpetriu leaves the table
nikalas22 collected $1 from pot
nikalas22: doesn't show hand 
*** SUMMARY ***
Total pot $1 | Rake $0 
Seat 1: BenCampbel10 (button) folded before Flop (didn't bet)
Seat 2: vpetriu (small blind) folded before Flop
Seat 5: nikalas22 (big blind) collected ($1)



PokerStars Hand #254375321121:  Hold'em No Limit ($0.50/$1.00 USD) - 2025/01/14 23:53:44 WET [2025/01/14 18:53:44 ET]
Table 'Massalia III' 6-max Seat #5 is the button
Seat 1: BenCampbel10 ($109.47 in chips) 
Seat 5: nikalas22 ($104 in chips) 
nikalas22: posts small blind $0.50
BenCampbel10: posts big blind $1
*** HOLE CARDS ***
nikalas22: raises $1.50 to $2.50
BenCampbel10: calls $1.50
*** FLOP *** [Ks Ad 7h]
BenCampbel10: checks 
nikalas22: bets $3.56
BenCampbel10: calls $3.56
*** TURN *** [Ks Ad 7h] [8h]
BenCampbel10: checks 
nikalas22: bets $17.27
BenCampbel10: calls $17.27
*** RIVER *** [Ks Ad 7h 8h] [Th]
BenCampbel10: checks 
nikalas22: checks 
*** SHOW DOWN ***
BenCampbel10: shows [Ac 2d] (a pair of Aces)
nikalas22: shows [7s 8s] (two pair, Eights and Sevens)
nikalas22 collected $45.66 from pot
*** SUMMARY ***
Total pot $46.66 | Rake $1 
Board [Ks Ad 7h 8h Th]
Seat 1: BenCampbel10 (big blind) showed [Ac 2d] and lost with a pair of Aces
Seat 5: nikalas22 (button) (small blind) showed [7s 8s] and won ($45.66) with two pair, Eights and Sevens



PokerStars Hand #254375339165:  Hold'em No Limit ($0.50/$1.00 USD) - 2025/01/14 23:55:02 WET [2025/01/14 18:55:02 ET]
Table 'Massalia III' 6-max Seat #1 is the button
Seat 1: BenCampbel10 ($100 in chips) 
Seat 5: nikalas22 ($126.33 in chips) 
BenCampbel10: posts small blind $0.50
nikalas22: posts big blind $1
*** HOLE CARDS ***
BenCampbel10: folds 
Uncalled bet ($0.50) returned to nikalas22
nikalas22 collected $1 from pot
nikalas22: doesn't show hand 
*** SUMMARY ***
Total pot $1 | Rake $0 
Seat 1: BenCampbel10 (button) (small blind) folded before Flop
Seat 5: nikalas22 (big blind) collected ($1)



PokerStars Hand #254375491164:  Hold'em No Limit ($0.50/$1.00 USD) - 2025/01/14 0:07:38 WET [2025/01/14 19:07:38 ET]
Table 'Massalia III' 6-max Seat #2 is the button
Seat 1: BenCampbel10 ($100 in chips) 
Seat 2: heureuxsansrien ($40 in chips) 
Seat 3: Espada Fish ($100 in chips) 
Seat 4: equilibrium_tv ($40 in chips) 
Seat 5: nikalas22 ($126.83 in chips) 
Seat 6: Manifestorr ($100 in chips) 
Espada Fish: posts small blind $0.50
equilibrium_tv: posts big blind $1
*** HOLE CARDS ***
nikalas22: folds 
Manifestorr: raises $1.20 to $2.20
BenCampbel10: folds 
heureuxsansrien: folds 
Espada Fish: folds 
equilibrium_tv: folds 
Uncalled bet ($1.20) returned to Manifestorr
Manifestorr collected $2.50 from pot
*** SUMMARY ***
Total pot $2.50 | Rake $0 
Seat 1: BenCampbel10 folded before Flop (didn't bet)
Seat 2: heureuxsansrien (button) folded before Flop (didn't bet)
Seat 3: Espada Fish (small blind) folded before Flop
Seat 4: equilibrium_tv (big blind) folded before Flop
Seat 5: nikalas22 folded before Flop (didn't bet)
Seat 6: Manifestorr collected ($2.50)



PokerStars Hand #254375494163:  Hold'em No Limit ($0.50/$1.00 USD) - 2025/01/14 0:07:52 WET [2025/01/14 19:07:52 ET]
Table 'Massalia III' 6-max Seat #3 is the button
Seat 1: BenCampbel10 ($100 in chips) 
Seat 2: heureuxsansrien ($40 in chips) 
Seat 3: Espada Fish ($100 in chips) 
Seat 4: equilibrium_tv ($39 in chips) 
Seat 5: nikalas22 ($126.83 in chips) 
Seat 6: Manifestorr ($101.50 in chips) 
equilibrium_tv: posts small blind $0.50
nikalas22: posts big blind $1
*** HOLE CARDS ***
Manifestorr: folds 
BenCampbel10: folds 
heureuxsansrien: folds 
Espada Fish: raises $1.50 to $2.50
equilibrium_tv: folds 
nikalas22: calls $1.50
*** FLOP *** [Kc 5d Jc]
nikalas22: checks 
Espada Fish: bets $2.61
nikalas22: calls $2.61
*** TURN *** [Kc 5d Jc] [As]
nikalas22: checks 
Espada Fish: bets $10.50
nikalas22: calls $10.50
*** RIVER *** [Kc 5d Jc As] [Ac]
nikalas22: checks 
Espada Fish: bets $15.07
nikalas22: folds 
Uncalled bet ($15.07) returned to Espada Fish
Espada Fish collected $30.13 from pot
Espada Fish: doesn't show hand 
*** SUMMARY ***
Total pot $31.72 | Rake $1.59 
Board [Kc 5d Jc As Ac]
Seat 1: BenCampbel10 folded before Flop (didn't bet)
Seat 2: heureuxsansrien folded before Flop (didn't bet)
Seat 3: Espada Fish (button) collected ($30.13)
Seat 4: equilibrium_tv (small blind) folded before Flop
Seat 5: nikalas22 (big blind) folded on the River
Seat 6: Manifestorr folded before Flop (didn't bet)



PokerStars Hand #254375514600:  Hold'em No Limit ($0.50/$1.00 USD) - 2025/01/14 0:09:25 WET [2025/01/14 19:09:25 ET]
Table 'Massalia III' 6-max Seat #4 is the button
Seat 1: BenCampbel10 ($100 in chips) 
Seat 2: heureuxsansrien ($40 in chips) 
Seat 3: Espada Fish ($114.52 in chips) 
Seat 4: equilibrium_tv ($40 in chips) 
Seat 5: nikalas22 ($111.22 in chips) 
Seat 6: Manifestorr ($101.50 in chips) 
nikalas22: posts small blind $0.50
Manifestorr: posts big blind $1
*** HOLE CARDS ***
BenCampbel10: raises $1 to $2
heureuxsansrien: calls $2
Espada Fish: folds 
equilibrium_tv: folds 
nikalas22: folds 
Manifestorr: calls $1
*** FLOP *** [5s 8d Kc]
Manifestorr: checks 
BenCampbel10: checks 
heureuxsansrien: bets $3
Manifestorr: folds 
BenCampbel10: raises $5 to $8
heureuxsansrien: calls $5
*** TURN *** [5s 8d Kc] [4d]
BenCampbel10: bets $9.90
heureuxsansrien: folds 
Uncalled bet ($9.90) returned to BenCampbel10
BenCampbel10 collected $21.38 from pot
*** SUMMARY ***
Total pot $22.50 | Rake $1.12 
Board [5s 8d Kc 4d]
Seat 1: BenCampbel10 collected ($21.38)
Seat 2: heureuxsansrien folded on the Turn
Seat 3: Espada Fish folded before Flop (didn't bet)
Seat 4: equilibrium_tv (button) folded before Flop (didn't bet)
Seat 5: nikalas22 (small blind) folded before Flop
Seat 6: Manifestorr (big blind) folded on the Flop



PokerStars Hand #254375525565:  Hold'em No Limit ($0.50/$1.00 USD) - 2025/01/14 0:10:16 WET [2025/01/14 19:10:16 ET]
Table 'Massalia III' 6-max Seat #5 is the button
Seat 1: BenCampbel10 ($111.38 in chips) 
Seat 2: heureuxsansrien ($30 in chips) 
Seat 3: Espada Fish ($114.52 in chips) 
Seat 4: equilibrium_tv ($40 in chips) 
Seat 5: nikalas22 ($110.72 in chips) 
Seat 6: Manifestorr ($100 in chips) 
Manifestorr: posts small blind $0.50
BenCampbel10: posts big blind $1
*** HOLE CARDS ***
heureuxsansrien: folds 
Espada Fish: folds 
equilibrium_tv: folds 
nikalas22: folds 
Manifestorr: raises $2 to $3
BenCampbel10: folds 
Uncalled bet ($2) returned to Manifestorr
Manifestorr collected $2 from pot
*** SUMMARY ***
Total pot $2 | Rake $0 
Seat 1: BenCampbel10 (big blind) folded before Flop
Seat 2: heureuxsansrien folded before Flop (didn't bet)
Seat 3: Espada Fish folded before Flop (didn't bet)
Seat 4: equilibrium_tv folded before Flop (didn't bet)
Seat 5: nikalas22 (button) folded before Flop (didn't bet)
Seat 6: Manifestorr (small blind) collected ($2)



PokerStars Hand #254375529632:  Hold'em No Limit ($0.50/$1.00 USD) - 2025/01/14 0:10:35 WET [2025/01/14 19:10:35 ET]
Table 'Massalia III' 6-max Seat #6 is the button
Seat 1: BenCampbel10 ($110.38 in chips) 
Seat 2: heureuxsansrien ($30 in chips) 
Seat 3: Espada Fish ($114.52 in chips) 
Seat 4: equilibrium_tv ($40 in chips) 
Seat 5: nikalas22 ($110.72 in chips) 
Seat 6: Manifestorr ($101 in chips) 
BenCampbel10: posts small blind $0.50
heureuxsansrien: posts big blind $1
*** HOLE CARDS ***
Espada Fish: folds 
equilibrium_tv: folds 
nikalas22: raises $1.50 to $2.50
Manifestorr: folds 
BenCampbel10: folds 
heureuxsansrien: calls $1.50
*** FLOP *** [5h Ks 5s]
heureuxsansrien: checks 
nikalas22: bets $1.57
heureuxsansrien: raises $5.43 to $7
nikalas22: folds 
Uncalled bet ($5.43) returned to heureuxsansrien
heureuxsansrien collected $8.21 from pot
heureuxsansrien: doesn't show hand 
*** SUMMARY ***
Total pot $8.64 | Rake $0.43 
Board [5h Ks 5s]
Seat 1: BenCampbel10 (small blind) folded before Flop
Seat 2: heureuxsansrien (big blind) collected ($8.21)
Seat 3: Espada Fish folded before Flop (didn't bet)
Seat 4: equilibrium_tv folded before Flop (didn't bet)
Seat 5: nikalas22 folded on the Flop
Seat 6: Manifestorr (button) folded before Flop (didn't bet)



PokerStars Hand #254375536992:  Hold'em No Limit ($0.50/$1.00 USD) - 2025/01/14 0:11:10 WET [2025/01/14 19:11:10 ET]
Table 'Massalia III' 6-max Seat #1 is the button
Seat 1: BenCampbel10 ($109.88 in chips) 
Seat 2: heureuxsansrien ($34.14 in chips) 
Seat 3: Espada Fish ($114.52 in chips) 
Seat 4: equilibrium_tv ($40 in chips) 
Seat 5: nikalas22 ($106.65 in chips) 
Seat 6: Manifestorr ($101 in chips) 
heureuxsansrien: posts small blind $0.50
Espada Fish: posts big blind $1
*** HOLE CARDS ***
equilibrium_tv: folds 
nikalas22: folds 
Manifestorr: folds 
BenCampbel10: folds 
heureuxsansrien: raises $2 to $3
Espada Fish: folds 
Uncalled bet ($2) returned to heureuxsansrien
heureuxsansrien collected $2 from pot
heureuxsansrien: doesn't show hand 
*** SUMMARY ***
Total pot $2 | Rake $0 
Seat 1: BenCampbel10 (button) folded before Flop (didn't bet)
Seat 2: heureuxsansrien (small blind) collected ($2)
Seat 3: Espada Fish (big blind) folded before Flop
Seat 4: equilibrium_tv folded before Flop (didn't bet)
Seat 5: nikalas22 folded before Flop (didn't bet)
Seat 6: Manifestorr folded before Flop (didn't bet)



PokerStars Hand #254375540981:  Hold'em No Limit ($0.50/$1.00 USD) - 2025/01/14 0:11:29 WET [2025/01/14 19:11:29 ET]
Table 'Massalia III' 6-max Seat #2 is the button
Seat 1: BenCampbel10 ($109.88 in chips) 
Seat 2: heureuxsansrien ($35.14 in chips) 
Seat 3: Espada Fish ($113.52 in chips) 
Seat 4: equilibrium_tv ($40 in chips) 
Seat 5: nikalas22 ($106.65 in chips) 
Seat 6: Manifestorr ($101 in chips) 
Espada Fish: posts small blind $0.50
equilibrium_tv: posts big blind $1
*** HOLE CARDS ***
nikalas22: folds 
Manifestorr: folds 
BenCampbel10: raises $1 to $2
heureuxsansrien: folds 
Espada Fish: folds 
equilibrium_tv: calls $1
*** FLOP *** [9c Jh 2s]
equilibrium_tv: checks 
BenCampbel10: bets $1
equilibrium_tv: calls $1
*** TURN *** [9c Jh 2s] [2d]
equilibrium_tv: checks 
BenCampbel10: bets $3.09
equilibrium_tv: calls $3.09
*** RIVER *** [9c Jh 2s 2d] [Qc]
equilibrium_tv: checks 
BenCampbel10: bets $19.87
equilibrium_tv: folds 
Uncalled bet ($19.87) returned to BenCampbel10
BenCampbel10 collected $12.05 from pot
BenCampbel10: doesn't show hand 
*** SUMMARY ***
Total pot $12.68 | Rake $0.63 
Board [9c Jh 2s 2d Qc]
Seat 1: BenCampbel10 collected ($12.05)
Seat 2: heureuxsansrien (button) folded before Flop (didn't bet)
Seat 3: Espada Fish (small blind) folded before Flop
Seat 4: equilibrium_tv (big blind) folded on the River
Seat 5: nikalas22 folded before Flop (didn't bet)
Seat 6: Manifestorr folded before Flop (didn't bet)



PokerStars Hand #254375560614:  Hold'em No Limit ($0.50/$1.00 USD) - 2025/01/14 0:13:01 WET [2025/01/14 19:13:01 ET]
Table 'Massalia III' 6-max Seat #3 is the button
Seat 1: BenCampbel10 ($115.84 in chips) 
Seat 2: heureuxsansrien ($35.14 in chips) 
Seat 3: Espada Fish ($113.02 in chips) 
Seat 4: equilibrium_tv ($33.91 in chips) 
Seat 5: nikalas22 ($106.65 in chips) 
Seat 6: Manifestorr ($101 in chips) 
equilibrium_tv: posts small blind $0.50
nikalas22: posts big blind $1
*** HOLE CARDS ***
Manifestorr: folds 
BenCampbel10: folds 
heureuxsansrien: folds 
Espada Fish: raises $1.50 to $2.50
equilibrium_tv: folds 
nikalas22: folds 
Uncalled bet ($1.50) returned to Espada Fish
Espada Fish collected $2.50 from pot
Espada Fish: doesn't show hand 
*** SUMMARY ***
Total pot $2.50 | Rake $0 
Seat 1: BenCampbel10 folded before Flop (didn't bet)
Seat 2: heureuxsansrien folded before Flop (didn't bet)
Seat 3: Espada Fish (button) collected ($2.50)
Seat 4: equilibrium_tv (small blind) folded before Flop
Seat 5: nikalas22 (big blind) folded before Flop
Seat 6: Manifestorr folded before Flop (didn't bet)



PokerStars Hand #254375565343:  Hold'em No Limit ($0.50/$1.00 USD) - 2025/01/14 0:13:24 WET [2025/01/14 19:13:24 ET]
Table 'Massalia III' 6-max Seat #4 is the button
Seat 1: BenCampbel10 ($115.84 in chips) 
Seat 2: heureuxsansrien ($35.14 in chips) 
Seat 3: Espada Fish ($114.52 in chips) 
Seat 4: equilibrium_tv ($40 in chips) 
Seat 5: nikalas22 ($105.65 in chips) 
Seat 6: Manifestorr ($101 in chips) 
nikalas22: posts small blind $0.50
Manifestorr: posts big blind $1
*** HOLE CARDS ***
BenCampbel10: folds 
heureuxsansrien: calls $1
Espada Fish: folds 
equilibrium_tv: folds 
nikalas22: folds 
Manifestorr: checks 
*** FLOP *** [Qc Ts 6c]
Manifestorr: bets $1.79
heureuxsansrien: calls $1.79
*** TURN *** [Qc Ts 6c] [Kh]
Manifestorr: checks 
heureuxsansrien: checks 
*** RIVER *** [Qc Ts 6c Kh] [7h]
Manifestorr: bets $1.91
heureuxsansrien: raises $2.91 to $4.82
Manifestorr: folds 
Uncalled bet ($2.91) returned to heureuxsansrien
heureuxsansrien collected $9.40 from pot
heureuxsansrien: doesn't show hand 
*** SUMMARY ***
Total pot $9.90 | Rake $0.50 
Board [Qc Ts 6c Kh 7h]
Seat 1: BenCampbel10 folded before Flop (didn't bet)
Seat 2: heureuxsansrien collected ($9.40)
Seat 3: Espada Fish folded before Flop (didn't bet)
Seat 4: equilibrium_tv (button) folded before Flop (didn't bet)
Seat 5: nikalas22 (small blind) folded before Flop
Seat 6: Manifestorr (big blind) folded on the River



PokerStars Hand #254375573586:  Hold'em No Limit ($0.50/$1.00 USD) - 2025/01/14 0:14:02 WET [2025/01/14 19:14:02 ET]
Table 'Massalia III' 6-max Seat #5 is the button
Seat 1: BenCampbel10 ($115.84 in chips) 
Seat 2: heureuxsansrien ($39.84 in chips) 
Seat 3: Espada Fish ($114.52 in chips) 
Seat 4: equilibrium_tv ($40 in chips) 
Seat 5: nikalas22 ($105.15 in chips) 
Seat 6: Manifestorr ($100 in chips) 
Manifestorr: posts small blind $0.50
BenCampbel10: posts big blind $1
*** HOLE CARDS ***
heureuxsansrien: folds 
Espada Fish: folds 
equilibrium_tv: folds 
nikalas22: raises $1.50 to $2.50
Manifestorr: folds 
BenCampbel10: calls $1.50
*** FLOP *** [6c 3h Ad]
BenCampbel10: checks 
nikalas22: checks 
*** TURN *** [6c 3h Ad] [4s]
BenCampbel10: checks 
nikalas22: bets $1.57
BenCampbel10: folds 
Uncalled bet ($1.57) returned to nikalas22
nikalas22 collected $5.22 from pot
nikalas22: doesn't show hand 
*** SUMMARY ***
Total pot $5.50 | Rake $0.28 
Board [6c 3h Ad 4s]
Seat 1: BenCampbel10 (big blind) folded on the Turn
Seat 2: heureuxsansrien folded before Flop (didn't bet)
Seat 3: Espada Fish folded before Flop (didn't bet)
Seat 4: equilibrium_tv folded before Flop (didn't bet)
Seat 5: nikalas22 (button) collected ($5.22)
Seat 6: Manifestorr (small blind) folded before Flop



PokerStars Hand #254375582701:  Hold'em No Limit ($0.50/$1.00 USD) - 2025/01/14 0:14:46 WET [2025/01/14 19:14:46 ET]
Table 'Massalia III' 6-max Seat #6 is the button
Seat 1: BenCampbel10 ($113.34 in chips) 
Seat 2: heureuxsansrien ($39.84 in chips) 
Seat 3: Espada Fish ($114.52 in chips) 
Seat 4: equilibrium_tv ($40 in chips) 
Seat 5: nikalas22 ($107.87 in chips) 
Seat 6: Manifestorr ($100 in chips) 
BenCampbel10: posts small blind $0.50
heureuxsansrien: posts big blind $1
*** HOLE CARDS ***
Espada Fish: folds 
equilibrium_tv: folds 
nikalas22: folds 
Manifestorr: raises $1.20 to $2.20
BenCampbel10: folds 
heureuxsansrien: calls $1.20
*** FLOP *** [4s Qs Ad]
heureuxsansrien: checks 
Manifestorr: bets $3.50
heureuxsansrien: folds 
Uncalled bet ($3.50) returned to Manifestorr
Manifestorr collected $4.66 from pot
*** SUMMARY ***
Total pot $4.90 | Rake $0.24 
Board [4s Qs Ad]
Seat 1: BenCampbel10 (small blind) folded before Flop
Seat 2: heureuxsansrien (big blind) folded on the Flop
Seat 3: Espada Fish folded before Flop (didn't bet)
Seat 4: equilibrium_tv folded before Flop (didn't bet)
Seat 5: nikalas22 folded before Flop (didn't bet)
Seat 6: Manifestorr (button) collected ($4.66)



PokerStars Hand #254375588217:  Hold'em No Limit ($0.50/$1.00 USD) - 2025/01/14 0:15:12 WET [2025/01/14 19:15:12 ET]
Table 'Massalia III' 6-max Seat #1 is the button
Seat 1: BenCampbel10 ($112.84 in chips) 
Seat 2: heureuxsansrien ($37.64 in chips) 
Seat 3: Espada Fish ($114.52 in chips) 
Seat 4: equilibrium_tv ($40 in chips) 
Seat 5: nikalas22 ($107.87 in chips) 
Seat 6: Manifestorr ($102.46 in chips) 
heureuxsansrien: posts small blind $0.50
Espada Fish: posts big blind $1
*** HOLE CARDS ***
equilibrium_tv: folds 
nikalas22: raises $1.50 to $2.50
Manifestorr: folds 
BenCampbel10: folds 
heureuxsansrien: calls $2
Espada Fish: folds 
*** FLOP *** [As Jd 7s]
heureuxsansrien: checks 
nikalas22: checks 
*** TURN *** [As Jd 7s] [8d]
heureuxsansrien: checks 
nikalas22: checks 
*** RIVER *** [As Jd 7s 8d] [4d]
heureuxsansrien: checks 
nikalas22: checks 
*** SHOW DOWN ***
heureuxsansrien: shows [5h Kh] (high card Ace)
nikalas22: shows [Th Tc] (a pair of Tens)
nikalas22 collected $5.70 from pot
*** SUMMARY ***
Total pot $6 | Rake $0.30 
Board [As Jd 7s 8d 4d]
Seat 1: BenCampbel10 (button) folded before Flop (didn't bet)
Seat 2: heureuxsansrien (small blind) showed [5h Kh] and lost with high card Ace
Seat 3: Espada Fish (big blind) folded before Flop
Seat 4: equilibrium_tv folded before Flop (didn't bet)
Seat 5: nikalas22 showed [Th Tc] and won ($5.70) with a pair of Tens
Seat 6: Manifestorr folded before Flop (didn't bet)



PokerStars Hand #254375595170:  Hold'em No Limit ($0.50/$1.00 USD) - 2025/01/14 0:15:46 WET [2025/01/14 19:15:46 ET]
Table 'Massalia III' 6-max Seat #2 is the button
Seat 1: BenCampbel10 ($112.84 in chips) 
Seat 2: heureuxsansrien ($35.14 in chips) 
Seat 3: Espada Fish ($113.52 in chips) 
Seat 4: equilibrium_tv ($40 in chips) 
Seat 5: nikalas22 ($111.07 in chips) 
Seat 6: Manifestorr ($102.46 in chips) 
Espada Fish: posts small blind $0.50
equilibrium_tv: posts big blind $1
*** HOLE CARDS ***
nikalas22: folds 
Manifestorr: folds 
BenCampbel10: folds 
heureuxsansrien: calls $1
Espada Fish: folds 
equilibrium_tv: checks 
*** FLOP *** [Js 5h 5s]
equilibrium_tv: checks 
heureuxsansrien: checks 
*** TURN *** [Js 5h 5s] [8d]
equilibrium_tv: bets $1
heureuxsansrien: calls $1
*** RIVER *** [Js 5h 5s 8d] [Qd]
equilibrium_tv: checks 
heureuxsansrien: bets $3
equilibrium_tv: calls $3
*** SHOW DOWN ***
heureuxsansrien: shows [As Qs] (two pair, Queens and Fives)
equilibrium_tv: shows [8s Qh] (two pair, Queens and Eights)
equilibrium_tv collected $9.98 from pot
*** SUMMARY ***
Total pot $10.50 | Rake $0.52 
Board [Js 5h 5s 8d Qd]
Seat 1: BenCampbel10 folded before Flop (didn't bet)
Seat 2: heureuxsansrien (button) showed [As Qs] and lost with two pair, Queens and Fives
Seat 3: Espada Fish (small blind) folded before Flop
Seat 4: equilibrium_tv (big blind) showed [8s Qh] and won ($9.98) with two pair, Queens and Eights
Seat 5: nikalas22 folded before Flop (didn't bet)
Seat 6: Manifestorr folded before Flop (didn't bet)



PokerStars Hand #254375601807:  Hold'em No Limit ($0.50/$1.00 USD) - 2025/01/14 0:16:18 WET [2025/01/14 19:16:18 ET]
Table 'Massalia III' 6-max Seat #3 is the button
Seat 1: BenCampbel10 ($112.84 in chips) 
Seat 2: heureuxsansrien ($30.14 in chips) 
Seat 3: Espada Fish ($113.02 in chips) 
Seat 4: equilibrium_tv ($44.98 in chips) 
Seat 5: nikalas22 ($111.07 in chips) 
Seat 6: Manifestorr ($102.46 in chips) 
equilibrium_tv: posts small blind $0.50
nikalas22: posts big blind $1
*** HOLE CARDS ***
Manifestorr: folds 
BenCampbel10: folds 
heureuxsansrien: folds 
Espada Fish: folds 
equilibrium_tv: raises $2 to $3
nikalas22: folds 
Uncalled bet ($2) returned to equilibrium_tv
equilibrium_tv collected $2 from pot
*** SUMMARY ***
Total pot $2 | Rake $0 
Seat 1: BenCampbel10 folded before Flop (didn't bet)
Seat 2: heureuxsansrien folded before Flop (didn't bet)
Seat 3: Espada Fish (button) folded before Flop (didn't bet)
Seat 4: equilibrium_tv (small blind) collected ($2)
Seat 5: nikalas22 (big blind) folded before Flop
Seat 6: Manifestorr folded before Flop (didn't bet)



PokerStars Hand #254375608058:  Hold'em No Limit ($0.50/$1.00 USD) - 2025/01/14 0:16:48 WET [2025/01/14 19:16:48 ET]
Table 'Massalia III' 6-max Seat #4 is the button
Seat 1: BenCampbel10 ($112.84 in chips) 
Seat 2: heureuxsansrien ($30.14 in chips) 
Seat 3: Espada Fish ($113.02 in chips) 
Seat 4: equilibrium_tv ($45.98 in chips) 
Seat 5: nikalas22 ($110.07 in chips) 
Seat 6: Manifestorr ($102.46 in chips) 
nikalas22: posts small blind $0.50
Manifestorr: posts big blind $1
*** HOLE CARDS ***
BenCampbel10: folds 
heureuxsansrien: raises $2 to $3
Espada Fish: folds 
equilibrium_tv: raises $3 to $6
nikalas22: folds 
Manifestorr: folds 
heureuxsansrien: calls $3
*** FLOP *** [7d Js 8s]
heureuxsansrien: checks 
equilibrium_tv: checks 
*** TURN *** [7d Js 8s] [4s]
heureuxsansrien: checks 
equilibrium_tv: bets $6.41
heureuxsansrien: calls $6.41
*** RIVER *** [7d Js 8s 4s] [7h]
heureuxsansrien: checks 
equilibrium_tv: checks 
*** SHOW DOWN ***
heureuxsansrien: shows [8d As] (two pair, Eights and Sevens)
equilibrium_tv: mucks hand 
heureuxsansrien collected $25 from pot
*** SUMMARY ***
Total pot $26.32 | Rake $1.32 
Board [7d Js 8s 4s 7h]
Seat 1: BenCampbel10 folded before Flop (didn't bet)
Seat 2: heureuxsansrien showed [8d As] and won ($25) with two pair, Eights and Sevens
Seat 3: Espada Fish folded before Flop (didn't bet)
Seat 4: equilibrium_tv (button) mucked
Seat 5: nikalas22 (small blind) folded before Flop
Seat 6: Manifestorr (big blind) folded before Flop



PokerStars Hand #254375616496:  Hold'em No Limit ($0.50/$1.00 USD) - 2025/01/14 0:17:29 WET [2025/01/14 19:17:29 ET]
Table 'Massalia III' 6-max Seat #5 is the button
Seat 1: BenCampbel10 ($112.84 in chips) 
Seat 2: heureuxsansrien ($42.73 in chips) 
Seat 3: Espada Fish ($113.02 in chips) 
Seat 4: equilibrium_tv ($33.57 in chips) 
Seat 5: nikalas22 ($109.57 in chips) 
Seat 6: Manifestorr ($101.46 in chips) 
Manifestorr: posts small blind $0.50
BenCampbel10: posts big blind $1
*** HOLE CARDS ***
heureuxsansrien: calls $1
Espada Fish: folds 
equilibrium_tv: folds 
nikalas22: folds 
Manifestorr: folds 
BenCampbel10: checks 
*** FLOP *** [4s 9c Ah]
BenCampbel10: checks 
heureuxsansrien: checks 
*** TURN *** [4s 9c Ah] [4d]
BenCampbel10: bets $1
heureuxsansrien: folds 
Uncalled bet ($1) returned to BenCampbel10
BenCampbel10 collected $2.38 from pot
*** SUMMARY ***
Total pot $2.50 | Rake $0.12 
Board [4s 9c Ah 4d]
Seat 1: BenCampbel10 (big blind) collected ($2.38)
Seat 2: heureuxsansrien folded on the Turn
Seat 3: Espada Fish folded before Flop (didn't bet)
Seat 4: equilibrium_tv folded before Flop (didn't bet)
Seat 5: nikalas22 (button) folded before Flop (didn't bet)
Seat 6: Manifestorr (small blind) folded before Flop



PokerStars Hand #254375628836:  Hold'em No Limit ($0.50/$1.00 USD) - 2025/01/14 0:18:28 WET [2025/01/14 19:18:28 ET]
Table 'Massalia III' 6-max Seat #6 is the button
Seat 1: BenCampbel10 ($114.22 in chips) 
Seat 2: heureuxsansrien ($41.73 in chips) 
Seat 3: Espada Fish ($113.02 in chips) 
Seat 4: equilibrium_tv ($44.57 in chips) 
Seat 5: nikalas22 ($109.57 in chips) 
Seat 6: Manifestorr ($100.96 in chips) 
BenCampbel10: posts small blind $0.50
heureuxsansrien: posts big blind $1
*** HOLE CARDS ***
Espada Fish: folds 
equilibrium_tv: folds 
nikalas22: raises $1.50 to $2.50
Manifestorr: folds 
BenCampbel10: folds 
heureuxsansrien: calls $1.50
*** FLOP *** [Ah 5s Ks]
heureuxsansrien: checks 
nikalas22: checks 
*** TURN *** [Ah 5s Ks] [3c]
heureuxsansrien: checks 
nikalas22: checks 
*** RIVER *** [Ah 5s Ks 3c] [3d]
heureuxsansrien: checks 
nikalas22: bets $1.57
heureuxsansrien: calls $1.57
*** SHOW DOWN ***
nikalas22: shows [9d 8d] (a pair of Threes)
heureuxsansrien: shows [2d 2s] (two pair, Threes and Deuces)
heureuxsansrien collected $8.21 from pot
*** SUMMARY ***
Total pot $8.64 | Rake $0.43 
Board [Ah 5s Ks 3c 3d]
Seat 1: BenCampbel10 (small blind) folded before Flop
Seat 2: heureuxsansrien (big blind) showed [2d 2s] and won ($8.21) with two pair, Threes and Deuces
Seat 3: Espada Fish folded before Flop (didn't bet)
Seat 4: equilibrium_tv folded before Flop (didn't bet)
Seat 5: nikalas22 showed [9d 8d] and lost with a pair of Threes
Seat 6: Manifestorr (button) folded before Flop (didn't bet)



PokerStars Hand #254375635922:  Hold'em No Limit ($0.50/$1.00 USD) - 2025/01/14 0:19:02 WET [2025/01/14 19:19:02 ET]
Table 'Massalia III' 6-max Seat #1 is the button
Seat 1: BenCampbel10 ($113.72 in chips) 
Seat 2: heureuxsansrien ($45.87 in chips) 
Seat 3: Espada Fish ($113.02 in chips) 
Seat 4: equilibrium_tv ($44.57 in chips) 
Seat 5: nikalas22 ($105.50 in chips) 
Seat 6: Manifestorr ($100.96 in chips) 
heureuxsansrien: posts small blind $0.50
Espada Fish: posts big blind $1
*** HOLE CARDS ***
equilibrium_tv: raises $1 to $2
nikalas22: folds 
Manifestorr: folds 
BenCampbel10: folds 
heureuxsansrien: folds 
Espada Fish: calls $1
*** FLOP *** [8d 2d 2c]
Espada Fish: checks 
equilibrium_tv: bets $1.41
Espada Fish: folds 
Uncalled bet ($1.41) returned to equilibrium_tv
equilibrium_tv collected $4.28 from pot
*** SUMMARY ***
Total pot $4.50 | Rake $0.22 
Board [8d 2d 2c]
Seat 1: BenCampbel10 (button) folded before Flop (didn't bet)
Seat 2: heureuxsansrien (small blind) folded before Flop
Seat 3: Espada Fish (big blind) folded on the Flop
Seat 4: equilibrium_tv collected ($4.28)
Seat 5: nikalas22 folded before Flop (didn't bet)
Seat 6: Manifestorr folded before Flop (didn't bet)



PokerStars Hand #254375644361:  Hold'em No Limit ($0.50/$1.00 USD) - 2025/01/14 0:19:43 WET [2025/01/14 19:19:43 ET]
Table 'Massalia III' 6-max Seat #2 is the button
Seat 1: BenCampbel10 ($113.72 in chips) 
Seat 2: heureuxsansrien ($45.37 in chips) 
Seat 3: Espada Fish ($111.02 in chips) 
Seat 4: equilibrium_tv ($46.85 in chips) 
Seat 5: nikalas22 ($105.50 in chips) 
Seat 6: Manifestorr ($100.96 in chips) 
Espada Fish: posts small blind $0.50
equilibrium_tv: posts big blind $1
*** HOLE CARDS ***
nikalas22: folds 
Manifestorr: raises $1.20 to $2.20
BenCampbel10: folds 
heureuxsansrien: folds 
Espada Fish: folds 
equilibrium_tv: calls $1.20
*** FLOP *** [6h 3c 7d]
equilibrium_tv: bets $2.33
Manifestorr: folds 
Uncalled bet ($2.33) returned to equilibrium_tv
equilibrium_tv collected $4.66 from pot
*** SUMMARY ***
Total pot $4.90 | Rake $0.24 
Board [6h 3c 7d]
Seat 1: BenCampbel10 folded before Flop (didn't bet)
Seat 2: heureuxsansrien (button) folded before Flop (didn't bet)
Seat 3: Espada Fish (small blind) folded before Flop
Seat 4: equilibrium_tv (big blind) collected ($4.66)
Seat 5: nikalas22 folded before Flop (didn't bet)
Seat 6: Manifestorr folded on the Flop



PokerStars Hand #254375650018:  Hold'em No Limit ($0.50/$1.00 USD) - 2025/01/14 0:20:10 WET [2025/01/14 19:20:10 ET]
Table 'Massalia III' 6-max Seat #3 is the button
Seat 1: BenCampbel10 ($113.72 in chips) 
Seat 2: heureuxsansrien ($45.37 in chips) 
Seat 3: Espada Fish ($110.52 in chips) 
Seat 4: equilibrium_tv ($49.31 in chips) 
Seat 5: nikalas22 ($105.50 in chips) 
Seat 6: Manifestorr ($100 in chips) 
equilibrium_tv: posts small blind $0.50
nikalas22: posts big blind $1
*** HOLE CARDS ***
Manifestorr: folds 
BenCampbel10: folds 
heureuxsansrien: calls $1
Espada Fish: folds 
equilibrium_tv: folds 
nikalas22: checks 
*** FLOP *** [5h 4c Td]
nikalas22: checks 
heureuxsansrien: bets $2
nikalas22: calls $2
*** TURN *** [5h 4c Td] [2h]
nikalas22: checks 
heureuxsansrien: bets $2
nikalas22: raises $7.64 to $9.64
heureuxsansrien: folds 
Uncalled bet ($7.64) returned to nikalas22
nikalas22 collected $9.98 from pot
nikalas22: doesn't show hand 
*** SUMMARY ***
Total pot $10.50 | Rake $0.52 
Board [5h 4c Td 2h]
Seat 1: BenCampbel10 folded before Flop (didn't bet)
Seat 2: heureuxsansrien folded on the Turn
Seat 3: Espada Fish (button) folded before Flop (didn't bet)
Seat 4: equilibrium_tv (small blind) folded before Flop
Seat 5: nikalas22 (big blind) collected ($9.98)
Seat 6: Manifestorr folded before Flop (didn't bet)



PokerStars Hand #254375655646:  Hold'em No Limit ($0.50/$1.00 USD) - 2025/01/14 0:20:37 WET [2025/01/14 19:20:37 ET]
Table 'Massalia III' 6-max Seat #4 is the button
Seat 1: BenCampbel10 ($113.72 in chips) 
Seat 2: heureuxsansrien ($40.37 in chips) 
Seat 3: Espada Fish ($110.52 in chips) 
Seat 4: equilibrium_tv ($48.81 in chips) 
Seat 5: nikalas22 ($110.48 in chips) 
Seat 6: Manifestorr ($100 in chips) 
nikalas22: posts small blind $0.50
Manifestorr: posts big blind $1
*** HOLE CARDS ***
BenCampbel10: folds 
heureuxsansrien: calls $1
Espada Fish: folds 
equilibrium_tv: folds 
nikalas22: folds 
Manifestorr: checks 
*** FLOP *** [3h 7d Ts]
Manifestorr: bets $1.19
heureuxsansrien: calls $1.19
*** TURN *** [3h 7d Ts] [Td]
Manifestorr: bets $6.26
heureuxsansrien: folds 
Uncalled bet ($6.26) returned to Manifestorr
Manifestorr collected $4.64 from pot
*** SUMMARY ***
Total pot $4.88 | Rake $0.24 
Board [3h 7d Ts Td]
Seat 1: BenCampbel10 folded before Flop (didn't bet)
Seat 2: heureuxsansrien folded on the Turn
Seat 3: Espada Fish folded before Flop (didn't bet)
Seat 4: equilibrium_tv (button) folded before Flop (didn't bet)
Seat 5: nikalas22 (small blind) folded before Flop
Seat 6: Manifestorr (big blind) collected ($4.64)



PokerStars Hand #254375661120:  Hold'em No Limit ($0.50/$1.00 USD) - 2025/01/14 0:21:03 WET [2025/01/14 19:21:03 ET]
Table 'Massalia III' 6-max Seat #5 is the button
Seat 1: BenCampbel10 ($113.72 in chips) 
Seat 2: heureuxsansrien ($38.18 in chips) 
Seat 3: Espada Fish ($110.52 in chips) 
Seat 4: equilibrium_tv ($48.81 in chips) 
Seat 5: nikalas22 ($109.98 in chips) 
Seat 6: Manifestorr ($102.45 in chips) 
Manifestorr: posts small blind $0.50
BenCampbel10: posts big blind $1
*** HOLE CARDS ***
heureuxsansrien: calls $1
Espada Fish: folds 
equilibrium_tv: folds 
nikalas22: folds 
Manifestorr: folds 
BenCampbel10: raises $2.70 to $3.70
heureuxsansrien: calls $2.70
*** FLOP *** [5s 3c Ah]
BenCampbel10: bets $2
heureuxsansrien: calls $2
*** TURN *** [5s 3c Ah] [6h]
BenCampbel10: checks 
heureuxsansrien: checks 
*** RIVER *** [5s 3c Ah 6h] [6d]
BenCampbel10: bets $3.90
heureuxsansrien: calls $3.90
*** SHOW DOWN ***
BenCampbel10: shows [As 4s] (two pair, Aces and Sixes)
heureuxsansrien: mucks hand 
BenCampbel10 collected $18.72 from pot
*** SUMMARY ***
Total pot $19.70 | Rake $0.98 
Board [5s 3c Ah 6h 6d]
Seat 1: BenCampbel10 (big blind) showed [As 4s] and won ($18.72) with two pair, Aces and Sixes
Seat 2: heureuxsansrien mucked
Seat 3: Espada Fish folded before Flop (didn't bet)
Seat 4: equilibrium_tv folded before Flop (didn't bet)
Seat 5: nikalas22 (button) folded before Flop (didn't bet)
Seat 6: Manifestorr (small blind) folded before Flop



PokerStars Hand #254375671067:  Hold'em No Limit ($0.50/$1.00 USD) - 2025/01/14 0:21:51 WET [2025/01/14 19:21:51 ET]
Table 'Massalia III' 6-max Seat #6 is the button
Seat 1: BenCampbel10 ($122.84 in chips) 
Seat 2: heureuxsansrien ($28.58 in chips) 
Seat 3: Espada Fish ($110.52 in chips) 
Seat 4: equilibrium_tv ($48.81 in chips) 
Seat 5: nikalas22 ($109.98 in chips) 
Seat 6: Manifestorr ($101.95 in chips) 
BenCampbel10: posts small blind $0.50
heureuxsansrien: posts big blind $1
*** HOLE CARDS ***
Espada Fish: folds 
equilibrium_tv: folds 
nikalas22: folds 
Manifestorr: folds 
BenCampbel10: folds 
Uncalled bet ($0.50) returned to heureuxsansrien
heureuxsansrien collected $1 from pot
heureuxsansrien: doesn't show hand 
*** SUMMARY ***
Total pot $1 | Rake $0 
Seat 1: BenCampbel10 (small blind) folded before Flop
Seat 2: heureuxsansrien (big blind) collected ($1)
Seat 3: Espada Fish folded before Flop (didn't bet)
Seat 4: equilibrium_tv folded before Flop (didn't bet)
Seat 5: nikalas22 folded before Flop (didn't bet)
Seat 6: Manifestorr (button) folded before Flop (didn't bet)



PokerStars Hand #254375673836:  Hold'em No Limit ($0.50/$1.00 USD) - 2025/01/14 0:22:04 WET [2025/01/14 19:22:04 ET]
Table 'Massalia III' 6-max Seat #1 is the button
Seat 1: BenCampbel10 ($122.34 in chips) 
Seat 2: heureuxsansrien ($29.08 in chips) 
Seat 3: Espada Fish ($110.52 in chips) 
Seat 4: equilibrium_tv ($48.81 in chips) 
Seat 5: nikalas22 ($109.98 in chips) 
Seat 6: Manifestorr ($101.95 in chips) 
heureuxsansrien: posts small blind $0.50
Espada Fish: posts big blind $1
*** HOLE CARDS ***
equilibrium_tv: folds 
nikalas22: raises $1.50 to $2.50
Manifestorr: folds 
BenCampbel10: folds 
heureuxsansrien: calls $2
Espada Fish: folds 
*** FLOP *** [5c Ac Ts]
heureuxsansrien: checks 
nikalas22: checks 
*** TURN *** [5c Ac Ts] [Jc]
heureuxsansrien: checks 
nikalas22: checks 
*** RIVER *** [5c Ac Ts Jc] [9d]
heureuxsansrien: checks 
nikalas22: checks 
*** SHOW DOWN ***
heureuxsansrien: shows [2d Js] (a pair of Jacks)
nikalas22: mucks hand 
heureuxsansrien collected $5.70 from pot
*** SUMMARY ***
Total pot $6 | Rake $0.30 
Board [5c Ac Ts Jc 9d]
Seat 1: BenCampbel10 (button) folded before Flop (didn't bet)
Seat 2: heureuxsansrien (small blind) showed [2d Js] and won ($5.70) with a pair of Jacks
Seat 3: Espada Fish (big blind) folded before Flop
Seat 4: equilibrium_tv folded before Flop (didn't bet)
Seat 5: nikalas22 mucked
Seat 6: Manifestorr folded before Flop (didn't bet)



PokerStars Hand #254375679009:  Hold'em No Limit ($0.50/$1.00 USD) - 2025/01/14 0:22:29 WET [2025/01/14 19:22:29 ET]
Table 'Massalia III' 6-max Seat #2 is the button
Seat 1: BenCampbel10 ($122.34 in chips) 
Seat 2: heureuxsansrien ($32.28 in chips) 
Seat 3: Espada Fish ($109.52 in chips) 
Seat 4: equilibrium_tv ($48.81 in chips) 
Seat 5: nikalas22 ($107.48 in chips) 
Seat 6: Manifestorr ($101.95 in chips) 
Espada Fish: posts small blind $0.50
equilibrium_tv: posts big blind $1
*** HOLE CARDS ***
nikalas22: raises $1.50 to $2.50
Manifestorr: folds 
BenCampbel10: folds 
heureuxsansrien: raises $2.50 to $5
Espada Fish: folds 
equilibrium_tv: folds 
nikalas22: calls $2.50
*** FLOP *** [Jd 7c Jh]
nikalas22: checks 
heureuxsansrien: bets $27.28 and is all-in
nikalas22: folds 
Uncalled bet ($27.28) returned to heureuxsansrien
heureuxsansrien collected $10.92 from pot
heureuxsansrien: doesn't show hand 
*** SUMMARY ***
Total pot $11.50 | Rake $0.58 
Board [Jd 7c Jh]
Seat 1: BenCampbel10 folded before Flop (didn't bet)
Seat 2: heureuxsansrien (button) collected ($10.92)
Seat 3: Espada Fish (small blind) folded before Flop
Seat 4: equilibrium_tv (big blind) folded before Flop
Seat 5: nikalas22 folded on the Flop
Seat 6: Manifestorr folded before Flop (didn't bet)



PokerStars Hand #254375684072:  Hold'em No Limit ($0.50/$1.00 USD) - 2025/01/14 0:22:54 WET [2025/01/14 19:22:54 ET]
Table 'Massalia III' 6-max Seat #3 is the button
Seat 1: BenCampbel10 ($122.34 in chips) 
Seat 2: heureuxsansrien ($38.20 in chips) 
Seat 3: Espada Fish ($109.02 in chips) 
Seat 4: equilibrium_tv ($47.81 in chips) 
Seat 5: nikalas22 ($102.48 in chips) 
Seat 6: Manifestorr ($101.95 in chips) 
equilibrium_tv: posts small blind $0.50
nikalas22: posts big blind $1
*** HOLE CARDS ***
Manifestorr: raises $1.20 to $2.20
BenCampbel10: folds 
heureuxsansrien: raises $2.20 to $4.40
Espada Fish: folds 
Manifestorr is disconnected 
equilibrium_tv: folds 
nikalas22: folds 
Manifestorr is connected 
Manifestorr has timed out
Manifestorr: folds 
Uncalled bet ($2.20) returned to heureuxsansrien
heureuxsansrien collected $5.90 from pot
heureuxsansrien: doesn't show hand 
*** SUMMARY ***
Total pot $5.90 | Rake $0 
Seat 1: BenCampbel10 folded before Flop (didn't bet)
Seat 2: heureuxsansrien collected ($5.90)
Seat 3: Espada Fish (button) folded before Flop (didn't bet)
Seat 4: equilibrium_tv (small blind) folded before Flop
Seat 5: nikalas22 (big blind) folded before Flop
Seat 6: Manifestorr folded before Flop



PokerStars Hand #254375693863:  Hold'em No Limit ($0.50/$1.00 USD) - 2025/01/14 0:23:42 WET [2025/01/14 19:23:42 ET]
Table 'Massalia III' 6-max Seat #4 is the button
Seat 6: Manifestorr ($100 in chips) is sitting out
Seat 1: BenCampbel10 ($122.34 in chips) 
Seat 2: heureuxsansrien ($41.90 in chips) 
Seat 3: Espada Fish ($109.02 in chips) 
Seat 4: equilibrium_tv ($47.31 in chips) 
Seat 5: nikalas22 ($101.48 in chips) 
nikalas22: posts small blind $0.50
BenCampbel10: posts big blind $1
*** HOLE CARDS ***
heureuxsansrien: calls $1
Espada Fish: folds 
equilibrium_tv: folds 
nikalas22: folds 
BenCampbel10: checks 
*** FLOP *** [Kd Ts 6d]
BenCampbel10: checks 
heureuxsansrien: checks 
*** TURN *** [Kd Ts 6d] [3h]
BenCampbel10: bets $1
heureuxsansrien: folds 
Uncalled bet ($1) returned to BenCampbel10
BenCampbel10 collected $2.38 from pot
BenCampbel10: doesn't show hand 
*** SUMMARY ***
Total pot $2.50 | Rake $0.12 
Board [Kd Ts 6d 3h]
Seat 6: Manifestorr
Seat 1: BenCampbel10 (big blind) collected ($2.38)
Seat 2: heureuxsansrien folded on the Turn
Seat 3: Espada Fish folded before Flop (didn't bet)
Seat 4: equilibrium_tv (button) folded before Flop (didn't bet)
Seat 5: nikalas22 (small blind) folded before Flop



PokerStars Hand #254375700010:  Hold'em No Limit ($0.50/$1.00 USD) - 2025/01/14 0:24:11 WET [2025/01/14 19:24:11 ET]
Table 'Massalia III' 6-max Seat #5 is the button
Seat 6: Manifestorr ($100 in chips) is sitting out
Seat 1: BenCampbel10 ($123.72 in chips) 
Seat 2: heureuxsansrien ($40.90 in chips) 
Seat 3: Espada Fish ($109.02 in chips) 
Seat 4: equilibrium_tv ($47.31 in chips) 
Seat 5: nikalas22 ($100.98 in chips) 
BenCampbel10: posts small blind $0.50
heureuxsansrien: posts big blind $1
*** HOLE CARDS ***
Espada Fish: folds 
equilibrium_tv: raises $1 to $2
nikalas22: folds 
BenCampbel10: raises $6 to $8
heureuxsansrien: folds 
equilibrium_tv: folds 
Uncalled bet ($6) returned to BenCampbel10
BenCampbel10 collected $5 from pot
BenCampbel10: doesn't show hand 
*** SUMMARY ***
Total pot $5 | Rake $0 
Seat 6: Manifestorr
Seat 1: BenCampbel10 (small blind) collected ($5)
Seat 2: heureuxsansrien (big blind) folded before Flop
Seat 3: Espada Fish folded before Flop (didn't bet)
Seat 4: equilibrium_tv folded before Flop
Seat 5: nikalas22 (button) folded before Flop (didn't bet)



PokerStars Hand #254375706579:  Hold'em No Limit ($0.50/$1.00 USD) - 2025/01/14 0:24:44 WET [2025/01/14 19:24:44 ET]
Table 'Massalia III' 6-max Seat #1 is the button
Seat 1: BenCampbel10 ($126.72 in chips) 
Seat 2: heureuxsansrien ($39.90 in chips) 
Seat 3: Espada Fish ($109.02 in chips) 
Seat 4: equilibrium_tv ($45.31 in chips) 
Seat 5: nikalas22 ($100.98 in chips) 
Seat 6: Manifestorr ($100 in chips) 
heureuxsansrien: posts small blind $0.50
Espada Fish: posts big blind $1
Manifestorr: posts small & big blinds $1.50
*** HOLE CARDS ***
equilibrium_tv: folds 
nikalas22: folds 
Manifestorr: checks 
BenCampbel10: folds 
heureuxsansrien: raises $4 to $5
Espada Fish: folds 
Manifestorr: folds 
Uncalled bet ($4) returned to heureuxsansrien
heureuxsansrien collected $3.50 from pot
heureuxsansrien: doesn't show hand 
*** SUMMARY ***
Total pot $3.50 | Rake $0 
Seat 1: BenCampbel10 (button) folded before Flop (didn't bet)
Seat 2: heureuxsansrien (small blind) collected ($3.50)
Seat 3: Espada Fish (big blind) folded before Flop
Seat 4: equilibrium_tv folded before Flop (didn't bet)
Seat 5: nikalas22 folded before Flop (didn't bet)
Seat 6: Manifestorr folded before Flop (didn't bet)



PokerStars Hand #254375711388:  Hold'em No Limit ($0.50/$1.00 USD) - 2025/01/14 0:25:08 WET [2025/01/14 19:25:08 ET]
Table 'Massalia III' 6-max Seat #2 is the button
Seat 1: BenCampbel10 ($126.72 in chips) 
Seat 2: heureuxsansrien ($42.40 in chips) 
Seat 3: Espada Fish ($108.02 in chips) 
Seat 4: equilibrium_tv ($45.31 in chips) 
Seat 5: nikalas22 ($100.98 in chips) 
Seat 6: Manifestorr ($100 in chips) 
Espada Fish: posts small blind $0.50
equilibrium_tv: posts big blind $1
*** HOLE CARDS ***
nikalas22: folds 
Manifestorr: folds 
BenCampbel10: folds 
heureuxsansrien: folds 
Espada Fish: folds 
Uncalled bet ($0.50) returned to equilibrium_tv
equilibrium_tv collected $1 from pot
*** SUMMARY ***
Total pot $1 | Rake $0 
Seat 1: BenCampbel10 folded before Flop (didn't bet)
Seat 2: heureuxsansrien (button) folded before Flop (didn't bet)
Seat 3: Espada Fish (small blind) folded before Flop
Seat 4: equilibrium_tv (big blind) collected ($1)
Seat 5: nikalas22 folded before Flop (didn't bet)
Seat 6: Manifestorr folded before Flop (didn't bet)



PokerStars Hand #254375713843:  Hold'em No Limit ($0.50/$1.00 USD) - 2025/01/14 0:25:20 WET [2025/01/14 19:25:20 ET]
Table 'Massalia III' 6-max Seat #3 is the button
Seat 1: BenCampbel10 ($126.72 in chips) 
Seat 2: heureuxsansrien ($42.40 in chips) 
Seat 3: Espada Fish ($107.52 in chips) 
Seat 4: equilibrium_tv ($45.81 in chips) 
Seat 5: nikalas22 ($100.98 in chips) 
Seat 6: Manifestorr ($100 in chips) 
equilibrium_tv: posts small blind $0.50
nikalas22: posts big blind $1
*** HOLE CARDS ***
Manifestorr: folds 
BenCampbel10: folds 
heureuxsansrien: folds 
Espada Fish: raises $1.50 to $2.50
equilibrium_tv: folds 
nikalas22: folds 
Uncalled bet ($1.50) returned to Espada Fish
Espada Fish collected $2.50 from pot
Espada Fish: doesn't show hand 
*** SUMMARY ***
Total pot $2.50 | Rake $0 
Seat 1: BenCampbel10 folded before Flop (didn't bet)
Seat 2: heureuxsansrien folded before Flop (didn't bet)
Seat 3: Espada Fish (button) collected ($2.50)
Seat 4: equilibrium_tv (small blind) folded before Flop
Seat 5: nikalas22 (big blind) folded before Flop
Seat 6: Manifestorr folded before Flop (didn't bet)



PokerStars Hand #254375717296:  Hold'em No Limit ($0.50/$1.00 USD) - 2025/01/14 0:25:37 WET [2025/01/14 19:25:37 ET]
Table 'Massalia III' 6-max Seat #4 is the button
Seat 1: BenCampbel10 ($126.72 in chips) 
Seat 2: heureuxsansrien ($42.40 in chips) 
Seat 3: Espada Fish ($109.02 in chips) 
Seat 4: equilibrium_tv ($45.31 in chips) 
Seat 5: nikalas22 ($100 in chips) 
Seat 6: Manifestorr ($100 in chips) 
nikalas22: posts small blind $0.50
Manifestorr: posts big blind $1
*** HOLE CARDS ***
BenCampbel10: raises $1 to $2
heureuxsansrien: folds 
Espada Fish: folds 
equilibrium_tv: folds 
nikalas22: folds 
Manifestorr: folds 
Uncalled bet ($1) returned to BenCampbel10
BenCampbel10 collected $2.50 from pot
BenCampbel10: doesn't show hand 
*** SUMMARY ***
Total pot $2.50 | Rake $0 
Seat 1: BenCampbel10 collected ($2.50)
Seat 2: heureuxsansrien folded before Flop (didn't bet)
Seat 3: Espada Fish folded before Flop (didn't bet)
Seat 4: equilibrium_tv (button) folded before Flop (didn't bet)
Seat 5: nikalas22 (small blind) folded before Flop
Seat 6: Manifestorr (big blind) folded before Flop



PokerStars Hand #254375721428:  Hold'em No Limit ($0.50/$1.00 USD) - 2025/01/14 0:25:57 WET [2025/01/14 19:25:57 ET]
Table 'Massalia III' 6-max Seat #5 is the button
Seat 1: BenCampbel10 ($128.22 in chips) 
Seat 2: heureuxsansrien ($42.40 in chips) 
Seat 3: Espada Fish ($109.02 in chips) 
Seat 4: equilibrium_tv ($45.31 in chips) 
Seat 5: nikalas22 ($100 in chips) 
Seat 6: Manifestorr ($100 in chips) 
Manifestorr: posts small blind $0.50
BenCampbel10: posts big blind $1
*** HOLE CARDS ***
heureuxsansrien: calls $1
Espada Fish: folds 
equilibrium_tv: folds 
nikalas22: folds 
Manifestorr: folds 
BenCampbel10: checks 
*** FLOP *** [4d Th 9c]
BenCampbel10: checks 
heureuxsansrien: checks 
*** TURN *** [4d Th 9c] [Jd]
BenCampbel10: bets $1.70
heureuxsansrien: calls $1.70
*** RIVER *** [4d Th 9c Jd] [7h]
BenCampbel10: bets $2.80
heureuxsansrien: calls $2.80
*** SHOW DOWN ***
BenCampbel10: shows [Qs 5c] (high card Queen)
heureuxsansrien: shows [9d As] (a pair of Nines)
heureuxsansrien collected $10.92 from pot
*** SUMMARY ***
Total pot $11.50 | Rake $0.58 
Board [4d Th 9c Jd 7h]
Seat 1: BenCampbel10 (big blind) showed [Qs 5c] and lost with high card Queen
Seat 2: heureuxsansrien showed [9d As] and won ($10.92) with a pair of Nines
Seat 3: Espada Fish folded before Flop (didn't bet)
Seat 4: equilibrium_tv folded before Flop (didn't bet)
Seat 5: nikalas22 (button) folded before Flop (didn't bet)
Seat 6: Manifestorr (small blind) folded before Flop



PokerStars Hand #254375728366:  Hold'em No Limit ($0.50/$1.00 USD) - 2025/01/14 0:26:32 WET [2025/01/14 19:26:32 ET]
Table 'Massalia III' 6-max Seat #6 is the button
Seat 1: BenCampbel10 ($122.72 in chips) 
Seat 2: heureuxsansrien ($47.82 in chips) 
Seat 3: Espada Fish ($109.02 in chips) 
Seat 4: equilibrium_tv ($45.31 in chips) 
Seat 5: nikalas22 ($100 in chips) 
Seat 6: Manifestorr ($100 in chips) 
BenCampbel10: posts small blind $0.50
heureuxsansrien: posts big blind $1
*** HOLE CARDS ***
Espada Fish: folds 
equilibrium_tv: folds 
nikalas22: raises $1.50 to $2.50
Manifestorr: folds 
BenCampbel10: folds 
heureuxsansrien: calls $1.50
*** FLOP *** [3c As 5d]
heureuxsansrien: checks 
nikalas22: bets $1.57
heureuxsansrien: calls $1.57
*** TURN *** [3c As 5d] [Ah]
heureuxsansrien: checks 
nikalas22: bets $6.16
heureuxsansrien: folds 
Uncalled bet ($6.16) returned to nikalas22
nikalas22 collected $8.21 from pot
nikalas22: doesn't show hand 
*** SUMMARY ***
Total pot $8.64 | Rake $0.43 
Board [3c As 5d Ah]
Seat 1: BenCampbel10 (small blind) folded before Flop
Seat 2: heureuxsansrien (big blind) folded on the Turn
Seat 3: Espada Fish folded before Flop (didn't bet)
Seat 4: equilibrium_tv folded before Flop (didn't bet)
Seat 5: nikalas22 collected ($8.21)
Seat 6: Manifestorr (button) folded before Flop (didn't bet)



PokerStars Hand #254375735694:  Hold'em No Limit ($0.50/$1.00 USD) - 2025/01/14 0:27:08 WET [2025/01/14 19:27:08 ET]
Table 'Massalia III' 6-max Seat #1 is the button
Seat 1: BenCampbel10 ($122.22 in chips) 
Seat 2: heureuxsansrien ($43.75 in chips) 
Seat 3: Espada Fish ($109.02 in chips) 
Seat 4: equilibrium_tv ($45.31 in chips) 
Seat 5: nikalas22 ($104.14 in chips) 
Seat 6: Manifestorr ($100 in chips) 
heureuxsansrien: posts small blind $0.50
Espada Fish: posts big blind $1
*** HOLE CARDS ***
equilibrium_tv: folds 
nikalas22: folds 
Manifestorr: folds 
BenCampbel10: folds 
heureuxsansrien: raises $1 to $2
Espada Fish: calls $1
*** FLOP *** [Jh 3d Ad]
heureuxsansrien: bets $2
Espada Fish: folds 
Uncalled bet ($2) returned to heureuxsansrien
heureuxsansrien collected $3.80 from pot
heureuxsansrien: doesn't show hand 
*** SUMMARY ***
Total pot $4 | Rake $0.20 
Board [Jh 3d Ad]
Seat 1: BenCampbel10 (button) folded before Flop (didn't bet)
Seat 2: heureuxsansrien (small blind) collected ($3.80)
Seat 3: Espada Fish (big blind) folded on the Flop
Seat 4: equilibrium_tv folded before Flop (didn't bet)
Seat 5: nikalas22 folded before Flop (didn't bet)
Seat 6: Manifestorr folded before Flop (didn't bet)



PokerStars Hand #254375742572:  Hold'em No Limit ($0.50/$1.00 USD) - 2025/01/14 0:27:43 WET [2025/01/14 19:27:43 ET]
Table 'Massalia III' 6-max Seat #2 is the button
Seat 1: BenCampbel10 ($122.22 in chips) 
Seat 2: heureuxsansrien ($45.55 in chips) 
Seat 3: Espada Fish ($107.02 in chips) 
Seat 4: equilibrium_tv ($45.31 in chips) 
Seat 5: nikalas22 ($104.14 in chips) 
Seat 6: Manifestorr ($100 in chips) 
Espada Fish: posts small blind $0.50
equilibrium_tv: posts big blind $1
*** HOLE CARDS ***
nikalas22: raises $1.50 to $2.50
Manifestorr: folds 
BenCampbel10: folds 
heureuxsansrien: folds 
Espada Fish: folds 
equilibrium_tv: folds 
Uncalled bet ($1.50) returned to nikalas22
nikalas22 collected $2.50 from pot
nikalas22: doesn't show hand 
*** SUMMARY ***
Total pot $2.50 | Rake $0 
Seat 1: BenCampbel10 folded before Flop (didn't bet)
Seat 2: heureuxsansrien (button) folded before Flop (didn't bet)
Seat 3: Espada Fish (small blind) folded before Flop
Seat 4: equilibrium_tv (big blind) folded before Flop
Seat 5: nikalas22 collected ($2.50)
Seat 6: Manifestorr folded before Flop (didn't bet)



PokerStars Hand #254375744946:  Hold'em No Limit ($0.50/$1.00 USD) - 2025/01/14 0:27:55 WET [2025/01/14 19:27:55 ET]
Table 'Massalia III' 6-max Seat #3 is the button
Seat 1: BenCampbel10 ($122.22 in chips) 
Seat 2: heureuxsansrien ($45.55 in chips) 
Seat 3: Espada Fish ($106.52 in chips) 
Seat 4: equilibrium_tv ($44.31 in chips) 
Seat 5: nikalas22 ($105.64 in chips) 
Seat 6: Manifestorr ($100 in chips) 
equilibrium_tv: posts small blind $0.50
nikalas22: posts big blind $1
*** HOLE CARDS ***
Manifestorr: folds 
BenCampbel10: folds 
heureuxsansrien: calls $1
Espada Fish: folds 
equilibrium_tv: folds 
nikalas22: raises $3 to $4
heureuxsansrien: calls $3
*** FLOP *** [Th Qd Tc]
nikalas22: bets $2.42
heureuxsansrien: calls $2.42
*** TURN *** [Th Qd Tc] [Ts]
nikalas22: checks 
heureuxsansrien: checks 
*** RIVER *** [Th Qd Tc Ts] [9d]
nikalas22: checks 
heureuxsansrien: bets $8
nikalas22: calls $8
*** SHOW DOWN ***
heureuxsansrien: shows [Jh 6h] (three of a kind, Tens)
nikalas22: shows [As 8s] (three of a kind, Tens - Ace kicker)
nikalas22 collected $27.87 from pot
*** SUMMARY ***
Total pot $29.34 | Rake $1.47 
Board [Th Qd Tc Ts 9d]
Seat 1: BenCampbel10 folded before Flop (didn't bet)
Seat 2: heureuxsansrien showed [Jh 6h] and lost with three of a kind, Tens
Seat 3: Espada Fish (button) folded before Flop (didn't bet)
Seat 4: equilibrium_tv (small blind) folded before Flop
Seat 5: nikalas22 (big blind) showed [As 8s] and won ($27.87) with three of a kind, Tens
Seat 6: Manifestorr folded before Flop (didn't bet)



PokerStars Hand #254375752976:  Hold'em No Limit ($0.50/$1.00 USD) - 2025/01/14 0:28:35 WET [2025/01/14 19:28:35 ET]
Table 'Massalia III' 6-max Seat #4 is the button
Seat 1: BenCampbel10 ($122.22 in chips) 
Seat 2: heureuxsansrien ($31.13 in chips) 
Seat 3: Espada Fish ($106.52 in chips) 
Seat 4: equilibrium_tv ($43.81 in chips) 
Seat 5: nikalas22 ($119.09 in chips) 
Seat 6: Manifestorr ($100 in chips) 
nikalas22: posts small blind $0.50
Manifestorr: posts big blind $1
*** HOLE CARDS ***
BenCampbel10: folds 
heureuxsansrien: folds 
Espada Fish: folds 
equilibrium_tv: raises $1 to $2
nikalas22: raises $8 to $10
Manifestorr: folds 
equilibrium_tv: folds 
Uncalled bet ($8) returned to nikalas22
nikalas22 collected $5 from pot
nikalas22: doesn't show hand 
*** SUMMARY ***
Total pot $5 | Rake $0 
Seat 1: BenCampbel10 folded before Flop (didn't bet)
Seat 2: heureuxsansrien folded before Flop (didn't bet)
Seat 3: Espada Fish folded before Flop (didn't bet)
Seat 4: equilibrium_tv (button) folded before Flop
Seat 5: nikalas22 (small blind) collected ($5)
Seat 6: Manifestorr (big blind) folded before Flop



PokerStars Hand #254375778941:  Hold'em No Limit ($0.50/$1.00 USD) - 2025/01/14 0:30:46 WET [2025/01/14 19:30:46 ET]
Table 'Massalia III' 6-max Seat #3 is the button
Seat 1: BenCampbel10 ($120.72 in chips) 
Seat 2: heureuxsansrien ($33.23 in chips) 
Seat 3: Espada Fish ($105.02 in chips) 
Seat 4: equilibrium_tv ($40.81 in chips) 
Seat 5: nikalas22 ($122.09 in chips) 
Seat 6: Manifestorr ($101.05 in chips) 
equilibrium_tv: posts small blind $0.50
nikalas22: posts big blind $1
*** HOLE CARDS ***
Manifestorr: folds 
BenCampbel10: folds 
heureuxsansrien: calls $1
Espada Fish: raises $2.50 to $3.50
equilibrium_tv: folds 
nikalas22: folds 
heureuxsansrien: raises $2.50 to $6
Espada Fish: calls $2.50
*** FLOP *** [5d 8c 3h]
heureuxsansrien: checks 
Espada Fish: bets $4.23
heureuxsansrien: raises $4.23 to $8.46
Espada Fish: folds 
Uncalled bet ($4.23) returned to heureuxsansrien
heureuxsansrien collected $20.86 from pot
heureuxsansrien: doesn't show hand 
*** SUMMARY ***
Total pot $21.96 | Rake $1.10 
Board [5d 8c 3h]
Seat 1: BenCampbel10 folded before Flop (didn't bet)
Seat 2: heureuxsansrien collected ($20.86)
Seat 3: Espada Fish (button) folded on the Flop
Seat 4: equilibrium_tv (small blind) folded before Flop
Seat 5: nikalas22 (big blind) folded before Flop
Seat 6: Manifestorr folded before Flop (didn't bet)



PokerStars Hand #254375791043:  Hold'em No Limit ($0.50/$1.00 USD) - 2025/01/14 0:31:47 WET [2025/01/14 19:31:47 ET]
Table 'Massalia III' 6-max Seat #4 is the button
Seat 1: BenCampbel10 ($120.72 in chips) 
Seat 2: heureuxsansrien ($43.86 in chips) 
Seat 3: Espada Fish ($100 in chips) 
Seat 4: equilibrium_tv ($40.31 in chips) 
Seat 5: nikalas22 ($121.09 in chips) 
Seat 6: Manifestorr ($101.05 in chips) 
nikalas22: posts small blind $0.50
Manifestorr: posts big blind $1
*** HOLE CARDS ***
BenCampbel10: raises $1 to $2
heureuxsansrien: folds 
Espada Fish: folds 
equilibrium_tv: folds 
nikalas22: folds 
Manifestorr: folds 
Uncalled bet ($1) returned to BenCampbel10
BenCampbel10 collected $2.50 from pot
BenCampbel10: doesn't show hand 
*** SUMMARY ***
Total pot $2.50 | Rake $0 
Seat 1: BenCampbel10 collected ($2.50)
Seat 2: heureuxsansrien folded before Flop (didn't bet)
Seat 3: Espada Fish folded before Flop (didn't bet)
Seat 4: equilibrium_tv (button) folded before Flop (didn't bet)
Seat 5: nikalas22 (small blind) folded before Flop
Seat 6: Manifestorr (big blind) folded before Flop



PokerStars Hand #254375793303:  Hold'em No Limit ($0.50/$1.00 USD) - 2025/01/14 0:31:58 WET [2025/01/14 19:31:58 ET]
Table 'Massalia III' 6-max Seat #5 is the button
Seat 1: BenCampbel10 ($122.22 in chips) is sitting out
Seat 2: heureuxsansrien ($43.86 in chips) 
Seat 3: Espada Fish ($100 in chips) 
Seat 4: equilibrium_tv ($40.31 in chips) 
Seat 5: nikalas22 ($120.59 in chips) 
Seat 6: Manifestorr ($100.05 in chips) 
Manifestorr: posts small blind $0.50
BenCampbel10: is sitting out 
heureuxsansrien: posts big blind $1
*** HOLE CARDS ***
BenCampbel10 leaves the table
Espada Fish: raises $1.20 to $2.20
ImaPeppaPig joins the table at seat #1 
equilibrium_tv: folds 
nikalas22: raises $5.80 to $8
Manifestorr: folds 
heureuxsansrien: folds 
Espada Fish: folds 
Uncalled bet ($5.80) returned to nikalas22
nikalas22 collected $5.90 from pot
nikalas22: doesn't show hand 
*** SUMMARY ***
Total pot $5.90 | Rake $0 
Seat 1: BenCampbel10
Seat 2: heureuxsansrien (big blind) folded before Flop
Seat 3: Espada Fish folded before Flop
Seat 4: equilibrium_tv folded before Flop (didn't bet)
Seat 5: nikalas22 (button) collected ($5.90)
Seat 6: Manifestorr (small blind) folded before Flop



PokerStars Hand #254375799368:  Hold'em No Limit ($0.50/$1.00 USD) - 2025/01/14 0:32:28 WET [2025/01/14 19:32:28 ET]
Table 'Massalia III' 6-max Seat #6 is the button
Seat 1: ImaPeppaPig ($100 in chips) is sitting out
Seat 2: heureuxsansrien ($42.86 in chips) 
Seat 3: Espada Fish ($100 in chips) 
Seat 4: equilibrium_tv ($40.31 in chips) 
Seat 5: nikalas22 ($124.29 in chips) 
Seat 6: Manifestorr ($100 in chips) 
heureuxsansrien: posts small blind $0.50
Espada Fish: posts big blind $1
*** HOLE CARDS ***
equilibrium_tv: folds 
nikalas22: folds 
Manifestorr: raises $1.20 to $2.20
heureuxsansrien: folds 
Espada Fish: folds 
Uncalled bet ($1.20) returned to Manifestorr
Manifestorr collected $2.50 from pot
*** SUMMARY ***
Total pot $2.50 | Rake $0 
Seat 1: ImaPeppaPig
Seat 2: heureuxsansrien (small blind) folded before Flop
Seat 3: Espada Fish (big blind) folded before Flop
Seat 4: equilibrium_tv folded before Flop (didn't bet)
Seat 5: nikalas22 folded before Flop (didn't bet)
Seat 6: Manifestorr (button) collected ($2.50)



PokerStars Hand #254375802360:  Hold'em No Limit ($0.50/$1.00 USD) - 2025/01/14 0:32:43 WET [2025/01/14 19:32:43 ET]
Table 'Massalia III' 6-max Seat #2 is the button
Seat 1: ImaPeppaPig ($100 in chips) is sitting out
Seat 4: equilibrium_tv ($40.31 in chips) is sitting out
Seat 2: heureuxsansrien ($42.36 in chips) 
Seat 3: Espada Fish ($100 in chips) 
Seat 5: nikalas22 ($124.29 in chips) 
Seat 6: Manifestorr ($101.50 in chips) 
Espada Fish: posts small blind $0.50
equilibrium_tv: is sitting out 
nikalas22: posts big blind $1
ImaPeppaPig: sits out 
*** HOLE CARDS ***
Manifestorr: folds 
equilibrium_tv leaves the table
tukeiron joins the table at seat #4 
heureuxsansrien: calls $1
Espada Fish: raises $3 to $4
nikalas22: calls $3
heureuxsansrien: calls $3
*** FLOP *** [Ac 5s Jc]
Espada Fish: bets $3.76
nikalas22: folds 
heureuxsansrien: folds 
Uncalled bet ($3.76) returned to Espada Fish
Espada Fish collected $11.40 from pot
Espada Fish: doesn't show hand 
*** SUMMARY ***
Total pot $12 | Rake $0.60 
Board [Ac 5s Jc]
Seat 1: ImaPeppaPig
Seat 4: equilibrium_tv
Seat 2: heureuxsansrien (button) folded on the Flop
Seat 3: Espada Fish (small blind) collected ($11.40)
Seat 5: nikalas22 (big blind) folded on the Flop
Seat 6: Manifestorr folded before Flop (didn't bet)



PokerStars Hand #254375810111:  Hold'em No Limit ($0.50/$1.00 USD) - 2025/01/14 0:33:22 WET [2025/01/14 19:33:22 ET]
Table 'Massalia III' 6-max Seat #3 is the button
Seat 1: ImaPeppaPig ($100 in chips) is sitting out
Seat 4: tukeiron ($100 in chips) is sitting out
Seat 2: heureuxsansrien ($38.36 in chips) 
Seat 3: Espada Fish ($107.40 in chips) 
Seat 5: nikalas22 ($120.29 in chips) 
Seat 6: Manifestorr ($101.50 in chips) 
nikalas22: posts small blind $0.50
Manifestorr: posts big blind $1
ImaPeppaPig: sits out 
*** HOLE CARDS ***
heureuxsansrien: folds 
Espada Fish: folds 
nikalas22: raises $2 to $3
Manifestorr: folds 
Uncalled bet ($2) returned to nikalas22
nikalas22 collected $2 from pot
nikalas22: doesn't show hand 
*** SUMMARY ***
Total pot $2 | Rake $0 
Seat 1: ImaPeppaPig
Seat 4: tukeiron
Seat 2: heureuxsansrien folded before Flop (didn't bet)
Seat 3: Espada Fish (button) folded before Flop (didn't bet)
Seat 5: nikalas22 (small blind) collected ($2)
Seat 6: Manifestorr (big blind) folded before Flop



PokerStars Hand #254375812188:  Hold'em No Limit ($0.50/$1.00 USD) - 2025/01/14 0:33:33 WET [2025/01/14 19:33:33 ET]
Table 'Massalia III' 6-max Seat #5 is the button
Seat 4: tukeiron ($100 in chips) is sitting out
Seat 1: ImaPeppaPig ($100 in chips) 
Seat 2: heureuxsansrien ($38.36 in chips) 
Seat 3: Espada Fish ($107.40 in chips) 
Seat 5: nikalas22 ($121.29 in chips) 
Seat 6: Manifestorr ($100.50 in chips) 
Manifestorr: posts small blind $0.50
ImaPeppaPig: posts big blind $1
tukeiron: sits out 
*** HOLE CARDS ***
heureuxsansrien: calls $1
Espada Fish: folds 
nikalas22: folds 
Manifestorr: folds 
ImaPeppaPig: checks 
*** FLOP *** [4h 8h Th]
ImaPeppaPig: checks 
heureuxsansrien: bets $3
ImaPeppaPig: folds 
Uncalled bet ($3) returned to heureuxsansrien
heureuxsansrien collected $2.38 from pot
heureuxsansrien: doesn't show hand 
*** SUMMARY ***
Total pot $2.50 | Rake $0.12 
Board [4h 8h Th]
Seat 4: tukeiron
Seat 1: ImaPeppaPig (big blind) folded on the Flop
Seat 2: heureuxsansrien collected ($2.38)
Seat 3: Espada Fish folded before Flop (didn't bet)
Seat 5: nikalas22 (button) folded before Flop (didn't bet)
Seat 6: Manifestorr (small blind) folded before Flop



PokerStars Hand #254375816969:  Hold'em No Limit ($0.50/$1.00 USD) - 2025/01/14 0:33:57 WET [2025/01/14 19:33:57 ET]
Table 'Massalia III' 6-max Seat #6 is the button
Seat 4: tukeiron ($100 in chips) is sitting out
Seat 1: ImaPeppaPig ($100 in chips) 
Seat 2: heureuxsansrien ($39.74 in chips) 
Seat 3: Espada Fish ($107.40 in chips) 
Seat 5: nikalas22 ($121.29 in chips) 
Seat 6: Manifestorr ($100 in chips) 
ImaPeppaPig: posts small blind $0.50
heureuxsansrien: posts big blind $1
tukeiron: sits out 
*** HOLE CARDS ***
Espada Fish: folds 
nikalas22: folds 
Manifestorr: folds 
ImaPeppaPig: folds 
Uncalled bet ($0.50) returned to heureuxsansrien
heureuxsansrien collected $1 from pot
heureuxsansrien: doesn't show hand 
*** SUMMARY ***
Total pot $1 | Rake $0 
Seat 4: tukeiron
Seat 1: ImaPeppaPig (small blind) folded before Flop
Seat 2: heureuxsansrien (big blind) collected ($1)
Seat 3: Espada Fish folded before Flop (didn't bet)
Seat 5: nikalas22 folded before Flop (didn't bet)
Seat 6: Manifestorr (button) folded before Flop (didn't bet)



PokerStars Hand #254375819324:  Hold'em No Limit ($0.50/$1.00 USD) - 2025/01/14 0:34:10 WET [2025/01/14 19:34:10 ET]
Table 'Massalia III' 6-max Seat #1 is the button
Seat 4: tukeiron ($100 in chips) is sitting out
Seat 1: ImaPeppaPig ($100 in chips) 
Seat 2: heureuxsansrien ($40.24 in chips) 
Seat 3: Espada Fish ($107.40 in chips) 
Seat 5: nikalas22 ($121.29 in chips) 
Seat 6: Manifestorr ($100 in chips) 
heureuxsansrien: posts small blind $0.50
Espada Fish: posts big blind $1
tukeiron: sits out 
*** HOLE CARDS ***
nikalas22: folds 
Manifestorr: folds 
ImaPeppaPig: folds 
heureuxsansrien: calls $0.50
Espada Fish: checks 
*** FLOP *** [9s 7c 9d]
heureuxsansrien: bets $3
Espada Fish: calls $3
*** TURN *** [9s 7c 9d] [2h]
heureuxsansrien: checks 
Espada Fish: bets $3.80
heureuxsansrien: calls $3.80
*** RIVER *** [9s 7c 9d 2h] [Td]
heureuxsansrien: checks 
Espada Fish: bets $11.12
heureuxsansrien: raises $13.12 to $24.24
Espada Fish: calls $13.12
*** SHOW DOWN ***
heureuxsansrien: shows [2d 2s] (a full house, Deuces full of Nines)
Espada Fish: mucks hand 
heureuxsansrien collected $61.58 from pot
*** SUMMARY ***
Total pot $64.08 | Rake $2.50 
Board [9s 7c 9d 2h Td]
Seat 4: tukeiron
Seat 1: ImaPeppaPig (button) folded before Flop (didn't bet)
Seat 2: heureuxsansrien (small blind) showed [2d 2s] and won ($61.58) with a full house, Deuces full of Nines
Seat 3: Espada Fish (big blind) mucked
Seat 5: nikalas22 folded before Flop (didn't bet)
Seat 6: Manifestorr folded before Flop (didn't bet)



PokerStars Hand #254375836394:  Hold'em No Limit ($0.50/$1.00 USD) - 2025/01/14 0:35:37 WET [2025/01/14 19:35:37 ET]
Table 'Massalia III' 6-max Seat #2 is the button
Seat 1: ImaPeppaPig ($100 in chips) 
Seat 2: heureuxsansrien ($69.78 in chips) 
Seat 3: Espada Fish ($100 in chips) 
Seat 4: tukeiron ($100 in chips) 
Seat 5: nikalas22 ($121.29 in chips) 
Seat 6: Manifestorr ($100 in chips) 
Espada Fish: posts small blind $0.50
tukeiron: posts big blind $1
*** HOLE CARDS ***
nikalas22: folds 
Manifestorr: raises $1.20 to $2.20
ImaPeppaPig: folds 
heureuxsansrien: calls $2.20
Espada Fish: folds 
tukeiron: calls $1.20
*** FLOP *** [4h 9d 3s]
tukeiron: checks 
Manifestorr: checks 
heureuxsansrien: bets $3
tukeiron: calls $3
Manifestorr: folds 
*** TURN *** [4h 9d 3s] [6d]
tukeiron: checks 
heureuxsansrien: checks 
*** RIVER *** [4h 9d 3s 6d] [8h]
tukeiron: checks 
heureuxsansrien: checks 
*** SHOW DOWN ***
tukeiron: shows [5s 9s] (a pair of Nines)
heureuxsansrien: mucks hand 
tukeiron collected $12.44 from pot
*** SUMMARY ***
Total pot $13.10 | Rake $0.66 
Board [4h 9d 3s 6d 8h]
Seat 1: ImaPeppaPig folded before Flop (didn't bet)
Seat 2: heureuxsansrien (button) mucked
Seat 3: Espada Fish (small blind) folded before Flop
Seat 4: tukeiron (big blind) showed [5s 9s] and won ($12.44) with a pair of Nines
Seat 5: nikalas22 folded before Flop (didn't bet)
Seat 6: Manifestorr folded on the Flop



PokerStars Hand #254375843681:  Hold'em No Limit ($0.50/$1.00 USD) - 2025/01/14 0:36:15 WET [2025/01/14 19:36:15 ET]
Table 'Massalia III' 6-max Seat #3 is the button
Seat 1: ImaPeppaPig ($100 in chips) 
Seat 2: heureuxsansrien ($64.58 in chips) 
Seat 3: Espada Fish ($100 in chips) 
Seat 4: tukeiron ($107.24 in chips) 
Seat 5: nikalas22 ($121.29 in chips) 
Seat 6: Manifestorr ($100 in chips) 
tukeiron: posts small blind $0.50
nikalas22: posts big blind $1
*** HOLE CARDS ***
Manifestorr: folds 
ImaPeppaPig: raises $1.50 to $2.50
heureuxsansrien: folds 
Espada Fish: folds 
tukeiron: folds 
nikalas22: calls $1.50
*** FLOP *** [8h 6s Qs]
nikalas22: checks 
ImaPeppaPig: bets $1.62
nikalas22: raises $4.23 to $5.85
ImaPeppaPig: folds 
Uncalled bet ($4.23) returned to nikalas22
nikalas22 collected $8.30 from pot
nikalas22: doesn't show hand 
*** SUMMARY ***
Total pot $8.74 | Rake $0.44 
Board [8h 6s Qs]
Seat 1: ImaPeppaPig folded on the Flop
Seat 2: heureuxsansrien folded before Flop (didn't bet)
Seat 3: Espada Fish (button) folded before Flop (didn't bet)
Seat 4: tukeiron (small blind) folded before Flop
Seat 5: nikalas22 (big blind) collected ($8.30)
Seat 6: Manifestorr folded before Flop (didn't bet)



PokerStars Hand #254375852917:  Hold'em No Limit ($0.50/$1.00 USD) - 2025/01/14 0:37:02 WET [2025/01/14 19:37:02 ET]
Table 'Massalia III' 6-max Seat #4 is the button
Seat 1: ImaPeppaPig ($100 in chips) 
Seat 2: heureuxsansrien ($64.58 in chips) 
Seat 3: Espada Fish ($100 in chips) 
Seat 4: tukeiron ($106.74 in chips) 
Seat 5: nikalas22 ($125.47 in chips) 
Seat 6: Manifestorr ($100 in chips) 
nikalas22: posts small blind $0.50
Manifestorr: posts big blind $1
*** HOLE CARDS ***
ImaPeppaPig: folds 
heureuxsansrien: folds 
Espada Fish: folds 
tukeiron: raises $1.50 to $2.50
nikalas22: folds 
Manifestorr: folds 
Uncalled bet ($1.50) returned to tukeiron
tukeiron collected $2.50 from pot
*** SUMMARY ***
Total pot $2.50 | Rake $0 
Seat 1: ImaPeppaPig folded before Flop (didn't bet)
Seat 2: heureuxsansrien folded before Flop (didn't bet)
Seat 3: Espada Fish folded before Flop (didn't bet)
Seat 4: tukeiron (button) collected ($2.50)
Seat 5: nikalas22 (small blind) folded before Flop
Seat 6: Manifestorr (big blind) folded before Flop



PokerStars Hand #254375858601:  Hold'em No Limit ($0.50/$1.00 USD) - 2025/01/14 0:37:31 WET [2025/01/14 19:37:31 ET]
Table 'Massalia III' 6-max Seat #5 is the button
Seat 1: ImaPeppaPig ($100 in chips) 
Seat 2: heureuxsansrien ($64.58 in chips) 
Seat 3: Espada Fish ($100 in chips) 
Seat 4: tukeiron ($108.24 in chips) 
Seat 5: nikalas22 ($124.97 in chips) 
Seat 6: Manifestorr ($100 in chips) 
Manifestorr: posts small blind $0.50
ImaPeppaPig: posts big blind $1
*** HOLE CARDS ***
heureuxsansrien: folds 
Espada Fish: folds 
tukeiron: raises $1.50 to $2.50
nikalas22: folds 
Manifestorr: folds 
ImaPeppaPig: folds 
Uncalled bet ($1.50) returned to tukeiron
tukeiron collected $2.50 from pot
*** SUMMARY ***
Total pot $2.50 | Rake $0 
Seat 1: ImaPeppaPig (big blind) folded before Flop
Seat 2: heureuxsansrien folded before Flop (didn't bet)
Seat 3: Espada Fish folded before Flop (didn't bet)
Seat 4: tukeiron collected ($2.50)
Seat 5: nikalas22 (button) folded before Flop (didn't bet)
Seat 6: Manifestorr (small blind) folded before Flop



PokerStars Hand #254375862382:  Hold'em No Limit ($0.50/$1.00 USD) - 2025/01/14 0:37:50 WET [2025/01/14 19:37:50 ET]
Table 'Massalia III' 6-max Seat #6 is the button
Seat 1: ImaPeppaPig ($100 in chips) 
Seat 2: heureuxsansrien ($64.58 in chips) 
Seat 3: Espada Fish ($100 in chips) 
Seat 4: tukeiron ($109.74 in chips) 
Seat 5: nikalas22 ($124.97 in chips) 
Seat 6: Manifestorr ($100 in chips) 
ImaPeppaPig: posts small blind $0.50
heureuxsansrien: posts big blind $1
*** HOLE CARDS ***
Espada Fish: folds 
tukeiron: raises $1.50 to $2.50
nikalas22: folds 
Manifestorr: folds 
ImaPeppaPig: folds 
heureuxsansrien: calls $1.50
*** FLOP *** [4c Qh 8c]
heureuxsansrien: checks 
tukeiron: bets $2.61
heureuxsansrien: calls $2.61
*** TURN *** [4c Qh 8c] [8s]
heureuxsansrien: checks 
tukeiron: checks 
*** RIVER *** [4c Qh 8c 8s] [Th]
heureuxsansrien: bets $6
tukeiron: calls $6
*** SHOW DOWN ***
heureuxsansrien: shows [7d 5c] (a pair of Eights)
tukeiron: shows [9d 9s] (two pair, Nines and Eights)
tukeiron collected $21.58 from pot
*** SUMMARY ***
Total pot $22.72 | Rake $1.14 
Board [4c Qh 8c 8s Th]
Seat 1: ImaPeppaPig (small blind) folded before Flop
Seat 2: heureuxsansrien (big blind) showed [7d 5c] and lost with a pair of Eights
Seat 3: Espada Fish folded before Flop (didn't bet)
Seat 4: tukeiron showed [9d 9s] and won ($21.58) with two pair, Nines and Eights
Seat 5: nikalas22 folded before Flop (didn't bet)
Seat 6: Manifestorr (button) folded before Flop (didn't bet)



PokerStars Hand #254375871180:  Hold'em No Limit ($0.50/$1.00 USD) - 2025/01/14 0:38:36 WET [2025/01/14 19:38:36 ET]
Table 'Massalia III' 6-max Seat #1 is the button
Seat 1: ImaPeppaPig ($100 in chips) 
Seat 2: heureuxsansrien ($53.47 in chips) 
Seat 3: Espada Fish ($100 in chips) 
Seat 4: tukeiron ($120.21 in chips) 
Seat 5: nikalas22 ($124.97 in chips) 
Seat 6: Manifestorr ($100 in chips) 
heureuxsansrien: posts small blind $0.50
Espada Fish: posts big blind $1
*** HOLE CARDS ***
tukeiron: folds 
nikalas22: folds 
Manifestorr: folds 
ImaPeppaPig: folds 
heureuxsansrien: raises $1 to $2
Espada Fish: raises $7 to $9
heureuxsansrien: calls $7
*** FLOP *** [As Ts Qd]
heureuxsansrien: checks 
Espada Fish: bets $5.64
heureuxsansrien: calls $5.64
*** TURN *** [As Ts Qd] [5d]
heureuxsansrien: checks 
Espada Fish: checks 
*** RIVER *** [As Ts Qd 5d] [3c]
heureuxsansrien: bets $13
Espada Fish: calls $13
*** SHOW DOWN ***
heureuxsansrien: shows [7s 6s] (high card Ace)
Espada Fish: shows [Qc Kd] (a pair of Queens)
Espada Fish collected $52.78 from pot
*** SUMMARY ***
Total pot $55.28 | Rake $2.50 
Board [As Ts Qd 5d 3c]
Seat 1: ImaPeppaPig (button) folded before Flop (didn't bet)
Seat 2: heureuxsansrien (small blind) showed [7s 6s] and lost with high card Ace
Seat 3: Espada Fish (big blind) showed [Qc Kd] and won ($52.78) with a pair of Queens
Seat 4: tukeiron folded before Flop (didn't bet)
Seat 5: nikalas22 folded before Flop (didn't bet)
Seat 6: Manifestorr folded before Flop (didn't bet)



PokerStars Hand #254375888815:  Hold'em No Limit ($0.50/$1.00 USD) - 2025/01/14 0:40:07 WET [2025/01/14 19:40:07 ET]
Table 'Massalia III' 6-max Seat #2 is the button
Seat 1: ImaPeppaPig ($100 in chips) 
Seat 2: heureuxsansrien ($25.83 in chips) 
Seat 3: Espada Fish ($125.14 in chips) 
Seat 4: tukeiron ($120.21 in chips) 
Seat 5: nikalas22 ($124.97 in chips) 
Seat 6: Manifestorr ($100 in chips) 
Espada Fish: posts small blind $0.50
tukeiron: posts big blind $1
*** HOLE CARDS ***
nikalas22: folds 
Manifestorr: folds 
ImaPeppaPig: folds 
heureuxsansrien: folds 
Espada Fish: folds 
Uncalled bet ($0.50) returned to tukeiron
tukeiron collected $1 from pot
*** SUMMARY ***
Total pot $1 | Rake $0 
Seat 1: ImaPeppaPig folded before Flop (didn't bet)
Seat 2: heureuxsansrien (button) folded before Flop (didn't bet)
Seat 3: Espada Fish (small blind) folded before Flop
Seat 4: tukeiron (big blind) collected ($1)
Seat 5: nikalas22 folded before Flop (didn't bet)
Seat 6: Manifestorr folded before Flop (didn't bet)



PokerStars Hand #254375892389:  Hold'em No Limit ($0.50/$1.00 USD) - 2025/01/14 0:40:26 WET [2025/01/14 19:40:26 ET]
Table 'Massalia III' 6-max Seat #3 is the button
Seat 1: ImaPeppaPig ($100 in chips) 
Seat 2: heureuxsansrien ($25.83 in chips) 
Seat 3: Espada Fish ($124.64 in chips) 
Seat 4: tukeiron ($120.71 in chips) 
Seat 5: nikalas22 ($124.97 in chips) 
Seat 6: Manifestorr ($100 in chips) 
tukeiron: posts small blind $0.50
nikalas22: posts big blind $1
*** HOLE CARDS ***
Manifestorr: folds 
ImaPeppaPig: folds 
heureuxsansrien: raises $3 to $4
Espada Fish: raises $4.50 to $8.50
tukeiron: folds 
nikalas22: folds 
heureuxsansrien: calls $4.50
*** FLOP *** [Kd 4h 4c]
heureuxsansrien: checks 
Espada Fish: checks 
*** TURN *** [Kd 4h 4c] [4s]
heureuxsansrien: bets $2
Espada Fish: calls $2
*** RIVER *** [Kd 4h 4c 4s] [7d]
heureuxsansrien: bets $15.33 and is all-in
Espada Fish: calls $15.33
*** SHOW DOWN ***
heureuxsansrien: shows [7s 5s] (a full house, Fours full of Sevens)
Espada Fish: shows [Kc Kh] (a full house, Kings full of Fours)
Espada Fish collected $50.66 from pot
*** SUMMARY ***
Total pot $53.16 | Rake $2.50 
Board [Kd 4h 4c 4s 7d]
Seat 1: ImaPeppaPig folded before Flop (didn't bet)
Seat 2: heureuxsansrien showed [7s 5s] and lost with a full house, Fours full of Sevens
Seat 3: Espada Fish (button) showed [Kc Kh] and won ($50.66) with a full house, Kings full of Fours
Seat 4: tukeiron (small blind) folded before Flop
Seat 5: nikalas22 (big blind) folded before Flop
Seat 6: Manifestorr folded before Flop (didn't bet)



PokerStars Hand #254375904278:  Hold'em No Limit ($0.50/$1.00 USD) - 2025/01/14 0:41:27 WET [2025/01/14 19:41:27 ET]
Table 'Massalia III' 6-max Seat #4 is the button
Seat 2: heureuxsansrien ($0 in chips) is sitting out
Seat 1: ImaPeppaPig ($100 in chips) 
Seat 3: Espada Fish ($149.47 in chips) 
Seat 4: tukeiron ($120.21 in chips) 
Seat 5: nikalas22 ($123.97 in chips) 
Seat 6: Manifestorr ($100 in chips) 
nikalas22: posts small blind $0.50
Manifestorr: posts big blind $1
*** HOLE CARDS ***
ImaPeppaPig: folds 
Espada Fish: folds 
heureuxsansrien leaves the table
tukeiron: folds 
nikalas22: raises $2 to $3
Manifestorr: folds 
Uncalled bet ($2) returned to nikalas22
nikalas22 collected $2 from pot
nikalas22: doesn't show hand 
*** SUMMARY ***
Total pot $2 | Rake $0 
Seat 2: heureuxsansrien
Seat 1: ImaPeppaPig folded before Flop (didn't bet)
Seat 3: Espada Fish folded before Flop (didn't bet)
Seat 4: tukeiron (button) folded before Flop (didn't bet)
Seat 5: nikalas22 (small blind) collected ($2)
Seat 6: Manifestorr (big blind) folded before Flop



PokerStars Hand #254375907720:  Hold'em No Limit ($0.50/$1.00 USD) - 2025/01/14 0:41:44 WET [2025/01/14 19:41:44 ET]
Table 'Massalia III' 6-max Seat #5 is the button
Seat 1: ImaPeppaPig ($100 in chips) 
Seat 3: Espada Fish ($149.47 in chips) 
Seat 4: tukeiron ($120.21 in chips) 
Seat 5: nikalas22 ($124.97 in chips) 
Seat 6: Manifestorr ($100 in chips) 
Manifestorr: posts small blind $0.50
ImaPeppaPig: posts big blind $1
*** HOLE CARDS ***
MaRKiToScoK joins the table at seat #2 
Espada Fish: folds 
MaRKiToScoK leaves the table
tukeiron: folds 
nikalas22: raises $1.50 to $2.50
Manifestorr: folds 
ImaPeppaPig: calls $1.50
*** FLOP *** [Jh Th 6h]
ImaPeppaPig: checks 
nikalas22: bets $1.57
ImaPeppaPig: folds 
Uncalled bet ($1.57) returned to nikalas22
nikalas22 collected $5.22 from pot
nikalas22: doesn't show hand 
*** SUMMARY ***
Total pot $5.50 | Rake $0.28 
Board [Jh Th 6h]
Seat 1: ImaPeppaPig (big blind) folded on the Flop
Seat 3: Espada Fish folded before Flop (didn't bet)
Seat 4: tukeiron folded before Flop (didn't bet)
Seat 5: nikalas22 (button) collected ($5.22)
Seat 6: Manifestorr (small blind) folded before Flop



PokerStars Hand #254375915476:  Hold'em No Limit ($0.50/$1.00 USD) - 2025/01/14 0:42:24 WET [2025/01/14 19:42:24 ET]
Table 'Massalia III' 6-max Seat #6 is the button
Seat 3: Espada Fish ($149.47 in chips) is sitting out
Seat 1: ImaPeppaPig ($100 in chips) 
Seat 4: tukeiron ($120.21 in chips) 
Seat 5: nikalas22 ($127.69 in chips) 
Seat 6: Manifestorr ($100 in chips) 
ImaPeppaPig: posts small blind $0.50
Espada Fish: is sitting out 
tukeiron: posts big blind $1
*** HOLE CARDS ***
Espada Fish leaves the table
nikalas22: folds 
Manifestorr: raises $1.20 to $2.20
ImaPeppaPig: folds 
pmeade1977 joins the table at seat #2 
pmeade1977 is disconnected 
tukeiron: folds 
Uncalled bet ($1.20) returned to Manifestorr
Manifestorr collected $2.50 from pot
*** SUMMARY ***
Total pot $2.50 | Rake $0 
Seat 3: Espada Fish
Seat 1: ImaPeppaPig (small blind) folded before Flop
Seat 4: tukeiron (big blind) folded before Flop
Seat 5: nikalas22 folded before Flop (didn't bet)
Seat 6: Manifestorr (button) collected ($2.50)



PokerStars Hand #254375920235:  Hold'em No Limit ($0.50/$1.00 USD) - 2025/01/14 0:42:49 WET [2025/01/14 19:42:49 ET]
Table 'Massalia III' 6-max Seat #1 is the button
Seat 2: pmeade1977 ($100 in chips) is sitting out
Seat 1: ImaPeppaPig ($100 in chips) 
Seat 4: tukeiron ($119.21 in chips) 
Seat 5: nikalas22 ($127.69 in chips) 
Seat 6: Manifestorr ($101.50 in chips) 
tukeiron: posts small blind $0.50
nikalas22: posts big blind $1
*** HOLE CARDS ***
Manifestorr: folds 
ImaPeppaPig: raises $1.50 to $2.50
tukeiron: raises $9 to $11.50
nikalas22: folds 
ImaPeppaPig: folds 
Uncalled bet ($9) returned to tukeiron
tukeiron collected $6 from pot
*** SUMMARY ***
Total pot $6 | Rake $0 
Seat 2: pmeade1977
Seat 1: ImaPeppaPig (button) folded before Flop
Seat 4: tukeiron (small blind) collected ($6)
Seat 5: nikalas22 (big blind) folded before Flop
Seat 6: Manifestorr folded before Flop (didn't bet)



PokerStars Hand #254375923194:  Hold'em No Limit ($0.50/$1.00 USD) - 2025/01/14 0:43:04 WET [2025/01/14 19:43:04 ET]
Table 'Massalia III' 6-max Seat #4 is the button
Seat 6: Manifestorr ($101.50 in chips) is sitting out
Seat 1: ImaPeppaPig ($100 in chips) 
Seat 2: pmeade1977 ($100 in chips) 
Seat 4: tukeiron ($122.71 in chips) 
Seat 5: nikalas22 ($126.69 in chips) 
nikalas22: posts small blind $0.50
Manifestorr: is sitting out 
ImaPeppaPig: posts big blind $1
pmeade1977: posts big blind $1
*** HOLE CARDS ***
Manifestorr leaves the table
pmeade1977: checks 
tukeiron: folds 
nikalas22: folds 
ImaPeppaPig: checks 
*** FLOP *** [Ah Jc 2s]
ImaPeppaPig: checks 
pmeade1977: bets $2.38
ImaPeppaPig: folds 
Uncalled bet ($2.38) returned to pmeade1977
pmeade1977 collected $2.38 from pot
*** SUMMARY ***
Total pot $2.50 | Rake $0.12 
Board [Ah Jc 2s]
Seat 6: Manifestorr
Seat 1: ImaPeppaPig (big blind) folded on the Flop
Seat 2: pmeade1977 collected ($2.38)
Seat 4: tukeiron (button) folded before Flop (didn't bet)
Seat 5: nikalas22 (small blind) folded before Flop



PokerStars Hand #254375929800:  Hold'em No Limit ($0.50/$1.00 USD) - 2025/01/14 0:43:38 WET [2025/01/14 19:43:38 ET]
Table 'Massalia III' 6-max Seat #5 is the button
Seat 1: ImaPeppaPig ($100 in chips) 
Seat 2: pmeade1977 ($101.38 in chips) 
Seat 4: tukeiron ($122.71 in chips) 
Seat 5: nikalas22 ($126.19 in chips) 
ImaPeppaPig: posts small blind $0.50
pmeade1977: posts big blind $1
*** HOLE CARDS ***
tukeiron: raises $1.50 to $2.50
nikalas22: folds 
ImaPeppaPig: folds 
pmeade1977: calls $1.50
*** FLOP *** [2d Qc 6h]
pmeade1977: bets $1
tukeiron: calls $1
*** TURN *** [2d Qc 6h] [Kc]
pmeade1977: bets $1
tukeiron: raises $6.84 to $7.84
pmeade1977: folds 
Uncalled bet ($6.84) returned to tukeiron
tukeiron collected $9.02 from pot
*** SUMMARY ***
Total pot $9.50 | Rake $0.48 
Board [2d Qc 6h Kc]
Seat 1: ImaPeppaPig (small blind) folded before Flop
Seat 2: pmeade1977 (big blind) folded on the Turn
Seat 4: tukeiron collected ($9.02)
Seat 5: nikalas22 (button) folded before Flop (didn't bet)



PokerStars Hand #254375936452:  Hold'em No Limit ($0.50/$1.00 USD) - 2025/01/14 0:44:13 WET [2025/01/14 19:44:13 ET]
Table 'Massalia III' 6-max Seat #1 is the button
Seat 4: tukeiron ($127.23 in chips) is sitting out
Seat 1: ImaPeppaPig ($100 in chips) 
Seat 2: pmeade1977 ($96.88 in chips) 
Seat 5: nikalas22 ($126.19 in chips) 
pmeade1977: posts small blind $0.50
tukeiron: is sitting out 
nikalas22: posts big blind $1
*** HOLE CARDS ***
ImaPeppaPig: folds 
pmeade1977: folds 
Uncalled bet ($0.50) returned to nikalas22
nikalas22 collected $1 from pot
nikalas22: doesn't show hand 
*** SUMMARY ***
Total pot $1 | Rake $0 
Seat 4: tukeiron
Seat 1: ImaPeppaPig (button) folded before Flop (didn't bet)
Seat 2: pmeade1977 (small blind) folded before Flop
Seat 5: nikalas22 (big blind) collected ($1)



PokerStars Hand #254375938054:  Hold'em No Limit ($0.50/$1.00 USD) - 2025/01/14 0:44:22 WET [2025/01/14 19:44:22 ET]
Table 'Massalia III' 6-max Seat #2 is the button
Seat 4: tukeiron ($127.23 in chips) is sitting out
Seat 1: ImaPeppaPig ($100 in chips) 
Seat 2: pmeade1977 ($96.38 in chips) 
Seat 5: nikalas22 ($126.69 in chips) 
nikalas22: posts small blind $0.50
ImaPeppaPig: posts big blind $1
*** HOLE CARDS ***
pmeade1977: folds 
nikalas22: raises $2 to $3
ImaPeppaPig: calls $2
*** FLOP *** [3d 5c 7h]
nikalas22: checks 
ImaPeppaPig: checks 
*** TURN *** [3d 5c 7h] [Ah]
nikalas22: checks 
ImaPeppaPig: bets $3
MaRKiToScoK joins the table at seat #3 
nikalas22: calls $3
*** RIVER *** [3d 5c 7h Ah] [Kd]
nikalas22: checks 
ImaPeppaPig: bets $8.66
nikalas22: folds 
Uncalled bet ($8.66) returned to ImaPeppaPig
ImaPeppaPig collected $11.40 from pot
ImaPeppaPig: doesn't show hand 
*** SUMMARY ***
Total pot $12 | Rake $0.60 
Board [3d 5c 7h Ah Kd]
Seat 4: tukeiron
Seat 1: ImaPeppaPig (big blind) collected ($11.40)
Seat 2: pmeade1977 (button) folded before Flop (didn't bet)
Seat 5: nikalas22 (small blind) folded on the River



PokerStars Hand #254375946194:  Hold'em No Limit ($0.50/$1.00 USD) - 2025/01/14 0:45:04 WET [2025/01/14 19:45:04 ET]
Table 'Massalia III' 6-max Seat #5 is the button
Seat 3: MaRKiToScoK ($100 in chips) is sitting out
Seat 4: tukeiron ($127.23 in chips) is sitting out
Seat 1: ImaPeppaPig ($105.40 in chips) 
Seat 2: pmeade1977 ($96.38 in chips) 
Seat 5: nikalas22 ($120.69 in chips) 
ImaPeppaPig: posts small blind $0.50
pmeade1977: posts big blind $1
MaRKiToScoK: sits out 
*** HOLE CARDS ***
tukeiron leaves the table
nikalas22: raises $1.50 to $2.50
ImaPeppaPig: folds 
DEMONGOD9 joins the table at seat #6 
DEMONGOD9 is disconnected 
Tibibacsi joins the table at seat #4 
pmeade1977: folds 
Uncalled bet ($1.50) returned to nikalas22
nikalas22 collected $2.50 from pot
nikalas22: doesn't show hand 
*** SUMMARY ***
Total pot $2.50 | Rake $0 
Seat 3: MaRKiToScoK
Seat 4: tukeiron
Seat 1: ImaPeppaPig (small blind) folded before Flop
Seat 2: pmeade1977 (big blind) folded before Flop
Seat 5: nikalas22 (button) collected ($2.50)



PokerStars Hand #254375951089:  Hold'em No Limit ($0.50/$1.00 USD) - 2025/01/14 0:45:30 WET [2025/01/14 19:45:30 ET]
Table 'Massalia III' 6-max Seat #1 is the button
Seat 4: Tibibacsi ($100 in chips) is sitting out
Seat 1: ImaPeppaPig ($104.90 in chips) 
Seat 2: pmeade1977 ($95.38 in chips) 
Seat 3: MaRKiToScoK ($100 in chips) 
Seat 5: nikalas22 ($122.19 in chips) 
Seat 6: DEMONGOD9 ($100 in chips) 
pmeade1977: posts small blind $0.50
MaRKiToScoK: posts big blind $1
Tibibacsi: sits out 
DEMONGOD9: posts big blind $1
*** HOLE CARDS ***
nikalas22: folds 
DEMONGOD9: checks 
ImaPeppaPig: raises $4 to $5
pmeade1977: folds 
MaRKiToScoK: folds 
DEMONGOD9: folds 
Uncalled bet ($4) returned to ImaPeppaPig
ImaPeppaPig collected $3.50 from pot
ImaPeppaPig: doesn't show hand 
*** SUMMARY ***
Total pot $3.50 | Rake $0 
Seat 4: Tibibacsi
Seat 1: ImaPeppaPig (button) collected ($3.50)
Seat 2: pmeade1977 (small blind) folded before Flop
Seat 3: MaRKiToScoK (big blind) folded before Flop
Seat 5: nikalas22 folded before Flop (didn't bet)
Seat 6: DEMONGOD9 folded before Flop (didn't bet)



PokerStars Hand #254375957554:  Hold'em No Limit ($0.50/$1.00 USD) - 2025/01/14 0:46:04 WET [2025/01/14 19:46:04 ET]
Table 'Massalia III' 6-max Seat #2 is the button
Seat 1: ImaPeppaPig ($107.40 in chips) 
Seat 2: pmeade1977 ($94.88 in chips) 
Seat 3: MaRKiToScoK ($100 in chips) 
Seat 4: Tibibacsi ($100 in chips) 
Seat 5: nikalas22 ($122.19 in chips) 
Seat 6: DEMONGOD9 ($99 in chips) 
MaRKiToScoK: posts small blind $0.50
Tibibacsi: posts big blind $1
*** HOLE CARDS ***
nikalas22: folds 
DEMONGOD9: folds 
ImaPeppaPig: raises $1.50 to $2.50
pmeade1977: calls $2.50
MaRKiToScoK: calls $2
Tibibacsi: folds 
*** FLOP *** [5s Th 9h]
MaRKiToScoK: checks 
ImaPeppaPig: checks 
pmeade1977: bets $3
MaRKiToScoK: calls $3
ImaPeppaPig: folds 
*** TURN *** [5s Th 9h] [Jc]
MaRKiToScoK: checks 
pmeade1977: bets $5
MaRKiToScoK: calls $5
*** RIVER *** [5s Th 9h Jc] [9c]
MaRKiToScoK: bets $7.68
pmeade1977: calls $7.68
*** SHOW DOWN ***
MaRKiToScoK: shows [Ts Jh] (two pair, Jacks and Tens)
pmeade1977: shows [Kh Qh] (a straight, Nine to King)
pmeade1977 collected $37.87 from pot
*** SUMMARY ***
Total pot $39.86 | Rake $1.99 
Board [5s Th 9h Jc 9c]
Seat 1: ImaPeppaPig folded on the Flop
Seat 2: pmeade1977 (button) showed [Kh Qh] and won ($37.87) with a straight, Nine to King
Seat 3: MaRKiToScoK (small blind) showed [Ts Jh] and lost with two pair, Jacks and Tens
Seat 4: Tibibacsi (big blind) folded before Flop
Seat 5: nikalas22 folded before Flop (didn't bet)
Seat 6: DEMONGOD9 folded before Flop (didn't bet)



PokerStars Hand #254375971237:  Hold'em No Limit ($0.50/$1.00 USD) - 2025/01/14 0:47:17 WET [2025/01/14 19:47:17 ET]
Table 'Massalia III' 6-max Seat #3 is the button
Seat 1: ImaPeppaPig ($104.90 in chips) 
Seat 2: pmeade1977 ($114.57 in chips) 
Seat 3: MaRKiToScoK ($100 in chips) 
Seat 4: Tibibacsi ($100 in chips) 
Seat 5: nikalas22 ($122.19 in chips) 
Seat 6: DEMONGOD9 ($99 in chips) 
Tibibacsi: posts small blind $0.50
nikalas22: posts big blind $1
*** HOLE CARDS ***
DEMONGOD9: folds 
ImaPeppaPig: folds 
pmeade1977: calls $1
MaRKiToScoK: folds 
Tibibacsi: folds 
nikalas22: checks 
*** FLOP *** [Tc 6d 3s]
nikalas22: checks 
pmeade1977 has timed out
pmeade1977: checks 
*** TURN *** [Tc 6d 3s] [6c]
nikalas22: checks 
pmeade1977 has timed out
pmeade1977: checks 
*** RIVER *** [Tc 6d 3s 6c] [Th]
nikalas22: bets $3.57
pmeade1977 is disconnected 
pmeade1977 has timed out while disconnected
pmeade1977: folds 
Uncalled bet ($3.57) returned to nikalas22
nikalas22 collected $2.38 from pot
nikalas22: doesn't show hand 
*** SUMMARY ***
Total pot $2.50 | Rake $0.12 
Board [Tc 6d 3s 6c Th]
Seat 1: ImaPeppaPig folded before Flop (didn't bet)
Seat 2: pmeade1977 folded on the River
Seat 3: MaRKiToScoK (button) folded before Flop (didn't bet)
Seat 4: Tibibacsi (small blind) folded before Flop
Seat 5: nikalas22 (big blind) collected ($2.38)
Seat 6: DEMONGOD9 folded before Flop (didn't bet)



PokerStars Hand #254375993071:  Hold'em No Limit ($0.50/$1.00 USD) - 2025/01/14 0:49:12 WET [2025/01/14 19:49:12 ET]
Table 'Massalia III' 6-max Seat #4 is the button
Seat 2: pmeade1977 ($113.57 in chips) is sitting out
Seat 1: ImaPeppaPig ($104.90 in chips) 
Seat 3: MaRKiToScoK ($100 in chips) 
Seat 4: Tibibacsi ($100 in chips) 
Seat 5: nikalas22 ($123.57 in chips) 
Seat 6: DEMONGOD9 ($99 in chips) 
nikalas22: posts small blind $0.50
DEMONGOD9: posts big blind $1
*** HOLE CARDS ***
ImaPeppaPig: folds 
MaRKiToScoK: raises $1.20 to $2.20
Tibibacsi: folds 
nikalas22: folds 
DEMONGOD9: calls $1.20
*** FLOP *** [6c As Jh]
DEMONGOD9: bets $1.33
MaRKiToScoK: calls $1.33
*** TURN *** [6c As Jh] [6d]
DEMONGOD9: bets $3.59
MaRKiToScoK: folds 
Uncalled bet ($3.59) returned to DEMONGOD9
DEMONGOD9 collected $7.18 from pot
DEMONGOD9: doesn't show hand 
*** SUMMARY ***
Total pot $7.56 | Rake $0.38 
Board [6c As Jh 6d]
Seat 2: pmeade1977
Seat 1: ImaPeppaPig folded before Flop (didn't bet)
Seat 3: MaRKiToScoK folded on the Turn
Seat 4: Tibibacsi (button) folded before Flop (didn't bet)
Seat 5: nikalas22 (small blind) folded before Flop
Seat 6: DEMONGOD9 (big blind) collected ($7.18)



PokerStars Hand #254376000353:  Hold'em No Limit ($0.50/$1.00 USD) - 2025/01/14 0:49:52 WET [2025/01/14 19:49:52 ET]
Table 'Massalia III' 6-max Seat #5 is the button
Seat 2: pmeade1977 ($113.57 in chips) is sitting out
Seat 1: ImaPeppaPig ($104.90 in chips) 
Seat 3: MaRKiToScoK ($100 in chips) 
Seat 4: Tibibacsi ($100 in chips) 
Seat 5: nikalas22 ($123.07 in chips) 
Seat 6: DEMONGOD9 ($102.65 in chips) 
DEMONGOD9: posts small blind $0.50
ImaPeppaPig: posts big blind $1
*** HOLE CARDS ***
MaRKiToScoK: folds 
Tibibacsi: folds 
nikalas22: folds 
DEMONGOD9: raises $2 to $3
ImaPeppaPig: folds 
Uncalled bet ($2) returned to DEMONGOD9
DEMONGOD9 collected $2 from pot
DEMONGOD9: doesn't show hand 
*** SUMMARY ***
Total pot $2 | Rake $0 
Seat 2: pmeade1977
Seat 1: ImaPeppaPig (big blind) folded before Flop
Seat 3: MaRKiToScoK folded before Flop (didn't bet)
Seat 4: Tibibacsi folded before Flop (didn't bet)
Seat 5: nikalas22 (button) folded before Flop (didn't bet)
Seat 6: DEMONGOD9 (small blind) collected ($2)



PokerStars Hand #254376004087:  Hold'em No Limit ($0.50/$1.00 USD) - 2025/01/14 0:50:12 WET [2025/01/14 19:50:12 ET]
Table 'Massalia III' 6-max Seat #6 is the button
Seat 2: pmeade1977 ($113.57 in chips) is sitting out
Seat 1: ImaPeppaPig ($103.90 in chips) 
Seat 3: MaRKiToScoK ($100 in chips) 
Seat 4: Tibibacsi ($100 in chips) 
Seat 5: nikalas22 ($123.07 in chips) 
Seat 6: DEMONGOD9 ($103.65 in chips) 
ImaPeppaPig: posts small blind $0.50
MaRKiToScoK: posts big blind $1
*** HOLE CARDS ***
Tibibacsi: folds 
nikalas22: folds 
DEMONGOD9: raises $1 to $2
ImaPeppaPig: folds 
MaRKiToScoK: raises $9.50 to $11.50
DEMONGOD9: folds 
Uncalled bet ($9.50) returned to MaRKiToScoK
MaRKiToScoK collected $4.50 from pot
*** SUMMARY ***
Total pot $4.50 | Rake $0 
Seat 2: pmeade1977
Seat 1: ImaPeppaPig (small blind) folded before Flop
Seat 3: MaRKiToScoK (big blind) collected ($4.50)
Seat 4: Tibibacsi folded before Flop (didn't bet)
Seat 5: nikalas22 folded before Flop (didn't bet)
Seat 6: DEMONGOD9 (button) folded before Flop



PokerStars Hand #254376008341:  Hold'em No Limit ($0.50/$1.00 USD) - 2025/01/14 0:50:36 WET [2025/01/14 19:50:36 ET]
Table 'Massalia III' 6-max Seat #1 is the button
Seat 2: pmeade1977 ($113.57 in chips) is sitting out
Seat 1: ImaPeppaPig ($103.40 in chips) 
Seat 3: MaRKiToScoK ($102.50 in chips) 
Seat 4: Tibibacsi ($100 in chips) 
Seat 5: nikalas22 ($123.07 in chips) 
Seat 6: DEMONGOD9 ($101.65 in chips) 
MaRKiToScoK: posts small blind $0.50
Tibibacsi: posts big blind $1
*** HOLE CARDS ***
nikalas22 has timed out
nikalas22: folds 
DEMONGOD9: folds 
DEMONGOD9 leaves the table
ImaPeppaPig: folds 
MaRKiToScoK: folds 
Uncalled bet ($0.50) returned to Tibibacsi
Tibibacsi collected $1 from pot
Tibibacsi: doesn't show hand 
*** SUMMARY ***
Total pot $1 | Rake $0 
Seat 2: pmeade1977
Seat 1: ImaPeppaPig (button) folded before Flop (didn't bet)
Seat 3: MaRKiToScoK (small blind) folded before Flop
Seat 4: Tibibacsi (big blind) collected ($1)
Seat 5: nikalas22 folded before Flop (didn't bet)
Seat 6: DEMONGOD9 folded before Flop (didn't bet)



PokerStars Hand #254376018112:  Hold'em No Limit ($0.50/$1.00 USD) - 2025/01/14 0:51:29 WET [2025/01/14 19:51:29 ET]
Table 'Massalia III' 6-max Seat #3 is the button
Seat 2: pmeade1977 ($113.57 in chips) is sitting out
Seat 5: nikalas22 ($123.07 in chips) is sitting out
Seat 1: ImaPeppaPig ($103.40 in chips) 
Seat 3: MaRKiToScoK ($102 in chips) 
Seat 4: Tibibacsi ($100.50 in chips) 
Tibibacsi: posts small blind $0.50
ImaPeppaPig: posts big blind $1
*** HOLE CARDS ***
MaRKiToScoK: folds 
Tibibacsi: raises $2 to $3
ImaPeppaPig: calls $2
*** FLOP *** [Jh 5h 8c]
Tibibacsi: checks 
ImaPeppaPig: bets $3
Tibibacsi: folds 
Uncalled bet ($3) returned to ImaPeppaPig
ImaPeppaPig collected $5.70 from pot
ImaPeppaPig: doesn't show hand 
*** SUMMARY ***
Total pot $6 | Rake $0.30 
Board [Jh 5h 8c]
Seat 2: pmeade1977
Seat 5: nikalas22
Seat 1: ImaPeppaPig (big blind) collected ($5.70)
Seat 3: MaRKiToScoK (button) folded before Flop (didn't bet)
Seat 4: Tibibacsi (small blind) folded on the Flop



