PokerStars Hand #254370456775:  Hold'em No Limit ($0.50/$1.00 USD) - 2025/01/14 19:14:34 WET [2025/01/14 14:14:34 ET]
Table 'Phyleus III' 6-max Seat #2 is the button
Seat 5: michasia ($100 in chips) is sitting out
Seat 1: Joe_Carlos ($60 in chips) 
Seat 2: vadjkeee ($100 in chips) 
Seat 3: v.sting ($100 in chips) 
v.sting: posts small blind $0.50
Joe_Carlos: posts big blind $1
*** HOLE CARDS ***
MaRKiToScoK joins the table at seat #4 
vadjkeee: raises $1.50 to $2.50
v.sting: folds 
Joe_Carlos: folds 
Uncalled bet ($1.50) returned to vadjkeee
vadjkeee collected $2.50 from pot
vadjkeee: doesn't show hand 
*** SUMMARY ***
Total pot $2.50 | Rake $0 
Seat 5: michasia
Seat 1: Joe_Carlos (big blind) folded before Flop
Seat 2: vadjkeee (button) collected ($2.50)
Seat 3: v.sting (small blind) folded before Flop



PokerStars Hand #254370460871:  Hold'em No Limit ($0.50/$1.00 USD) - 2025/01/14 19:14:48 WET [2025/01/14 14:14:48 ET]
Table 'Phyleus III' 6-max Seat #3 is the button
Seat 4: MaRKiToScoK ($100 in chips) is sitting out
Seat 5: michasia ($100 in chips) is sitting out
Seat 1: Joe_Carlos ($59 in chips) 
Seat 2: vadjkeee ($101.50 in chips) 
Seat 3: v.sting ($100 in chips) 
Joe_Carlos: posts small blind $0.50
vadjkeee: posts big blind $1
*** HOLE CARDS ***
v.sting: raises $1.10 to $2.10
Joe_Carlos: folds 
vadjkeee: raises $9.90 to $12
v.sting: raises $14.50 to $26.50
vadjkeee: calls $14.50
*** FLOP *** [3h Kd Ah]
vadjkeee: checks 
v.sting: bets $13.13
vadjkeee: calls $13.13
*** TURN *** [3h Kd Ah] [Qd]
vadjkeee: checks 
v.sting: bets $59.07
vadjkeee: folds 
Uncalled bet ($59.07) returned to v.sting
v.sting collected $78.76 from pot
v.sting: doesn't show hand 
*** SUMMARY ***
Total pot $79.76 | Rake $1 
Board [3h Kd Ah Qd]
Seat 4: MaRKiToScoK
Seat 5: michasia
Seat 1: Joe_Carlos (small blind) folded before Flop
Seat 2: vadjkeee (big blind) folded on the Turn
Seat 3: v.sting (button) collected ($78.76)



PokerStars Hand #254370480037:  Hold'em No Limit ($0.50/$1.00 USD) - 2025/01/14 19:15:51 WET [2025/01/14 14:15:51 ET]
Table 'Phyleus III' 6-max Seat #1 is the button
Seat 3: v.sting ($139.13 in chips) is sitting out
Seat 5: michasia ($100 in chips) is sitting out
Seat 1: Joe_Carlos ($58.50 in chips) 
Seat 2: vadjkeee ($100 in chips) 
Seat 4: MaRKiToScoK ($100 in chips) 
vadjkeee: posts small blind $0.50
v.sting: is sitting out 
MaRKiToScoK: posts big blind $1
michasia: sits out 
*** HOLE CARDS ***
v.sting leaves the table
Joe_Carlos: folds 
vadjkeee: folds 
Uncalled bet ($0.50) returned to MaRKiToScoK
MaRKiToScoK collected $1 from pot
*** SUMMARY ***
Total pot $1 | Rake $0 
Seat 3: v.sting
Seat 5: michasia
Seat 1: Joe_Carlos (button) folded before Flop (didn't bet)
Seat 2: vadjkeee (small blind) folded before Flop
Seat 4: MaRKiToScoK (big blind) collected ($1)



PokerStars Hand #254370484179:  Hold'em No Limit ($0.50/$1.00 USD) - 2025/01/14 19:16:05 WET [2025/01/14 14:16:05 ET]
Table 'Phyleus III' 6-max Seat #2 is the button
Seat 1: Joe_Carlos ($58.50 in chips) 
Seat 2: vadjkeee ($100 in chips) 
Seat 4: MaRKiToScoK ($100.50 in chips) 
Seat 5: michasia ($100 in chips) 
MaRKiToScoK: posts small blind $0.50
michasia: posts big blind $1
*** HOLE CARDS ***
Joe_Carlos: folds 
vadjkeee: folds 
MaRKiToScoK: folds 
Uncalled bet ($0.50) returned to michasia
michasia collected $1 from pot
michasia: doesn't show hand 
*** SUMMARY ***
Total pot $1 | Rake $0 
Seat 1: Joe_Carlos folded before Flop (didn't bet)
Seat 2: vadjkeee (button) folded before Flop (didn't bet)
Seat 4: MaRKiToScoK (small blind) folded before Flop
Seat 5: michasia (big blind) collected ($1)



PokerStars Hand #254370490268:  Hold'em No Limit ($0.50/$1.00 USD) - 2025/01/14 19:16:25 WET [2025/01/14 14:16:25 ET]
Table 'Phyleus III' 6-max Seat #4 is the button
Seat 1: Joe_Carlos ($58.50 in chips) 
Seat 2: vadjkeee ($100 in chips) 
Seat 4: MaRKiToScoK ($100 in chips) 
Seat 5: michasia ($100.50 in chips) 
michasia: posts small blind $0.50
Joe_Carlos: posts big blind $1
*** HOLE CARDS ***
vadjkeee: folds 
MaRKiToScoK has timed out
MaRKiToScoK: folds 
michasia: raises $2 to $3
RohayhuP joins the table at seat #3 
Joe_Carlos: raises $6 to $9
michasia: folds 
Uncalled bet ($6) returned to Joe_Carlos
Rambo_nvd joins the table at seat #6 
Joe_Carlos collected $6 from pot
Joe_Carlos: doesn't show hand 
*** SUMMARY ***
Total pot $6 | Rake $0 
Seat 1: Joe_Carlos (big blind) collected ($6)
Seat 2: vadjkeee folded before Flop (didn't bet)
Seat 4: MaRKiToScoK (button) folded before Flop (didn't bet)
Seat 5: michasia (small blind) folded before Flop



PokerStars Hand #254370503766:  Hold'em No Limit ($0.50/$1.00 USD) - 2025/01/14 19:17:10 WET [2025/01/14 14:17:10 ET]
Table 'Phyleus III' 6-max Seat #5 is the button
Seat 3: RohayhuP ($100 in chips) is sitting out
Seat 6: Rambo_nvd ($100 in chips) is sitting out
Seat 1: Joe_Carlos ($61.50 in chips) 
Seat 2: vadjkeee ($100 in chips) 
Seat 4: MaRKiToScoK ($100 in chips) 
Seat 5: michasia ($100 in chips) 
Joe_Carlos: posts small blind $0.50
vadjkeee: posts big blind $1
RohayhuP: sits out 
*** HOLE CARDS ***
Rambo_nvd leaves the table
MaRKiToScoK: raises $1.20 to $2.20
michasia: raises $4.40 to $6.60
Joe_Carlos: folds 
vadjkeee: folds 
MaRKiToScoK has timed out
MaRKiToScoK: folds 
Uncalled bet ($4.40) returned to michasia
michasia collected $5.90 from pot
michasia: doesn't show hand 
*** SUMMARY ***
Total pot $5.90 | Rake $0 
Seat 3: RohayhuP
Seat 6: Rambo_nvd
Seat 1: Joe_Carlos (small blind) folded before Flop
Seat 2: vadjkeee (big blind) folded before Flop
Seat 4: MaRKiToScoK folded before Flop
Seat 5: michasia (button) collected ($5.90)



PokerStars Hand #254370513768:  Hold'em No Limit ($0.50/$1.00 USD) - 2025/01/14 19:17:43 WET [2025/01/14 14:17:43 ET]
Table 'Phyleus III' 6-max Seat #1 is the button
Seat 1: Joe_Carlos ($61 in chips) 
Seat 2: vadjkeee ($100 in chips) 
Seat 3: RohayhuP ($100 in chips) 
Seat 4: MaRKiToScoK ($100 in chips) 
Seat 5: michasia ($103.70 in chips) 
vadjkeee: posts small blind $0.50
RohayhuP: posts big blind $1
*** HOLE CARDS ***
MaRKiToScoK: folds 
michasia: folds 
Joe_Carlos: raises $1.50 to $2.50
vadjkeee: folds 
chirva007 joins the table at seat #6 
RohayhuP: folds 
Uncalled bet ($1.50) returned to Joe_Carlos
Joe_Carlos collected $2.50 from pot
Joe_Carlos: doesn't show hand 
*** SUMMARY ***
Total pot $2.50 | Rake $0 
Seat 1: Joe_Carlos (button) collected ($2.50)
Seat 2: vadjkeee (small blind) folded before Flop
Seat 3: RohayhuP (big blind) folded before Flop
Seat 4: MaRKiToScoK folded before Flop (didn't bet)
Seat 5: michasia folded before Flop (didn't bet)



PokerStars Hand #254370520167:  Hold'em No Limit ($0.50/$1.00 USD) - 2025/01/14 19:18:04 WET [2025/01/14 14:18:04 ET]
Table 'Phyleus III' 6-max Seat #2 is the button
Seat 6: chirva007 ($100 in chips) is sitting out
Seat 1: Joe_Carlos ($62.50 in chips) 
Seat 2: vadjkeee ($100 in chips) 
Seat 3: RohayhuP ($99 in chips) 
Seat 4: MaRKiToScoK ($100 in chips) 
Seat 5: michasia ($103.70 in chips) 
RohayhuP: posts small blind $0.50
MaRKiToScoK: posts big blind $1
chirva007: sits out 
*** HOLE CARDS ***
michasia: folds 
chirva007 leaves the table
Joe_Carlos has timed out
Joe_Carlos: folds 
vadjkeee: folds 
RohayhuP: raises $2 to $3
MaRKiToScoK: raises $6 to $9
RohayhuP: folds 
Uncalled bet ($6) returned to MaRKiToScoK
MaRKiToScoK collected $6 from pot
*** SUMMARY ***
Total pot $6 | Rake $0 
Seat 6: chirva007
Seat 1: Joe_Carlos folded before Flop (didn't bet)
Seat 2: vadjkeee (button) folded before Flop (didn't bet)
Seat 3: RohayhuP (small blind) folded before Flop
Seat 4: MaRKiToScoK (big blind) collected ($6)
Seat 5: michasia folded before Flop (didn't bet)



PokerStars Hand #254370530505:  Hold'em No Limit ($0.50/$1.00 USD) - 2025/01/14 19:18:38 WET [2025/01/14 14:18:38 ET]
Table 'Phyleus III' 6-max Seat #3 is the button
Seat 5: michasia ($103.70 in chips) is sitting out
Seat 1: Joe_Carlos ($62.50 in chips) 
Seat 2: vadjkeee ($100 in chips) 
Seat 3: RohayhuP ($96 in chips) 
Seat 4: MaRKiToScoK ($103 in chips) 
MaRKiToScoK: posts small blind $0.50
michasia: is sitting out 
Joe_Carlos: posts big blind $1
*** HOLE CARDS ***
vadjkeee: folds 
RohayhuP: raises $1.50 to $2.50
michasia leaves the table
MaRKiToScoK: folds 
Joe_Carlos: folds 
Uncalled bet ($1.50) returned to RohayhuP
RohayhuP collected $2.50 from pot
RohayhuP: doesn't show hand 
*** SUMMARY ***
Total pot $2.50 | Rake $0 
Seat 5: michasia
Seat 1: Joe_Carlos (big blind) folded before Flop
Seat 2: vadjkeee folded before Flop (didn't bet)
Seat 3: RohayhuP (button) collected ($2.50)
Seat 4: MaRKiToScoK (small blind) folded before Flop



PokerStars Hand #254370536570:  Hold'em No Limit ($0.50/$1.00 USD) - 2025/01/14 19:18:58 WET [2025/01/14 14:18:58 ET]
Table 'Phyleus III' 6-max Seat #4 is the button
Seat 1: Joe_Carlos ($61.50 in chips) 
Seat 2: vadjkeee ($100 in chips) 
Seat 3: RohayhuP ($97.50 in chips) 
Seat 4: MaRKiToScoK ($102.50 in chips) 
Joe_Carlos: posts small blind $0.50
vadjkeee: posts big blind $1
*** HOLE CARDS ***
RohayhuP: folds 
MaRKiToScoK has timed out
MaRKiToScoK: folds 
Joe_Carlos: folds 
Uncalled bet ($0.50) returned to vadjkeee
vadjkeee collected $1 from pot
vadjkeee: doesn't show hand 
*** SUMMARY ***
Total pot $1 | Rake $0 
Seat 1: Joe_Carlos (small blind) folded before Flop
Seat 2: vadjkeee (big blind) collected ($1)
Seat 3: RohayhuP folded before Flop (didn't bet)
Seat 4: MaRKiToScoK (button) folded before Flop (didn't bet)



PokerStars Hand #254370544532:  Hold'em No Limit ($0.50/$1.00 USD) - 2025/01/14 19:19:25 WET [2025/01/14 14:19:25 ET]
Table 'Phyleus III' 6-max Seat #1 is the button
Seat 1: Joe_Carlos ($61 in chips) 
Seat 2: vadjkeee ($100.50 in chips) 
Seat 3: RohayhuP ($97.50 in chips) 
Seat 4: MaRKiToScoK ($102.50 in chips) 
vadjkeee: posts small blind $0.50
RohayhuP: posts big blind $1
*** HOLE CARDS ***
MaRKiToScoK: folds 
Joe_Carlos: folds 
vadjkeee: folds 
Uncalled bet ($0.50) returned to RohayhuP
RohayhuP collected $1 from pot
RohayhuP: doesn't show hand 
*** SUMMARY ***
Total pot $1 | Rake $0 
Seat 1: Joe_Carlos (button) folded before Flop (didn't bet)
Seat 2: vadjkeee (small blind) folded before Flop
Seat 3: RohayhuP (big blind) collected ($1)
Seat 4: MaRKiToScoK folded before Flop (didn't bet)



PokerStars Hand #254370547642:  Hold'em No Limit ($0.50/$1.00 USD) - 2025/01/14 19:19:35 WET [2025/01/14 14:19:35 ET]
Table 'Phyleus III' 6-max Seat #2 is the button
Seat 1: Joe_Carlos ($61 in chips) 
Seat 2: vadjkeee ($100 in chips) 
Seat 3: RohayhuP ($98 in chips) 
Seat 4: MaRKiToScoK ($102.50 in chips) 
RohayhuP: posts small blind $0.50
BoyLoc0 joins the table at seat #6 
MaRKiToScoK: posts big blind $1
*** HOLE CARDS ***
Joe_Carlos: raises $1.50 to $2.50
vadjkeee: folds 
RohayhuP: folds 
MaRKiToScoK has timed out
MaRKiToScoK: folds 
Uncalled bet ($1.50) returned to Joe_Carlos
Joe_Carlos collected $2.50 from pot
Joe_Carlos: doesn't show hand 
*** SUMMARY ***
Total pot $2.50 | Rake $0 
Seat 1: Joe_Carlos collected ($2.50)
Seat 2: vadjkeee (button) folded before Flop (didn't bet)
Seat 3: RohayhuP (small blind) folded before Flop
Seat 4: MaRKiToScoK (big blind) folded before Flop



PokerStars Hand #254370557663:  Hold'em No Limit ($0.50/$1.00 USD) - 2025/01/14 19:20:08 WET [2025/01/14 14:20:08 ET]
Table 'Phyleus III' 6-max Seat #3 is the button
Seat 1: Joe_Carlos ($62.50 in chips) 
Seat 2: vadjkeee ($100 in chips) 
Seat 3: RohayhuP ($97.50 in chips) 
Seat 4: MaRKiToScoK ($101.50 in chips) 
Seat 6: BoyLoc0 ($100 in chips) 
MaRKiToScoK: posts small blind $0.50
BoyLoc0: posts big blind $1
*** HOLE CARDS ***
Joe_Carlos: folds 
vadjkeee: folds 
RohayhuP: folds 
MaRKiToScoK: raises $1.75 to $2.75
BoyLoc0: calls $1.75
*** FLOP *** [5d Jh Js]
MaRKiToScoK: bets $1.57
BoyLoc0: calls $1.57
*** TURN *** [5d Jh Js] [4s]
MaRKiToScoK: bets $6.16
BoyLoc0: calls $6.16
*** RIVER *** [5d Jh Js 4s] [7d]
MaRKiToScoK: checks 
BoyLoc0: bets $6.57
MaRKiToScoK: calls $6.57
*** SHOW DOWN ***
BoyLoc0: shows [5c 5s] (a full house, Fives full of Jacks)
MaRKiToScoK: mucks hand 
BoyLoc0 collected $32.40 from pot
*** SUMMARY ***
Total pot $34.10 | Rake $1.70 
Board [5d Jh Js 4s 7d]
Seat 1: Joe_Carlos folded before Flop (didn't bet)
Seat 2: vadjkeee folded before Flop (didn't bet)
Seat 3: RohayhuP (button) folded before Flop (didn't bet)
Seat 4: MaRKiToScoK (small blind) mucked
Seat 6: BoyLoc0 (big blind) showed [5c 5s] and won ($32.40) with a full house, Fives full of Jacks



PokerStars Hand #254370575072:  Hold'em No Limit ($0.50/$1.00 USD) - 2025/01/14 19:21:06 WET [2025/01/14 14:21:06 ET]
Table 'Phyleus III' 6-max Seat #4 is the button
Seat 1: Joe_Carlos ($62.50 in chips) 
Seat 2: vadjkeee ($100 in chips) 
Seat 3: RohayhuP ($97.50 in chips) 
Seat 4: MaRKiToScoK ($100 in chips) 
Seat 6: BoyLoc0 ($115.35 in chips) 
BoyLoc0: posts small blind $0.50
Joe_Carlos: posts big blind $1
*** HOLE CARDS ***
vadjkeee: folds 
RohayhuP: raises $2 to $3
MaRKiToScoK: folds 
BoyLoc0: folds 
Joe_Carlos: folds 
Uncalled bet ($2) returned to RohayhuP
RohayhuP collected $2.50 from pot
RohayhuP: doesn't show hand 
*** SUMMARY ***
Total pot $2.50 | Rake $0 
Seat 1: Joe_Carlos (big blind) folded before Flop
Seat 2: vadjkeee folded before Flop (didn't bet)
Seat 3: RohayhuP collected ($2.50)
Seat 4: MaRKiToScoK (button) folded before Flop (didn't bet)
Seat 6: BoyLoc0 (small blind) folded before Flop



PokerStars Hand #254370580366:  Hold'em No Limit ($0.50/$1.00 USD) - 2025/01/14 19:21:23 WET [2025/01/14 14:21:23 ET]
Table 'Phyleus III' 6-max Seat #6 is the button
Seat 1: Joe_Carlos ($61.50 in chips) 
Seat 2: vadjkeee ($100 in chips) 
Seat 3: RohayhuP ($99 in chips) 
Seat 4: MaRKiToScoK ($100 in chips) 
Seat 6: BoyLoc0 ($114.85 in chips) 
Joe_Carlos: posts small blind $0.50
vadjkeee: posts big blind $1
*** HOLE CARDS ***
RohayhuP: folds 
MaRKiToScoK: folds 
BoyLoc0: folds 
Joe_Carlos: folds 
Uncalled bet ($0.50) returned to vadjkeee
vadjkeee collected $1 from pot
vadjkeee: doesn't show hand 
*** SUMMARY ***
Total pot $1 | Rake $0 
Seat 1: Joe_Carlos (small blind) folded before Flop
Seat 2: vadjkeee (big blind) collected ($1)
Seat 3: RohayhuP folded before Flop (didn't bet)
Seat 4: MaRKiToScoK folded before Flop (didn't bet)
Seat 6: BoyLoc0 (button) folded before Flop (didn't bet)



PokerStars Hand #254370585091:  Hold'em No Limit ($0.50/$1.00 USD) - 2025/01/14 19:21:39 WET [2025/01/14 14:21:39 ET]
Table 'Phyleus III' 6-max Seat #1 is the button
Seat 1: Joe_Carlos ($61 in chips) 
Seat 3: RohayhuP ($99 in chips) 
Seat 4: MaRKiToScoK ($100 in chips) 
Seat 6: BoyLoc0 ($114.85 in chips) 
RohayhuP: posts small blind $0.50
MaRKiToScoK: posts big blind $1
*** HOLE CARDS ***
BoyLoc0: folds 
BoyLoc0 leaves the table
Joe_Carlos: folds 
RohayhuP: raises $2 to $3
MaRKiToScoK: calls $2
*** FLOP *** [3d Tc 6c]
RohayhuP: bets $2.85
MaRKiToScoK: calls $2.85
*** TURN *** [3d Tc 6c] [5c]
RohayhuP: checks 
MaRKiToScoK: bets $8.34
michasia joins the table at seat #6 
RohayhuP: folds 
Uncalled bet ($8.34) returned to MaRKiToScoK
MaRKiToScoK collected $11.12 from pot
*** SUMMARY ***
Total pot $11.70 | Rake $0.58 
Board [3d Tc 6c 5c]
Seat 1: Joe_Carlos (button) folded before Flop (didn't bet)
Seat 3: RohayhuP (small blind) folded on the Turn
Seat 4: MaRKiToScoK (big blind) collected ($11.12)
Seat 6: BoyLoc0 folded before Flop (didn't bet)



PokerStars Hand #254370606643:  Hold'em No Limit ($0.50/$1.00 USD) - 2025/01/14 19:22:50 WET [2025/01/14 14:22:50 ET]
Table 'Phyleus III' 6-max Seat #3 is the button
Seat 1: Joe_Carlos ($61 in chips) 
Seat 3: RohayhuP ($93.15 in chips) 
Seat 4: MaRKiToScoK ($105.27 in chips) 
Seat 6: michasia ($103.70 in chips) 
MaRKiToScoK: posts small blind $0.50
michasia: posts big blind $1
*** HOLE CARDS ***
Joe_Carlos: folds 
RohayhuP: raises $1.50 to $2.50
MaRKiToScoK: folds 
michasia: calls $1.50
*** FLOP *** [Th Ts Kd]
michasia: checks 
RohayhuP: bets $2.61
michasia: folds 
Uncalled bet ($2.61) returned to RohayhuP
RohayhuP collected $5.15 from pot
RohayhuP: doesn't show hand 
*** SUMMARY ***
Total pot $5.50 | Rake $0.35 
Board [Th Ts Kd]
Seat 1: Joe_Carlos folded before Flop (didn't bet)
Seat 3: RohayhuP (button) collected ($5.15)
Seat 4: MaRKiToScoK (small blind) folded before Flop
Seat 6: michasia (big blind) folded on the Flop



PokerStars Hand #254370617414:  Hold'em No Limit ($0.50/$1.00 USD) - 2025/01/14 19:23:26 WET [2025/01/14 14:23:26 ET]
Table 'Phyleus III' 6-max Seat #4 is the button
Seat 1: Joe_Carlos ($61 in chips) 
Seat 3: RohayhuP ($95.80 in chips) 
Seat 4: MaRKiToScoK ($104.77 in chips) 
Seat 6: michasia ($101.20 in chips) 
michasia: posts small blind $0.50
Joe_Carlos: posts big blind $1
*** HOLE CARDS ***
RohayhuP: folds 
MaRKiToScoK: folds 
michasia: folds 
Uncalled bet ($0.50) returned to Joe_Carlos
Joe_Carlos collected $1 from pot
Joe_Carlos: doesn't show hand 
*** SUMMARY ***
Total pot $1 | Rake $0 
Seat 1: Joe_Carlos (big blind) collected ($1)
Seat 3: RohayhuP folded before Flop (didn't bet)
Seat 4: MaRKiToScoK (button) folded before Flop (didn't bet)
Seat 6: michasia (small blind) folded before Flop



PokerStars Hand #254370621970:  Hold'em No Limit ($0.50/$1.00 USD) - 2025/01/14 19:23:41 WET [2025/01/14 14:23:41 ET]
Table 'Phyleus III' 6-max Seat #6 is the button
Seat 1: Joe_Carlos ($61.50 in chips) 
Seat 3: RohayhuP ($95.80 in chips) 
Seat 4: MaRKiToScoK ($104.77 in chips) 
Seat 6: michasia ($100.70 in chips) 
Joe_Carlos: posts small blind $0.50
RohayhuP: posts big blind $1
*** HOLE CARDS ***
Theseus664 joins the table at seat #5 
Theseus664 is disconnected 
nastja336 joins the table at seat #2 
MaRKiToScoK: raises $1.20 to $2.20
michasia: folds 
Joe_Carlos: folds 
RohayhuP: calls $1.20
*** FLOP *** [9d Jh 7d]
RohayhuP: checks 
MaRKiToScoK: checks 
*** TURN *** [9d Jh 7d] [Ac]
RohayhuP: bets $3.33
MaRKiToScoK: folds 
Uncalled bet ($3.33) returned to RohayhuP
RohayhuP collected $4.60 from pot
RohayhuP: doesn't show hand 
*** SUMMARY ***
Total pot $4.90 | Rake $0.30 
Board [9d Jh 7d Ac]
Seat 1: Joe_Carlos (small blind) folded before Flop
Seat 3: RohayhuP (big blind) collected ($4.60)
Seat 4: MaRKiToScoK folded on the Turn
Seat 6: michasia (button) folded before Flop (didn't bet)



PokerStars Hand #254370642629:  Hold'em No Limit ($0.50/$1.00 USD) - 2025/01/14 19:24:49 WET [2025/01/14 14:24:49 ET]
Table 'Phyleus III' 6-max Seat #1 is the button
Seat 2: nastja336 ($100 in chips) is sitting out
Seat 5: Theseus664 ($100 in chips) is sitting out
Seat 1: Joe_Carlos ($61 in chips) 
Seat 3: RohayhuP ($98.20 in chips) 
Seat 4: MaRKiToScoK ($102.57 in chips) 
Seat 6: michasia ($100.70 in chips) 
RohayhuP: posts small blind $0.50
MaRKiToScoK: posts big blind $1
Theseus664: sits out 
*** HOLE CARDS ***
michasia: raises $1.80 to $2.80
Joe_Carlos: folds 
RohayhuP: folds 
MaRKiToScoK: folds 
Uncalled bet ($1.80) returned to michasia
michasia collected $2.50 from pot
michasia: doesn't show hand 
*** SUMMARY ***
Total pot $2.50 | Rake $0 
Seat 2: nastja336
Seat 5: Theseus664
Seat 1: Joe_Carlos (button) folded before Flop (didn't bet)
Seat 3: RohayhuP (small blind) folded before Flop
Seat 4: MaRKiToScoK (big blind) folded before Flop
Seat 6: michasia collected ($2.50)



PokerStars Hand #254370650909:  Hold'em No Limit ($0.50/$1.00 USD) - 2025/01/14 19:25:17 WET [2025/01/14 14:25:17 ET]
Table 'Phyleus III' 6-max Seat #3 is the button
Seat 2: nastja336 ($100 in chips) is sitting out
Seat 1: Joe_Carlos ($61 in chips) 
Seat 3: RohayhuP ($97.70 in chips) 
Seat 4: MaRKiToScoK ($101.57 in chips) 
Seat 5: Theseus664 ($100 in chips) 
Seat 6: michasia ($102.20 in chips) 
MaRKiToScoK: posts small blind $0.50
Theseus664: posts big blind $1
nastja336: sits out 
*** HOLE CARDS ***
michasia: raises $1.60 to $2.60
Joe_Carlos: folds 
RohayhuP: folds 
MaRKiToScoK: folds 
Theseus664: calls $1.60
*** FLOP *** [5h 2c Jh]
Theseus664: checks 
michasia: bets $1.79
Theseus664: calls $1.79
*** TURN *** [5h 2c Jh] [9h]
Theseus664: checks 
michasia: bets $5.88
Theseus664: folds 
Uncalled bet ($5.88) returned to michasia
michasia collected $8.82 from pot
michasia: doesn't show hand 
*** SUMMARY ***
Total pot $9.28 | Rake $0.46 
Board [5h 2c Jh 9h]
Seat 2: nastja336
Seat 1: Joe_Carlos folded before Flop (didn't bet)
Seat 3: RohayhuP (button) folded before Flop (didn't bet)
Seat 4: MaRKiToScoK (small blind) folded before Flop
Seat 5: Theseus664 (big blind) folded on the Turn
Seat 6: michasia collected ($8.82)



PokerStars Hand #254370662481:  Hold'em No Limit ($0.50/$1.00 USD) - 2025/01/14 19:25:56 WET [2025/01/14 14:25:56 ET]
Table 'Phyleus III' 6-max Seat #4 is the button
Seat 2: nastja336 ($100 in chips) is sitting out
Seat 6: michasia ($106.63 in chips) is sitting out
Seat 1: Joe_Carlos ($61 in chips) 
Seat 3: RohayhuP ($97.70 in chips) 
Seat 4: MaRKiToScoK ($101.07 in chips) 
Seat 5: Theseus664 ($95.61 in chips) 
Theseus664: posts small blind $0.50
michasia: is sitting out 
Joe_Carlos: posts big blind $1
nastja336: sits out 
*** HOLE CARDS ***
RohayhuP: folds 
michasia leaves the table
m17akaaa joins the table at seat #6 
m17akaaa is disconnected 
MaRKiToScoK: raises $1.30 to $2.30
Theseus664: raises $5.30 to $7.60
Joe_Carlos: calls $6.60
MaRKiToScoK: calls $5.30
*** FLOP *** [5c Jc 2d]
Theseus664: bets $15.90
Joe_Carlos: calls $15.90
MaRKiToScoK: folds 
*** TURN *** [5c Jc 2d] [9d]
Theseus664: bets $30.80
Joe_Carlos: folds 
Uncalled bet ($30.80) returned to Theseus664
Theseus664 collected $53.60 from pot
*** SUMMARY ***
Total pot $54.60 | Rake $1 
Board [5c Jc 2d 9d]
Seat 2: nastja336
Seat 6: michasia
Seat 1: Joe_Carlos (big blind) folded on the Turn
Seat 3: RohayhuP folded before Flop (didn't bet)
Seat 4: MaRKiToScoK (button) folded on the Flop
Seat 5: Theseus664 (small blind) collected ($53.60)



PokerStars Hand #254370687871:  Hold'em No Limit ($0.50/$1.00 USD) - 2025/01/14 19:27:20 WET [2025/01/14 14:27:20 ET]
Table 'Phyleus III' 6-max Seat #5 is the button
Seat 6: m17akaaa ($100 in chips) is sitting out
Seat 1: Joe_Carlos ($37.50 in chips) 
Seat 2: nastja336 ($100 in chips) 
Seat 3: RohayhuP ($97.70 in chips) 
Seat 4: MaRKiToScoK ($100 in chips) 
Seat 5: Theseus664 ($125.71 in chips) 
Joe_Carlos: posts small blind $0.50
nastja336: posts big blind $1
*** HOLE CARDS ***
RohayhuP: raises $2 to $3
MaRKiToScoK: folds 
Theseus664: folds 
Joe_Carlos: calls $2.50
nastja336: folds 
*** FLOP *** [5h 3c Js]
Joe_Carlos: checks 
RohayhuP: bets $3.33
Joe_Carlos: folds 
Uncalled bet ($3.33) returned to RohayhuP
RohayhuP collected $6.56 from pot
RohayhuP: doesn't show hand 
*** SUMMARY ***
Total pot $7 | Rake $0.44 
Board [5h 3c Js]
Seat 6: m17akaaa
Seat 1: Joe_Carlos (small blind) folded on the Flop
Seat 2: nastja336 (big blind) folded before Flop
Seat 3: RohayhuP collected ($6.56)
Seat 4: MaRKiToScoK folded before Flop (didn't bet)
Seat 5: Theseus664 (button) folded before Flop (didn't bet)



PokerStars Hand #254370698818:  Hold'em No Limit ($0.50/$1.00 USD) - 2025/01/14 19:27:57 WET [2025/01/14 14:27:57 ET]
Table 'Phyleus III' 6-max Seat #1 is the button
Seat 1: Joe_Carlos ($34.50 in chips) 
Seat 2: nastja336 ($100 in chips) 
Seat 3: RohayhuP ($101.26 in chips) 
Seat 4: MaRKiToScoK ($100 in chips) 
Seat 5: Theseus664 ($125.71 in chips) 
Seat 6: m17akaaa ($100 in chips) 
nastja336: posts small blind $0.50
RohayhuP: posts big blind $1
m17akaaa: posts big blind $1
*** HOLE CARDS ***
MaRKiToScoK: folds 
Theseus664: folds 
m17akaaa: checks 
Joe_Carlos: raises $4 to $5
nastja336: folds 
RohayhuP: folds 
m17akaaa: folds 
Uncalled bet ($4) returned to Joe_Carlos
Joe_Carlos collected $3.50 from pot
Joe_Carlos: doesn't show hand 
*** SUMMARY ***
Total pot $3.50 | Rake $0 
Seat 1: Joe_Carlos (button) collected ($3.50)
Seat 2: nastja336 (small blind) folded before Flop
Seat 3: RohayhuP (big blind) folded before Flop
Seat 4: MaRKiToScoK folded before Flop (didn't bet)
Seat 5: Theseus664 folded before Flop (didn't bet)
Seat 6: m17akaaa folded before Flop (didn't bet)



PokerStars Hand #254370705339:  Hold'em No Limit ($0.50/$1.00 USD) - 2025/01/14 19:28:19 WET [2025/01/14 14:28:19 ET]
Table 'Phyleus III' 6-max Seat #2 is the button
Seat 1: Joe_Carlos ($37 in chips) 
Seat 2: nastja336 ($100 in chips) 
Seat 3: RohayhuP ($100.26 in chips) 
Seat 4: MaRKiToScoK ($100 in chips) 
Seat 5: Theseus664 ($125.71 in chips) 
Seat 6: m17akaaa ($99 in chips) 
RohayhuP: posts small blind $0.50
MaRKiToScoK: posts big blind $1
*** HOLE CARDS ***
Theseus664: folds 
m17akaaa: folds 
Joe_Carlos: raises $1.50 to $2.50
Theseus664 leaves the table
nastja336: folds 
RohayhuP: folds 
Nazareno1999 joins the table at seat #5 
MaRKiToScoK: raises $9.50 to $12
Joe_Carlos: calls $9.50
*** FLOP *** [2c Th 3h]
MaRKiToScoK: bets $29.10
Joe_Carlos: calls $25 and is all-in
Uncalled bet ($4.10) returned to MaRKiToScoK
*** TURN *** [2c Th 3h] [Td]
*** RIVER *** [2c Th 3h Td] [5s]
*** SHOW DOWN ***
MaRKiToScoK: shows [Qc Ac] (a pair of Tens)
Joe_Carlos: shows [4c 4h] (two pair, Tens and Fours)
Joe_Carlos collected $72 from pot
*** SUMMARY ***
Total pot $74.50 | Rake $2.50 
Board [2c Th 3h Td 5s]
Seat 1: Joe_Carlos showed [4c 4h] and won ($72) with two pair, Tens and Fours
Seat 2: nastja336 (button) folded before Flop (didn't bet)
Seat 3: RohayhuP (small blind) folded before Flop
Seat 4: MaRKiToScoK (big blind) showed [Qc Ac] and lost with a pair of Tens
Seat 5: Theseus664 folded before Flop (didn't bet)
Seat 6: m17akaaa folded before Flop (didn't bet)



PokerStars Hand #254370721034:  Hold'em No Limit ($0.50/$1.00 USD) - 2025/01/14 19:29:12 WET [2025/01/14 14:29:12 ET]
Table 'Phyleus III' 6-max Seat #3 is the button
Seat 1: Joe_Carlos ($72 in chips) 
Seat 2: nastja336 ($100 in chips) 
Seat 3: RohayhuP ($99.76 in chips) 
Seat 4: MaRKiToScoK ($100 in chips) 
Seat 5: Nazareno1999 ($100 in chips) 
Seat 6: m17akaaa ($99 in chips) 
MaRKiToScoK: posts small blind $0.50
Nazareno1999: posts big blind $1
*** HOLE CARDS ***
m17akaaa: raises $1 to $2
Joe_Carlos: folds 
nastja336: folds 
RohayhuP: folds 
MaRKiToScoK: calls $1.50
Nazareno1999: calls $1
*** FLOP *** [Ad Ks Js]
MaRKiToScoK: checks 
Nazareno1999: checks 
m17akaaa: checks 
*** TURN *** [Ad Ks Js] [Kh]
MaRKiToScoK: bets $4.28
Nazareno1999: folds 
m17akaaa: calls $4.28
*** RIVER *** [Ad Ks Js Kh] [7h]
MaRKiToScoK: bets $20.75
m17akaaa: raises $29.75 to $50.50
MaRKiToScoK: folds 
Uncalled bet ($29.75) returned to m17akaaa
m17akaaa collected $53.56 from pot
*** SUMMARY ***
Total pot $56.06 | Rake $2.50 
Board [Ad Ks Js Kh 7h]
Seat 1: Joe_Carlos folded before Flop (didn't bet)
Seat 2: nastja336 folded before Flop (didn't bet)
Seat 3: RohayhuP (button) folded before Flop (didn't bet)
Seat 4: MaRKiToScoK (small blind) folded on the River
Seat 5: Nazareno1999 (big blind) folded on the Turn
Seat 6: m17akaaa collected ($53.56)



PokerStars Hand #254370746112:  Hold'em No Limit ($0.50/$1.00 USD) - 2025/01/14 19:30:37 WET [2025/01/14 14:30:37 ET]
Table 'Phyleus III' 6-max Seat #4 is the button
Seat 1: Joe_Carlos ($72 in chips) 
Seat 2: nastja336 ($100 in chips) 
Seat 3: RohayhuP ($99.76 in chips) 
Seat 4: MaRKiToScoK ($100 in chips) 
Seat 5: Nazareno1999 ($100 in chips) 
Seat 6: m17akaaa ($125.53 in chips) 
Nazareno1999: posts small blind $0.50
m17akaaa: posts big blind $1
*** HOLE CARDS ***
Joe_Carlos: folds 
nastja336: raises $1.50 to $2.50
RohayhuP: folds 
MaRKiToScoK: folds 
Nazareno1999: folds 
m17akaaa: raises $4.50 to $7
nastja336: calls $4.50
*** FLOP *** [Jh Ks 4s]
m17akaaa: checks 
nastja336: checks 
*** TURN *** [Jh Ks 4s] [7h]
m17akaaa: bets $5.89
nastja336: folds 
Uncalled bet ($5.89) returned to m17akaaa
m17akaaa collected $13.78 from pot
*** SUMMARY ***
Total pot $14.50 | Rake $0.72 
Board [Jh Ks 4s 7h]
Seat 1: Joe_Carlos folded before Flop (didn't bet)
Seat 2: nastja336 folded on the Turn
Seat 3: RohayhuP folded before Flop (didn't bet)
Seat 4: MaRKiToScoK (button) folded before Flop (didn't bet)
Seat 5: Nazareno1999 (small blind) folded before Flop
Seat 6: m17akaaa (big blind) collected ($13.78)



PokerStars Hand #254370764700:  Hold'em No Limit ($0.50/$1.00 USD) - 2025/01/14 19:31:39 WET [2025/01/14 14:31:39 ET]
Table 'Phyleus III' 6-max Seat #5 is the button
Seat 1: Joe_Carlos ($72 in chips) 
Seat 2: nastja336 ($100 in chips) 
Seat 3: RohayhuP ($99.76 in chips) 
Seat 4: MaRKiToScoK ($100 in chips) 
Seat 5: Nazareno1999 ($100 in chips) 
Seat 6: m17akaaa ($132.31 in chips) 
m17akaaa: posts small blind $0.50
Joe_Carlos: posts big blind $1
*** HOLE CARDS ***
nastja336: folds 
nastja336 leaves the table
RohayhuP: raises $2 to $3
BoyLoc0 joins the table at seat #2 
BoyLoc0 leaves the table
MaRKiToScoK: folds 
Nazareno1999: folds 
m17akaaa: folds 
michasia joins the table at seat #2 
Joe_Carlos: folds 
Uncalled bet ($2) returned to RohayhuP
RohayhuP collected $2.50 from pot
RohayhuP: doesn't show hand 
*** SUMMARY ***
Total pot $2.50 | Rake $0 
Seat 1: Joe_Carlos (big blind) folded before Flop
Seat 2: nastja336 folded before Flop (didn't bet)
Seat 3: RohayhuP collected ($2.50)
Seat 4: MaRKiToScoK folded before Flop (didn't bet)
Seat 5: Nazareno1999 (button) folded before Flop (didn't bet)
Seat 6: m17akaaa (small blind) folded before Flop



PokerStars Hand #254370770405:  Hold'em No Limit ($0.50/$1.00 USD) - 2025/01/14 19:31:58 WET [2025/01/14 14:31:58 ET]
Table 'Phyleus III' 6-max Seat #6 is the button
Seat 1: Joe_Carlos ($71 in chips) 
Seat 2: michasia ($106.63 in chips) 
Seat 3: RohayhuP ($101.26 in chips) 
Seat 4: MaRKiToScoK ($100 in chips) 
Seat 5: Nazareno1999 ($100 in chips) 
Seat 6: m17akaaa ($131.81 in chips) 
Joe_Carlos: posts small blind $0.50
michasia: posts big blind $1
*** HOLE CARDS ***
RohayhuP: folds 
MaRKiToScoK: folds 
Nazareno1999: folds 
m17akaaa: folds 
Joe_Carlos: raises $2 to $3
michasia: calls $2
*** FLOP *** [Th 6h Kc]
Joe_Carlos: bets $1.88
michasia: calls $1.88
*** TURN *** [Th 6h Kc] [Jc]
Joe_Carlos: checks 
michasia: bets $6.18
Joe_Carlos: calls $6.18
*** RIVER *** [Th 6h Kc Jc] [2d]
Joe_Carlos: checks 
michasia: bets $59
Joe_Carlos: folds 
Uncalled bet ($59) returned to michasia
michasia collected $21.01 from pot
michasia: doesn't show hand 
*** SUMMARY ***
Total pot $22.12 | Rake $1.11 
Board [Th 6h Kc Jc 2d]
Seat 1: Joe_Carlos (small blind) folded on the River
Seat 2: michasia (big blind) collected ($21.01)
Seat 3: RohayhuP folded before Flop (didn't bet)
Seat 4: MaRKiToScoK folded before Flop (didn't bet)
Seat 5: Nazareno1999 folded before Flop (didn't bet)
Seat 6: m17akaaa (button) folded before Flop (didn't bet)



PokerStars Hand #254370793742:  Hold'em No Limit ($0.50/$1.00 USD) - 2025/01/14 19:33:16 WET [2025/01/14 14:33:16 ET]
Table 'Phyleus III' 6-max Seat #1 is the button
Seat 1: Joe_Carlos ($59.94 in chips) 
Seat 2: michasia ($116.58 in chips) 
Seat 3: RohayhuP ($101.26 in chips) 
Seat 4: MaRKiToScoK ($100 in chips) 
Seat 5: Nazareno1999 ($100 in chips) 
Seat 6: m17akaaa ($131.81 in chips) 
michasia: posts small blind $0.50
RohayhuP: posts big blind $1
*** HOLE CARDS ***
MaRKiToScoK: folds 
Nazareno1999: raises $1.20 to $2.20
m17akaaa: folds 
Joe_Carlos: folds 
michasia: folds 
RohayhuP: folds 
Uncalled bet ($1.20) returned to Nazareno1999
Nazareno1999 collected $2.50 from pot
Nazareno1999: doesn't show hand 
*** SUMMARY ***
Total pot $2.50 | Rake $0 
Seat 1: Joe_Carlos (button) folded before Flop (didn't bet)
Seat 2: michasia (small blind) folded before Flop
Seat 3: RohayhuP (big blind) folded before Flop
Seat 4: MaRKiToScoK folded before Flop (didn't bet)
Seat 5: Nazareno1999 collected ($2.50)
Seat 6: m17akaaa folded before Flop (didn't bet)



PokerStars Hand #254370798798:  Hold'em No Limit ($0.50/$1.00 USD) - 2025/01/14 19:33:32 WET [2025/01/14 14:33:32 ET]
Table 'Phyleus III' 6-max Seat #2 is the button
Seat 1: Joe_Carlos ($59.94 in chips) 
Seat 2: michasia ($116.08 in chips) 
Seat 3: RohayhuP ($100.26 in chips) 
Seat 4: MaRKiToScoK ($100 in chips) 
Seat 5: Nazareno1999 ($101.50 in chips) 
Seat 6: m17akaaa ($131.81 in chips) 
RohayhuP: posts small blind $0.50
MaRKiToScoK: posts big blind $1
*** HOLE CARDS ***
Nazareno1999: folds 
m17akaaa: folds 
Joe_Carlos: folds 
michasia: folds 
RohayhuP: raises $2 to $3
MaRKiToScoK: raises $6 to $9
RohayhuP: raises $14 to $23
MaRKiToScoK: calls $14
*** FLOP *** [Js Jc 8c]
RohayhuP: bets $18.85
MaRKiToScoK: raises $58.15 to $77 and is all-in
RohayhuP: calls $58.15
*** TURN *** [Js Jc 8c] [4s]
*** RIVER *** [Js Jc 8c 4s] [5c]
*** SHOW DOWN ***
RohayhuP: shows [8s Ah] (two pair, Jacks and Eights)
MaRKiToScoK: shows [7c 9c] (a flush, Jack high)
MaRKiToScoK collected $197.50 from pot
*** SUMMARY ***
Total pot $200 | Rake $2.50 
Board [Js Jc 8c 4s 5c]
Seat 1: Joe_Carlos folded before Flop (didn't bet)
Seat 2: michasia (button) folded before Flop (didn't bet)
Seat 3: RohayhuP (small blind) showed [8s Ah] and lost with two pair, Jacks and Eights
Seat 4: MaRKiToScoK (big blind) showed [7c 9c] and won ($197.50) with a flush, Jack high
Seat 5: Nazareno1999 folded before Flop (didn't bet)
Seat 6: m17akaaa folded before Flop (didn't bet)



PokerStars Hand #254370822659:  Hold'em No Limit ($0.50/$1.00 USD) - 2025/01/14 19:34:52 WET [2025/01/14 14:34:52 ET]
Table 'Phyleus III' 6-max Seat #4 is the button
Seat 3: RohayhuP ($0.26 in chips) is sitting out
Seat 1: Joe_Carlos ($59.94 in chips) 
Seat 2: michasia ($116.08 in chips) 
Seat 4: MaRKiToScoK ($197.50 in chips) 
Seat 5: Nazareno1999 ($101.50 in chips) 
Seat 6: m17akaaa ($131.81 in chips) 
Nazareno1999: posts small blind $0.50
m17akaaa: posts big blind $1
*** HOLE CARDS ***
Joe_Carlos: folds 
michasia: raises $1.80 to $2.80
MaRKiToScoK: folds 
Nazareno1999: folds 
m17akaaa: folds 
Uncalled bet ($1.80) returned to michasia
michasia collected $2.50 from pot
michasia: doesn't show hand 
*** SUMMARY ***
Total pot $2.50 | Rake $0 
Seat 3: RohayhuP
Seat 1: Joe_Carlos folded before Flop (didn't bet)
Seat 2: michasia collected ($2.50)
Seat 4: MaRKiToScoK (button) folded before Flop (didn't bet)
Seat 5: Nazareno1999 (small blind) folded before Flop
Seat 6: m17akaaa (big blind) folded before Flop



PokerStars Hand #254370828932:  Hold'em No Limit ($0.50/$1.00 USD) - 2025/01/14 19:35:13 WET [2025/01/14 14:35:13 ET]
Table 'Phyleus III' 6-max Seat #5 is the button
Seat 1: Joe_Carlos ($59.94 in chips) 
Seat 2: michasia ($117.58 in chips) 
Seat 3: RohayhuP ($100 in chips) 
Seat 4: MaRKiToScoK ($197.50 in chips) 
Seat 5: Nazareno1999 ($101 in chips) 
Seat 6: m17akaaa ($130.81 in chips) 
m17akaaa: posts small blind $0.50
Joe_Carlos: posts big blind $1
*** HOLE CARDS ***
michasia: folds 
RohayhuP: folds 
MaRKiToScoK: folds 
Nazareno1999: raises $1.20 to $2.20
m17akaaa: folds 
Joe_Carlos: folds 
Uncalled bet ($1.20) returned to Nazareno1999
Nazareno1999 collected $2.50 from pot
Nazareno1999: doesn't show hand 
*** SUMMARY ***
Total pot $2.50 | Rake $0 
Seat 1: Joe_Carlos (big blind) folded before Flop
Seat 2: michasia folded before Flop (didn't bet)
Seat 3: RohayhuP folded before Flop (didn't bet)
Seat 4: MaRKiToScoK folded before Flop (didn't bet)
Seat 5: Nazareno1999 (button) collected ($2.50)
Seat 6: m17akaaa (small blind) folded before Flop



PokerStars Hand #254370832550:  Hold'em No Limit ($0.50/$1.00 USD) - 2025/01/14 19:35:24 WET [2025/01/14 14:35:24 ET]
Table 'Phyleus III' 6-max Seat #6 is the button
Seat 1: Joe_Carlos ($58.94 in chips) 
Seat 2: michasia ($117.58 in chips) 
Seat 3: RohayhuP ($100 in chips) 
Seat 4: MaRKiToScoK ($197.50 in chips) 
Seat 5: Nazareno1999 ($102.50 in chips) 
Seat 6: m17akaaa ($130.31 in chips) 
Joe_Carlos: posts small blind $0.50
michasia: posts big blind $1
*** HOLE CARDS ***
RohayhuP: folds 
MaRKiToScoK: folds 
Nazareno1999: folds 
m17akaaa: folds 
Joe_Carlos: folds 
Uncalled bet ($0.50) returned to michasia
michasia collected $1 from pot
michasia: doesn't show hand 
*** SUMMARY ***
Total pot $1 | Rake $0 
Seat 1: Joe_Carlos (small blind) folded before Flop
Seat 2: michasia (big blind) collected ($1)
Seat 3: RohayhuP folded before Flop (didn't bet)
Seat 4: MaRKiToScoK folded before Flop (didn't bet)
Seat 5: Nazareno1999 folded before Flop (didn't bet)
Seat 6: m17akaaa (button) folded before Flop (didn't bet)



PokerStars Hand #254370836795:  Hold'em No Limit ($0.50/$1.00 USD) - 2025/01/14 19:35:38 WET [2025/01/14 14:35:38 ET]
Table 'Phyleus III' 6-max Seat #1 is the button
Seat 1: Joe_Carlos ($58.44 in chips) 
Seat 2: michasia ($118.08 in chips) 
Seat 3: RohayhuP ($100 in chips) 
Seat 4: MaRKiToScoK ($197.50 in chips) 
Seat 5: Nazareno1999 ($102.50 in chips) 
Seat 6: m17akaaa ($130.31 in chips) 
michasia: posts small blind $0.50
RohayhuP: posts big blind $1
*** HOLE CARDS ***
MaRKiToScoK: folds 
Nazareno1999: folds 
m17akaaa: raises $1 to $2
Joe_Carlos: calls $2
michasia: raises $8 to $10
RohayhuP: folds 
m17akaaa: calls $8
Joe_Carlos: calls $8
*** FLOP *** [Kc 3c 9d]
michasia: bets $9.72
m17akaaa: calls $9.72
Joe_Carlos: raises $38.72 to $48.44 and is all-in
michasia: raises $59.64 to $108.08 and is all-in
m17akaaa: folds 
Uncalled bet ($59.64) returned to michasia
*** TURN *** [Kc 3c 9d] [3s]
*** RIVER *** [Kc 3c 9d 3s] [8h]
*** SHOW DOWN ***
michasia: shows [Tc Th] (two pair, Tens and Threes)
Joe_Carlos: shows [6c 5c] (a pair of Threes)
michasia collected $135.10 from pot
*** SUMMARY ***
Total pot $137.60 | Rake $2.50 
Board [Kc 3c 9d 3s 8h]
Seat 1: Joe_Carlos (button) showed [6c 5c] and lost with a pair of Threes
Seat 2: michasia (small blind) showed [Tc Th] and won ($135.10) with two pair, Tens and Threes
Seat 3: RohayhuP (big blind) folded before Flop
Seat 4: MaRKiToScoK folded before Flop (didn't bet)
Seat 5: Nazareno1999 folded before Flop (didn't bet)
Seat 6: m17akaaa folded on the Flop



PokerStars Hand #254370859479:  Hold'em No Limit ($0.50/$1.00 USD) - 2025/01/14 19:36:53 WET [2025/01/14 14:36:53 ET]
Table 'Phyleus III' 6-max Seat #2 is the button
Seat 1: Joe_Carlos ($0 in chips) is sitting out
Seat 2: michasia ($194.74 in chips) 
Seat 3: RohayhuP ($99 in chips) 
Seat 4: MaRKiToScoK ($197.50 in chips) 
Seat 5: Nazareno1999 ($102.50 in chips) 
Seat 6: m17akaaa ($110.59 in chips) 
RohayhuP: posts small blind $0.50
MaRKiToScoK: posts big blind $1
*** HOLE CARDS ***
Nazareno1999: raises $1.20 to $2.20
m17akaaa: folds 
michasia: folds 
RohayhuP: raises $7.40 to $9.60
MaRKiToScoK: folds 
Nazareno1999: calls $7.40
*** FLOP *** [5h Ah 7h]
RohayhuP: bets $9.60
Nazareno1999: calls $9.60
*** TURN *** [5h Ah 7h] [2c]
RohayhuP: bets $22.72
Nazareno1999: calls $22.72
*** RIVER *** [5h Ah 7h 2c] [Tc]
RohayhuP: bets $57.08 and is all-in
Nazareno1999: calls $57.08
*** SHOW DOWN ***
RohayhuP: shows [Kc Ad] (a pair of Aces)
Nazareno1999: shows [Qc As] (a pair of Aces - lower kicker)
RohayhuP collected $195.88 from pot
*** SUMMARY ***
Total pot $199 | Rake $3.12 
Board [5h Ah 7h 2c Tc]
Seat 1: Joe_Carlos
Seat 2: michasia (button) folded before Flop (didn't bet)
Seat 3: RohayhuP (small blind) showed [Kc Ad] and won ($195.88) with a pair of Aces
Seat 4: MaRKiToScoK (big blind) folded before Flop
Seat 5: Nazareno1999 showed [Qc As] and lost with a pair of Aces
Seat 6: m17akaaa folded before Flop (didn't bet)



PokerStars Hand #254370880566:  Hold'em No Limit ($0.50/$1.00 USD) - 2025/01/14 19:38:03 WET [2025/01/14 14:38:03 ET]
Table 'Phyleus III' 6-max Seat #3 is the button
Seat 1: Joe_Carlos ($0 in chips) is sitting out
Seat 2: michasia ($194.74 in chips) 
Seat 3: RohayhuP ($195.88 in chips) 
Seat 4: MaRKiToScoK ($196.50 in chips) 
Seat 5: Nazareno1999 ($100 in chips) 
Seat 6: m17akaaa ($110.59 in chips) 
MaRKiToScoK: posts small blind $0.50
Nazareno1999: posts big blind $1
*** HOLE CARDS ***
m17akaaa: raises $1 to $2
michasia: folds 
RohayhuP: folds 
MaRKiToScoK: folds 
Nazareno1999: calls $1
*** FLOP *** [2d Jh Kh]
Nazareno1999: checks 
m17akaaa: bets $1
Nazareno1999: calls $1
*** TURN *** [2d Jh Kh] [9d]
Nazareno1999: checks 
m17akaaa: bets $2.09
Nazareno1999: calls $2.09
*** RIVER *** [2d Jh Kh 9d] [8d]
Nazareno1999: checks 
m17akaaa: bets $10.15
Nazareno1999: folds 
Uncalled bet ($10.15) returned to m17akaaa
m17akaaa collected $10.15 from pot
*** SUMMARY ***
Total pot $10.68 | Rake $0.53 
Board [2d Jh Kh 9d 8d]
Seat 1: Joe_Carlos
Seat 2: michasia folded before Flop (didn't bet)
Seat 3: RohayhuP (button) folded before Flop (didn't bet)
Seat 4: MaRKiToScoK (small blind) folded before Flop
Seat 5: Nazareno1999 (big blind) folded on the River
Seat 6: m17akaaa collected ($10.15)



PokerStars Hand #254370895285:  Hold'em No Limit ($0.50/$1.00 USD) - 2025/01/14 19:38:51 WET [2025/01/14 14:38:51 ET]
Table 'Phyleus III' 6-max Seat #4 is the button
Seat 1: Joe_Carlos ($60 in chips) 
Seat 2: michasia ($194.74 in chips) 
Seat 3: RohayhuP ($195.88 in chips) 
Seat 4: MaRKiToScoK ($196 in chips) 
Seat 5: Nazareno1999 ($100 in chips) 
Seat 6: m17akaaa ($115.65 in chips) 
Nazareno1999: posts small blind $0.50
m17akaaa: posts big blind $1
*** HOLE CARDS ***
Joe_Carlos has timed out
Joe_Carlos: folds 
michasia: folds 
RohayhuP: folds 
MaRKiToScoK: raises $1.30 to $2.30
Nazareno1999: folds 
m17akaaa: folds 
Uncalled bet ($1.30) returned to MaRKiToScoK
MaRKiToScoK collected $2.50 from pot
*** SUMMARY ***
Total pot $2.50 | Rake $0 
Seat 1: Joe_Carlos folded before Flop (didn't bet)
Seat 2: michasia folded before Flop (didn't bet)
Seat 3: RohayhuP folded before Flop (didn't bet)
Seat 4: MaRKiToScoK (button) collected ($2.50)
Seat 5: Nazareno1999 (small blind) folded before Flop
Seat 6: m17akaaa (big blind) folded before Flop



PokerStars Hand #254370901828:  Hold'em No Limit ($0.50/$1.00 USD) - 2025/01/14 19:39:13 WET [2025/01/14 14:39:13 ET]
Table 'Phyleus III' 6-max Seat #5 is the button
Seat 1: Joe_Carlos ($60 in chips) 
Seat 2: michasia ($194.74 in chips) 
Seat 3: RohayhuP ($195.88 in chips) 
Seat 4: MaRKiToScoK ($197.50 in chips) 
Seat 5: Nazareno1999 ($100 in chips) 
Seat 6: m17akaaa ($114.65 in chips) 
m17akaaa: posts small blind $0.50
Joe_Carlos: posts big blind $1
*** HOLE CARDS ***
michasia: folds 
RohayhuP: folds 
MaRKiToScoK: folds 
Nazareno1999: folds 
m17akaaa: raises $1 to $2
Joe_Carlos: folds 
Uncalled bet ($1) returned to m17akaaa
m17akaaa collected $2 from pot
*** SUMMARY ***
Total pot $2 | Rake $0 
Seat 1: Joe_Carlos (big blind) folded before Flop
Seat 2: michasia folded before Flop (didn't bet)
Seat 3: RohayhuP folded before Flop (didn't bet)
Seat 4: MaRKiToScoK folded before Flop (didn't bet)
Seat 5: Nazareno1999 (button) folded before Flop (didn't bet)
Seat 6: m17akaaa (small blind) collected ($2)



PokerStars Hand #254370908670:  Hold'em No Limit ($0.50/$1.00 USD) - 2025/01/14 19:39:35 WET [2025/01/14 14:39:35 ET]
Table 'Phyleus III' 6-max Seat #6 is the button
Seat 1: Joe_Carlos ($59 in chips) 
Seat 2: michasia ($194.74 in chips) 
Seat 3: RohayhuP ($195.88 in chips) 
Seat 4: MaRKiToScoK ($197.50 in chips) 
Seat 5: Nazareno1999 ($100 in chips) 
Seat 6: m17akaaa ($115.65 in chips) 
Joe_Carlos: posts small blind $0.50
michasia: posts big blind $1
*** HOLE CARDS ***
RohayhuP: folds 
MaRKiToScoK: folds 
Nazareno1999: folds 
m17akaaa: raises $1 to $2
Joe_Carlos: folds 
michasia: raises $6 to $8
m17akaaa: calls $6
*** FLOP *** [5d 5h 4d]
michasia: checks 
m17akaaa: bets $5.84
michasia: folds 
Uncalled bet ($5.84) returned to m17akaaa
m17akaaa collected $15.68 from pot
*** SUMMARY ***
Total pot $16.50 | Rake $0.82 
Board [5d 5h 4d]
Seat 1: Joe_Carlos (small blind) folded before Flop
Seat 2: michasia (big blind) folded on the Flop
Seat 3: RohayhuP folded before Flop (didn't bet)
Seat 4: MaRKiToScoK folded before Flop (didn't bet)
Seat 5: Nazareno1999 folded before Flop (didn't bet)
Seat 6: m17akaaa (button) collected ($15.68)



PokerStars Hand #254370918930:  Hold'em No Limit ($0.50/$1.00 USD) - 2025/01/14 19:40:09 WET [2025/01/14 14:40:09 ET]
Table 'Phyleus III' 6-max Seat #1 is the button
Seat 1: Joe_Carlos ($58.50 in chips) 
Seat 2: michasia ($186.74 in chips) 
Seat 3: RohayhuP ($195.88 in chips) 
Seat 4: MaRKiToScoK ($197.50 in chips) 
Seat 5: Nazareno1999 ($100 in chips) 
Seat 6: m17akaaa ($123.33 in chips) 
michasia: posts small blind $0.50
RohayhuP: posts big blind $1
*** HOLE CARDS ***
MaRKiToScoK: raises $1.10 to $2.10
Nazareno1999: folds 
m17akaaa: folds 
Joe_Carlos: folds 
michasia: folds 
RohayhuP: calls $1.10
*** FLOP *** [Kh As 6h]
RohayhuP: checks 
MaRKiToScoK: bets $1.34
RohayhuP: calls $1.34
*** TURN *** [Kh As 6h] [3h]
RohayhuP: checks 
MaRKiToScoK: checks 
*** RIVER *** [Kh As 6h 3h] [7c]
RohayhuP: bets $2.20
MaRKiToScoK: folds 
Uncalled bet ($2.20) returned to RohayhuP
RohayhuP collected $6.92 from pot
RohayhuP: doesn't show hand 
*** SUMMARY ***
Total pot $7.38 | Rake $0.46 
Board [Kh As 6h 3h 7c]
Seat 1: Joe_Carlos (button) folded before Flop (didn't bet)
Seat 2: michasia (small blind) folded before Flop
Seat 3: RohayhuP (big blind) collected ($6.92)
Seat 4: MaRKiToScoK folded on the River
Seat 5: Nazareno1999 folded before Flop (didn't bet)
Seat 6: m17akaaa folded before Flop (didn't bet)



PokerStars Hand #254370946856:  Hold'em No Limit ($0.50/$1.00 USD) - 2025/01/14 19:41:41 WET [2025/01/14 14:41:41 ET]
Table 'Phyleus III' 6-max Seat #2 is the button
Seat 1: Joe_Carlos ($58.50 in chips) 
Seat 2: michasia ($186.24 in chips) 
Seat 3: RohayhuP ($199.36 in chips) 
Seat 4: MaRKiToScoK ($194.06 in chips) 
Seat 5: Nazareno1999 ($100 in chips) 
Seat 6: m17akaaa ($123.33 in chips) 
RohayhuP: posts small blind $0.50
MaRKiToScoK: posts big blind $1
*** HOLE CARDS ***
Nazareno1999: raises $1.20 to $2.20
m17akaaa: folds 
Joe_Carlos: folds 
michasia: folds 
RohayhuP: folds 
MaRKiToScoK: folds 
Uncalled bet ($1.20) returned to Nazareno1999
Nazareno1999 collected $2.50 from pot
Nazareno1999: doesn't show hand 
*** SUMMARY ***
Total pot $2.50 | Rake $0 
Seat 1: Joe_Carlos folded before Flop (didn't bet)
Seat 2: michasia (button) folded before Flop (didn't bet)
Seat 3: RohayhuP (small blind) folded before Flop
Seat 4: MaRKiToScoK (big blind) folded before Flop
Seat 5: Nazareno1999 collected ($2.50)
Seat 6: m17akaaa folded before Flop (didn't bet)



PokerStars Hand #254370953032:  Hold'em No Limit ($0.50/$1.00 USD) - 2025/01/14 19:42:01 WET [2025/01/14 14:42:01 ET]
Table 'Phyleus III' 6-max Seat #3 is the button
Seat 1: Joe_Carlos ($58.50 in chips) 
Seat 2: michasia ($186.24 in chips) 
Seat 3: RohayhuP ($198.86 in chips) 
Seat 4: MaRKiToScoK ($193.06 in chips) 
Seat 5: Nazareno1999 ($101.50 in chips) 
Seat 6: m17akaaa ($123.33 in chips) 
MaRKiToScoK: posts small blind $0.50
Nazareno1999: posts big blind $1
*** HOLE CARDS ***
m17akaaa: folds 
Joe_Carlos: folds 
michasia: folds 
RohayhuP: raises $1.50 to $2.50
MaRKiToScoK: folds 
Nazareno1999: calls $1.50
*** FLOP *** [5d 3d 4h]
Nazareno1999: checks 
RohayhuP: bets $2.61
Nazareno1999: folds 
Uncalled bet ($2.61) returned to RohayhuP
RohayhuP collected $5.15 from pot
RohayhuP: doesn't show hand 
*** SUMMARY ***
Total pot $5.50 | Rake $0.35 
Board [5d 3d 4h]
Seat 1: Joe_Carlos folded before Flop (didn't bet)
Seat 2: michasia folded before Flop (didn't bet)
Seat 3: RohayhuP (button) collected ($5.15)
Seat 4: MaRKiToScoK (small blind) folded before Flop
Seat 5: Nazareno1999 (big blind) folded on the Flop
Seat 6: m17akaaa folded before Flop (didn't bet)



PokerStars Hand #254370964068:  Hold'em No Limit ($0.50/$1.00 USD) - 2025/01/14 19:42:37 WET [2025/01/14 14:42:37 ET]
Table 'Phyleus III' 6-max Seat #4 is the button
Seat 1: Joe_Carlos ($58.50 in chips) 
Seat 2: michasia ($186.24 in chips) 
Seat 3: RohayhuP ($201.51 in chips) 
Seat 4: MaRKiToScoK ($192.56 in chips) 
Seat 5: Nazareno1999 ($100 in chips) 
Seat 6: m17akaaa ($123.33 in chips) 
Nazareno1999: posts small blind $0.50
m17akaaa: posts big blind $1
*** HOLE CARDS ***
Joe_Carlos: folds 
michasia: folds 
RohayhuP: raises $2 to $3
MaRKiToScoK: raises $6.60 to $9.60
Nazareno1999: folds 
m17akaaa: folds 
RohayhuP: folds 
Uncalled bet ($6.60) returned to MaRKiToScoK
MaRKiToScoK collected $7.50 from pot
*** SUMMARY ***
Total pot $7.50 | Rake $0 
Seat 1: Joe_Carlos folded before Flop (didn't bet)
Seat 2: michasia folded before Flop (didn't bet)
Seat 3: RohayhuP folded before Flop
Seat 4: MaRKiToScoK (button) collected ($7.50)
Seat 5: Nazareno1999 (small blind) folded before Flop
Seat 6: m17akaaa (big blind) folded before Flop



PokerStars Hand #254370972086:  Hold'em No Limit ($0.50/$1.00 USD) - 2025/01/14 19:43:04 WET [2025/01/14 14:43:04 ET]
Table 'Phyleus III' 6-max Seat #5 is the button
Seat 1: Joe_Carlos ($58.50 in chips) 
Seat 2: michasia ($186.24 in chips) 
Seat 3: RohayhuP ($198.51 in chips) 
Seat 4: MaRKiToScoK ($197.06 in chips) 
Seat 5: Nazareno1999 ($100 in chips) 
Seat 6: m17akaaa ($122.33 in chips) 
m17akaaa: posts small blind $0.50
Joe_Carlos: posts big blind $1
*** HOLE CARDS ***
michasia: folds 
RohayhuP: folds 
MaRKiToScoK: folds 
Nazareno1999: folds 
m17akaaa: calls $0.50
Joe_Carlos: checks 
*** FLOP *** [As Jh 4c]
m17akaaa: bets $1
Joe_Carlos: folds 
Uncalled bet ($1) returned to m17akaaa
m17akaaa collected $1.90 from pot
*** SUMMARY ***
Total pot $2 | Rake $0.10 
Board [As Jh 4c]
Seat 1: Joe_Carlos (big blind) folded on the Flop
Seat 2: michasia folded before Flop (didn't bet)
Seat 3: RohayhuP folded before Flop (didn't bet)
Seat 4: MaRKiToScoK folded before Flop (didn't bet)
Seat 5: Nazareno1999 (button) folded before Flop (didn't bet)
Seat 6: m17akaaa (small blind) collected ($1.90)



PokerStars Hand #254370984225:  Hold'em No Limit ($0.50/$1.00 USD) - 2025/01/14 19:43:45 WET [2025/01/14 14:43:45 ET]
Table 'Phyleus III' 6-max Seat #6 is the button
Seat 2: michasia ($186.24 in chips) is sitting out
Seat 3: RohayhuP ($198.51 in chips) is sitting out
Seat 1: Joe_Carlos ($57.50 in chips) 
Seat 4: MaRKiToScoK ($197.06 in chips) 
Seat 5: Nazareno1999 ($100 in chips) 
Seat 6: m17akaaa ($123.23 in chips) 
Joe_Carlos: posts small blind $0.50
RohayhuP: is sitting out 
MaRKiToScoK: posts big blind $1
*** HOLE CARDS ***
Nazareno1999: raises $1.20 to $2.20
m17akaaa: folds 
Joe_Carlos: folds 
MaRKiToScoK: calls $1.20
*** FLOP *** [Kd Kc 4c]
MaRKiToScoK: checks 
Nazareno1999: bets $1.54
MaRKiToScoK: folds 
Uncalled bet ($1.54) returned to Nazareno1999
Nazareno1999 collected $4.66 from pot
Nazareno1999: doesn't show hand 
*** SUMMARY ***
Total pot $4.90 | Rake $0.24 
Board [Kd Kc 4c]
Seat 2: michasia
Seat 3: RohayhuP
Seat 1: Joe_Carlos (small blind) folded before Flop
Seat 4: MaRKiToScoK (big blind) folded on the Flop
Seat 5: Nazareno1999 collected ($4.66)
Seat 6: m17akaaa (button) folded before Flop (didn't bet)



PokerStars Hand #254370990143:  Hold'em No Limit ($0.50/$1.00 USD) - 2025/01/14 19:44:05 WET [2025/01/14 14:44:05 ET]
Table 'Phyleus III' 6-max Seat #1 is the button
Seat 2: michasia ($186.24 in chips) is sitting out
Seat 3: RohayhuP ($198.51 in chips) is sitting out
Seat 1: Joe_Carlos ($57 in chips) 
Seat 4: MaRKiToScoK ($194.86 in chips) 
Seat 5: Nazareno1999 ($102.46 in chips) 
Seat 6: m17akaaa ($123.23 in chips) 
MaRKiToScoK: posts small blind $0.50
Nazareno1999: posts big blind $1
*** HOLE CARDS ***
m17akaaa: raises $1 to $2
Joe_Carlos: raises $4 to $6
MaRKiToScoK: folds 
Nazareno1999: folds 
m17akaaa: calls $4
*** FLOP *** [Kd Ad 2c]
m17akaaa: checks 
Joe_Carlos: checks 
*** TURN *** [Kd Ad 2c] [8h]
m17akaaa: bets $6.41
Joe_Carlos: calls $6.41
*** RIVER *** [Kd Ad 2c 8h] [5c]
m17akaaa: checks 
Joe_Carlos: bets $12.65
m17akaaa: raises $50.62 to $63.27
Joe_Carlos: calls $31.94 and is all-in
Uncalled bet ($18.68) returned to m17akaaa
*** SHOW DOWN ***
m17akaaa: shows [8c Jc] (a pair of Eights)
Joe_Carlos: shows [Jh Ah] (a pair of Aces)
Joe_Carlos collected $114.50 from pot
*** SUMMARY ***
Total pot $115.50 | Rake $1 
Board [Kd Ad 2c 8h 5c]
Seat 2: michasia
Seat 3: RohayhuP
Seat 1: Joe_Carlos (button) showed [Jh Ah] and won ($114.50) with a pair of Aces
Seat 4: MaRKiToScoK (small blind) folded before Flop
Seat 5: Nazareno1999 (big blind) folded before Flop
Seat 6: m17akaaa showed [8c Jc] and lost with a pair of Eights



PokerStars Hand #254371010147:  Hold'em No Limit ($0.50/$1.00 USD) - 2025/01/14 19:45:10 WET [2025/01/14 14:45:10 ET]
Table 'Phyleus III' 6-max Seat #4 is the button
Seat 2: michasia ($186.24 in chips) is sitting out
Seat 3: RohayhuP ($198.51 in chips) is sitting out
Seat 1: Joe_Carlos ($114.50 in chips) 
Seat 4: MaRKiToScoK ($194.36 in chips) 
Seat 5: Nazareno1999 ($101.46 in chips) 
Seat 6: m17akaaa ($66.23 in chips) 
Nazareno1999: posts small blind $0.50
m17akaaa: posts big blind $1
*** HOLE CARDS ***
Joe_Carlos: folds 
MaRKiToScoK: raises $1.30 to $2.30
Nazareno1999: folds 
m17akaaa: folds 
Uncalled bet ($1.30) returned to MaRKiToScoK
m17akaaa leaves the table
MaRKiToScoK collected $2.50 from pot
*** SUMMARY ***
Total pot $2.50 | Rake $0 
Seat 2: michasia
Seat 3: RohayhuP
Seat 1: Joe_Carlos folded before Flop (didn't bet)
Seat 4: MaRKiToScoK (button) collected ($2.50)
Seat 5: Nazareno1999 (small blind) folded before Flop
Seat 6: m17akaaa (big blind) folded before Flop



PokerStars Hand #254371014313:  Hold'em No Limit ($0.50/$1.00 USD) - 2025/01/14 19:45:24 WET [2025/01/14 14:45:24 ET]
Table 'Phyleus III' 6-max Seat #5 is the button
Seat 2: michasia ($186.24 in chips) is sitting out
Seat 3: RohayhuP ($198.51 in chips) is sitting out
Seat 1: Joe_Carlos ($114.50 in chips) 
Seat 4: MaRKiToScoK ($195.86 in chips) 
Seat 5: Nazareno1999 ($100.96 in chips) 
Joe_Carlos: posts small blind $0.50
MaRKiToScoK: posts big blind $1
*** HOLE CARDS ***
Nazareno1999: raises $1.20 to $2.20
Joe_Carlos: folds 
MaRKiToScoK: folds 
Uncalled bet ($1.20) returned to Nazareno1999
Nazareno1999 collected $2.50 from pot
Nazareno1999: doesn't show hand 
*** SUMMARY ***
Total pot $2.50 | Rake $0 
Seat 2: michasia
Seat 3: RohayhuP
Seat 1: Joe_Carlos (small blind) folded before Flop
Seat 4: MaRKiToScoK (big blind) folded before Flop
Seat 5: Nazareno1999 (button) collected ($2.50)



PokerStars Hand #254371023492:  Hold'em No Limit ($0.50/$1.00 USD) - 2025/01/14 19:45:55 WET [2025/01/14 14:45:55 ET]
Table 'Phyleus III' 6-max Seat #4 is the button
Seat 2: michasia ($186.24 in chips) is sitting out
Seat 3: RohayhuP ($198.51 in chips) is sitting out
Seat 5: Nazareno1999 ($102.46 in chips) is sitting out
Seat 1: Joe_Carlos ($114 in chips) 
Seat 4: MaRKiToScoK ($194.86 in chips) 
MaRKiToScoK: posts small blind $0.50
Nazareno1999: is sitting out 
Joe_Carlos: posts big blind $1
*** HOLE CARDS ***
MaRKiToScoK: raises $1.75 to $2.75
Nazareno1999 leaves the table
Joe_Carlos: calls $1.75
*** FLOP *** [Th 4d 4c]
Joe_Carlos: bets $1.72
MaRKiToScoK: folds 
Uncalled bet ($1.72) returned to Joe_Carlos
Joe_Carlos collected $5.22 from pot
Joe_Carlos: doesn't show hand 
*** SUMMARY ***
Total pot $5.50 | Rake $0.28 
Board [Th 4d 4c]
Seat 2: michasia
Seat 3: RohayhuP
Seat 5: Nazareno1999
Seat 1: Joe_Carlos (big blind) collected ($5.22)
Seat 4: MaRKiToScoK (button) (small blind) folded on the Flop



