PokerStars Hand #254376489531:  Hold'em No Limit ($0.50/$1.00 USD) - 2025/01/14 1:36:53 WET [2025/01/14 20:36:53 ET]
Table 'Lyka III' 6-max Seat #4 is the button
Seat 1: shootingGRID ($100 in chips) is sitting out
Seat 4: XneferX ($100 in chips) 
Seat 6: uuzka ($100 in chips) 
XneferX: posts small blind $0.50
uuzka: posts big blind $1
*** HOLE CARDS ***
XneferX: folds 
Uncalled bet ($0.50) returned to uuzka
uuzka collected $1 from pot
uuzka: doesn't show hand 
*** SUMMARY ***
Total pot $1 | Rake $0 
Seat 1: shootingGRID
Seat 4: XneferX (button) (small blind) folded before Flop
Seat 6: uuzka (big blind) collected ($1)



PokerStars Hand #254376492314:  Hold'em No Limit ($0.50/$1.00 USD) - 2025/01/14 1:37:09 WET [2025/01/14 20:37:09 ET]
Table 'Lyka III' 6-max Seat #6 is the button
Seat 1: shootingGRID ($100 in chips) is sitting out
Seat 4: XneferX ($100 in chips) 
Seat 6: uuzka ($100.50 in chips) 
uuzka: posts small blind $0.50
XneferX: posts big blind $1
*** HOLE CARDS ***
uuzka: raises $1.27 to $2.27
XneferX: raises $5.23 to $7.50
uuzka: folds 
Uncalled bet ($5.23) returned to XneferX
XneferX collected $4.54 from pot
XneferX: doesn't show hand 
*** SUMMARY ***
Total pot $4.54 | Rake $0 
Seat 1: shootingGRID
Seat 4: XneferX (big blind) collected ($4.54)
Seat 6: uuzka (button) (small blind) folded before Flop



PokerStars Hand #254376539162:  Hold'em No Limit ($0.50/$1.00 USD) - 2025/01/14 1:41:38 WET [2025/01/14 20:41:38 ET]
Table 'Lyka III' 6-max Seat #1 is the button
Seat 1: shootingGRID ($100 in chips) 
Seat 6: uuzka ($100 in chips) 
shootingGRID: posts small blind $0.50
uuzka: posts big blind $1
*** HOLE CARDS ***
shootingGRID: folds 
Uncalled bet ($0.50) returned to uuzka
shootingGRID leaves the table
uuzka collected $1 from pot
uuzka: doesn't show hand 
*** SUMMARY ***
Total pot $1 | Rake $0 
Seat 1: shootingGRID (button) (small blind) folded before Flop
Seat 6: uuzka (big blind) collected ($1)



PokerStars Hand #254376731673:  Hold'em No Limit ($0.50/$1.00 USD) - 2025/01/14 2:02:03 WET [2025/01/14 21:02:03 ET]
Table 'Lyka III' 6-max Seat #2 is the button
Seat 1: steepfell ($100 in chips) 
Seat 2: sebagump ($10 in chips) 
Seat 3: XneferX ($102.27 in chips) 
Seat 4: Rysiff ($100 in chips) 
Seat 6: uuzka ($100.50 in chips) 
XneferX: posts small blind $0.50
Rysiff: posts big blind $1
*** HOLE CARDS ***
uuzka: folds 
steepfell: folds 
sebagump: calls $1
XneferX: calls $0.50
Rysiff: checks 
*** FLOP *** [4s 5s 3h]
XneferX: checks 
Rysiff: checks 
sebagump: bets $1
Ducmeister1 joins the table at seat #5 
Ducmeister1 is disconnected 
XneferX: folds 
Rysiff: calls $1
*** TURN *** [4s 5s 3h] [8d]
Rysiff: checks 
sebagump: bets $1
Rysiff: calls $1
*** RIVER *** [4s 5s 3h 8d] [Qd]
Rysiff: checks 
sebagump: bets $1
Rysiff: calls $1
*** SHOW DOWN ***
sebagump: shows [Ac 4d] (a pair of Fours)
Rysiff: shows [5d Jd] (a pair of Fives)
Rysiff collected $8.55 from pot
*** SUMMARY ***
Total pot $9 | Rake $0.45 
Board [4s 5s 3h 8d Qd]
Seat 1: steepfell folded before Flop (didn't bet)
Seat 2: sebagump (button) showed [Ac 4d] and lost with a pair of Fours
Seat 3: XneferX (small blind) folded on the Flop
Seat 4: Rysiff (big blind) showed [5d Jd] and won ($8.55) with a pair of Fives
Seat 6: uuzka folded before Flop (didn't bet)



PokerStars Hand #254376744317:  Hold'em No Limit ($0.50/$1.00 USD) - 2025/01/14 2:03:21 WET [2025/01/14 21:03:21 ET]
Table 'Lyka III' 6-max Seat #3 is the button
Seat 1: steepfell ($100 in chips) 
Seat 2: sebagump ($6 in chips) 
Seat 3: XneferX ($101.27 in chips) 
Seat 4: Rysiff ($104.55 in chips) 
Seat 5: Ducmeister1 ($21.68 in chips) 
Seat 6: uuzka ($100.50 in chips) 
Rysiff: posts small blind $0.50
Ducmeister1: posts big blind $1
*** HOLE CARDS ***
uuzka: folds 
steepfell: folds 
sebagump: calls $1
XneferX: folds 
Rysiff: folds 
Ducmeister1: raises $2 to $3
sebagump: calls $2
*** FLOP *** [Th Kd Td]
Ducmeister1: bets $3
sebagump: calls $3 and is all-in
*** TURN *** [Th Kd Td] [2s]
*** RIVER *** [Th Kd Td 2s] [3h]
*** SHOW DOWN ***
Ducmeister1: shows [Ks Qh] (two pair, Kings and Tens)
sebagump: shows [7s Qs] (a pair of Tens)
Ducmeister1 collected $11.88 from pot
sebagump cashed out the hand for $0.23
*** SUMMARY ***
Total pot $12.50 | Rake $0.62 
Board [Th Kd Td 2s 3h]
Seat 1: steepfell folded before Flop (didn't bet)
Seat 2: sebagump showed [7s Qs] and lost with a pair of Tens (cashed out).
Seat 3: XneferX (button) folded before Flop (didn't bet)
Seat 4: Rysiff (small blind) folded before Flop
Seat 5: Ducmeister1 (big blind) showed [Ks Qh] and won ($11.88) with two pair, Kings and Tens
Seat 6: uuzka folded before Flop (didn't bet)



PokerStars Hand #254376750687:  Hold'em No Limit ($0.50/$1.00 USD) - 2025/01/14 2:04:00 WET [2025/01/14 21:04:00 ET]
Table 'Lyka III' 6-max Seat #4 is the button
Seat 2: sebagump ($0.23 in chips) is sitting out
Seat 1: steepfell ($100 in chips) 
Seat 3: XneferX ($101.27 in chips) 
Seat 4: Rysiff ($104.05 in chips) 
Seat 5: Ducmeister1 ($27.56 in chips) 
Seat 6: uuzka ($100.50 in chips) 
Ducmeister1: posts small blind $0.50
uuzka: posts big blind $1
*** HOLE CARDS ***
steepfell: folds 
XneferX: raises $1.30 to $2.30
Rysiff: folds 
sebagump leaves the table
Ducmeister1: calls $1.80
equilibrium_tv joins the table at seat #2 
uuzka: folds 
*** FLOP *** [4d 5s Qh]
Ducmeister1: checks 
XneferX: bets $1.20
Ducmeister1: folds 
Uncalled bet ($1.20) returned to XneferX
XneferX collected $5.32 from pot
XneferX: doesn't show hand 
*** SUMMARY ***
Total pot $5.60 | Rake $0.28 
Board [4d 5s Qh]
Seat 2: sebagump
Seat 1: steepfell folded before Flop (didn't bet)
Seat 3: XneferX collected ($5.32)
Seat 4: Rysiff (button) folded before Flop (didn't bet)
Seat 5: Ducmeister1 (small blind) folded on the Flop
Seat 6: uuzka (big blind) folded before Flop



PokerStars Hand #254376759347:  Hold'em No Limit ($0.50/$1.00 USD) - 2025/01/14 2:04:54 WET [2025/01/14 21:04:54 ET]
Table 'Lyka III' 6-max Seat #5 is the button
Seat 2: equilibrium_tv ($10 in chips) is sitting out
Seat 1: steepfell ($100 in chips) 
Seat 3: XneferX ($104.29 in chips) 
Seat 4: Rysiff ($104.05 in chips) 
Seat 5: Ducmeister1 ($25.26 in chips) 
Seat 6: uuzka ($100 in chips) 
uuzka: posts small blind $0.50
steepfell: posts big blind $1
equilibrium_tv: sits out 
*** HOLE CARDS ***
XneferX: raises $1.10 to $2.10
Rysiff: folds 
Ducmeister1: folds 
uuzka: folds 
steepfell: folds 
Uncalled bet ($1.10) returned to XneferX
XneferX collected $2.50 from pot
XneferX: doesn't show hand 
*** SUMMARY ***
Total pot $2.50 | Rake $0 
Seat 2: equilibrium_tv
Seat 1: steepfell (big blind) folded before Flop
Seat 3: XneferX collected ($2.50)
Seat 4: Rysiff folded before Flop (didn't bet)
Seat 5: Ducmeister1 (button) folded before Flop (didn't bet)
Seat 6: uuzka (small blind) folded before Flop



PokerStars Hand #254376762272:  Hold'em No Limit ($0.50/$1.00 USD) - 2025/01/14 2:05:13 WET [2025/01/14 21:05:13 ET]
Table 'Lyka III' 6-max Seat #6 is the button
Seat 1: steepfell ($100 in chips) 
Seat 2: equilibrium_tv ($10 in chips) 
Seat 3: XneferX ($105.79 in chips) 
Seat 4: Rysiff ($104.05 in chips) 
Seat 5: Ducmeister1 ($25.26 in chips) 
Seat 6: uuzka ($100 in chips) 
steepfell: posts small blind $0.50
equilibrium_tv: posts big blind $1
*** HOLE CARDS ***
XneferX: folds 
Rysiff: folds 
Ducmeister1: folds 
uuzka: folds 
steepfell: folds 
Uncalled bet ($0.50) returned to equilibrium_tv
equilibrium_tv collected $1 from pot
*** SUMMARY ***
Total pot $1 | Rake $0 
Seat 1: steepfell (small blind) folded before Flop
Seat 2: equilibrium_tv (big blind) collected ($1)
Seat 3: XneferX folded before Flop (didn't bet)
Seat 4: Rysiff folded before Flop (didn't bet)
Seat 5: Ducmeister1 folded before Flop (didn't bet)
Seat 6: uuzka (button) folded before Flop (didn't bet)



PokerStars Hand #254376763957:  Hold'em No Limit ($0.50/$1.00 USD) - 2025/01/14 2:05:23 WET [2025/01/14 21:05:23 ET]
Table 'Lyka III' 6-max Seat #1 is the button
Seat 1: steepfell ($100 in chips) 
Seat 2: equilibrium_tv ($21.50 in chips) 
Seat 3: XneferX ($105.79 in chips) 
Seat 4: Rysiff ($104.05 in chips) 
Seat 5: Ducmeister1 ($25.26 in chips) 
Seat 6: uuzka ($100 in chips) 
equilibrium_tv: posts small blind $0.50
XneferX: posts big blind $1
*** HOLE CARDS ***
Rysiff: raises $1.50 to $2.50
Ducmeister1: folds 
uuzka: folds 
steepfell: folds 
equilibrium_tv: folds 
XneferX: folds 
Uncalled bet ($1.50) returned to Rysiff
Rysiff collected $2.50 from pot
Rysiff: doesn't show hand 
*** SUMMARY ***
Total pot $2.50 | Rake $0 
Seat 1: steepfell (button) folded before Flop (didn't bet)
Seat 2: equilibrium_tv (small blind) folded before Flop
Seat 3: XneferX (big blind) folded before Flop
Seat 4: Rysiff collected ($2.50)
Seat 5: Ducmeister1 folded before Flop (didn't bet)
Seat 6: uuzka folded before Flop (didn't bet)



PokerStars Hand #254376767489:  Hold'em No Limit ($0.50/$1.00 USD) - 2025/01/14 2:05:45 WET [2025/01/14 21:05:45 ET]
Table 'Lyka III' 6-max Seat #2 is the button
Seat 1: steepfell ($100 in chips) 
Seat 2: equilibrium_tv ($21 in chips) 
Seat 3: XneferX ($104.79 in chips) 
Seat 4: Rysiff ($105.55 in chips) 
Seat 5: Ducmeister1 ($25.26 in chips) 
Seat 6: uuzka ($100 in chips) 
XneferX: posts small blind $0.50
Rysiff: posts big blind $1
*** HOLE CARDS ***
Ducmeister1: folds 
uuzka: raises $1.20 to $2.20
steepfell: folds 
equilibrium_tv: folds 
XneferX: folds 
Rysiff: folds 
Uncalled bet ($1.20) returned to uuzka
uuzka collected $2.50 from pot
uuzka: doesn't show hand 
*** SUMMARY ***
Total pot $2.50 | Rake $0 
Seat 1: steepfell folded before Flop (didn't bet)
Seat 2: equilibrium_tv (button) folded before Flop (didn't bet)
Seat 3: XneferX (small blind) folded before Flop
Seat 4: Rysiff (big blind) folded before Flop
Seat 5: Ducmeister1 folded before Flop (didn't bet)
Seat 6: uuzka collected ($2.50)



PokerStars Hand #254376770999:  Hold'em No Limit ($0.50/$1.00 USD) - 2025/01/14 2:06:07 WET [2025/01/14 21:06:07 ET]
Table 'Lyka III' 6-max Seat #3 is the button
Seat 1: steepfell ($100 in chips) 
Seat 2: equilibrium_tv ($21 in chips) 
Seat 3: XneferX ($104.29 in chips) 
Seat 4: Rysiff ($104.55 in chips) 
Seat 5: Ducmeister1 ($25.26 in chips) 
Seat 6: uuzka ($101.50 in chips) 
Rysiff: posts small blind $0.50
Ducmeister1: posts big blind $1
*** HOLE CARDS ***
uuzka: folds 
steepfell: folds 
equilibrium_tv: folds 
XneferX: folds 
Rysiff: raises $2 to $3
Ducmeister1: calls $2
*** FLOP *** [8h Qd Td]
Rysiff: checks 
Ducmeister1: bets $3.85
Rysiff: calls $3.85
*** TURN *** [8h Qd Td] [Tc]
Rysiff: checks 
Ducmeister1: bets $6.51
Rysiff: calls $6.51
*** RIVER *** [8h Qd Td Tc] [Jc]
Rysiff: checks 
Ducmeister1: bets $11.90 and is all-in
Rysiff: calls $11.90
*** SHOW DOWN ***
Ducmeister1: shows [6s Ad] (a pair of Tens)
Rysiff: shows [8d Ac] (two pair, Tens and Eights)
Rysiff collected $48.02 from pot
*** SUMMARY ***
Total pot $50.52 | Rake $2.50 
Board [8h Qd Td Tc Jc]
Seat 1: steepfell folded before Flop (didn't bet)
Seat 2: equilibrium_tv folded before Flop (didn't bet)
Seat 3: XneferX (button) folded before Flop (didn't bet)
Seat 4: Rysiff (small blind) showed [8d Ac] and won ($48.02) with two pair, Tens and Eights
Seat 5: Ducmeister1 (big blind) showed [6s Ad] and lost with a pair of Tens
Seat 6: uuzka folded before Flop (didn't bet)



PokerStars Hand #254376784937:  Hold'em No Limit ($0.50/$1.00 USD) - 2025/01/14 2:07:36 WET [2025/01/14 21:07:36 ET]
Table 'Lyka III' 6-max Seat #4 is the button
Seat 5: Ducmeister1 ($0 in chips) is sitting out
Seat 1: steepfell ($100 in chips) 
Seat 2: equilibrium_tv ($21 in chips) 
Seat 3: XneferX ($104.29 in chips) 
Seat 4: Rysiff ($127.31 in chips) 
Seat 6: uuzka ($101.50 in chips) 
uuzka: posts small blind $0.50
steepfell: posts big blind $1
*** HOLE CARDS ***
equilibrium_tv: folds 
Ducmeister1 is disconnected 
XneferX: folds 
Rysiff: folds 
uuzka: raises $1.77 to $2.77
steepfell: calls $1.77
*** FLOP *** [As Kh 4d]
uuzka: checks 
steepfell: checks 
*** TURN *** [As Kh 4d] [Kd]
uuzka: checks 
steepfell: bets $3.95
uuzka: folds 
Uncalled bet ($3.95) returned to steepfell
steepfell collected $5.26 from pot
steepfell: doesn't show hand 
*** SUMMARY ***
Total pot $5.54 | Rake $0.28 
Board [As Kh 4d Kd]
Seat 5: Ducmeister1
Seat 1: steepfell (big blind) collected ($5.26)
Seat 2: equilibrium_tv folded before Flop (didn't bet)
Seat 3: XneferX folded before Flop (didn't bet)
Seat 4: Rysiff (button) folded before Flop (didn't bet)
Seat 6: uuzka (small blind) folded on the Turn



PokerStars Hand #254376796327:  Hold'em No Limit ($0.50/$1.00 USD) - 2025/01/14 2:08:48 WET [2025/01/14 21:08:48 ET]
Table 'Lyka III' 6-max Seat #6 is the button
Seat 5: Ducmeister1 ($0 in chips) is sitting out
Seat 1: steepfell ($102.49 in chips) 
Seat 2: equilibrium_tv ($21 in chips) 
Seat 3: XneferX ($104.29 in chips) 
Seat 4: Rysiff ($127.31 in chips) 
Seat 6: uuzka ($100 in chips) 
steepfell: posts small blind $0.50
equilibrium_tv: posts big blind $1
*** HOLE CARDS ***
XneferX: folds 
Rysiff: folds 
uuzka: raises $1.50 to $2.50
steepfell: folds 
equilibrium_tv: folds 
Uncalled bet ($1.50) returned to uuzka
uuzka collected $2.50 from pot
uuzka: doesn't show hand 
equilibrium_tv leaves the table
*** SUMMARY ***
Total pot $2.50 | Rake $0 
Seat 5: Ducmeister1
Seat 1: steepfell (small blind) folded before Flop
Seat 2: equilibrium_tv (big blind) folded before Flop
Seat 3: XneferX folded before Flop (didn't bet)
Seat 4: Rysiff folded before Flop (didn't bet)
Seat 6: uuzka (button) collected ($2.50)



PokerStars Hand #254376799001:  Hold'em No Limit ($0.50/$1.00 USD) - 2025/01/14 2:09:05 WET [2025/01/14 21:09:05 ET]
Table 'Lyka III' 6-max Seat #1 is the button
Seat 5: Ducmeister1 ($0 in chips) is sitting out
Seat 1: steepfell ($101.99 in chips) 
Seat 3: XneferX ($104.29 in chips) 
Seat 4: Rysiff ($127.31 in chips) 
Seat 6: uuzka ($101.50 in chips) 
XneferX: posts small blind $0.50
Rysiff: posts big blind $1
*** HOLE CARDS ***
uuzka: folds 
uuzka leaves the table
steepfell: raises $1.50 to $2.50
XneferX: raises $9.50 to $12
Rysiff: folds 
steepfell: folds 
Uncalled bet ($9.50) returned to XneferX
XneferX collected $6 from pot
XneferX: doesn't show hand 
*** SUMMARY ***
Total pot $6 | Rake $0 
Seat 5: Ducmeister1
Seat 1: steepfell (button) folded before Flop
Seat 3: XneferX (small blind) collected ($6)
Seat 4: Rysiff (big blind) folded before Flop
Seat 6: uuzka folded before Flop (didn't bet)



PokerStars Hand #254376802346:  Hold'em No Limit ($0.50/$1.00 USD) - 2025/01/14 2:09:26 WET [2025/01/14 21:09:26 ET]
Table 'Lyka III' 6-max Seat #3 is the button
Seat 5: Ducmeister1 ($0 in chips) is sitting out
Seat 1: steepfell ($100 in chips) 
Seat 3: XneferX ($107.79 in chips) 
Seat 4: Rysiff ($126.31 in chips) 
Rysiff: posts small blind $0.50
steepfell: posts big blind $1
*** HOLE CARDS ***
XneferX: raises $1.77 to $2.77
Rysiff: folds 
AndysAce1 joins the table at seat #6 
AndysAce1 is disconnected 
steepfell: calls $1.77
*** FLOP *** [6s 7h 3h]
steepfell: checks 
XneferX: bets $4.42
steepfell: calls $4.42
*** TURN *** [6s 7h 3h] [8h]
steepfell: checks 
XneferX: bets $4.81
steepfell: folds 
Uncalled bet ($4.81) returned to XneferX
Ducmeister1 leaves the table
XneferX collected $14.14 from pot
XneferX: doesn't show hand 
*** SUMMARY ***
Total pot $14.88 | Rake $0.74 
Board [6s 7h 3h 8h]
Seat 5: Ducmeister1
Seat 1: steepfell (big blind) folded on the Turn
Seat 3: XneferX (button) collected ($14.14)
Seat 4: Rysiff (small blind) folded before Flop



PokerStars Hand #254376812621:  Hold'em No Limit ($0.50/$1.00 USD) - 2025/01/14 2:10:31 WET [2025/01/14 21:10:31 ET]
Table 'Lyka III' 6-max Seat #4 is the button
Seat 6: AndysAce1 ($21.61 in chips) is sitting out
Seat 1: steepfell ($100 in chips) 
Seat 3: XneferX ($114.74 in chips) 
Seat 4: Rysiff ($125.81 in chips) 
steepfell: posts small blind $0.50
XneferX: posts big blind $1
*** HOLE CARDS ***
ru_ruu_ru joins the table at seat #2 
Rysiff: folds 
steepfell: folds 
Uncalled bet ($0.50) returned to XneferX
XneferX collected $1 from pot
XneferX: doesn't show hand 
*** SUMMARY ***
Total pot $1 | Rake $0 
Seat 6: AndysAce1
Seat 1: steepfell (small blind) folded before Flop
Seat 3: XneferX (big blind) collected ($1)
Seat 4: Rysiff (button) folded before Flop (didn't bet)



PokerStars Hand #254376813740:  Hold'em No Limit ($0.50/$1.00 USD) - 2025/01/14 2:10:38 WET [2025/01/14 21:10:38 ET]
Table 'Lyka III' 6-max Seat #1 is the button
Seat 2: ru_ruu_ru ($100 in chips) is sitting out
Seat 6: AndysAce1 ($21.61 in chips) is sitting out
Seat 1: steepfell ($100 in chips) 
Seat 3: XneferX ($115.24 in chips) 
Seat 4: Rysiff ($125.81 in chips) 
XneferX: posts small blind $0.50
Rysiff: posts big blind $1
AndysAce1: sits out 
*** HOLE CARDS ***
steepfell: folds 
tedkillerpb1 joins the table at seat #5 
XneferX: folds 
Uncalled bet ($0.50) returned to Rysiff
Rysiff collected $1 from pot
Rysiff: doesn't show hand 
*** SUMMARY ***
Total pot $1 | Rake $0 
Seat 2: ru_ruu_ru
Seat 6: AndysAce1
Seat 1: steepfell (button) folded before Flop (didn't bet)
Seat 3: XneferX (small blind) folded before Flop
Seat 4: Rysiff (big blind) collected ($1)



PokerStars Hand #254376816480:  Hold'em No Limit ($0.50/$1.00 USD) - 2025/01/14 2:10:55 WET [2025/01/14 21:10:55 ET]
Table 'Lyka III' 6-max Seat #3 is the button
Seat 2: ru_ruu_ru ($100 in chips) is sitting out
Seat 6: AndysAce1 ($21.61 in chips) is sitting out
Seat 1: steepfell ($100 in chips) 
Seat 3: XneferX ($114.74 in chips) 
Seat 4: Rysiff ($126.31 in chips) 
Seat 5: tedkillerpb1 ($10 in chips) 
Rysiff: posts small blind $0.50
tedkillerpb1: posts big blind $1
AndysAce1: sits out 
ru_ruu_ru: sits out 
*** HOLE CARDS ***
steepfell: folds 
XneferX: folds 
Rysiff: folds 
Uncalled bet ($0.50) returned to tedkillerpb1
tedkillerpb1 collected $1 from pot
tedkillerpb1: doesn't show hand 
*** SUMMARY ***
Total pot $1 | Rake $0 
Seat 2: ru_ruu_ru
Seat 6: AndysAce1
Seat 1: steepfell folded before Flop (didn't bet)
Seat 3: XneferX (button) folded before Flop (didn't bet)
Seat 4: Rysiff (small blind) folded before Flop
Seat 5: tedkillerpb1 (big blind) collected ($1)



PokerStars Hand #254376818428:  Hold'em No Limit ($0.50/$1.00 USD) - 2025/01/14 2:11:08 WET [2025/01/14 21:11:08 ET]
Table 'Lyka III' 6-max Seat #4 is the button
Seat 2: ru_ruu_ru ($100 in chips) is sitting out
Seat 1: steepfell ($100 in chips) 
Seat 3: XneferX ($114.74 in chips) 
Seat 4: Rysiff ($125.81 in chips) 
Seat 5: tedkillerpb1 ($10.50 in chips) 
Seat 6: AndysAce1 ($21.61 in chips) 
tedkillerpb1: posts small blind $0.50
AndysAce1: posts big blind $1
ru_ruu_ru: sits out 
*** HOLE CARDS ***
steepfell: folds 
XneferX: folds 
Rysiff: raises $1.50 to $2.50
tedkillerpb1: calls $2
AndysAce1 has timed out
AndysAce1: folds 
*** FLOP *** [6d 6h 8d]
tedkillerpb1: checks 
Rysiff: bets $2.85
tedkillerpb1: folds 
Uncalled bet ($2.85) returned to Rysiff
Rysiff collected $5.70 from pot
Rysiff: doesn't show hand 
*** SUMMARY ***
Total pot $6 | Rake $0.30 
Board [6d 6h 8d]
Seat 2: ru_ruu_ru
Seat 1: steepfell folded before Flop (didn't bet)
Seat 3: XneferX folded before Flop (didn't bet)
Seat 4: Rysiff (button) collected ($5.70)
Seat 5: tedkillerpb1 (small blind) folded on the Flop
Seat 6: AndysAce1 (big blind) folded before Flop



PokerStars Hand #254376832284:  Hold'em No Limit ($0.50/$1.00 USD) - 2025/01/14 2:12:34 WET [2025/01/14 21:12:34 ET]
Table 'Lyka III' 6-max Seat #5 is the button
Seat 6: AndysAce1 ($20.61 in chips) is sitting out
Seat 1: steepfell ($100 in chips) 
Seat 2: ru_ruu_ru ($100 in chips) 
Seat 3: XneferX ($114.74 in chips) 
Seat 4: Rysiff ($129.01 in chips) 
Seat 5: tedkillerpb1 ($8 in chips) 
steepfell: posts small blind $0.50
ru_ruu_ru: posts big blind $1
*** HOLE CARDS ***
XneferX: folds 
Rysiff: folds 
tedkillerpb1: folds 
steepfell: folds 
Uncalled bet ($0.50) returned to ru_ruu_ru
ru_ruu_ru collected $1 from pot
ru_ruu_ru: doesn't show hand 
*** SUMMARY ***
Total pot $1 | Rake $0 
Seat 6: AndysAce1
Seat 1: steepfell (small blind) folded before Flop
Seat 2: ru_ruu_ru (big blind) collected ($1)
Seat 3: XneferX folded before Flop (didn't bet)
Seat 4: Rysiff folded before Flop (didn't bet)
Seat 5: tedkillerpb1 (button) folded before Flop (didn't bet)



PokerStars Hand #254376833700:  Hold'em No Limit ($0.50/$1.00 USD) - 2025/01/14 2:12:44 WET [2025/01/14 21:12:44 ET]
Table 'Lyka III' 6-max Seat #1 is the button
Seat 6: AndysAce1 ($20.61 in chips) is sitting out
Seat 1: steepfell ($100 in chips) 
Seat 2: ru_ruu_ru ($100.50 in chips) 
Seat 3: XneferX ($114.74 in chips) 
Seat 4: Rysiff ($129.01 in chips) 
Seat 5: tedkillerpb1 ($8 in chips) 
ru_ruu_ru: posts small blind $0.50
XneferX: posts big blind $1
*** HOLE CARDS ***
Rysiff: folds 
tedkillerpb1: folds 
steepfell: raises $1.50 to $2.50
ru_ruu_ru: folds 
XneferX: raises $9.50 to $12
steepfell: folds 
Uncalled bet ($9.50) returned to XneferX
XneferX collected $5.50 from pot
XneferX: doesn't show hand 
*** SUMMARY ***
Total pot $5.50 | Rake $0 
Seat 6: AndysAce1
Seat 1: steepfell (button) folded before Flop
Seat 2: ru_ruu_ru (small blind) folded before Flop
Seat 3: XneferX (big blind) collected ($5.50)
Seat 4: Rysiff folded before Flop (didn't bet)
Seat 5: tedkillerpb1 folded before Flop (didn't bet)



PokerStars Hand #254376838453:  Hold'em No Limit ($0.50/$1.00 USD) - 2025/01/14 2:13:14 WET [2025/01/14 21:13:14 ET]
Table 'Lyka III' 6-max Seat #2 is the button
Seat 6: AndysAce1 ($20.61 in chips) is sitting out
Seat 1: steepfell ($100 in chips) 
Seat 2: ru_ruu_ru ($100 in chips) 
Seat 4: Rysiff ($129.01 in chips) 
Seat 5: tedkillerpb1 ($8 in chips) 
XneferX leaves the table
Rysiff: posts small blind $0.50
tedkillerpb1: posts big blind $1
*** HOLE CARDS ***
steepfell: folds 
ru_ruu_ru: folds 
Rysiff: folds 
Uncalled bet ($0.50) returned to tedkillerpb1
tedkillerpb1 collected $1 from pot
tedkillerpb1: doesn't show hand 
*** SUMMARY ***
Total pot $1 | Rake $0 
Seat 6: AndysAce1
Seat 1: steepfell folded before Flop (didn't bet)
Seat 2: ru_ruu_ru (button) folded before Flop (didn't bet)
Seat 4: Rysiff (small blind) folded before Flop
Seat 5: tedkillerpb1 (big blind) collected ($1)



PokerStars Hand #254376840420:  Hold'em No Limit ($0.50/$1.00 USD) - 2025/01/14 2:13:26 WET [2025/01/14 21:13:26 ET]
Table 'Lyka III' 6-max Seat #4 is the button
Seat 6: AndysAce1 ($20.61 in chips) is sitting out
Seat 1: steepfell ($100 in chips) 
Seat 2: ru_ruu_ru ($100 in chips) 
Seat 4: Rysiff ($128.51 in chips) 
Seat 5: tedkillerpb1 ($8.50 in chips) 
tedkillerpb1: posts small blind $0.50
steepfell: posts big blind $1
*** HOLE CARDS ***
ru_ruu_ru: folds 
Rysiff: folds 
tedkillerpb1: folds 
Uncalled bet ($0.50) returned to steepfell
steepfell collected $1 from pot
steepfell: doesn't show hand 
*** SUMMARY ***
Total pot $1 | Rake $0 
Seat 6: AndysAce1
Seat 1: steepfell (big blind) collected ($1)
Seat 2: ru_ruu_ru folded before Flop (didn't bet)
Seat 4: Rysiff (button) folded before Flop (didn't bet)
Seat 5: tedkillerpb1 (small blind) folded before Flop



PokerStars Hand #254376843247:  Hold'em No Limit ($0.50/$1.00 USD) - 2025/01/14 2:13:45 WET [2025/01/14 21:13:45 ET]
Table 'Lyka III' 6-max Seat #5 is the button
Seat 6: AndysAce1 ($20.61 in chips) is sitting out
Seat 1: steepfell ($100.50 in chips) 
Seat 2: ru_ruu_ru ($100 in chips) 
Seat 4: Rysiff ($128.51 in chips) 
Seat 5: tedkillerpb1 ($8 in chips) 
steepfell: posts small blind $0.50
ru_ruu_ru: posts big blind $1
*** HOLE CARDS ***
Rysiff: folds 
p0pa4poker joins the table at seat #3 
tedkillerpb1: raises $1 to $2
steepfell: folds 
ru_ruu_ru: folds 
Uncalled bet ($1) returned to tedkillerpb1
tedkillerpb1 collected $2.50 from pot
tedkillerpb1: doesn't show hand 
*** SUMMARY ***
Total pot $2.50 | Rake $0 
Seat 6: AndysAce1
Seat 1: steepfell (small blind) folded before Flop
Seat 2: ru_ruu_ru (big blind) folded before Flop
Seat 4: Rysiff folded before Flop (didn't bet)
Seat 5: tedkillerpb1 (button) collected ($2.50)



PokerStars Hand #254377059982:  Hold'em No Limit ($0.50/$1.00 USD) - 2025/01/14 2:38:03 WET [2025/01/14 21:38:03 ET]
Table 'Lyka III' 6-max Seat #1 is the button
Seat 1: steepfell ($277.06 in chips) 
Seat 2: rostickkin ($100 in chips) 
Seat 3: sutata ($100 in chips) 
Seat 4: Rysiff ($137.18 in chips) 
Seat 5: chenconhaste ($104 in chips) 
Seat 6: AndysAce1 ($72.37 in chips) 
rostickkin: posts small blind $0.50
sutata: posts big blind $1
*** HOLE CARDS ***
Rysiff: folds 
chenconhaste: folds 
AndysAce1: folds 
steepfell: folds 
rostickkin: folds 
Uncalled bet ($0.50) returned to sutata
sutata collected $1 from pot
sutata: doesn't show hand 
*** SUMMARY ***
Total pot $1 | Rake $0 
Seat 1: steepfell (button) folded before Flop (didn't bet)
Seat 2: rostickkin (small blind) folded before Flop
Seat 3: sutata (big blind) collected ($1)
Seat 4: Rysiff folded before Flop (didn't bet)
Seat 5: chenconhaste folded before Flop (didn't bet)
Seat 6: AndysAce1 folded before Flop (didn't bet)



PokerStars Hand #254377063917:  Hold'em No Limit ($0.50/$1.00 USD) - 2025/01/14 2:38:31 WET [2025/01/14 21:38:31 ET]
Table 'Lyka III' 6-max Seat #2 is the button
Seat 1: steepfell ($277.06 in chips) 
Seat 2: rostickkin ($100 in chips) 
Seat 3: sutata ($100.50 in chips) 
Seat 4: Rysiff ($137.18 in chips) 
Seat 5: chenconhaste ($104 in chips) 
Seat 6: AndysAce1 ($72.37 in chips) 
sutata: posts small blind $0.50
Rysiff: posts big blind $1
*** HOLE CARDS ***
chenconhaste: folds 
AndysAce1: raises $2.50 to $3.50
steepfell: folds 
rostickkin: folds 
sutata: raises $7.60 to $11.10
Rysiff: folds 
AndysAce1: calls $7.60
*** FLOP *** [Jc 4c Jd]
sutata: bets $7.35
AndysAce1: folds 
Uncalled bet ($7.35) returned to sutata
sutata collected $22.04 from pot
sutata: doesn't show hand 
*** SUMMARY ***
Total pot $23.20 | Rake $1.16 
Board [Jc 4c Jd]
Seat 1: steepfell folded before Flop (didn't bet)
Seat 2: rostickkin (button) folded before Flop (didn't bet)
Seat 3: sutata (small blind) collected ($22.04)
Seat 4: Rysiff (big blind) folded before Flop
Seat 5: chenconhaste folded before Flop (didn't bet)
Seat 6: AndysAce1 folded on the Flop



PokerStars Hand #254377069884:  Hold'em No Limit ($0.50/$1.00 USD) - 2025/01/14 2:39:12 WET [2025/01/14 21:39:12 ET]
Table 'Lyka III' 6-max Seat #3 is the button
Seat 1: steepfell ($277.06 in chips) 
Seat 2: rostickkin ($100 in chips) 
Seat 3: sutata ($111.44 in chips) 
Seat 4: Rysiff ($136.18 in chips) 
Seat 5: chenconhaste ($104 in chips) 
Seat 6: AndysAce1 ($61.27 in chips) 
Rysiff: posts small blind $0.50
chenconhaste: posts big blind $1
*** HOLE CARDS ***
AndysAce1: folds 
steepfell: folds 
rostickkin: folds 
sutata: folds 
Rysiff: raises $2 to $3
chenconhaste: folds 
Uncalled bet ($2) returned to Rysiff
Rysiff collected $2 from pot
Rysiff: doesn't show hand 
*** SUMMARY ***
Total pot $2 | Rake $0 
Seat 1: steepfell folded before Flop (didn't bet)
Seat 2: rostickkin folded before Flop (didn't bet)
Seat 3: sutata (button) folded before Flop (didn't bet)
Seat 4: Rysiff (small blind) collected ($2)
Seat 5: chenconhaste (big blind) folded before Flop
Seat 6: AndysAce1 folded before Flop (didn't bet)



PokerStars Hand #254377072235:  Hold'em No Limit ($0.50/$1.00 USD) - 2025/01/14 2:39:29 WET [2025/01/14 21:39:29 ET]
Table 'Lyka III' 6-max Seat #4 is the button
Seat 1: steepfell ($277.06 in chips) 
Seat 2: rostickkin ($100 in chips) 
Seat 3: sutata ($111.44 in chips) 
Seat 4: Rysiff ($137.18 in chips) 
Seat 5: chenconhaste ($103 in chips) 
Seat 6: AndysAce1 ($61.27 in chips) 
chenconhaste: posts small blind $0.50
AndysAce1: posts big blind $1
*** HOLE CARDS ***
steepfell: raises $1.50 to $2.50
rostickkin: folds 
sutata: folds 
Rysiff: folds 
chenconhaste: folds 
AndysAce1: calls $1.50
*** FLOP *** [Kc 6h 2s]
AndysAce1: checks 
steepfell: bets $2.61
AndysAce1: raises $56.16 to $58.77 and is all-in
steepfell: calls $56.16
*** TURN *** [Kc 6h 2s] [2c]
*** RIVER *** [Kc 6h 2s 2c] [4h]
*** SHOW DOWN ***
AndysAce1: shows [Kd 9d] (two pair, Kings and Deuces)
steepfell: shows [As Ad] (two pair, Aces and Deuces)
steepfell collected $120.54 from pot
AndysAce1 cashed out the hand for $21.72 | Cash Out Fee $0.44
*** SUMMARY ***
Total pot $123.04 | Rake $2.50 
Board [Kc 6h 2s 2c 4h]
Seat 1: steepfell showed [As Ad] and won ($120.54) with two pair, Aces and Deuces
Seat 2: rostickkin folded before Flop (didn't bet)
Seat 3: sutata folded before Flop (didn't bet)
Seat 4: Rysiff (button) folded before Flop (didn't bet)
Seat 5: chenconhaste (small blind) folded before Flop
Seat 6: AndysAce1 (big blind) showed [Kd 9d] and lost with two pair, Kings and Deuces (cashed out).



PokerStars Hand #254377079519:  Hold'em No Limit ($0.50/$1.00 USD) - 2025/01/14 2:40:19 WET [2025/01/14 21:40:19 ET]
Table 'Lyka III' 6-max Seat #5 is the button
Seat 1: steepfell ($336.33 in chips) 
Seat 2: rostickkin ($100 in chips) 
Seat 3: sutata ($111.44 in chips) 
Seat 4: Rysiff ($137.18 in chips) 
Seat 5: chenconhaste ($102.50 in chips) 
Seat 6: AndysAce1 ($21.72 in chips) 
AndysAce1: posts small blind $0.50
steepfell: posts big blind $1
*** HOLE CARDS ***
rostickkin: folds 
sutata: folds 
Rysiff: folds 
chenconhaste: folds 
AndysAce1: folds 
Uncalled bet ($0.50) returned to steepfell
steepfell collected $1 from pot
steepfell: doesn't show hand 
*** SUMMARY ***
Total pot $1 | Rake $0 
Seat 1: steepfell (big blind) collected ($1)
Seat 2: rostickkin folded before Flop (didn't bet)
Seat 3: sutata folded before Flop (didn't bet)
Seat 4: Rysiff folded before Flop (didn't bet)
Seat 5: chenconhaste (button) folded before Flop (didn't bet)
Seat 6: AndysAce1 (small blind) folded before Flop



PokerStars Hand #254377081893:  Hold'em No Limit ($0.50/$1.00 USD) - 2025/01/14 2:40:35 WET [2025/01/14 21:40:35 ET]
Table 'Lyka III' 6-max Seat #6 is the button
Seat 1: steepfell ($336.83 in chips) 
Seat 2: rostickkin ($100 in chips) 
Seat 3: sutata ($111.44 in chips) 
Seat 4: Rysiff ($137.18 in chips) 
Seat 5: chenconhaste ($102.50 in chips) 
Seat 6: AndysAce1 ($21.22 in chips) 
steepfell: posts small blind $0.50
rostickkin: posts big blind $1
*** HOLE CARDS ***
sutata: folds 
Rysiff: folds 
chenconhaste: folds 
AndysAce1: folds 
steepfell: folds 
Uncalled bet ($0.50) returned to rostickkin
rostickkin collected $1 from pot
rostickkin: doesn't show hand 
*** SUMMARY ***
Total pot $1 | Rake $0 
Seat 1: steepfell (small blind) folded before Flop
Seat 2: rostickkin (big blind) collected ($1)
Seat 3: sutata folded before Flop (didn't bet)
Seat 4: Rysiff folded before Flop (didn't bet)
Seat 5: chenconhaste folded before Flop (didn't bet)
Seat 6: AndysAce1 (button) folded before Flop (didn't bet)



PokerStars Hand #254377083275:  Hold'em No Limit ($0.50/$1.00 USD) - 2025/01/14 2:40:45 WET [2025/01/14 21:40:45 ET]
Table 'Lyka III' 6-max Seat #1 is the button
Seat 1: steepfell ($336.33 in chips) 
Seat 2: rostickkin ($100.50 in chips) 
Seat 3: sutata ($111.44 in chips) 
Seat 4: Rysiff ($137.18 in chips) 
Seat 5: chenconhaste ($102.50 in chips) 
Seat 6: AndysAce1 ($21.22 in chips) 
rostickkin: posts small blind $0.50
sutata: posts big blind $1
*** HOLE CARDS ***
Rysiff: folds 
chenconhaste: raises $1.50 to $2.50
AndysAce1: raises $18.72 to $21.22 and is all-in
steepfell: folds 
rostickkin: folds 
sutata: folds 
chenconhaste: folds 
Uncalled bet ($18.72) returned to AndysAce1
AndysAce1 collected $6.50 from pot
*** SUMMARY ***
Total pot $6.50 | Rake $0 
Seat 1: steepfell (button) folded before Flop (didn't bet)
Seat 2: rostickkin (small blind) folded before Flop
Seat 3: sutata (big blind) folded before Flop
Seat 4: Rysiff folded before Flop (didn't bet)
Seat 5: chenconhaste folded before Flop
Seat 6: AndysAce1 collected ($6.50)



PokerStars Hand #254377085746:  Hold'em No Limit ($0.50/$1.00 USD) - 2025/01/14 2:41:03 WET [2025/01/14 21:41:03 ET]
Table 'Lyka III' 6-max Seat #2 is the button
Seat 1: steepfell ($336.33 in chips) 
Seat 2: rostickkin ($100 in chips) 
Seat 3: sutata ($110.44 in chips) 
Seat 4: Rysiff ($137.18 in chips) 
Seat 5: chenconhaste ($100 in chips) 
Seat 6: AndysAce1 ($25.22 in chips) 
sutata: posts small blind $0.50
Rysiff: posts big blind $1
*** HOLE CARDS ***
chenconhaste: folds 
AndysAce1: folds 
steepfell: folds 
rostickkin: folds 
sutata: raises $2 to $3
Rysiff: folds 
Uncalled bet ($2) returned to sutata
sutata collected $2 from pot
sutata: doesn't show hand 
*** SUMMARY ***
Total pot $2 | Rake $0 
Seat 1: steepfell folded before Flop (didn't bet)
Seat 2: rostickkin (button) folded before Flop (didn't bet)
Seat 3: sutata (small blind) collected ($2)
Seat 4: Rysiff (big blind) folded before Flop
Seat 5: chenconhaste folded before Flop (didn't bet)
Seat 6: AndysAce1 folded before Flop (didn't bet)



PokerStars Hand #254377088977:  Hold'em No Limit ($0.50/$1.00 USD) - 2025/01/14 2:41:25 WET [2025/01/14 21:41:25 ET]
Table 'Lyka III' 6-max Seat #3 is the button
Seat 1: steepfell ($336.33 in chips) 
Seat 2: rostickkin ($100 in chips) 
Seat 3: sutata ($111.44 in chips) 
Seat 4: Rysiff ($136.18 in chips) 
Seat 5: chenconhaste ($100 in chips) 
Seat 6: AndysAce1 ($25.22 in chips) 
Rysiff: posts small blind $0.50
chenconhaste: posts big blind $1
*** HOLE CARDS ***
AndysAce1: raises $24.22 to $25.22 and is all-in
steepfell: folds 
rostickkin: folds 
sutata: folds 
Rysiff: folds 
chenconhaste: folds 
Uncalled bet ($24.22) returned to AndysAce1
AndysAce1 collected $2.50 from pot
*** SUMMARY ***
Total pot $2.50 | Rake $0 
Seat 1: steepfell folded before Flop (didn't bet)
Seat 2: rostickkin folded before Flop (didn't bet)
Seat 3: sutata (button) folded before Flop (didn't bet)
Seat 4: Rysiff (small blind) folded before Flop
Seat 5: chenconhaste (big blind) folded before Flop
Seat 6: AndysAce1 collected ($2.50)



PokerStars Hand #254377091602:  Hold'em No Limit ($0.50/$1.00 USD) - 2025/01/14 2:41:43 WET [2025/01/14 21:41:43 ET]
Table 'Lyka III' 6-max Seat #4 is the button
Seat 1: steepfell ($336.33 in chips) 
Seat 2: rostickkin ($100 in chips) 
Seat 3: sutata ($111.44 in chips) 
Seat 4: Rysiff ($135.68 in chips) 
Seat 5: chenconhaste ($100 in chips) 
Seat 6: AndysAce1 ($26.72 in chips) 
chenconhaste: posts small blind $0.50
AndysAce1: posts big blind $1
*** HOLE CARDS ***
steepfell: folds 
rostickkin: folds 
sutata: raises $1.50 to $2.50
Rysiff: raises $4.50 to $7
chenconhaste: folds 
AndysAce1: raises $19.72 to $26.72 and is all-in
sutata: calls $24.22
Rysiff: folds 
*** FLOP *** [2d 7h Qd]
*** TURN *** [2d 7h Qd] [6s]
*** RIVER *** [2d 7h Qd 6s] [4d]
*** SHOW DOWN ***
AndysAce1: shows [Ac 8h] (high card Ace)
sutata: shows [Ah As] (a pair of Aces)
sutata collected $58.44 from pot
AndysAce1 cashed out the hand for $3.65 | Cash Out Fee $0.07
*** SUMMARY ***
Total pot $60.94 | Rake $2.50 
Board [2d 7h Qd 6s 4d]
Seat 1: steepfell folded before Flop (didn't bet)
Seat 2: rostickkin folded before Flop (didn't bet)
Seat 3: sutata showed [Ah As] and won ($58.44) with a pair of Aces
Seat 4: Rysiff (button) folded before Flop
Seat 5: chenconhaste (small blind) folded before Flop
Seat 6: AndysAce1 (big blind) showed [Ac 8h] and lost with high card Ace (cashed out).



PokerStars Hand #254377098096:  Hold'em No Limit ($0.50/$1.00 USD) - 2025/01/14 2:42:29 WET [2025/01/14 21:42:29 ET]
Table 'Lyka III' 6-max Seat #5 is the button
Seat 1: steepfell ($336.33 in chips) 
Seat 2: rostickkin ($100 in chips) 
Seat 3: sutata ($143.16 in chips) 
Seat 4: Rysiff ($128.68 in chips) 
Seat 5: chenconhaste ($100 in chips) 
Seat 6: AndysAce1 ($3.65 in chips) 
AndysAce1: posts small blind $0.50
steepfell: posts big blind $1
*** HOLE CARDS ***
rostickkin: folds 
sutata: folds 
Rysiff: folds 
chenconhaste: folds 
AndysAce1: raises $2.65 to $3.65 and is all-in
steepfell: calls $2.65
*** FLOP *** [2h Kd 4s]
*** TURN *** [2h Kd 4s] [Js]
*** RIVER *** [2h Kd 4s Js] [Jc]
*** SHOW DOWN ***
AndysAce1: shows [3s 4d] (two pair, Jacks and Fours)
steepfell: shows [Jd 9s] (three of a kind, Jacks)
steepfell collected $6.94 from pot
*** SUMMARY ***
Total pot $7.30 | Rake $0.36 
Board [2h Kd 4s Js Jc]
Seat 1: steepfell (big blind) showed [Jd 9s] and won ($6.94) with three of a kind, Jacks
Seat 2: rostickkin folded before Flop (didn't bet)
Seat 3: sutata folded before Flop (didn't bet)
Seat 4: Rysiff folded before Flop (didn't bet)
Seat 5: chenconhaste (button) folded before Flop (didn't bet)
Seat 6: AndysAce1 (small blind) showed [3s 4d] and lost with two pair, Jacks and Fours



PokerStars Hand #254377103450:  Hold'em No Limit ($0.50/$1.00 USD) - 2025/01/14 2:43:06 WET [2025/01/14 21:43:06 ET]
Table 'Lyka III' 6-max Seat #1 is the button
Seat 6: AndysAce1 ($0 in chips) is sitting out
Seat 1: steepfell ($339.62 in chips) 
Seat 2: rostickkin ($100 in chips) 
Seat 3: sutata ($143.16 in chips) 
Seat 4: Rysiff ($128.68 in chips) 
Seat 5: chenconhaste ($100 in chips) 
rostickkin: posts small blind $0.50
sutata: posts big blind $1
*** HOLE CARDS ***
Rysiff: folds 
chenconhaste: folds 
steepfell: raises $1.50 to $2.50
rostickkin: folds 
sutata: calls $1.50
*** FLOP *** [3c 2d 2c]
sutata: checks 
steepfell: bets $1.72
sutata: folds 
Uncalled bet ($1.72) returned to steepfell
steepfell collected $5.22 from pot
steepfell: doesn't show hand 
*** SUMMARY ***
Total pot $5.50 | Rake $0.28 
Board [3c 2d 2c]
Seat 6: AndysAce1
Seat 1: steepfell (button) collected ($5.22)
Seat 2: rostickkin (small blind) folded before Flop
Seat 3: sutata (big blind) folded on the Flop
Seat 4: Rysiff folded before Flop (didn't bet)
Seat 5: chenconhaste folded before Flop (didn't bet)



PokerStars Hand #254377108241:  Hold'em No Limit ($0.50/$1.00 USD) - 2025/01/14 2:43:39 WET [2025/01/14 21:43:39 ET]
Table 'Lyka III' 6-max Seat #2 is the button
Seat 6: AndysAce1 ($0 in chips) is sitting out
Seat 1: steepfell ($342.34 in chips) 
Seat 2: rostickkin ($100 in chips) 
Seat 3: sutata ($140.66 in chips) 
Seat 4: Rysiff ($128.68 in chips) 
Seat 5: chenconhaste ($100 in chips) 
sutata: posts small blind $0.50
Rysiff: posts big blind $1
*** HOLE CARDS ***
chenconhaste: folds 
steepfell: folds 
rostickkin: raises $1.50 to $2.50
sutata: raises $9.80 to $12.30
Rysiff: raises $14.70 to $27
rostickkin: folds 
sutata: folds 
Uncalled bet ($14.70) returned to Rysiff
Rysiff collected $27.10 from pot
Rysiff: doesn't show hand 
*** SUMMARY ***
Total pot $27.10 | Rake $0 
Seat 6: AndysAce1
Seat 1: steepfell folded before Flop (didn't bet)
Seat 2: rostickkin (button) folded before Flop
Seat 3: sutata (small blind) folded before Flop
Seat 4: Rysiff (big blind) collected ($27.10)
Seat 5: chenconhaste folded before Flop (didn't bet)



PokerStars Hand #254377115920:  Hold'em No Limit ($0.50/$1.00 USD) - 2025/01/14 2:44:32 WET [2025/01/14 21:44:32 ET]
Table 'Lyka III' 6-max Seat #3 is the button
Seat 6: AndysAce1 ($0 in chips) is sitting out
Seat 1: steepfell ($342.34 in chips) 
Seat 2: rostickkin ($100 in chips) 
Seat 3: sutata ($128.36 in chips) 
Seat 4: Rysiff ($143.48 in chips) 
Seat 5: chenconhaste ($100 in chips) 
Rysiff: posts small blind $0.50
chenconhaste: posts big blind $1
*** HOLE CARDS ***
steepfell: raises $1.50 to $2.50
rostickkin: folds 
sutata: folds 
Rysiff: folds 
chenconhaste: calls $1.50
*** FLOP *** [3s Ac 7c]
chenconhaste: checks 
steepfell: bets $2.61
chenconhaste: folds 
Uncalled bet ($2.61) returned to steepfell
steepfell collected $5.22 from pot
steepfell: doesn't show hand 
*** SUMMARY ***
Total pot $5.50 | Rake $0.28 
Board [3s Ac 7c]
Seat 6: AndysAce1
Seat 1: steepfell collected ($5.22)
Seat 2: rostickkin folded before Flop (didn't bet)
Seat 3: sutata (button) folded before Flop (didn't bet)
Seat 4: Rysiff (small blind) folded before Flop
Seat 5: chenconhaste (big blind) folded on the Flop



PokerStars Hand #254377121390:  Hold'em No Limit ($0.50/$1.00 USD) - 2025/01/14 2:45:10 WET [2025/01/14 21:45:10 ET]
Table 'Lyka III' 6-max Seat #4 is the button
Seat 6: AndysAce1 ($0 in chips) is sitting out
Seat 1: steepfell ($345.06 in chips) 
Seat 2: rostickkin ($100 in chips) 
Seat 3: sutata ($128.36 in chips) 
Seat 4: Rysiff ($142.98 in chips) 
Seat 5: chenconhaste ($100 in chips) 
chenconhaste: posts small blind $0.50
steepfell: posts big blind $1
*** HOLE CARDS ***
rostickkin: folds 
sutata: folds 
Rysiff: raises $1.50 to $2.50
chenconhaste: raises $7.50 to $10
steepfell: folds 
Rysiff: folds 
Uncalled bet ($7.50) returned to chenconhaste
chenconhaste collected $6 from pot
*** SUMMARY ***
Total pot $6 | Rake $0 
Seat 6: AndysAce1
Seat 1: steepfell (big blind) folded before Flop
Seat 2: rostickkin folded before Flop (didn't bet)
Seat 3: sutata folded before Flop (didn't bet)
Seat 4: Rysiff (button) folded before Flop
Seat 5: chenconhaste (small blind) collected ($6)



PokerStars Hand #254377124512:  Hold'em No Limit ($0.50/$1.00 USD) - 2025/01/14 2:45:32 WET [2025/01/14 21:45:32 ET]
Table 'Lyka III' 6-max Seat #5 is the button
Seat 6: AndysAce1 ($0 in chips) is sitting out
Seat 1: steepfell ($344.06 in chips) 
Seat 2: rostickkin ($100 in chips) 
Seat 3: sutata ($128.36 in chips) 
Seat 4: Rysiff ($140.48 in chips) 
Seat 5: chenconhaste ($103.50 in chips) 
steepfell: posts small blind $0.50
rostickkin: posts big blind $1
*** HOLE CARDS ***
sutata: folds 
Rysiff: raises $1.50 to $2.50
AndysAce1 is disconnected 
chenconhaste: folds 
steepfell: folds 
rostickkin: folds 
Uncalled bet ($1.50) returned to Rysiff
Rysiff collected $2.50 from pot
Rysiff: doesn't show hand 
*** SUMMARY ***
Total pot $2.50 | Rake $0 
Seat 6: AndysAce1
Seat 1: steepfell (small blind) folded before Flop
Seat 2: rostickkin (big blind) folded before Flop
Seat 3: sutata folded before Flop (didn't bet)
Seat 4: Rysiff collected ($2.50)
Seat 5: chenconhaste (button) folded before Flop (didn't bet)



PokerStars Hand #254377127275:  Hold'em No Limit ($0.50/$1.00 USD) - 2025/01/14 2:45:51 WET [2025/01/14 21:45:51 ET]
Table 'Lyka III' 6-max Seat #1 is the button
Seat 6: AndysAce1 ($0 in chips) is sitting out
Seat 1: steepfell ($343.56 in chips) 
Seat 2: rostickkin ($100 in chips) 
Seat 3: sutata ($128.36 in chips) 
Seat 4: Rysiff ($141.98 in chips) 
Seat 5: chenconhaste ($103.50 in chips) 
rostickkin: posts small blind $0.50
sutata: posts big blind $1
*** HOLE CARDS ***
Rysiff: folds 
chenconhaste: folds 
steepfell: raises $1.50 to $2.50
rostickkin: folds 
sutata: raises $9.80 to $12.30
steepfell: folds 
Uncalled bet ($9.80) returned to sutata
Rysiff leaves the table
sutata collected $5.50 from pot
sutata: doesn't show hand 
*** SUMMARY ***
Total pot $5.50 | Rake $0 
Seat 6: AndysAce1
Seat 1: steepfell (button) folded before Flop
Seat 2: rostickkin (small blind) folded before Flop
Seat 3: sutata (big blind) collected ($5.50)
Seat 4: Rysiff folded before Flop (didn't bet)
Seat 5: chenconhaste folded before Flop (didn't bet)



PokerStars Hand #254377129903:  Hold'em No Limit ($0.50/$1.00 USD) - 2025/01/14 2:46:10 WET [2025/01/14 21:46:10 ET]
Table 'Lyka III' 6-max Seat #2 is the button
Seat 5: chenconhaste ($103.50 in chips) is sitting out
Seat 6: AndysAce1 ($0 in chips) is sitting out
Seat 1: steepfell ($341.06 in chips) 
Seat 2: rostickkin ($100 in chips) 
Seat 3: sutata ($131.36 in chips) 
sutata: posts small blind $0.50
chenconhaste: is sitting out 
steepfell: posts big blind $1
*** HOLE CARDS ***
rostickkin: folds 
sutata: raises $2 to $3
steepfell: folds 
Uncalled bet ($2) returned to sutata
sutata collected $2 from pot
sutata: doesn't show hand 
*** SUMMARY ***
Total pot $2 | Rake $0 
Seat 5: chenconhaste
Seat 6: AndysAce1
Seat 1: steepfell (big blind) folded before Flop
Seat 2: rostickkin (button) folded before Flop (didn't bet)
Seat 3: sutata (small blind) collected ($2)



PokerStars Hand #254377131393:  Hold'em No Limit ($0.50/$1.00 USD) - 2025/01/14 2:46:20 WET [2025/01/14 21:46:20 ET]
Table 'Lyka III' 6-max Seat #1 is the button
Seat 2: rostickkin ($100 in chips) is sitting out
Seat 5: chenconhaste ($103.50 in chips) is sitting out
Seat 6: AndysAce1 ($0 in chips) is sitting out
Seat 1: steepfell ($340.06 in chips) 
Seat 3: sutata ($132.36 in chips) 
steepfell: posts small blind $0.50
rostickkin: is sitting out 
sutata: posts big blind $1
*** HOLE CARDS ***
chenconhaste leaves the table
steepfell: folds 
Uncalled bet ($0.50) returned to sutata
sutata collected $1 from pot
sutata: doesn't show hand 
rostickkin leaves the table
*** SUMMARY ***
Total pot $1 | Rake $0 
Seat 2: rostickkin
Seat 5: chenconhaste
Seat 6: AndysAce1
Seat 1: steepfell (button) (small blind) folded before Flop
Seat 3: sutata (big blind) collected ($1)



PokerStars Hand #254377132384:  Hold'em No Limit ($0.50/$1.00 USD) - 2025/01/14 2:46:27 WET [2025/01/14 21:46:27 ET]
Table 'Lyka III' 6-max Seat #3 is the button
Seat 6: AndysAce1 ($0 in chips) is sitting out
Seat 1: steepfell ($339.56 in chips) 
Seat 3: sutata ($132.86 in chips) 
sutata: posts small blind $0.50
steepfell: posts big blind $1
*** HOLE CARDS ***
sutata: raises $2 to $3
steepfell: folds 
Uncalled bet ($2) returned to sutata
sutata collected $2 from pot
sutata: doesn't show hand 
*** SUMMARY ***
Total pot $2 | Rake $0 
Seat 6: AndysAce1
Seat 1: steepfell (big blind) folded before Flop
Seat 3: sutata (button) (small blind) collected ($2)



PokerStars Hand #254377137506:  Hold'em No Limit ($0.50/$1.00 USD) - 2025/01/14 2:47:03 WET [2025/01/14 21:47:03 ET]
Table 'Lyka III' 6-max Seat #4 is the button
Seat 6: AndysAce1 ($0 in chips) is sitting out
Seat 3: sutata ($133.86 in chips) 
Seat 4: BeauParleur ($100 in chips) 
BeauParleur: posts small blind $0.50
sutata: posts big blind $1
*** HOLE CARDS ***
BeauParleur: raises $1.50 to $2.50
sutata: raises $7.80 to $10.30
BeauParleur: folds 
Uncalled bet ($7.80) returned to sutata
sutata collected $5 from pot
sutata: doesn't show hand 
*** SUMMARY ***
Total pot $5 | Rake $0 
Seat 6: AndysAce1
Seat 3: sutata (big blind) collected ($5)
Seat 4: BeauParleur (button) (small blind) folded before Flop



PokerStars Hand #254377141923:  Hold'em No Limit ($0.50/$1.00 USD) - 2025/01/14 2:47:34 WET [2025/01/14 21:47:34 ET]
Table 'Lyka III' 6-max Seat #3 is the button
Seat 6: AndysAce1 ($0 in chips) is sitting out
Seat 3: sutata ($136.36 in chips) 
Seat 4: BeauParleur ($100 in chips) 
sutata: posts small blind $0.50
BeauParleur: posts big blind $1
*** HOLE CARDS ***
sutata: raises $2 to $3
BeauParleur: raises $9 to $12
sutata: calls $9
*** FLOP *** [Ad Ts 5h]
BeauParleur: bets $5.50
sutata: folds 
Uncalled bet ($5.50) returned to BeauParleur
sutata leaves the table
BeauParleur collected $23 from pot
BeauParleur: doesn't show hand 
*** SUMMARY ***
Total pot $24 | Rake $1 
Board [Ad Ts 5h]
Seat 6: AndysAce1
Seat 3: sutata (button) (small blind) folded on the Flop
Seat 4: BeauParleur (big blind) collected ($23)



PokerStars Hand #254376908922:  Hold'em No Limit ($0.50/$1.00 USD) - 2025/01/14 2:20:54 WET [2025/01/14 21:20:54 ET]
Table 'Lyka III' 6-max Seat #5 is the button
Seat 6: AndysAce1 ($0 in chips) is sitting out
Seat 1: steepfell ($120.97 in chips) 
Seat 2: ptolejmus ($23.08 in chips) 
Seat 3: p0pa4poker ($104.42 in chips) 
Seat 4: Rysiff ($135.03 in chips) 
Seat 5: romeoslayer ($64.56 in chips) 
steepfell: posts small blind $0.50
ptolejmus: posts big blind $1
*** HOLE CARDS ***
p0pa4poker: folds 
Rysiff: folds 
romeoslayer: folds 
steepfell: raises $2 to $3
ptolejmus: raises $20.08 to $23.08 and is all-in
steepfell: folds 
Uncalled bet ($20.08) returned to ptolejmus
ptolejmus collected $6 from pot
*** SUMMARY ***
Total pot $6 | Rake $0 
Seat 6: AndysAce1
Seat 1: steepfell (small blind) folded before Flop
Seat 2: ptolejmus (big blind) collected ($6)
Seat 3: p0pa4poker folded before Flop (didn't bet)
Seat 4: Rysiff folded before Flop (didn't bet)
Seat 5: romeoslayer (button) folded before Flop (didn't bet)



PokerStars Hand #254376912707:  Hold'em No Limit ($0.50/$1.00 USD) - 2025/01/14 2:21:19 WET [2025/01/14 21:21:19 ET]
Table 'Lyka III' 6-max Seat #1 is the button
Seat 6: AndysAce1 ($0 in chips) is sitting out
Seat 1: steepfell ($117.97 in chips) 
Seat 2: ptolejmus ($26.08 in chips) 
Seat 3: p0pa4poker ($104.42 in chips) 
Seat 4: Rysiff ($135.03 in chips) 
Seat 5: romeoslayer ($64.56 in chips) 
ptolejmus: posts small blind $0.50
p0pa4poker: posts big blind $1
*** HOLE CARDS ***
Rysiff: folds 
romeoslayer: calls $1
steepfell: raises $3 to $4
ptolejmus: folds 
p0pa4poker: folds 
romeoslayer: calls $3
*** FLOP *** [Jd 6c Ts]
romeoslayer: checks 
steepfell: bets $2.98
romeoslayer: folds 
Uncalled bet ($2.98) returned to steepfell
steepfell collected $9.02 from pot
steepfell: doesn't show hand 
*** SUMMARY ***
Total pot $9.50 | Rake $0.48 
Board [Jd 6c Ts]
Seat 6: AndysAce1
Seat 1: steepfell (button) collected ($9.02)
Seat 2: ptolejmus (small blind) folded before Flop
Seat 3: p0pa4poker (big blind) folded before Flop
Seat 4: Rysiff folded before Flop (didn't bet)
Seat 5: romeoslayer folded on the Flop



PokerStars Hand #254376919023:  Hold'em No Limit ($0.50/$1.00 USD) - 2025/01/14 2:22:01 WET [2025/01/14 21:22:01 ET]
Table 'Lyka III' 6-max Seat #2 is the button
Seat 6: AndysAce1 ($0 in chips) is sitting out
Seat 1: steepfell ($122.99 in chips) 
Seat 2: ptolejmus ($25.58 in chips) 
Seat 3: p0pa4poker ($103.42 in chips) 
Seat 4: Rysiff ($135.03 in chips) 
Seat 5: romeoslayer ($60.56 in chips) 
p0pa4poker: posts small blind $0.50
Rysiff: posts big blind $1
*** HOLE CARDS ***
romeoslayer: folds 
steepfell: raises $1.50 to $2.50
ptolejmus: raises $23.08 to $25.58 and is all-in
p0pa4poker: folds 
Rysiff: folds 
steepfell: folds 
Uncalled bet ($23.08) returned to ptolejmus
ptolejmus collected $6.50 from pot
*** SUMMARY ***
Total pot $6.50 | Rake $0 
Seat 6: AndysAce1
Seat 1: steepfell folded before Flop
Seat 2: ptolejmus (button) collected ($6.50)
Seat 3: p0pa4poker (small blind) folded before Flop
Seat 4: Rysiff (big blind) folded before Flop
Seat 5: romeoslayer folded before Flop (didn't bet)



PokerStars Hand #254376922739:  Hold'em No Limit ($0.50/$1.00 USD) - 2025/01/14 2:22:25 WET [2025/01/14 21:22:25 ET]
Table 'Lyka III' 6-max Seat #3 is the button
Seat 6: AndysAce1 ($0 in chips) is sitting out
Seat 1: steepfell ($120.49 in chips) 
Seat 2: ptolejmus ($29.58 in chips) 
Seat 3: p0pa4poker ($102.92 in chips) 
Seat 4: Rysiff ($134.03 in chips) 
Seat 5: romeoslayer ($60.56 in chips) 
Rysiff: posts small blind $0.50
romeoslayer: posts big blind $1
*** HOLE CARDS ***
steepfell: folds 
ptolejmus: folds 
p0pa4poker: folds 
Rysiff: raises $2 to $3
romeoslayer: folds 
Uncalled bet ($2) returned to Rysiff
Rysiff collected $2 from pot
Rysiff: doesn't show hand 
*** SUMMARY ***
Total pot $2 | Rake $0 
Seat 6: AndysAce1
Seat 1: steepfell folded before Flop (didn't bet)
Seat 2: ptolejmus folded before Flop (didn't bet)
Seat 3: p0pa4poker (button) folded before Flop (didn't bet)
Seat 4: Rysiff (small blind) collected ($2)
Seat 5: romeoslayer (big blind) folded before Flop



PokerStars Hand #254376927170:  Hold'em No Limit ($0.50/$1.00 USD) - 2025/01/14 2:22:55 WET [2025/01/14 21:22:55 ET]
Table 'Lyka III' 6-max Seat #4 is the button
Seat 1: steepfell ($120.49 in chips) 
Seat 2: ptolejmus ($29.58 in chips) 
Seat 3: p0pa4poker ($102.92 in chips) 
Seat 4: Rysiff ($135.03 in chips) 
Seat 5: romeoslayer ($59.56 in chips) 
Seat 6: AndysAce1 ($49.11 in chips) 
romeoslayer: posts small blind $0.50
AndysAce1: posts big blind $1
*** HOLE CARDS ***
steepfell: folds 
ptolejmus: raises $1 to $2
p0pa4poker: folds 
Rysiff: folds 
romeoslayer: calls $1.50
AndysAce1: folds 
*** FLOP *** [5h 5d 2h]
romeoslayer: checks 
ptolejmus: bets $1.28
romeoslayer: calls $1.28
*** TURN *** [5h 5d 2h] [Qd]
romeoslayer: bets $3.59
ptolejmus: raises $7.41 to $11
romeoslayer: calls $7.41
*** RIVER *** [5h 5d 2h Qd] [3c]
romeoslayer: checks 
ptolejmus: bets $15.30 and is all-in
romeoslayer: folds 
Uncalled bet ($15.30) returned to ptolejmus
ptolejmus collected $28.08 from pot
romeoslayer leaves the table
*** SUMMARY ***
Total pot $29.56 | Rake $1.48 
Board [5h 5d 2h Qd 3c]
Seat 1: steepfell folded before Flop (didn't bet)
Seat 2: ptolejmus collected ($28.08)
Seat 3: p0pa4poker folded before Flop (didn't bet)
Seat 4: Rysiff (button) folded before Flop (didn't bet)
Seat 5: romeoslayer (small blind) folded on the River
Seat 6: AndysAce1 (big blind) folded before Flop



PokerStars Hand #254376937319:  Hold'em No Limit ($0.50/$1.00 USD) - 2025/01/14 2:24:02 WET [2025/01/14 21:24:02 ET]
Table 'Lyka III' 6-max Seat #6 is the button
Seat 2: ptolejmus ($43.38 in chips) is sitting out
Seat 1: steepfell ($120.49 in chips) 
Seat 3: p0pa4poker ($102.92 in chips) 
Seat 4: Rysiff ($135.03 in chips) 
Seat 6: AndysAce1 ($48.11 in chips) 
steepfell: posts small blind $0.50
ptolejmus: is sitting out 
p0pa4poker: posts big blind $1
*** HOLE CARDS ***
Rysiff: folds 
ptolejmus leaves the table
AndysAce1: folds 
steepfell: raises $2 to $3
rostickkin joins the table at seat #2 
p0pa4poker: folds 
Uncalled bet ($2) returned to steepfell
steepfell collected $2 from pot
steepfell: doesn't show hand 
*** SUMMARY ***
Total pot $2 | Rake $0 
Seat 2: ptolejmus
Seat 1: steepfell (small blind) collected ($2)
Seat 3: p0pa4poker (big blind) folded before Flop
Seat 4: Rysiff folded before Flop (didn't bet)
Seat 6: AndysAce1 (button) folded before Flop (didn't bet)



PokerStars Hand #254376940047:  Hold'em No Limit ($0.50/$1.00 USD) - 2025/01/14 2:24:20 WET [2025/01/14 21:24:20 ET]
Table 'Lyka III' 6-max Seat #1 is the button
Seat 2: rostickkin ($100 in chips) is sitting out
Seat 1: steepfell ($121.49 in chips) 
Seat 3: p0pa4poker ($101.92 in chips) 
Seat 4: Rysiff ($135.03 in chips) 
Seat 6: AndysAce1 ($48.11 in chips) 
p0pa4poker: posts small blind $0.50
Rysiff: posts big blind $1
*** HOLE CARDS ***
AndysAce1: raises $2.50 to $3.50
steepfell: raises $7 to $10.50
p0pa4poker: raises $12.50 to $23
Rysiff: folds 
AndysAce1: raises $25.11 to $48.11 and is all-in
steepfell: raises $73.38 to $121.49 and is all-in
p0pa4poker: calls $78.92 and is all-in
Uncalled bet ($19.57) returned to steepfell
*** FLOP *** [4h 5c 5d]
*** TURN *** [4h 5c 5d] [5h]
*** RIVER *** [4h 5c 5d 5h] [Ks]
*** SHOW DOWN ***
p0pa4poker: shows [Ac Ah] (a full house, Fives full of Aces)
steepfell: shows [Kd Kc] (a full house, Kings full of Fives)
steepfell collected $107.62 from side pot
AndysAce1: shows [Jd Ad] (three of a kind, Fives)
steepfell collected $144.33 from main pot
p0pa4poker cashed out the hand for $186.55 | Cash Out Fee $3.81
*** SUMMARY ***
Total pot $252.95 Main pot $144.33. Side pot $107.62. | Rake $1 
Board [4h 5c 5d 5h Ks]
Seat 2: rostickkin
Seat 1: steepfell (button) showed [Kd Kc] and won ($251.95) with a full house, Kings full of Fives
Seat 3: p0pa4poker (small blind) showed [Ac Ah] and lost with a full house, Fives full of Aces (cashed out).
Seat 4: Rysiff (big blind) folded before Flop
Seat 6: AndysAce1 showed [Jd Ad] and lost with three of a kind, Fives



PokerStars Hand #254376948814:  Hold'em No Limit ($0.50/$1.00 USD) - 2025/01/14 2:25:19 WET [2025/01/14 21:25:19 ET]
Table 'Lyka III' 6-max Seat #3 is the button
Seat 2: rostickkin ($100 in chips) is sitting out
Seat 6: AndysAce1 ($0 in chips) is sitting out
Seat 1: steepfell ($271.52 in chips) 
Seat 3: p0pa4poker ($186.55 in chips) 
Seat 4: Rysiff ($134.03 in chips) 
Rysiff: posts small blind $0.50
steepfell: posts big blind $1
rostickkin: sits out 
*** HOLE CARDS ***
p0pa4poker: raises $1.50 to $2.50
Rysiff: folds 
steepfell: calls $1.50
*** FLOP *** [4s Kc 6s]
steepfell: checks 
p0pa4poker: bets $4.02
steepfell: folds 
Uncalled bet ($4.02) returned to p0pa4poker
p0pa4poker collected $5.22 from pot
p0pa4poker: doesn't show hand 
*** SUMMARY ***
Total pot $5.50 | Rake $0.28 
Board [4s Kc 6s]
Seat 2: rostickkin
Seat 6: AndysAce1
Seat 1: steepfell (big blind) folded on the Flop
Seat 3: p0pa4poker (button) collected ($5.22)
Seat 4: Rysiff (small blind) folded before Flop



PokerStars Hand #254376954138:  Hold'em No Limit ($0.50/$1.00 USD) - 2025/01/14 2:25:55 WET [2025/01/14 21:25:55 ET]
Table 'Lyka III' 6-max Seat #4 is the button
Seat 6: AndysAce1 ($47.32 in chips) is sitting out
Seat 1: steepfell ($269.02 in chips) 
Seat 2: rostickkin ($100 in chips) 
Seat 3: p0pa4poker ($189.27 in chips) 
Seat 4: Rysiff ($133.53 in chips) 
steepfell: posts small blind $0.50
rostickkin: posts big blind $1
*** HOLE CARDS ***
p0pa4poker: folds 
Rysiff: folds 
steepfell: raises $2 to $3
rostickkin: folds 
Uncalled bet ($2) returned to steepfell
steepfell collected $2 from pot
steepfell: doesn't show hand 
*** SUMMARY ***
Total pot $2 | Rake $0 
Seat 6: AndysAce1
Seat 1: steepfell (small blind) collected ($2)
Seat 2: rostickkin (big blind) folded before Flop
Seat 3: p0pa4poker folded before Flop (didn't bet)
Seat 4: Rysiff (button) folded before Flop (didn't bet)



PokerStars Hand #254376955841:  Hold'em No Limit ($0.50/$1.00 USD) - 2025/01/14 2:26:07 WET [2025/01/14 21:26:07 ET]
Table 'Lyka III' 6-max Seat #1 is the button
Seat 3: p0pa4poker ($189.27 in chips) is sitting out
Seat 1: steepfell ($270.02 in chips) 
Seat 2: rostickkin ($100 in chips) 
Seat 4: Rysiff ($133.53 in chips) 
Seat 6: AndysAce1 ($47.32 in chips) 
rostickkin: posts small blind $0.50
p0pa4poker: is sitting out 
Rysiff: posts big blind $1
AndysAce1: posts small & big blinds $1.50
*** HOLE CARDS ***
AndysAce1: checks 
p0pa4poker leaves the table
steepfell: raises $3 to $4
rostickkin: folds 
Rysiff: folds 
AndysAce1: folds 
Uncalled bet ($3) returned to steepfell
steepfell collected $4 from pot
steepfell: doesn't show hand 
*** SUMMARY ***
Total pot $4 | Rake $0 
Seat 3: p0pa4poker
Seat 1: steepfell (button) collected ($4)
Seat 2: rostickkin (small blind) folded before Flop
Seat 4: Rysiff (big blind) folded before Flop
Seat 6: AndysAce1 folded before Flop (didn't bet)



PokerStars Hand #254376958538:  Hold'em No Limit ($0.50/$1.00 USD) - 2025/01/14 2:26:25 WET [2025/01/14 21:26:25 ET]
Table 'Lyka III' 6-max Seat #2 is the button
Seat 1: steepfell ($273.02 in chips) 
Seat 2: rostickkin ($100 in chips) 
Seat 4: Rysiff ($132.53 in chips) 
Seat 6: AndysAce1 ($45.82 in chips) 
Rysiff: posts small blind $0.50
AndysAce1: posts big blind $1
*** HOLE CARDS ***
steepfell: folds 
rostickkin: folds 
Rysiff: raises $2 to $3
AndysAce1: folds 
Uncalled bet ($2) returned to Rysiff
Rysiff collected $2 from pot
Rysiff: doesn't show hand 
*** SUMMARY ***
Total pot $2 | Rake $0 
Seat 1: steepfell folded before Flop (didn't bet)
Seat 2: rostickkin (button) folded before Flop (didn't bet)
Seat 4: Rysiff (small blind) collected ($2)
Seat 6: AndysAce1 (big blind) folded before Flop



PokerStars Hand #254376960110:  Hold'em No Limit ($0.50/$1.00 USD) - 2025/01/14 2:26:35 WET [2025/01/14 21:26:35 ET]
Table 'Lyka III' 6-max Seat #4 is the button
Seat 1: steepfell ($273.02 in chips) 
Seat 2: rostickkin ($100 in chips) 
Seat 4: Rysiff ($133.53 in chips) 
Seat 6: AndysAce1 ($44.82 in chips) 
AndysAce1: posts small blind $0.50
steepfell: posts big blind $1
*** HOLE CARDS ***
rostickkin: folds 
Rysiff: folds 
AndysAce1: calls $0.50
steepfell: checks 
*** FLOP *** [9d Tc 5d]
AndysAce1: checks 
steepfell: checks 
*** TURN *** [9d Tc 5d] [4c]
AndysAce1: checks 
steepfell: checks 
*** RIVER *** [9d Tc 5d 4c] [4d]
AndysAce1: checks 
uuzka joins the table at seat #3 
steepfell: checks 
*** SHOW DOWN ***
AndysAce1: shows [7c Kd] (a pair of Fours)
steepfell: mucks hand 
AndysAce1 collected $1.90 from pot
*** SUMMARY ***
Total pot $2 | Rake $0.10 
Board [9d Tc 5d 4c 4d]
Seat 1: steepfell (big blind) mucked
Seat 2: rostickkin folded before Flop (didn't bet)
Seat 4: Rysiff (button) folded before Flop (didn't bet)
Seat 6: AndysAce1 (small blind) showed [7c Kd] and won ($1.90) with a pair of Fours



PokerStars Hand #254376965364:  Hold'em No Limit ($0.50/$1.00 USD) - 2025/01/14 2:27:10 WET [2025/01/14 21:27:10 ET]
Table 'Lyka III' 6-max Seat #6 is the button
Seat 3: uuzka ($101.50 in chips) is sitting out
Seat 1: steepfell ($272.02 in chips) 
Seat 2: rostickkin ($100 in chips) 
Seat 4: Rysiff ($133.53 in chips) 
Seat 6: AndysAce1 ($45.72 in chips) 
steepfell: posts small blind $0.50
rostickkin: posts big blind $1
uuzka: sits out 
*** HOLE CARDS ***
Rysiff: folds 
AndysAce1: folds 
steepfell: folds 
Uncalled bet ($0.50) returned to rostickkin
rostickkin collected $1 from pot
rostickkin: doesn't show hand 
*** SUMMARY ***
Total pot $1 | Rake $0 
Seat 3: uuzka
Seat 1: steepfell (small blind) folded before Flop
Seat 2: rostickkin (big blind) collected ($1)
Seat 4: Rysiff folded before Flop (didn't bet)
Seat 6: AndysAce1 (button) folded before Flop (didn't bet)



PokerStars Hand #254376967031:  Hold'em No Limit ($0.50/$1.00 USD) - 2025/01/14 2:27:22 WET [2025/01/14 21:27:22 ET]
Table 'Lyka III' 6-max Seat #1 is the button
Seat 1: steepfell ($271.52 in chips) 
Seat 2: rostickkin ($100.50 in chips) 
Seat 3: uuzka ($101.50 in chips) 
Seat 4: Rysiff ($133.53 in chips) 
Seat 6: AndysAce1 ($45.72 in chips) 
rostickkin: posts small blind $0.50
uuzka: posts big blind $1
*** HOLE CARDS ***
Rysiff: folds 
AndysAce1: folds 
steepfell: raises $1.50 to $2.50
rostickkin: folds 
uuzka: calls $1.50
*** FLOP *** [8s 4h Tc]
uuzka: checks 
steepfell: bets $1.72
uuzka: calls $1.72
*** TURN *** [8s 4h Tc] [5d]
uuzka: checks 
steepfell: bets $6.37
uuzka: folds 
Uncalled bet ($6.37) returned to steepfell
steepfell collected $8.49 from pot
steepfell: doesn't show hand 
*** SUMMARY ***
Total pot $8.94 | Rake $0.45 
Board [8s 4h Tc 5d]
Seat 1: steepfell (button) collected ($8.49)
Seat 2: rostickkin (small blind) folded before Flop
Seat 3: uuzka (big blind) folded on the Turn
Seat 4: Rysiff folded before Flop (didn't bet)
Seat 6: AndysAce1 folded before Flop (didn't bet)



PokerStars Hand #254376974732:  Hold'em No Limit ($0.50/$1.00 USD) - 2025/01/14 2:28:14 WET [2025/01/14 21:28:14 ET]
Table 'Lyka III' 6-max Seat #2 is the button
Seat 1: steepfell ($275.79 in chips) 
Seat 2: rostickkin ($100 in chips) 
Seat 3: uuzka ($100 in chips) 
Seat 4: Rysiff ($133.53 in chips) 
Seat 6: AndysAce1 ($45.72 in chips) 
uuzka: posts small blind $0.50
Rysiff: posts big blind $1
*** HOLE CARDS ***
AndysAce1: raises $2 to $3
steepfell: folds 
rostickkin: folds 
uuzka: folds 
Rysiff: folds 
Uncalled bet ($2) returned to AndysAce1
AndysAce1 collected $2.50 from pot
*** SUMMARY ***
Total pot $2.50 | Rake $0 
Seat 1: steepfell folded before Flop (didn't bet)
Seat 2: rostickkin (button) folded before Flop (didn't bet)
Seat 3: uuzka (small blind) folded before Flop
Seat 4: Rysiff (big blind) folded before Flop
Seat 6: AndysAce1 collected ($2.50)



PokerStars Hand #254376978147:  Hold'em No Limit ($0.50/$1.00 USD) - 2025/01/14 2:28:38 WET [2025/01/14 21:28:38 ET]
Table 'Lyka III' 6-max Seat #3 is the button
Seat 1: steepfell ($275.79 in chips) 
Seat 2: rostickkin ($100 in chips) 
Seat 3: uuzka ($100 in chips) 
Seat 4: Rysiff ($132.53 in chips) 
Seat 6: AndysAce1 ($47.22 in chips) 
Rysiff: posts small blind $0.50
AndysAce1: posts big blind $1
*** HOLE CARDS ***
steepfell: folds 
rostickkin: folds 
uuzka: folds 
Rysiff: folds 
Uncalled bet ($0.50) returned to AndysAce1
AndysAce1 collected $1 from pot
*** SUMMARY ***
Total pot $1 | Rake $0 
Seat 1: steepfell folded before Flop (didn't bet)
Seat 2: rostickkin folded before Flop (didn't bet)
Seat 3: uuzka (button) folded before Flop (didn't bet)
Seat 4: Rysiff (small blind) folded before Flop
Seat 6: AndysAce1 (big blind) collected ($1)



PokerStars Hand #254377004893:  Hold'em No Limit ($0.50/$1.00 USD) - 2025/01/14 2:31:41 WET [2025/01/14 21:31:41 ET]
Table 'Lyka III' 6-max Seat #6 is the button
Seat 1: steepfell ($273.29 in chips) 
Seat 2: rostickkin ($102.72 in chips) 
Seat 3: uuzka ($100 in chips) 
Seat 4: Rysiff ($134.88 in chips) 
Seat 6: AndysAce1 ($45.96 in chips) 
steepfell: posts small blind $0.50
rostickkin: posts big blind $1
*** HOLE CARDS ***
uuzka: raises $1.20 to $2.20
Rysiff: folds 
AndysAce1: raises $5.90 to $8.10
steepfell: folds 
rostickkin: folds 
uuzka: folds 
Uncalled bet ($5.90) returned to AndysAce1
AndysAce1 collected $5.90 from pot
*** SUMMARY ***
Total pot $5.90 | Rake $0 
Seat 1: steepfell (small blind) folded before Flop
Seat 2: rostickkin (big blind) folded before Flop
Seat 3: uuzka folded before Flop
Seat 4: Rysiff folded before Flop (didn't bet)
Seat 6: AndysAce1 (button) collected ($5.90)



PokerStars Hand #254377006895:  Hold'em No Limit ($0.50/$1.00 USD) - 2025/01/14 2:31:55 WET [2025/01/14 21:31:55 ET]
Table 'Lyka III' 6-max Seat #1 is the button
Seat 3: uuzka ($100 in chips) is sitting out
Seat 1: steepfell ($272.79 in chips) 
Seat 2: rostickkin ($101.72 in chips) 
Seat 4: Rysiff ($134.88 in chips) 
Seat 6: AndysAce1 ($49.66 in chips) 
rostickkin: posts small blind $0.50
uuzka: is sitting out 
Rysiff: posts big blind $1
*** HOLE CARDS ***
AndysAce1: folds 
steepfell: raises $1.50 to $2.50
rostickkin: folds 
Rysiff: folds 
Uncalled bet ($1.50) returned to steepfell
steepfell collected $2.50 from pot
steepfell: doesn't show hand 
chenconhaste joins the table at seat #5 
*** SUMMARY ***
Total pot $2.50 | Rake $0 
Seat 3: uuzka
Seat 1: steepfell (button) collected ($2.50)
Seat 2: rostickkin (small blind) folded before Flop
Seat 4: Rysiff (big blind) folded before Flop
Seat 6: AndysAce1 folded before Flop (didn't bet)



PokerStars Hand #254377008868:  Hold'em No Limit ($0.50/$1.00 USD) - 2025/01/14 2:32:09 WET [2025/01/14 21:32:09 ET]
Table 'Lyka III' 6-max Seat #2 is the button
Seat 3: uuzka ($100 in chips) is sitting out
Seat 1: steepfell ($274.29 in chips) 
Seat 2: rostickkin ($101.22 in chips) 
Seat 4: Rysiff ($133.88 in chips) 
Seat 5: chenconhaste ($100 in chips) 
Seat 6: AndysAce1 ($49.66 in chips) 
Rysiff: posts small blind $0.50
chenconhaste is connected 
chenconhaste: posts big blind $1
*** HOLE CARDS ***
uuzka leaves the table
AndysAce1: folds 
steepfell: folds 
rostickkin: raises $1.50 to $2.50
Rysiff: folds 
chenconhaste: folds 
Uncalled bet ($1.50) returned to rostickkin
rostickkin collected $2.50 from pot
rostickkin: doesn't show hand 
*** SUMMARY ***
Total pot $2.50 | Rake $0 
Seat 3: uuzka
Seat 1: steepfell folded before Flop (didn't bet)
Seat 2: rostickkin (button) collected ($2.50)
Seat 4: Rysiff (small blind) folded before Flop
Seat 5: chenconhaste (big blind) folded before Flop
Seat 6: AndysAce1 folded before Flop (didn't bet)



PokerStars Hand #254377010776:  Hold'em No Limit ($0.50/$1.00 USD) - 2025/01/14 2:32:22 WET [2025/01/14 21:32:22 ET]
Table 'Lyka III' 6-max Seat #4 is the button
Seat 1: steepfell ($274.29 in chips) 
Seat 2: rostickkin ($102.72 in chips) 
Seat 4: Rysiff ($133.38 in chips) 
Seat 5: chenconhaste ($100 in chips) 
Seat 6: AndysAce1 ($49.66 in chips) 
chenconhaste: posts small blind $0.50
AndysAce1: posts big blind $1
*** HOLE CARDS ***
steepfell: raises $1.50 to $2.50
rostickkin: folds 
Rysiff: folds 
chenconhaste: folds 
AndysAce1: calls $1.50
*** FLOP *** [4c Qh 6s]
AndysAce1: checks 
steepfell: bets $1.72
AndysAce1: calls $1.72
*** TURN *** [4c Qh 6s] [3h]
AndysAce1: checks 
steepfell: bets $4.25
AndysAce1: folds 
Uncalled bet ($4.25) returned to steepfell
steepfell collected $8.49 from pot
steepfell: doesn't show hand 
*** SUMMARY ***
Total pot $8.94 | Rake $0.45 
Board [4c Qh 6s 3h]
Seat 1: steepfell collected ($8.49)
Seat 2: rostickkin folded before Flop (didn't bet)
Seat 4: Rysiff (button) folded before Flop (didn't bet)
Seat 5: chenconhaste (small blind) folded before Flop
Seat 6: AndysAce1 (big blind) folded on the Turn



PokerStars Hand #254377015532:  Hold'em No Limit ($0.50/$1.00 USD) - 2025/01/14 2:32:55 WET [2025/01/14 21:32:55 ET]
Table 'Lyka III' 6-max Seat #5 is the button
Seat 1: steepfell ($278.56 in chips) 
Seat 2: rostickkin ($102.72 in chips) 
Seat 4: Rysiff ($133.38 in chips) 
Seat 5: chenconhaste ($100 in chips) 
Seat 6: AndysAce1 ($45.44 in chips) 
AndysAce1: posts small blind $0.50
steepfell: posts big blind $1
*** HOLE CARDS ***
rostickkin: raises $1.20 to $2.20
Rysiff: folds 
chenconhaste: folds 
AndysAce1: calls $1.70
steepfell: folds 
*** FLOP *** [Td 7c 7s]
AndysAce1: checks 
rostickkin: bets $1.74
sutata joins the table at seat #3 
AndysAce1: calls $1.74
*** TURN *** [Td 7c 7s] [3c]
AndysAce1: checks 
rostickkin: bets $6.41
AndysAce1: calls $6.41
*** RIVER *** [Td 7c 7s 3c] [Jh]
AndysAce1: bets $35.09 and is all-in
rostickkin: folds 
Uncalled bet ($35.09) returned to AndysAce1
AndysAce1 collected $20.62 from pot
*** SUMMARY ***
Total pot $21.70 | Rake $1.08 
Board [Td 7c 7s 3c Jh]
Seat 1: steepfell (big blind) folded before Flop
Seat 2: rostickkin folded on the River
Seat 4: Rysiff folded before Flop (didn't bet)
Seat 5: chenconhaste (button) folded before Flop (didn't bet)
Seat 6: AndysAce1 (small blind) collected ($20.62)



PokerStars Hand #254377024711:  Hold'em No Limit ($0.50/$1.00 USD) - 2025/01/14 2:33:59 WET [2025/01/14 21:33:59 ET]
Table 'Lyka III' 6-max Seat #6 is the button
Seat 3: sutata ($100 in chips) is sitting out
Seat 1: steepfell ($277.56 in chips) 
Seat 2: rostickkin ($100 in chips) 
Seat 4: Rysiff ($133.38 in chips) 
Seat 5: chenconhaste ($100 in chips) 
Seat 6: AndysAce1 ($55.71 in chips) 
steepfell: posts small blind $0.50
rostickkin: posts big blind $1
sutata: sits out 
*** HOLE CARDS ***
Rysiff: folds 
chenconhaste: folds 
AndysAce1: folds 
steepfell: folds 
Uncalled bet ($0.50) returned to rostickkin
rostickkin collected $1 from pot
rostickkin: doesn't show hand 
*** SUMMARY ***
Total pot $1 | Rake $0 
Seat 3: sutata
Seat 1: steepfell (small blind) folded before Flop
Seat 2: rostickkin (big blind) collected ($1)
Seat 4: Rysiff folded before Flop (didn't bet)
Seat 5: chenconhaste folded before Flop (didn't bet)
Seat 6: AndysAce1 (button) folded before Flop (didn't bet)



PokerStars Hand #254377026335:  Hold'em No Limit ($0.50/$1.00 USD) - 2025/01/14 2:34:10 WET [2025/01/14 21:34:10 ET]
Table 'Lyka III' 6-max Seat #1 is the button
Seat 1: steepfell ($277.06 in chips) 
Seat 2: rostickkin ($100.50 in chips) 
Seat 3: sutata ($100 in chips) 
Seat 4: Rysiff ($133.38 in chips) 
Seat 5: chenconhaste ($100 in chips) 
Seat 6: AndysAce1 ($55.71 in chips) 
rostickkin: posts small blind $0.50
sutata: posts big blind $1
*** HOLE CARDS ***
Rysiff: folds 
chenconhaste: folds 
AndysAce1: folds 
steepfell: folds 
rostickkin: folds 
Uncalled bet ($0.50) returned to sutata
sutata collected $1 from pot
sutata: doesn't show hand 
*** SUMMARY ***
Total pot $1 | Rake $0 
Seat 1: steepfell (button) folded before Flop (didn't bet)
Seat 2: rostickkin (small blind) folded before Flop
Seat 3: sutata (big blind) collected ($1)
Seat 4: Rysiff folded before Flop (didn't bet)
Seat 5: chenconhaste folded before Flop (didn't bet)
Seat 6: AndysAce1 folded before Flop (didn't bet)



PokerStars Hand #254377028943:  Hold'em No Limit ($0.50/$1.00 USD) - 2025/01/14 2:34:28 WET [2025/01/14 21:34:28 ET]
Table 'Lyka III' 6-max Seat #2 is the button
Seat 1: steepfell ($277.06 in chips) 
Seat 2: rostickkin ($100 in chips) 
Seat 3: sutata ($100.50 in chips) 
Seat 4: Rysiff ($133.38 in chips) 
Seat 5: chenconhaste ($100 in chips) 
Seat 6: AndysAce1 ($55.71 in chips) 
sutata: posts small blind $0.50
Rysiff: posts big blind $1
*** HOLE CARDS ***
chenconhaste: folds 
AndysAce1: folds 
steepfell: folds 
rostickkin: folds 
sutata: raises $2 to $3
Rysiff: calls $2
*** FLOP *** [2c 9d 4s]
sutata: checks 
Rysiff: checks 
*** TURN *** [2c 9d 4s] [Tc]
sutata: checks 
Rysiff: checks 
*** RIVER *** [2c 9d 4s Tc] [Qh]
sutata: checks 
Rysiff: bets $4.56
sutata: calls $4.56
*** SHOW DOWN ***
Rysiff: shows [7s Qs] (a pair of Queens)
sutata: mucks hand 
Rysiff collected $14.36 from pot
*** SUMMARY ***
Total pot $15.12 | Rake $0.76 
Board [2c 9d 4s Tc Qh]
Seat 1: steepfell folded before Flop (didn't bet)
Seat 2: rostickkin (button) folded before Flop (didn't bet)
Seat 3: sutata (small blind) mucked
Seat 4: Rysiff (big blind) showed [7s Qs] and won ($14.36) with a pair of Queens
Seat 5: chenconhaste folded before Flop (didn't bet)
Seat 6: AndysAce1 folded before Flop (didn't bet)



PokerStars Hand #254377039140:  Hold'em No Limit ($0.50/$1.00 USD) - 2025/01/14 2:35:39 WET [2025/01/14 21:35:39 ET]
Table 'Lyka III' 6-max Seat #3 is the button
Seat 1: steepfell ($277.06 in chips) 
Seat 2: rostickkin ($100 in chips) 
Seat 3: sutata ($100 in chips) 
Seat 4: Rysiff ($140.18 in chips) 
Seat 5: chenconhaste ($100 in chips) 
Seat 6: AndysAce1 ($55.71 in chips) 
Rysiff: posts small blind $0.50
chenconhaste: posts big blind $1
*** HOLE CARDS ***
AndysAce1: folds 
steepfell: folds 
rostickkin: folds 
sutata: folds 
Rysiff: folds 
Uncalled bet ($0.50) returned to chenconhaste
chenconhaste collected $1 from pot
*** SUMMARY ***
Total pot $1 | Rake $0 
Seat 1: steepfell folded before Flop (didn't bet)
Seat 2: rostickkin folded before Flop (didn't bet)
Seat 3: sutata (button) folded before Flop (didn't bet)
Seat 4: Rysiff (small blind) folded before Flop
Seat 5: chenconhaste (big blind) collected ($1)
Seat 6: AndysAce1 folded before Flop (didn't bet)



PokerStars Hand #254377041576:  Hold'em No Limit ($0.50/$1.00 USD) - 2025/01/14 2:35:56 WET [2025/01/14 21:35:56 ET]
Table 'Lyka III' 6-max Seat #4 is the button
Seat 1: steepfell ($277.06 in chips) 
Seat 2: rostickkin ($100 in chips) 
Seat 3: sutata ($100 in chips) 
Seat 4: Rysiff ($139.68 in chips) 
Seat 5: chenconhaste ($100.50 in chips) 
Seat 6: AndysAce1 ($55.71 in chips) 
chenconhaste: posts small blind $0.50
AndysAce1: posts big blind $1
*** HOLE CARDS ***
steepfell: folds 
rostickkin: raises $1.20 to $2.20
sutata: folds 
Rysiff: folds 
chenconhaste: folds 
AndysAce1: calls $1.20
*** FLOP *** [Kc Jc 3s]
AndysAce1: checks 
rostickkin: checks 
*** TURN *** [Kc Jc 3s] [7h]
AndysAce1: bets $2
rostickkin: calls $2
*** RIVER *** [Kc Jc 3s 7h] [Ac]
AndysAce1: bets $2
rostickkin: raises $12.34 to $14.34
AndysAce1: calls $12.34
*** SHOW DOWN ***
rostickkin: shows [9d 9s] (a pair of Nines)
AndysAce1: shows [6h Jh] (a pair of Jacks)
AndysAce1 collected $35.70 from pot
*** SUMMARY ***
Total pot $37.58 | Rake $1.88 
Board [Kc Jc 3s 7h Ac]
Seat 1: steepfell folded before Flop (didn't bet)
Seat 2: rostickkin showed [9d 9s] and lost with a pair of Nines
Seat 3: sutata folded before Flop (didn't bet)
Seat 4: Rysiff (button) folded before Flop (didn't bet)
Seat 5: chenconhaste (small blind) folded before Flop
Seat 6: AndysAce1 (big blind) showed [6h Jh] and won ($35.70) with a pair of Jacks



PokerStars Hand #254377050471:  Hold'em No Limit ($0.50/$1.00 USD) - 2025/01/14 2:36:57 WET [2025/01/14 21:36:57 ET]
Table 'Lyka III' 6-max Seat #5 is the button
Seat 1: steepfell ($277.06 in chips) 
Seat 2: rostickkin ($100 in chips) 
Seat 3: sutata ($100 in chips) 
Seat 4: Rysiff ($139.68 in chips) 
Seat 5: chenconhaste ($100 in chips) 
Seat 6: AndysAce1 ($72.87 in chips) 
AndysAce1: posts small blind $0.50
steepfell: posts big blind $1
*** HOLE CARDS ***
rostickkin: folds 
sutata: folds 
Rysiff: raises $1.50 to $2.50
chenconhaste: raises $5 to $7.50
AndysAce1: folds 
steepfell: folds 
Rysiff: folds 
Uncalled bet ($5) returned to chenconhaste
chenconhaste collected $6.50 from pot
*** SUMMARY ***
Total pot $6.50 | Rake $0 
Seat 1: steepfell (big blind) folded before Flop
Seat 2: rostickkin folded before Flop (didn't bet)
Seat 3: sutata folded before Flop (didn't bet)
Seat 4: Rysiff folded before Flop
Seat 5: chenconhaste (button) collected ($6.50)
Seat 6: AndysAce1 (small blind) folded before Flop



PokerStars Hand #254377054241:  Hold'em No Limit ($0.50/$1.00 USD) - 2025/01/14 2:37:23 WET [2025/01/14 21:37:23 ET]
Table 'Lyka III' 6-max Seat #6 is the button
Seat 1: steepfell ($276.06 in chips) 
Seat 2: rostickkin ($100 in chips) 
Seat 3: sutata ($100 in chips) 
Seat 4: Rysiff ($137.18 in chips) 
Seat 5: chenconhaste ($104 in chips) 
Seat 6: AndysAce1 ($72.37 in chips) 
steepfell: posts small blind $0.50
rostickkin: posts big blind $1
*** HOLE CARDS ***
sutata: folds 
Rysiff: folds 
chenconhaste: folds 
AndysAce1: folds 
steepfell: raises $2 to $3
rostickkin: folds 
Uncalled bet ($2) returned to steepfell
steepfell collected $2 from pot
steepfell: doesn't show hand 
*** SUMMARY ***
Total pot $2 | Rake $0 
Seat 1: steepfell (small blind) collected ($2)
Seat 2: rostickkin (big blind) folded before Flop
Seat 3: sutata folded before Flop (didn't bet)
Seat 4: Rysiff folded before Flop (didn't bet)
Seat 5: chenconhaste folded before Flop (didn't bet)
Seat 6: AndysAce1 (button) folded before Flop (didn't bet)



