PokerStars Hand #254363511883:  Hold'em No Limit ($0.50/$1.00 USD) - 2025/01/14 9:50:33 WET [2025/01/14 4:50:33 ET]
Table 'Hedwig III' 6-max Seat #2 is the button
Seat 3: KarP93 ($100 in chips) is sitting out
Seat 2: Juniorasmus ($100 in chips) 
Seat 5: chirva007 ($100 in chips) 
Juniorasmus: posts small blind $0.50
chirva007: posts big blind $1
*** HOLE CARDS ***
Juniorasmus: raises $1.45 to $2.45
chirva007: calls $1.45
*** FLOP *** [Ac Th 2d]
antey89 joins the table at seat #6 
chirva007: checks 
MaRKiToScoK joins the table at seat #1 
Juniorasmus: bets $1.49
chirva007: folds 
Uncalled bet ($1.49) returned to Juniorasmus
Juniorasmus collected $4.66 from pot
Juniorasmus: doesn't show hand 
*** SUMMARY ***
Total pot $4.90 | Rake $0.24 
Board [Ac Th 2d]
Seat 3: KarP93
Seat 2: Juniorasmus (button) (small blind) collected ($4.66)
Seat 5: chirva007 (big blind) folded on the Flop



PokerStars Hand #254363513224:  Hold'em No Limit ($0.50/$1.00 USD) - 2025/01/14 9:50:47 WET [2025/01/14 4:50:47 ET]
Table 'Hedwig III' 6-max Seat #2 is the button
Seat 1: MaRKiToScoK ($100 in chips) is sitting out
Seat 3: KarP93 ($100 in chips) is sitting out
Seat 2: Juniorasmus ($102.21 in chips) 
Seat 5: chirva007 ($100 in chips) 
Seat 6: antey89 ($100 in chips) 
chirva007: posts small blind $0.50
antey89: posts big blind $1
MaRKiToScoK: sits out 
*** HOLE CARDS ***
Juniorasmus: raises $1.45 to $2.45
chirva007: folds 
KarP93 leaves the table
antey89: folds 
Uncalled bet ($1.45) returned to Juniorasmus
Juniorasmus collected $2.50 from pot
Juniorasmus: doesn't show hand 
*** SUMMARY ***
Total pot $2.50 | Rake $0 
Seat 1: MaRKiToScoK
Seat 3: KarP93
Seat 2: Juniorasmus (button) collected ($2.50)
Seat 5: chirva007 (small blind) folded before Flop
Seat 6: antey89 (big blind) folded before Flop



PokerStars Hand #254363514062:  Hold'em No Limit ($0.50/$1.00 USD) - 2025/01/14 9:50:55 WET [2025/01/14 4:50:55 ET]
Table 'Hedwig III' 6-max Seat #5 is the button
Seat 1: MaRKiToScoK ($100 in chips) 
Seat 2: Juniorasmus ($103.71 in chips) 
Seat 5: chirva007 ($100 in chips) 
Seat 6: antey89 ($100 in chips) 
antey89: posts small blind $0.50
MaRKiToScoK: posts big blind $1
*** HOLE CARDS ***
Juniorasmus: folds 
chirva007: folds 
antey89: folds 
Uncalled bet ($0.50) returned to MaRKiToScoK
MaRKiToScoK collected $1 from pot
*** SUMMARY ***
Total pot $1 | Rake $0 
Seat 1: MaRKiToScoK (big blind) collected ($1)
Seat 2: Juniorasmus folded before Flop (didn't bet)
Seat 5: chirva007 (button) folded before Flop (didn't bet)
Seat 6: antey89 (small blind) folded before Flop



PokerStars Hand #254363515023:  Hold'em No Limit ($0.50/$1.00 USD) - 2025/01/14 9:51:04 WET [2025/01/14 4:51:04 ET]
Table 'Hedwig III' 6-max Seat #6 is the button
Seat 1: MaRKiToScoK ($100.50 in chips) 
Seat 2: Juniorasmus ($103.71 in chips) 
Seat 5: chirva007 ($100 in chips) 
Seat 6: antey89 ($100 in chips) 
MaRKiToScoK: posts small blind $0.50
Juniorasmus: posts big blind $1
*** HOLE CARDS ***
chirva007: folds 
antey89: folds 
MaRKiToScoK: raises $1.75 to $2.75
Juniorasmus: raises $5.50 to $8.25
MaRKiToScoK: raises $12.38 to $20.63
Juniorasmus: calls $12.38
*** FLOP *** [8d Ts Qc]
MaRKiToScoK: bets $10.06
Juniorasmus: folds 
Uncalled bet ($10.06) returned to MaRKiToScoK
MaRKiToScoK collected $40.26 from pot
*** SUMMARY ***
Total pot $41.26 | Rake $1 
Board [8d Ts Qc]
Seat 1: MaRKiToScoK (small blind) collected ($40.26)
Seat 2: Juniorasmus (big blind) folded on the Flop
Seat 5: chirva007 folded before Flop (didn't bet)
Seat 6: antey89 (button) folded before Flop (didn't bet)



PokerStars Hand #254363519647:  Hold'em No Limit ($0.50/$1.00 USD) - 2025/01/14 9:51:48 WET [2025/01/14 4:51:48 ET]
Table 'Hedwig III' 6-max Seat #1 is the button
Seat 1: MaRKiToScoK ($120.13 in chips) 
Seat 2: Juniorasmus ($100 in chips) 
Seat 5: chirva007 ($100 in chips) 
Seat 6: antey89 ($100 in chips) 
Juniorasmus: posts small blind $0.50
chirva007: posts big blind $1
*** HOLE CARDS ***
antey89: raises $1.10 to $2.10
MaRKiToScoK: folds 
Juniorasmus: folds 
chirva007: folds 
Uncalled bet ($1.10) returned to antey89
antey89 collected $2.50 from pot
antey89: doesn't show hand 
*** SUMMARY ***
Total pot $2.50 | Rake $0 
Seat 1: MaRKiToScoK (button) folded before Flop (didn't bet)
Seat 2: Juniorasmus (small blind) folded before Flop
Seat 5: chirva007 (big blind) folded before Flop
Seat 6: antey89 collected ($2.50)



PokerStars Hand #254363520849:  Hold'em No Limit ($0.50/$1.00 USD) - 2025/01/14 9:52:00 WET [2025/01/14 4:52:00 ET]
Table 'Hedwig III' 6-max Seat #2 is the button
Seat 1: MaRKiToScoK ($120.13 in chips) 
Seat 2: Juniorasmus ($100 in chips) 
Seat 5: chirva007 ($100 in chips) 
Seat 6: antey89 ($101.50 in chips) 
chirva007: posts small blind $0.50
antey89: posts big blind $1
*** HOLE CARDS ***
MaRKiToScoK: folds 
Juniorasmus: folds 
chirva007: folds 
Uncalled bet ($0.50) returned to antey89
antey89 collected $1 from pot
antey89: doesn't show hand 
*** SUMMARY ***
Total pot $1 | Rake $0 
Seat 1: MaRKiToScoK folded before Flop (didn't bet)
Seat 2: Juniorasmus (button) folded before Flop (didn't bet)
Seat 5: chirva007 (small blind) folded before Flop
Seat 6: antey89 (big blind) collected ($1)



PokerStars Hand #254363521631:  Hold'em No Limit ($0.50/$1.00 USD) - 2025/01/14 9:52:07 WET [2025/01/14 4:52:07 ET]
Table 'Hedwig III' 6-max Seat #5 is the button
Seat 1: MaRKiToScoK ($120.13 in chips) 
Seat 2: Juniorasmus ($100 in chips) 
Seat 5: chirva007 ($100 in chips) 
Seat 6: antey89 ($102 in chips) 
antey89: posts small blind $0.50
MaRKiToScoK: posts big blind $1
*** HOLE CARDS ***
Juniorasmus: folds 
chirva007: folds 
antey89: folds 
Uncalled bet ($0.50) returned to MaRKiToScoK
MaRKiToScoK collected $1 from pot
*** SUMMARY ***
Total pot $1 | Rake $0 
Seat 1: MaRKiToScoK (big blind) collected ($1)
Seat 2: Juniorasmus folded before Flop (didn't bet)
Seat 5: chirva007 (button) folded before Flop (didn't bet)
Seat 6: antey89 (small blind) folded before Flop



PokerStars Hand #254363523228:  Hold'em No Limit ($0.50/$1.00 USD) - 2025/01/14 9:52:23 WET [2025/01/14 4:52:23 ET]
Table 'Hedwig III' 6-max Seat #6 is the button
Seat 1: MaRKiToScoK ($120.63 in chips) 
Seat 2: Juniorasmus ($100 in chips) 
Seat 5: chirva007 ($100 in chips) 
Seat 6: antey89 ($101.50 in chips) 
MaRKiToScoK: posts small blind $0.50
Juniorasmus: posts big blind $1
*** HOLE CARDS ***
chirva007: folds 
antey89: folds 
MaRKiToScoK: raises $1.75 to $2.75
Juniorasmus: calls $1.75
*** FLOP *** [Kd 6h Jd]
MaRKiToScoK: checks 
Juniorasmus: checks 
*** TURN *** [Kd 6h Jd] [6s]
MaRKiToScoK: checks 
Juniorasmus: bets $3.34
MaRKiToScoK: folds 
Uncalled bet ($3.34) returned to Juniorasmus
Juniorasmus collected $5.22 from pot
Juniorasmus: doesn't show hand 
*** SUMMARY ***
Total pot $5.50 | Rake $0.28 
Board [Kd 6h Jd 6s]
Seat 1: MaRKiToScoK (small blind) folded on the Turn
Seat 2: Juniorasmus (big blind) collected ($5.22)
Seat 5: chirva007 folded before Flop (didn't bet)
Seat 6: antey89 (button) folded before Flop (didn't bet)



PokerStars Hand #254363529939:  Hold'em No Limit ($0.50/$1.00 USD) - 2025/01/14 9:53:28 WET [2025/01/14 4:53:28 ET]
Table 'Hedwig III' 6-max Seat #1 is the button
Seat 1: MaRKiToScoK ($117.88 in chips) 
Seat 2: Juniorasmus ($102.47 in chips) 
Seat 5: chirva007 ($100 in chips) 
Seat 6: antey89 ($101.50 in chips) 
Juniorasmus: posts small blind $0.50
chirva007: posts big blind $1
*** HOLE CARDS ***
antey89: raises $1.10 to $2.10
MaRKiToScoK: folds 
Juniorasmus: folds 
chirva007: raises $6.90 to $9
antey89: raises $13 to $22
chirva007: folds 
Uncalled bet ($13) returned to antey89
antey89 collected $18.50 from pot
antey89: doesn't show hand 
*** SUMMARY ***
Total pot $18.50 | Rake $0 
Seat 1: MaRKiToScoK (button) folded before Flop (didn't bet)
Seat 2: Juniorasmus (small blind) folded before Flop
Seat 5: chirva007 (big blind) folded before Flop
Seat 6: antey89 collected ($18.50)



PokerStars Hand #254363533576:  Hold'em No Limit ($0.50/$1.00 USD) - 2025/01/14 9:54:04 WET [2025/01/14 4:54:04 ET]
Table 'Hedwig III' 6-max Seat #2 is the button
Seat 1: MaRKiToScoK ($117.88 in chips) 
Seat 2: Juniorasmus ($101.97 in chips) 
Seat 5: chirva007 ($100 in chips) 
Seat 6: antey89 ($111 in chips) 
chirva007: posts small blind $0.50
antey89: posts big blind $1
*** HOLE CARDS ***
MaRKiToScoK: folds 
Juniorasmus: folds 
chirva007: raises $1.50 to $2.50
antey89: folds 
Uncalled bet ($1.50) returned to chirva007
chirva007 collected $2 from pot
chirva007: doesn't show hand 
*** SUMMARY ***
Total pot $2 | Rake $0 
Seat 1: MaRKiToScoK folded before Flop (didn't bet)
Seat 2: Juniorasmus (button) folded before Flop (didn't bet)
Seat 5: chirva007 (small blind) collected ($2)
Seat 6: antey89 (big blind) folded before Flop



PokerStars Hand #254363534770:  Hold'em No Limit ($0.50/$1.00 USD) - 2025/01/14 9:54:15 WET [2025/01/14 4:54:15 ET]
Table 'Hedwig III' 6-max Seat #5 is the button
Seat 1: MaRKiToScoK ($117.88 in chips) 
Seat 2: Juniorasmus ($101.97 in chips) 
Seat 5: chirva007 ($101 in chips) 
Seat 6: antey89 ($110 in chips) 
antey89: posts small blind $0.50
MaRKiToScoK: posts big blind $1
*** HOLE CARDS ***
Juniorasmus: raises $1.35 to $2.35
chirva007: raises $5.65 to $8
antey89: folds 
MaRKiToScoK: folds 
Juniorasmus: folds 
Uncalled bet ($5.65) returned to chirva007
chirva007 collected $6.20 from pot
chirva007: doesn't show hand 
*** SUMMARY ***
Total pot $6.20 | Rake $0 
Seat 1: MaRKiToScoK (big blind) folded before Flop
Seat 2: Juniorasmus folded before Flop
Seat 5: chirva007 (button) collected ($6.20)
Seat 6: antey89 (small blind) folded before Flop



PokerStars Hand #254363536894:  Hold'em No Limit ($0.50/$1.00 USD) - 2025/01/14 9:54:36 WET [2025/01/14 4:54:36 ET]
Table 'Hedwig III' 6-max Seat #6 is the button
Seat 1: MaRKiToScoK ($116.88 in chips) 
Seat 2: Juniorasmus ($100 in chips) 
Seat 5: chirva007 ($104.85 in chips) 
Seat 6: antey89 ($109.50 in chips) 
MaRKiToScoK: posts small blind $0.50
Juniorasmus: posts big blind $1
*** HOLE CARDS ***
chirva007: raises $1.50 to $2.50
antey89: raises $5 to $7.50
MaRKiToScoK: folds 
Juniorasmus: raises $11.50 to $19
chirva007: folds 
antey89: calls $11.50
*** FLOP *** [6d Kd 8d]
Juniorasmus: bets $9.60
antey89: calls $9.60
*** TURN *** [6d Kd 8d] [7s]
Juniorasmus: bets $14.21
antey89: raises $65.72 to $79.93
Juniorasmus: folds 
Uncalled bet ($65.72) returned to antey89
antey89 collected $87.62 from pot
antey89: doesn't show hand 
*** SUMMARY ***
Total pot $88.62 | Rake $1 
Board [6d Kd 8d 7s]
Seat 1: MaRKiToScoK (small blind) folded before Flop
Seat 2: Juniorasmus (big blind) folded on the Turn
Seat 5: chirva007 folded before Flop
Seat 6: antey89 (button) collected ($87.62)



PokerStars Hand #254363545701:  Hold'em No Limit ($0.50/$1.00 USD) - 2025/01/14 9:56:11 WET [2025/01/14 4:56:11 ET]
Table 'Hedwig III' 6-max Seat #1 is the button
Seat 1: MaRKiToScoK ($116.38 in chips) 
Seat 2: Juniorasmus ($100 in chips) 
Seat 5: chirva007 ($102.35 in chips) 
Seat 6: antey89 ($154.31 in chips) 
Juniorasmus: posts small blind $0.50
chirva007: posts big blind $1
*** HOLE CARDS ***
antey89: folds 
MaRKiToScoK: folds 
Juniorasmus: folds 
Uncalled bet ($0.50) returned to chirva007
chirva007 collected $1 from pot
chirva007: doesn't show hand 
*** SUMMARY ***
Total pot $1 | Rake $0 
Seat 1: MaRKiToScoK (button) folded before Flop (didn't bet)
Seat 2: Juniorasmus (small blind) folded before Flop
Seat 5: chirva007 (big blind) collected ($1)
Seat 6: antey89 folded before Flop (didn't bet)



PokerStars Hand #254363546923:  Hold'em No Limit ($0.50/$1.00 USD) - 2025/01/14 9:56:25 WET [2025/01/14 4:56:25 ET]
Table 'Hedwig III' 6-max Seat #2 is the button
Seat 1: MaRKiToScoK ($116.38 in chips) 
Seat 2: Juniorasmus ($100 in chips) 
Seat 5: chirva007 ($102.85 in chips) 
Seat 6: antey89 ($154.31 in chips) 
chirva007: posts small blind $0.50
antey89: posts big blind $1
*** HOLE CARDS ***
MaRKiToScoK: folds 
Juniorasmus: folds 
chirva007: raises $1.50 to $2.50
antey89: folds 
Uncalled bet ($1.50) returned to chirva007
chirva007 collected $2 from pot
chirva007: doesn't show hand 
*** SUMMARY ***
Total pot $2 | Rake $0 
Seat 1: MaRKiToScoK folded before Flop (didn't bet)
Seat 2: Juniorasmus (button) folded before Flop (didn't bet)
Seat 5: chirva007 (small blind) collected ($2)
Seat 6: antey89 (big blind) folded before Flop



PokerStars Hand #254363549781:  Hold'em No Limit ($0.50/$1.00 USD) - 2025/01/14 9:56:58 WET [2025/01/14 4:56:58 ET]
Table 'Hedwig III' 6-max Seat #5 is the button
Seat 1: MaRKiToScoK ($116.38 in chips) is sitting out
Seat 2: Juniorasmus ($100 in chips) 
Seat 5: chirva007 ($103.85 in chips) 
Seat 6: antey89 ($153.31 in chips) 
antey89: posts small blind $0.50
MaRKiToScoK: is sitting out 
Juniorasmus: posts big blind $1
*** HOLE CARDS ***
chirva007: folds 
antey89: folds 
Uncalled bet ($0.50) returned to Juniorasmus
Juniorasmus collected $1 from pot
Juniorasmus: doesn't show hand 
*** SUMMARY ***
Total pot $1 | Rake $0 
Seat 1: MaRKiToScoK
Seat 2: Juniorasmus (big blind) collected ($1)
Seat 5: chirva007 (button) folded before Flop (didn't bet)
Seat 6: antey89 (small blind) folded before Flop



PokerStars Hand #254363550876:  Hold'em No Limit ($0.50/$1.00 USD) - 2025/01/14 9:57:10 WET [2025/01/14 4:57:10 ET]
Table 'Hedwig III' 6-max Seat #6 is the button
Seat 1: MaRKiToScoK ($116.38 in chips) is sitting out
Seat 2: Juniorasmus ($100.50 in chips) 
Seat 5: chirva007 ($103.85 in chips) 
Seat 6: antey89 ($152.81 in chips) 
Juniorasmus: posts small blind $0.50
chirva007: posts big blind $1
*** HOLE CARDS ***
antey89: folds 
Juniorasmus: folds 
Uncalled bet ($0.50) returned to chirva007
chirva007 collected $1 from pot
chirva007: doesn't show hand 
*** SUMMARY ***
Total pot $1 | Rake $0 
Seat 1: MaRKiToScoK
Seat 2: Juniorasmus (small blind) folded before Flop
Seat 5: chirva007 (big blind) collected ($1)
Seat 6: antey89 (button) folded before Flop (didn't bet)



PokerStars Hand #254363551611:  Hold'em No Limit ($0.50/$1.00 USD) - 2025/01/14 9:57:18 WET [2025/01/14 4:57:18 ET]
Table 'Hedwig III' 6-max Seat #2 is the button
Seat 1: MaRKiToScoK ($116.38 in chips) is sitting out
Seat 2: Juniorasmus ($100 in chips) 
Seat 5: chirva007 ($104.35 in chips) 
Seat 6: antey89 ($152.81 in chips) 
chirva007: posts small blind $0.50
antey89: posts big blind $1
*** HOLE CARDS ***
Juniorasmus: raises $1.45 to $2.45
chirva007: raises $6.55 to $9
antey89: folds 
Juniorasmus: calls $6.55
*** FLOP *** [3h 2d 8c]
chirva007: bets $5.96
Juniorasmus: calls $5.96
*** TURN *** [3h 2d 8c] [Qh]
chirva007: bets $24
Juniorasmus: raises $61.04 to $85.04 and is all-in
janarr5 joins the table at seat #3 
chirva007: folds 
Uncalled bet ($61.04) returned to Juniorasmus
blistein joins the table at seat #4 
Juniorasmus collected $77.92 from pot
Juniorasmus: doesn't show hand 
*** SUMMARY ***
Total pot $78.92 | Rake $1 
Board [3h 2d 8c Qh]
Seat 1: MaRKiToScoK
Seat 2: Juniorasmus (button) collected ($77.92)
Seat 5: chirva007 (small blind) folded on the Turn
Seat 6: antey89 (big blind) folded before Flop



PokerStars Hand #254363556997:  Hold'em No Limit ($0.50/$1.00 USD) - 2025/01/14 9:58:20 WET [2025/01/14 4:58:20 ET]
Table 'Hedwig III' 6-max Seat #5 is the button
Seat 1: MaRKiToScoK ($116.38 in chips) is sitting out
Seat 3: janarr5 ($100 in chips) is sitting out
Seat 4: blistein ($100 in chips) is sitting out
Seat 2: Juniorasmus ($138.96 in chips) 
Seat 5: chirva007 ($100 in chips) 
Seat 6: antey89 ($151.81 in chips) 
antey89: posts small blind $0.50
Juniorasmus: posts big blind $1
janarr5: sits out 
blistein: sits out 
*** HOLE CARDS ***
chirva007: folds 
antey89: folds 
Uncalled bet ($0.50) returned to Juniorasmus
MaRKiToScoK leaves the table
Juniorasmus collected $1 from pot
Juniorasmus: doesn't show hand 
*** SUMMARY ***
Total pot $1 | Rake $0 
Seat 1: MaRKiToScoK
Seat 3: janarr5
Seat 4: blistein
Seat 2: Juniorasmus (big blind) collected ($1)
Seat 5: chirva007 (button) folded before Flop (didn't bet)
Seat 6: antey89 (small blind) folded before Flop



PokerStars Hand #254363557917:  Hold'em No Limit ($0.50/$1.00 USD) - 2025/01/14 9:58:31 WET [2025/01/14 4:58:31 ET]
Table 'Hedwig III' 6-max Seat #6 is the button
Seat 4: blistein ($100 in chips) is sitting out
Seat 2: Juniorasmus ($139.46 in chips) 
Seat 3: janarr5 ($100 in chips) 
Seat 5: chirva007 ($100 in chips) 
Seat 6: antey89 ($151.31 in chips) 
Juniorasmus: posts small blind $0.50
janarr5: posts big blind $1
blistein: sits out 
*** HOLE CARDS ***
chirva007: folds 
antey89: raises $1.30 to $2.30
Juniorasmus: folds 
janarr5: calls $1.30
*** FLOP *** [9d 5s Jh]
janarr5: checks 
antey89: bets $2.66
janarr5: folds 
Uncalled bet ($2.66) returned to antey89
antey89 collected $4.84 from pot
antey89: doesn't show hand 
*** SUMMARY ***
Total pot $5.10 | Rake $0.26 
Board [9d 5s Jh]
Seat 4: blistein
Seat 2: Juniorasmus (small blind) folded before Flop
Seat 3: janarr5 (big blind) folded on the Flop
Seat 5: chirva007 folded before Flop (didn't bet)
Seat 6: antey89 (button) collected ($4.84)



PokerStars Hand #254363562067:  Hold'em No Limit ($0.50/$1.00 USD) - 2025/01/14 9:59:18 WET [2025/01/14 4:59:18 ET]
Table 'Hedwig III' 6-max Seat #2 is the button
Seat 2: Juniorasmus ($138.96 in chips) 
Seat 3: janarr5 ($100 in chips) 
Seat 4: blistein ($100 in chips) 
Seat 5: chirva007 ($100 in chips) 
Seat 6: antey89 ($153.85 in chips) 
janarr5: posts small blind $0.50
blistein: posts big blind $1
*** HOLE CARDS ***
chirva007: folds 
antey89: folds 
Juniorasmus: raises $1.45 to $2.45
janarr5: raises $7.55 to $10
blistein: folds 
Juniorasmus: folds 
Uncalled bet ($7.55) returned to janarr5
janarr5 collected $5.90 from pot
janarr5: doesn't show hand 
*** SUMMARY ***
Total pot $5.90 | Rake $0 
Seat 2: Juniorasmus (button) folded before Flop
Seat 3: janarr5 (small blind) collected ($5.90)
Seat 4: blistein (big blind) folded before Flop
Seat 5: chirva007 folded before Flop (didn't bet)
Seat 6: antey89 folded before Flop (didn't bet)



PokerStars Hand #254363563751:  Hold'em No Limit ($0.50/$1.00 USD) - 2025/01/14 9:59:37 WET [2025/01/14 4:59:37 ET]
Table 'Hedwig III' 6-max Seat #3 is the button
Seat 2: Juniorasmus ($136.51 in chips) 
Seat 3: janarr5 ($103.45 in chips) 
Seat 4: blistein ($100 in chips) 
Seat 5: chirva007 ($100 in chips) 
Seat 6: antey89 ($153.85 in chips) 
blistein: posts small blind $0.50
chirva007: posts big blind $1
*** HOLE CARDS ***
antey89: folds 
Juniorasmus: folds 
janarr5: folds 
blistein: folds 
Uncalled bet ($0.50) returned to chirva007
chirva007 collected $1 from pot
chirva007: doesn't show hand 
*** SUMMARY ***
Total pot $1 | Rake $0 
Seat 2: Juniorasmus folded before Flop (didn't bet)
Seat 3: janarr5 (button) folded before Flop (didn't bet)
Seat 4: blistein (small blind) folded before Flop
Seat 5: chirva007 (big blind) collected ($1)
Seat 6: antey89 folded before Flop (didn't bet)



PokerStars Hand #254363565371:  Hold'em No Limit ($0.50/$1.00 USD) - 2025/01/14 9:59:55 WET [2025/01/14 4:59:55 ET]
Table 'Hedwig III' 6-max Seat #4 is the button
Seat 2: Juniorasmus ($136.51 in chips) 
Seat 3: janarr5 ($103.45 in chips) 
Seat 4: blistein ($100 in chips) 
Seat 5: chirva007 ($100.50 in chips) 
Seat 6: antey89 ($153.85 in chips) 
chirva007: posts small blind $0.50
antey89: posts big blind $1
*** HOLE CARDS ***
Juniorasmus: folds 
janarr5: folds 
blistein: folds 
chirva007: folds 
Uncalled bet ($0.50) returned to antey89
antey89 collected $1 from pot
antey89: doesn't show hand 
*** SUMMARY ***
Total pot $1 | Rake $0 
Seat 2: Juniorasmus folded before Flop (didn't bet)
Seat 3: janarr5 folded before Flop (didn't bet)
Seat 4: blistein (button) folded before Flop (didn't bet)
Seat 5: chirva007 (small blind) folded before Flop
Seat 6: antey89 (big blind) collected ($1)



PokerStars Hand #254363566130:  Hold'em No Limit ($0.50/$1.00 USD) - 2025/01/14 10:00:03 WET [2025/01/14 5:00:03 ET]
Table 'Hedwig III' 6-max Seat #5 is the button
Seat 2: Juniorasmus ($136.51 in chips) 
Seat 3: janarr5 ($103.45 in chips) 
Seat 4: blistein ($100 in chips) 
Seat 5: chirva007 ($100 in chips) 
Seat 6: antey89 ($154.35 in chips) 
antey89: posts small blind $0.50
Juniorasmus: posts big blind $1
*** HOLE CARDS ***
janarr5: folds 
blistein: folds 
chirva007: folds 
antey89: raises $2 to $3
Juniorasmus: calls $2
*** FLOP *** [4s As Qd]
blistein leaves the table
antey89: bets $3.71
Juniorasmus: folds 
Uncalled bet ($3.71) returned to antey89
antey89 collected $5.70 from pot
antey89: doesn't show hand 
*** SUMMARY ***
Total pot $6 | Rake $0.30 
Board [4s As Qd]
Seat 2: Juniorasmus (big blind) folded on the Flop
Seat 3: janarr5 folded before Flop (didn't bet)
Seat 4: blistein folded before Flop (didn't bet)
Seat 5: chirva007 (button) folded before Flop (didn't bet)
Seat 6: antey89 (small blind) collected ($5.70)



PokerStars Hand #254363569550:  Hold'em No Limit ($0.50/$1.00 USD) - 2025/01/14 10:00:40 WET [2025/01/14 5:00:40 ET]
Table 'Hedwig III' 6-max Seat #6 is the button
Seat 2: Juniorasmus ($133.51 in chips) 
Seat 3: janarr5 ($103.45 in chips) 
Seat 5: chirva007 ($100 in chips) 
Seat 6: antey89 ($157.05 in chips) 
Juniorasmus: posts small blind $0.50
janarr5: posts big blind $1
*** HOLE CARDS ***
chirva007: folds 
antey89: raises $1.30 to $2.30
Juniorasmus: folds 
janarr5: folds 
Uncalled bet ($1.30) returned to antey89
antey89 collected $2.50 from pot
antey89: doesn't show hand 
*** SUMMARY ***
Total pot $2.50 | Rake $0 
Seat 2: Juniorasmus (small blind) folded before Flop
Seat 3: janarr5 (big blind) folded before Flop
Seat 5: chirva007 folded before Flop (didn't bet)
Seat 6: antey89 (button) collected ($2.50)



PokerStars Hand #254363570940:  Hold'em No Limit ($0.50/$1.00 USD) - 2025/01/14 10:00:54 WET [2025/01/14 5:00:54 ET]
Table 'Hedwig III' 6-max Seat #2 is the button
Seat 2: Juniorasmus ($133.01 in chips) 
Seat 3: janarr5 ($102.45 in chips) 
Seat 5: chirva007 ($100 in chips) 
Seat 6: antey89 ($158.55 in chips) 
janarr5: posts small blind $0.50
chirva007: posts big blind $1
*** HOLE CARDS ***
antey89: folds 
Juniorasmus: raises $1.45 to $2.45
janarr5: folds 
chirva007: folds 
Uncalled bet ($1.45) returned to Juniorasmus
Juniorasmus collected $2.50 from pot
Juniorasmus: doesn't show hand 
*** SUMMARY ***
Total pot $2.50 | Rake $0 
Seat 2: Juniorasmus (button) collected ($2.50)
Seat 3: janarr5 (small blind) folded before Flop
Seat 5: chirva007 (big blind) folded before Flop
Seat 6: antey89 folded before Flop (didn't bet)



PokerStars Hand #254363572543:  Hold'em No Limit ($0.50/$1.00 USD) - 2025/01/14 10:01:10 WET [2025/01/14 5:01:10 ET]
Table 'Hedwig III' 6-max Seat #3 is the button
Seat 6: antey89 ($158.55 in chips) is sitting out
Seat 2: Juniorasmus ($134.51 in chips) 
Seat 3: janarr5 ($101.95 in chips) 
Seat 5: chirva007 ($100 in chips) 
chirva007: posts small blind $0.50
antey89: is sitting out 
Juniorasmus: posts big blind $1
*** HOLE CARDS ***
janarr5: raises $1.50 to $2.50
antey89 leaves the table
chirva007: folds 
Juniorasmus: raises $8.50 to $11
janarr5: folds 
Uncalled bet ($8.50) returned to Juniorasmus
janarr5 leaves the table
Juniorasmus collected $5.50 from pot
Juniorasmus: doesn't show hand 
*** SUMMARY ***
Total pot $5.50 | Rake $0 
Seat 6: antey89
Seat 2: Juniorasmus (big blind) collected ($5.50)
Seat 3: janarr5 (button) folded before Flop
Seat 5: chirva007 (small blind) folded before Flop



PokerStars Hand #254363574833:  Hold'em No Limit ($0.50/$1.00 USD) - 2025/01/14 10:01:32 WET [2025/01/14 5:01:32 ET]
Table 'Hedwig III' 6-max Seat #2 is the button
Seat 2: Juniorasmus ($137.51 in chips) 
Seat 5: chirva007 ($100 in chips) 
Juniorasmus: posts small blind $0.50
chirva007: posts big blind $1
*** HOLE CARDS ***
Juniorasmus: raises $1.45 to $2.45
chirva007: calls $1.45
*** FLOP *** [Qh Qs 3h]
chirva007: checks 
Juniorasmus: bets $1.49
chirva007: folds 
Uncalled bet ($1.49) returned to Juniorasmus
Juniorasmus collected $4.66 from pot
Juniorasmus: doesn't show hand 
*** SUMMARY ***
Total pot $4.90 | Rake $0.24 
Board [Qh Qs 3h]
Seat 2: Juniorasmus (button) (small blind) collected ($4.66)
Seat 5: chirva007 (big blind) folded on the Flop



PokerStars Hand #254363577329:  Hold'em No Limit ($0.50/$1.00 USD) - 2025/01/14 10:01:56 WET [2025/01/14 5:01:56 ET]
Table 'Hedwig III' 6-max Seat #5 is the button
Seat 2: Juniorasmus ($139.72 in chips) 
Seat 5: chirva007 ($100 in chips) 
chirva007: posts small blind $0.50
Juniorasmus: posts big blind $1
*** HOLE CARDS ***
chirva007: folds 
Uncalled bet ($0.50) returned to Juniorasmus
Juniorasmus collected $1 from pot
Juniorasmus: doesn't show hand 
*** SUMMARY ***
Total pot $1 | Rake $0 
Seat 2: Juniorasmus (big blind) collected ($1)
Seat 5: chirva007 (button) (small blind) folded before Flop



PokerStars Hand #254363577868:  Hold'em No Limit ($0.50/$1.00 USD) - 2025/01/14 10:02:01 WET [2025/01/14 5:02:01 ET]
Table 'Hedwig III' 6-max Seat #2 is the button
Seat 2: Juniorasmus ($140.22 in chips) 
Seat 5: chirva007 ($100 in chips) 
Juniorasmus: posts small blind $0.50
chirva007: posts big blind $1
*** HOLE CARDS ***
Juniorasmus: folds 
Uncalled bet ($0.50) returned to chirva007
chirva007 collected $1 from pot
chirva007: doesn't show hand 
*** SUMMARY ***
Total pot $1 | Rake $0 
Seat 2: Juniorasmus (button) (small blind) folded before Flop
Seat 5: chirva007 (big blind) collected ($1)



PokerStars Hand #254363578760:  Hold'em No Limit ($0.50/$1.00 USD) - 2025/01/14 10:02:09 WET [2025/01/14 5:02:09 ET]
Table 'Hedwig III' 6-max Seat #5 is the button
Seat 2: Juniorasmus ($139.72 in chips) 
Seat 5: chirva007 ($100.50 in chips) 
chirva007: posts small blind $0.50
Juniorasmus: posts big blind $1
*** HOLE CARDS ***
chirva007: raises $1.50 to $2.50
Juniorasmus: folds 
Uncalled bet ($1.50) returned to chirva007
chirva007 collected $2 from pot
chirva007: doesn't show hand 
*** SUMMARY ***
Total pot $2 | Rake $0 
Seat 2: Juniorasmus (big blind) folded before Flop
Seat 5: chirva007 (button) (small blind) collected ($2)



PokerStars Hand #254363580361:  Hold'em No Limit ($0.50/$1.00 USD) - 2025/01/14 10:02:25 WET [2025/01/14 5:02:25 ET]
Table 'Hedwig III' 6-max Seat #2 is the button
Seat 2: Juniorasmus ($138.72 in chips) 
Seat 5: chirva007 ($101.50 in chips) 
Juniorasmus: posts small blind $0.50
chirva007: posts big blind $1
*** HOLE CARDS ***
Juniorasmus: raises $1.45 to $2.45
chirva007: folds 
Uncalled bet ($1.45) returned to Juniorasmus
Juniorasmus collected $2 from pot
Juniorasmus: doesn't show hand 
*** SUMMARY ***
Total pot $2 | Rake $0 
Seat 2: Juniorasmus (button) (small blind) collected ($2)
Seat 5: chirva007 (big blind) folded before Flop



PokerStars Hand #254363581271:  Hold'em No Limit ($0.50/$1.00 USD) - 2025/01/14 10:02:34 WET [2025/01/14 5:02:34 ET]
Table 'Hedwig III' 6-max Seat #5 is the button
Seat 2: Juniorasmus ($139.72 in chips) 
Seat 5: chirva007 ($100.50 in chips) 
chirva007: posts small blind $0.50
Juniorasmus: posts big blind $1
*** HOLE CARDS ***
chirva007: raises $1.50 to $2.50
Juniorasmus: folds 
Uncalled bet ($1.50) returned to chirva007
chirva007 collected $2 from pot
chirva007: doesn't show hand 
*** SUMMARY ***
Total pot $2 | Rake $0 
Seat 2: Juniorasmus (big blind) folded before Flop
Seat 5: chirva007 (button) (small blind) collected ($2)



PokerStars Hand #254363582144:  Hold'em No Limit ($0.50/$1.00 USD) - 2025/01/14 10:02:42 WET [2025/01/14 5:02:42 ET]
Table 'Hedwig III' 6-max Seat #2 is the button
Seat 2: Juniorasmus ($138.72 in chips) 
Seat 5: chirva007 ($101.50 in chips) 
Juniorasmus: posts small blind $0.50
chirva007: posts big blind $1
*** HOLE CARDS ***
Juniorasmus: raises $1.45 to $2.45
chirva007: folds 
Uncalled bet ($1.45) returned to Juniorasmus
Juniorasmus collected $2 from pot
Juniorasmus: doesn't show hand 
*** SUMMARY ***
Total pot $2 | Rake $0 
Seat 2: Juniorasmus (button) (small blind) collected ($2)
Seat 5: chirva007 (big blind) folded before Flop



PokerStars Hand #254363582849:  Hold'em No Limit ($0.50/$1.00 USD) - 2025/01/14 10:02:49 WET [2025/01/14 5:02:49 ET]
Table 'Hedwig III' 6-max Seat #5 is the button
Seat 2: Juniorasmus ($139.72 in chips) 
Seat 5: chirva007 ($100.50 in chips) 
chirva007: posts small blind $0.50
Juniorasmus: posts big blind $1
*** HOLE CARDS ***
chirva007: folds 
Uncalled bet ($0.50) returned to Juniorasmus
Juniorasmus collected $1 from pot
Juniorasmus: doesn't show hand 
*** SUMMARY ***
Total pot $1 | Rake $0 
Seat 2: Juniorasmus (big blind) collected ($1)
Seat 5: chirva007 (button) (small blind) folded before Flop



PokerStars Hand #254363583410:  Hold'em No Limit ($0.50/$1.00 USD) - 2025/01/14 10:02:54 WET [2025/01/14 5:02:54 ET]
Table 'Hedwig III' 6-max Seat #2 is the button
Seat 2: Juniorasmus ($140.22 in chips) 
Seat 5: chirva007 ($100 in chips) 
Juniorasmus: posts small blind $0.50
chirva007: posts big blind $1
*** HOLE CARDS ***
Juniorasmus: raises $1.45 to $2.45
chirva007: calls $1.45
*** FLOP *** [8s 7d Ts]
chirva007: checks 
Juniorasmus: bets $1.49
chirva007: raises $3.51 to $5
Juniorasmus: calls $3.51
*** TURN *** [8s 7d Ts] [4d]
chirva007: bets $7.08
Juniorasmus: calls $7.08
*** RIVER *** [8s 7d Ts 4d] [5d]
chirva007: checks 
Juniorasmus: checks 
*** SHOW DOWN ***
chirva007: shows [Td 9s] (a pair of Tens)
Juniorasmus: shows [Th Qd] (a pair of Tens - Queen kicker)
Juniorasmus collected $28.06 from pot
*** SUMMARY ***
Total pot $29.06 | Rake $1 
Board [8s 7d Ts 4d 5d]
Seat 2: Juniorasmus (button) (small blind) showed [Th Qd] and won ($28.06) with a pair of Tens
Seat 5: chirva007 (big blind) showed [Td 9s] and lost with a pair of Tens



PokerStars Hand #254363587093:  Hold'em No Limit ($0.50/$1.00 USD) - 2025/01/14 10:03:29 WET [2025/01/14 5:03:29 ET]
Table 'Hedwig III' 6-max Seat #5 is the button
Seat 2: Juniorasmus ($153.75 in chips) 
Seat 5: chirva007 ($100 in chips) 
chirva007: posts small blind $0.50
Juniorasmus: posts big blind $1
*** HOLE CARDS ***
chirva007: folds 
Uncalled bet ($0.50) returned to Juniorasmus
Juniorasmus collected $1 from pot
Juniorasmus: doesn't show hand 
*** SUMMARY ***
Total pot $1 | Rake $0 
Seat 2: Juniorasmus (big blind) collected ($1)
Seat 5: chirva007 (button) (small blind) folded before Flop



PokerStars Hand #254363587737:  Hold'em No Limit ($0.50/$1.00 USD) - 2025/01/14 10:03:35 WET [2025/01/14 5:03:35 ET]
Table 'Hedwig III' 6-max Seat #2 is the button
Seat 2: Juniorasmus ($154.25 in chips) 
Seat 5: chirva007 ($100 in chips) 
Juniorasmus: posts small blind $0.50
chirva007: posts big blind $1
*** HOLE CARDS ***
Juniorasmus: raises $1.45 to $2.45
chirva007: calls $1.45
*** FLOP *** [As 9c Tc]
chirva007: checks 
Juniorasmus: bets $1.49
chirva007: calls $1.49
*** TURN *** [As 9c Tc] [2c]
chirva007: checks 
Juniorasmus: bets $2.40
chirva007: calls $2.40
*** RIVER *** [As 9c Tc 2c] [Jh]
chirva007: checks 
Juniorasmus: bets $18.08
chirva007: folds 
Uncalled bet ($18.08) returned to Juniorasmus
Juniorasmus collected $12.05 from pot
Juniorasmus: doesn't show hand 
*** SUMMARY ***
Total pot $12.68 | Rake $0.63 
Board [As 9c Tc 2c Jh]
Seat 2: Juniorasmus (button) (small blind) collected ($12.05)
Seat 5: chirva007 (big blind) folded on the River



PokerStars Hand #254363591382:  Hold'em No Limit ($0.50/$1.00 USD) - 2025/01/14 10:04:11 WET [2025/01/14 5:04:11 ET]
Table 'Hedwig III' 6-max Seat #5 is the button
Seat 2: Juniorasmus ($159.96 in chips) 
Seat 5: chirva007 ($100 in chips) 
chirva007: posts small blind $0.50
Juniorasmus: posts big blind $1
*** HOLE CARDS ***
chirva007: raises $1.50 to $2.50
Juniorasmus: calls $1.50
*** FLOP *** [2d 9s Th]
Juniorasmus: checks 
chirva007: bets $1.57
Juniorasmus: folds 
Uncalled bet ($1.57) returned to chirva007
chirva007 collected $4.75 from pot
chirva007: doesn't show hand 
*** SUMMARY ***
Total pot $5 | Rake $0.25 
Board [2d 9s Th]
Seat 2: Juniorasmus (big blind) folded on the Flop
Seat 5: chirva007 (button) (small blind) collected ($4.75)



PokerStars Hand #254363593157:  Hold'em No Limit ($0.50/$1.00 USD) - 2025/01/14 10:04:28 WET [2025/01/14 5:04:28 ET]
Table 'Hedwig III' 6-max Seat #2 is the button
Seat 2: Juniorasmus ($157.46 in chips) 
Seat 5: chirva007 ($102.25 in chips) 
Juniorasmus: posts small blind $0.50
chirva007: posts big blind $1
*** HOLE CARDS ***
Juniorasmus: raises $1.45 to $2.45
chirva007: folds 
Uncalled bet ($1.45) returned to Juniorasmus
Juniorasmus collected $2 from pot
Juniorasmus: doesn't show hand 
*** SUMMARY ***
Total pot $2 | Rake $0 
Seat 2: Juniorasmus (button) (small blind) collected ($2)
Seat 5: chirva007 (big blind) folded before Flop



PokerStars Hand #254363593798:  Hold'em No Limit ($0.50/$1.00 USD) - 2025/01/14 10:04:34 WET [2025/01/14 5:04:34 ET]
Table 'Hedwig III' 6-max Seat #5 is the button
Seat 2: Juniorasmus ($158.46 in chips) 
Seat 5: chirva007 ($101.25 in chips) 
chirva007: posts small blind $0.50
Juniorasmus: posts big blind $1
*** HOLE CARDS ***
chirva007: folds 
Uncalled bet ($0.50) returned to Juniorasmus
Juniorasmus collected $1 from pot
Juniorasmus: doesn't show hand 
*** SUMMARY ***
Total pot $1 | Rake $0 
Seat 2: Juniorasmus (big blind) collected ($1)
Seat 5: chirva007 (button) (small blind) folded before Flop



PokerStars Hand #254363594370:  Hold'em No Limit ($0.50/$1.00 USD) - 2025/01/14 10:04:39 WET [2025/01/14 5:04:39 ET]
Table 'Hedwig III' 6-max Seat #2 is the button
Seat 2: Juniorasmus ($158.96 in chips) 
Seat 5: chirva007 ($100.75 in chips) 
Juniorasmus: posts small blind $0.50
chirva007: posts big blind $1
*** HOLE CARDS ***
Juniorasmus: raises $1.45 to $2.45
chirva007: raises $6.55 to $9
Juniorasmus: folds 
Uncalled bet ($6.55) returned to chirva007
chirva007 collected $4.90 from pot
chirva007: doesn't show hand 
*** SUMMARY ***
Total pot $4.90 | Rake $0 
Seat 2: Juniorasmus (button) (small blind) folded before Flop
Seat 5: chirva007 (big blind) collected ($4.90)



PokerStars Hand #254363595415:  Hold'em No Limit ($0.50/$1.00 USD) - 2025/01/14 10:04:50 WET [2025/01/14 5:04:50 ET]
Table 'Hedwig III' 6-max Seat #5 is the button
Seat 2: Juniorasmus ($156.51 in chips) 
Seat 5: chirva007 ($103.20 in chips) 
chirva007: posts small blind $0.50
Juniorasmus: posts big blind $1
*** HOLE CARDS ***
chirva007: folds 
Uncalled bet ($0.50) returned to Juniorasmus
Juniorasmus collected $1 from pot
Juniorasmus: doesn't show hand 
*** SUMMARY ***
Total pot $1 | Rake $0 
Seat 2: Juniorasmus (big blind) collected ($1)
Seat 5: chirva007 (button) (small blind) folded before Flop



PokerStars Hand #254363595980:  Hold'em No Limit ($0.50/$1.00 USD) - 2025/01/14 10:04:55 WET [2025/01/14 5:04:55 ET]
Table 'Hedwig III' 6-max Seat #2 is the button
Seat 2: Juniorasmus ($157.01 in chips) 
Seat 5: chirva007 ($102.70 in chips) 
Juniorasmus: posts small blind $0.50
chirva007: posts big blind $1
*** HOLE CARDS ***
Juniorasmus: raises $1.45 to $2.45
chirva007: folds 
Uncalled bet ($1.45) returned to Juniorasmus
Juniorasmus collected $2 from pot
Juniorasmus: doesn't show hand 
*** SUMMARY ***
Total pot $2 | Rake $0 
Seat 2: Juniorasmus (button) (small blind) collected ($2)
Seat 5: chirva007 (big blind) folded before Flop



PokerStars Hand #254363596680:  Hold'em No Limit ($0.50/$1.00 USD) - 2025/01/14 10:05:02 WET [2025/01/14 5:05:02 ET]
Table 'Hedwig III' 6-max Seat #5 is the button
Seat 2: Juniorasmus ($158.01 in chips) 
Seat 5: chirva007 ($101.70 in chips) 
chirva007: posts small blind $0.50
Juniorasmus: posts big blind $1
*** HOLE CARDS ***
chirva007: raises $1.50 to $2.50
Juniorasmus: folds 
Uncalled bet ($1.50) returned to chirva007
chirva007 collected $2 from pot
chirva007: doesn't show hand 
*** SUMMARY ***
Total pot $2 | Rake $0 
Seat 2: Juniorasmus (big blind) folded before Flop
Seat 5: chirva007 (button) (small blind) collected ($2)



PokerStars Hand #254363597491:  Hold'em No Limit ($0.50/$1.00 USD) - 2025/01/14 10:05:09 WET [2025/01/14 5:05:09 ET]
Table 'Hedwig III' 6-max Seat #2 is the button
Seat 2: Juniorasmus ($157.01 in chips) 
Seat 5: chirva007 ($102.70 in chips) 
Juniorasmus: posts small blind $0.50
chirva007: posts big blind $1
*** HOLE CARDS ***
Juniorasmus: raises $1.45 to $2.45
chirva007: folds 
Uncalled bet ($1.45) returned to Juniorasmus
Juniorasmus collected $2 from pot
Juniorasmus: doesn't show hand 
*** SUMMARY ***
Total pot $2 | Rake $0 
Seat 2: Juniorasmus (button) (small blind) collected ($2)
Seat 5: chirva007 (big blind) folded before Flop



PokerStars Hand #254363598380:  Hold'em No Limit ($0.50/$1.00 USD) - 2025/01/14 10:05:18 WET [2025/01/14 5:05:18 ET]
Table 'Hedwig III' 6-max Seat #5 is the button
Seat 2: Juniorasmus ($158.01 in chips) 
Seat 5: chirva007 ($101.70 in chips) 
chirva007: posts small blind $0.50
Juniorasmus: posts big blind $1
*** HOLE CARDS ***
chirva007: folds 
Uncalled bet ($0.50) returned to Juniorasmus
Juniorasmus collected $1 from pot
Juniorasmus: doesn't show hand 
*** SUMMARY ***
Total pot $1 | Rake $0 
Seat 2: Juniorasmus (big blind) collected ($1)
Seat 5: chirva007 (button) (small blind) folded before Flop



PokerStars Hand #254363598934:  Hold'em No Limit ($0.50/$1.00 USD) - 2025/01/14 10:05:23 WET [2025/01/14 5:05:23 ET]
Table 'Hedwig III' 6-max Seat #2 is the button
Seat 2: Juniorasmus ($158.51 in chips) 
Seat 5: chirva007 ($101.20 in chips) 
Juniorasmus: posts small blind $0.50
chirva007: posts big blind $1
*** HOLE CARDS ***
Juniorasmus: raises $1.45 to $2.45
chirva007: folds 
Uncalled bet ($1.45) returned to Juniorasmus
Juniorasmus collected $2 from pot
Juniorasmus: doesn't show hand 
*** SUMMARY ***
Total pot $2 | Rake $0 
Seat 2: Juniorasmus (button) (small blind) collected ($2)
Seat 5: chirva007 (big blind) folded before Flop



PokerStars Hand #254363599688:  Hold'em No Limit ($0.50/$1.00 USD) - 2025/01/14 10:05:30 WET [2025/01/14 5:05:30 ET]
Table 'Hedwig III' 6-max Seat #5 is the button
Seat 2: Juniorasmus ($159.51 in chips) 
Seat 5: chirva007 ($100.20 in chips) 
chirva007: posts small blind $0.50
Juniorasmus: posts big blind $1
*** HOLE CARDS ***
chirva007: raises $1.50 to $2.50
Juniorasmus: folds 
Uncalled bet ($1.50) returned to chirva007
chirva007 collected $2 from pot
chirva007: doesn't show hand 
*** SUMMARY ***
Total pot $2 | Rake $0 
Seat 2: Juniorasmus (big blind) folded before Flop
Seat 5: chirva007 (button) (small blind) collected ($2)



PokerStars Hand #254363600649:  Hold'em No Limit ($0.50/$1.00 USD) - 2025/01/14 10:05:39 WET [2025/01/14 5:05:39 ET]
Table 'Hedwig III' 6-max Seat #2 is the button
Seat 2: Juniorasmus ($158.51 in chips) 
Seat 5: chirva007 ($101.20 in chips) 
Juniorasmus: posts small blind $0.50
chirva007: posts big blind $1
*** HOLE CARDS ***
Juniorasmus: raises $1.45 to $2.45
chirva007: calls $1.45
*** FLOP *** [Qs As 7s]
chirva007: checks 
Juniorasmus: bets $1.12
chirva007: folds 
Uncalled bet ($1.12) returned to Juniorasmus
Juniorasmus collected $4.66 from pot
Juniorasmus: doesn't show hand 
*** SUMMARY ***
Total pot $4.90 | Rake $0.24 
Board [Qs As 7s]
Seat 2: Juniorasmus (button) (small blind) collected ($4.66)
Seat 5: chirva007 (big blind) folded on the Flop



PokerStars Hand #254363602378:  Hold'em No Limit ($0.50/$1.00 USD) - 2025/01/14 10:05:56 WET [2025/01/14 5:05:56 ET]
Table 'Hedwig III' 6-max Seat #5 is the button
Seat 2: Juniorasmus ($160.72 in chips) 
Seat 5: chirva007 ($100 in chips) 
chirva007: posts small blind $0.50
Juniorasmus: posts big blind $1
*** HOLE CARDS ***
chirva007: folds 
Uncalled bet ($0.50) returned to Juniorasmus
Juniorasmus collected $1 from pot
Juniorasmus: doesn't show hand 
*** SUMMARY ***
Total pot $1 | Rake $0 
Seat 2: Juniorasmus (big blind) collected ($1)
Seat 5: chirva007 (button) (small blind) folded before Flop



PokerStars Hand #254363602950:  Hold'em No Limit ($0.50/$1.00 USD) - 2025/01/14 10:06:01 WET [2025/01/14 5:06:01 ET]
Table 'Hedwig III' 6-max Seat #2 is the button
Seat 2: Juniorasmus ($161.22 in chips) 
Seat 5: chirva007 ($100 in chips) 
Juniorasmus: posts small blind $0.50
chirva007: posts big blind $1
*** HOLE CARDS ***
Juniorasmus: raises $1.45 to $2.45
chirva007: raises $6.55 to $9
Juniorasmus: folds 
Uncalled bet ($6.55) returned to chirva007
chirva007 collected $4.90 from pot
chirva007: doesn't show hand 
*** SUMMARY ***
Total pot $4.90 | Rake $0 
Seat 2: Juniorasmus (button) (small blind) folded before Flop
Seat 5: chirva007 (big blind) collected ($4.90)



PokerStars Hand #254363604212:  Hold'em No Limit ($0.50/$1.00 USD) - 2025/01/14 10:06:13 WET [2025/01/14 5:06:13 ET]
Table 'Hedwig III' 6-max Seat #5 is the button
Seat 2: Juniorasmus ($158.77 in chips) 
Seat 5: chirva007 ($102.45 in chips) 
chirva007: posts small blind $0.50
Juniorasmus: posts big blind $1
*** HOLE CARDS ***
chirva007: folds 
Uncalled bet ($0.50) returned to Juniorasmus
Juniorasmus collected $1 from pot
Juniorasmus: doesn't show hand 
*** SUMMARY ***
Total pot $1 | Rake $0 
Seat 2: Juniorasmus (big blind) collected ($1)
Seat 5: chirva007 (button) (small blind) folded before Flop



PokerStars Hand #254363604799:  Hold'em No Limit ($0.50/$1.00 USD) - 2025/01/14 10:06:19 WET [2025/01/14 5:06:19 ET]
Table 'Hedwig III' 6-max Seat #2 is the button
Seat 2: Juniorasmus ($159.27 in chips) 
Seat 5: chirva007 ($101.95 in chips) 
Juniorasmus: posts small blind $0.50
chirva007: posts big blind $1
*** HOLE CARDS ***
Juniorasmus: raises $1.45 to $2.45
chirva007: raises $6.55 to $9
Juniorasmus: calls $6.55
*** FLOP *** [Ah 6d 2h]
chirva007: bets $5.64
Juniorasmus: folds 
Uncalled bet ($5.64) returned to chirva007
chirva007 collected $17.10 from pot
chirva007: doesn't show hand 
*** SUMMARY ***
Total pot $18 | Rake $0.90 
Board [Ah 6d 2h]
Seat 2: Juniorasmus (button) (small blind) folded on the Flop
Seat 5: chirva007 (big blind) collected ($17.10)



PokerStars Hand #254363607152:  Hold'em No Limit ($0.50/$1.00 USD) - 2025/01/14 10:06:41 WET [2025/01/14 5:06:41 ET]
Table 'Hedwig III' 6-max Seat #5 is the button
Seat 2: Juniorasmus ($150.27 in chips) 
Seat 5: chirva007 ($110.05 in chips) 
chirva007: posts small blind $0.50
Juniorasmus: posts big blind $1
*** HOLE CARDS ***
chirva007: raises $1.50 to $2.50
Juniorasmus: folds 
Uncalled bet ($1.50) returned to chirva007
chirva007 collected $2 from pot
chirva007: doesn't show hand 
*** SUMMARY ***
Total pot $2 | Rake $0 
Seat 2: Juniorasmus (big blind) folded before Flop
Seat 5: chirva007 (button) (small blind) collected ($2)



PokerStars Hand #254363607994:  Hold'em No Limit ($0.50/$1.00 USD) - 2025/01/14 10:06:49 WET [2025/01/14 5:06:49 ET]
Table 'Hedwig III' 6-max Seat #2 is the button
Seat 2: Juniorasmus ($149.27 in chips) 
Seat 5: chirva007 ($111.05 in chips) 
Juniorasmus: posts small blind $0.50
chirva007: posts big blind $1
*** HOLE CARDS ***
Juniorasmus: raises $1.45 to $2.45
chirva007: raises $6.55 to $9
Juniorasmus: calls $6.55
*** FLOP *** [3d As Jc]
chirva007: bets $5.64
Juniorasmus: calls $5.64
*** TURN *** [3d As Jc] [2s]
chirva007: bets $14.14
Juniorasmus: calls $14.14
*** RIVER *** [3d As Jc 2s] [8c]
chirva007: checks 
Juniorasmus: checks 
*** SHOW DOWN ***
chirva007: shows [Kd Ah] (a pair of Aces)
Juniorasmus: mucks hand 
chirva007 collected $56.56 from pot
*** SUMMARY ***
Total pot $57.56 | Rake $1 
Board [3d As Jc 2s 8c]
Seat 2: Juniorasmus (button) (small blind) mucked
Seat 5: chirva007 (big blind) showed [Kd Ah] and won ($56.56) with a pair of Aces



PokerStars Hand #254363611460:  Hold'em No Limit ($0.50/$1.00 USD) - 2025/01/14 10:07:22 WET [2025/01/14 5:07:22 ET]
Table 'Hedwig III' 6-max Seat #5 is the button
Seat 2: Juniorasmus ($120.49 in chips) 
Seat 5: chirva007 ($138.83 in chips) 
chirva007: posts small blind $0.50
Juniorasmus: posts big blind $1
*** HOLE CARDS ***
chirva007: folds 
Uncalled bet ($0.50) returned to Juniorasmus
Juniorasmus collected $1 from pot
Juniorasmus: doesn't show hand 
*** SUMMARY ***
Total pot $1 | Rake $0 
Seat 2: Juniorasmus (big blind) collected ($1)
Seat 5: chirva007 (button) (small blind) folded before Flop



PokerStars Hand #254363612231:  Hold'em No Limit ($0.50/$1.00 USD) - 2025/01/14 10:07:30 WET [2025/01/14 5:07:30 ET]
Table 'Hedwig III' 6-max Seat #2 is the button
Seat 2: Juniorasmus ($120.99 in chips) 
Seat 5: chirva007 ($138.33 in chips) 
Juniorasmus: posts small blind $0.50
chirva007: posts big blind $1
*** HOLE CARDS ***
Juniorasmus: raises $1.45 to $2.45
chirva007: calls $1.45
*** FLOP *** [4d 8d 9s]
chirva007: checks 
Juniorasmus: checks 
*** TURN *** [4d 8d 9s] [Ac]
chirva007: checks 
Juniorasmus: bets $2.98
chirva007: folds 
Uncalled bet ($2.98) returned to Juniorasmus
Juniorasmus collected $4.66 from pot
Juniorasmus: doesn't show hand 
*** SUMMARY ***
Total pot $4.90 | Rake $0.24 
Board [4d 8d 9s Ac]
Seat 2: Juniorasmus (button) (small blind) collected ($4.66)
Seat 5: chirva007 (big blind) folded on the Turn



PokerStars Hand #254363614866:  Hold'em No Limit ($0.50/$1.00 USD) - 2025/01/14 10:07:54 WET [2025/01/14 5:07:54 ET]
Table 'Hedwig III' 6-max Seat #5 is the button
Seat 2: Juniorasmus ($123.20 in chips) 
Seat 5: chirva007 ($135.88 in chips) 
chirva007: posts small blind $0.50
Juniorasmus: posts big blind $1
*** HOLE CARDS ***
chirva007: raises $1.50 to $2.50
Juniorasmus: folds 
Uncalled bet ($1.50) returned to chirva007
chirva007 collected $2 from pot
chirva007: doesn't show hand 
*** SUMMARY ***
Total pot $2 | Rake $0 
Seat 2: Juniorasmus (big blind) folded before Flop
Seat 5: chirva007 (button) (small blind) collected ($2)



PokerStars Hand #254363615743:  Hold'em No Limit ($0.50/$1.00 USD) - 2025/01/14 10:08:02 WET [2025/01/14 5:08:02 ET]
Table 'Hedwig III' 6-max Seat #2 is the button
Seat 2: Juniorasmus ($122.20 in chips) 
Seat 5: chirva007 ($136.88 in chips) 
Juniorasmus: posts small blind $0.50
chirva007: posts big blind $1
*** HOLE CARDS ***
Juniorasmus: folds 
Uncalled bet ($0.50) returned to chirva007
chirva007 collected $1 from pot
chirva007: doesn't show hand 
*** SUMMARY ***
Total pot $1 | Rake $0 
Seat 2: Juniorasmus (button) (small blind) folded before Flop
Seat 5: chirva007 (big blind) collected ($1)



PokerStars Hand #254363616555:  Hold'em No Limit ($0.50/$1.00 USD) - 2025/01/14 10:08:10 WET [2025/01/14 5:08:10 ET]
Table 'Hedwig III' 6-max Seat #5 is the button
Seat 2: Juniorasmus ($121.70 in chips) 
Seat 5: chirva007 ($137.38 in chips) 
chirva007: posts small blind $0.50
Juniorasmus: posts big blind $1
*** HOLE CARDS ***
chirva007: raises $1.50 to $2.50
Juniorasmus: folds 
Uncalled bet ($1.50) returned to chirva007
chirva007 collected $2 from pot
chirva007: doesn't show hand 
*** SUMMARY ***
Total pot $2 | Rake $0 
Seat 2: Juniorasmus (big blind) folded before Flop
Seat 5: chirva007 (button) (small blind) collected ($2)



PokerStars Hand #254363617527:  Hold'em No Limit ($0.50/$1.00 USD) - 2025/01/14 10:08:19 WET [2025/01/14 5:08:19 ET]
Table 'Hedwig III' 6-max Seat #2 is the button
Seat 2: Juniorasmus ($120.70 in chips) 
Seat 5: chirva007 ($138.38 in chips) 
Juniorasmus: posts small blind $0.50
chirva007: posts big blind $1
*** HOLE CARDS ***
Juniorasmus: raises $1.45 to $2.45
chirva007: folds 
Uncalled bet ($1.45) returned to Juniorasmus
Juniorasmus collected $2 from pot
Juniorasmus: doesn't show hand 
*** SUMMARY ***
Total pot $2 | Rake $0 
Seat 2: Juniorasmus (button) (small blind) collected ($2)
Seat 5: chirva007 (big blind) folded before Flop



PokerStars Hand #254363618343:  Hold'em No Limit ($0.50/$1.00 USD) - 2025/01/14 10:08:26 WET [2025/01/14 5:08:26 ET]
Table 'Hedwig III' 6-max Seat #5 is the button
Seat 2: Juniorasmus ($121.70 in chips) 
Seat 5: chirva007 ($137.38 in chips) 
chirva007: posts small blind $0.50
Juniorasmus: posts big blind $1
*** HOLE CARDS ***
chirva007: raises $1.50 to $2.50
Juniorasmus: raises $7.50 to $10
chirva007: raises $15 to $25
Juniorasmus: folds 
Uncalled bet ($15) returned to chirva007
chirva007 collected $20 from pot
chirva007: doesn't show hand 
*** SUMMARY ***
Total pot $20 | Rake $0 
Seat 2: Juniorasmus (big blind) folded before Flop
Seat 5: chirva007 (button) (small blind) collected ($20)



PokerStars Hand #254363620356:  Hold'em No Limit ($0.50/$1.00 USD) - 2025/01/14 10:08:45 WET [2025/01/14 5:08:45 ET]
Table 'Hedwig III' 6-max Seat #2 is the button
Seat 2: Juniorasmus ($111.70 in chips) 
Seat 5: chirva007 ($147.38 in chips) 
Juniorasmus: posts small blind $0.50
chirva007: posts big blind $1
*** HOLE CARDS ***
Juniorasmus: folds 
Uncalled bet ($0.50) returned to chirva007
chirva007 collected $1 from pot
chirva007: doesn't show hand 
*** SUMMARY ***
Total pot $1 | Rake $0 
Seat 2: Juniorasmus (button) (small blind) folded before Flop
Seat 5: chirva007 (big blind) collected ($1)



PokerStars Hand #254363620923:  Hold'em No Limit ($0.50/$1.00 USD) - 2025/01/14 10:08:50 WET [2025/01/14 5:08:50 ET]
Table 'Hedwig III' 6-max Seat #5 is the button
Seat 2: Juniorasmus ($111.20 in chips) 
Seat 5: chirva007 ($147.88 in chips) 
chirva007: posts small blind $0.50
Juniorasmus: posts big blind $1
*** HOLE CARDS ***
chirva007: raises $1.50 to $2.50
Juniorasmus: raises $7.50 to $10
chirva007: calls $7.50
*** FLOP *** [8d 9s 7d]
Juniorasmus: checks 
chirva007: checks 
*** TURN *** [8d 9s 7d] [3h]
Juniorasmus: bets $14.25
chirva007: calls $14.25
*** RIVER *** [8d 9s 7d 3h] [2h]
Juniorasmus: bets $86.95 and is all-in
chirva007: folds 
Uncalled bet ($86.95) returned to Juniorasmus
Juniorasmus collected $47.50 from pot
Juniorasmus: doesn't show hand 
*** SUMMARY ***
Total pot $48.50 | Rake $1 
Board [8d 9s 7d 3h 2h]
Seat 2: Juniorasmus (big blind) collected ($47.50)
Seat 5: chirva007 (button) (small blind) folded on the River



PokerStars Hand #254363624602:  Hold'em No Limit ($0.50/$1.00 USD) - 2025/01/14 10:09:25 WET [2025/01/14 5:09:25 ET]
Table 'Hedwig III' 6-max Seat #2 is the button
Seat 2: Juniorasmus ($134.45 in chips) 
Seat 5: chirva007 ($123.63 in chips) 
Juniorasmus: posts small blind $0.50
chirva007: posts big blind $1
*** HOLE CARDS ***
Juniorasmus: raises $1.45 to $2.45
chirva007: folds 
Uncalled bet ($1.45) returned to Juniorasmus
Juniorasmus collected $2 from pot
Juniorasmus: doesn't show hand 
*** SUMMARY ***
Total pot $2 | Rake $0 
Seat 2: Juniorasmus (button) (small blind) collected ($2)
Seat 5: chirva007 (big blind) folded before Flop



PokerStars Hand #254363625387:  Hold'em No Limit ($0.50/$1.00 USD) - 2025/01/14 10:09:32 WET [2025/01/14 5:09:32 ET]
Table 'Hedwig III' 6-max Seat #5 is the button
Seat 2: Juniorasmus ($135.45 in chips) 
Seat 5: chirva007 ($122.63 in chips) 
chirva007: posts small blind $0.50
Juniorasmus: posts big blind $1
*** HOLE CARDS ***
chirva007: folds 
Uncalled bet ($0.50) returned to Juniorasmus
Juniorasmus collected $1 from pot
Juniorasmus: doesn't show hand 
*** SUMMARY ***
Total pot $1 | Rake $0 
Seat 2: Juniorasmus (big blind) collected ($1)
Seat 5: chirva007 (button) (small blind) folded before Flop



PokerStars Hand #254363625940:  Hold'em No Limit ($0.50/$1.00 USD) - 2025/01/14 10:09:38 WET [2025/01/14 5:09:38 ET]
Table 'Hedwig III' 6-max Seat #2 is the button
Seat 2: Juniorasmus ($135.95 in chips) 
Seat 5: chirva007 ($122.13 in chips) 
Juniorasmus: posts small blind $0.50
chirva007: posts big blind $1
*** HOLE CARDS ***
Juniorasmus: folds 
Uncalled bet ($0.50) returned to chirva007
chirva007 collected $1 from pot
chirva007: doesn't show hand 
*** SUMMARY ***
Total pot $1 | Rake $0 
Seat 2: Juniorasmus (button) (small blind) folded before Flop
Seat 5: chirva007 (big blind) collected ($1)



PokerStars Hand #254363626988:  Hold'em No Limit ($0.50/$1.00 USD) - 2025/01/14 10:09:47 WET [2025/01/14 5:09:47 ET]
Table 'Hedwig III' 6-max Seat #5 is the button
Seat 2: Juniorasmus ($135.45 in chips) 
Seat 5: chirva007 ($122.63 in chips) 
chirva007: posts small blind $0.50
Juniorasmus: posts big blind $1
*** HOLE CARDS ***
chirva007: raises $1.50 to $2.50
Juniorasmus: raises $7.50 to $10
chirva007: folds 
Uncalled bet ($7.50) returned to Juniorasmus
Juniorasmus collected $5 from pot
Juniorasmus: doesn't show hand 
*** SUMMARY ***
Total pot $5 | Rake $0 
Seat 2: Juniorasmus (big blind) collected ($5)
Seat 5: chirva007 (button) (small blind) folded before Flop



PokerStars Hand #254363628496:  Hold'em No Limit ($0.50/$1.00 USD) - 2025/01/14 10:10:00 WET [2025/01/14 5:10:00 ET]
Table 'Hedwig III' 6-max Seat #2 is the button
Seat 2: Juniorasmus ($137.95 in chips) 
Seat 5: chirva007 ($120.13 in chips) 
Juniorasmus: posts small blind $0.50
chirva007: posts big blind $1
*** HOLE CARDS ***
Juniorasmus: raises $1.45 to $2.45
chirva007: raises $6.55 to $9
Juniorasmus: raises $13 to $22
chirva007: calls $13
*** FLOP *** [6h 6s 4h]
chirva007: checks 
Juniorasmus: bets $13.76
chirva007: folds 
Uncalled bet ($13.76) returned to Juniorasmus
Juniorasmus collected $43 from pot
Juniorasmus: doesn't show hand 
*** SUMMARY ***
Total pot $44 | Rake $1 
Board [6h 6s 4h]
Seat 2: Juniorasmus (button) (small blind) collected ($43)
Seat 5: chirva007 (big blind) folded on the Flop



PokerStars Hand #254363631499:  Hold'em No Limit ($0.50/$1.00 USD) - 2025/01/14 10:10:28 WET [2025/01/14 5:10:28 ET]
Table 'Hedwig III' 6-max Seat #5 is the button
Seat 2: Juniorasmus ($158.95 in chips) 
Seat 5: chirva007 ($100 in chips) 
chirva007: posts small blind $0.50
Juniorasmus: posts big blind $1
*** HOLE CARDS ***
chirva007: raises $1.50 to $2.50
Juniorasmus: raises $7.50 to $10
chirva007: folds 
Uncalled bet ($7.50) returned to Juniorasmus
Juniorasmus collected $5 from pot
Juniorasmus: doesn't show hand 
*** SUMMARY ***
Total pot $5 | Rake $0 
Seat 2: Juniorasmus (big blind) collected ($5)
Seat 5: chirva007 (button) (small blind) folded before Flop



PokerStars Hand #254363632622:  Hold'em No Limit ($0.50/$1.00 USD) - 2025/01/14 10:10:38 WET [2025/01/14 5:10:38 ET]
Table 'Hedwig III' 6-max Seat #2 is the button
Seat 2: Juniorasmus ($161.45 in chips) 
Seat 5: chirva007 ($100 in chips) 
Juniorasmus: posts small blind $0.50
chirva007: posts big blind $1
*** HOLE CARDS ***
Juniorasmus: raises $1.45 to $2.45
chirva007: raises $6.55 to $9
Juniorasmus: calls $6.55
*** FLOP *** [8h 3d 7c]
chirva007: bets $5.64
Juniorasmus: calls $5.64
*** TURN *** [8h 3d 7c] [4d]
chirva007: bets $14.14
Juniorasmus: folds 
Uncalled bet ($14.14) returned to chirva007
chirva007 collected $28.28 from pot
chirva007: doesn't show hand 
*** SUMMARY ***
Total pot $29.28 | Rake $1 
Board [8h 3d 7c 4d]
Seat 2: Juniorasmus (button) (small blind) folded on the Turn
Seat 5: chirva007 (big blind) collected ($28.28)



PokerStars Hand #254363634991:  Hold'em No Limit ($0.50/$1.00 USD) - 2025/01/14 10:11:00 WET [2025/01/14 5:11:00 ET]
Table 'Hedwig III' 6-max Seat #5 is the button
Seat 2: Juniorasmus ($146.81 in chips) 
Seat 5: chirva007 ($113.64 in chips) 
chirva007: posts small blind $0.50
Juniorasmus: posts big blind $1
*** HOLE CARDS ***
chirva007: folds 
Uncalled bet ($0.50) returned to Juniorasmus
Juniorasmus collected $1 from pot
Juniorasmus: doesn't show hand 
*** SUMMARY ***
Total pot $1 | Rake $0 
Seat 2: Juniorasmus (big blind) collected ($1)
Seat 5: chirva007 (button) (small blind) folded before Flop



PokerStars Hand #254363635533:  Hold'em No Limit ($0.50/$1.00 USD) - 2025/01/14 10:11:06 WET [2025/01/14 5:11:06 ET]
Table 'Hedwig III' 6-max Seat #2 is the button
Seat 2: Juniorasmus ($147.31 in chips) 
Seat 5: chirva007 ($113.14 in chips) 
Juniorasmus: posts small blind $0.50
chirva007: posts big blind $1
*** HOLE CARDS ***
Juniorasmus: raises $1.45 to $2.45
chirva007: folds 
Uncalled bet ($1.45) returned to Juniorasmus
Juniorasmus collected $2 from pot
Juniorasmus: doesn't show hand 
*** SUMMARY ***
Total pot $2 | Rake $0 
Seat 2: Juniorasmus (button) (small blind) collected ($2)
Seat 5: chirva007 (big blind) folded before Flop



PokerStars Hand #254363636272:  Hold'em No Limit ($0.50/$1.00 USD) - 2025/01/14 10:11:12 WET [2025/01/14 5:11:12 ET]
Table 'Hedwig III' 6-max Seat #5 is the button
Seat 2: Juniorasmus ($148.31 in chips) 
Seat 5: chirva007 ($112.14 in chips) 
chirva007: posts small blind $0.50
Juniorasmus: posts big blind $1
*** HOLE CARDS ***
chirva007: folds 
Uncalled bet ($0.50) returned to Juniorasmus
Juniorasmus collected $1 from pot
Juniorasmus: doesn't show hand 
*** SUMMARY ***
Total pot $1 | Rake $0 
Seat 2: Juniorasmus (big blind) collected ($1)
Seat 5: chirva007 (button) (small blind) folded before Flop



PokerStars Hand #254363637121:  Hold'em No Limit ($0.50/$1.00 USD) - 2025/01/14 10:11:20 WET [2025/01/14 5:11:20 ET]
Table 'Hedwig III' 6-max Seat #2 is the button
Seat 2: Juniorasmus ($148.81 in chips) 
Seat 5: chirva007 ($111.64 in chips) 
Juniorasmus: posts small blind $0.50
chirva007: posts big blind $1
*** HOLE CARDS ***
Juniorasmus: raises $1.45 to $2.45
chirva007: folds 
Uncalled bet ($1.45) returned to Juniorasmus
Juniorasmus collected $2 from pot
Juniorasmus: doesn't show hand 
*** SUMMARY ***
Total pot $2 | Rake $0 
Seat 2: Juniorasmus (button) (small blind) collected ($2)
Seat 5: chirva007 (big blind) folded before Flop



PokerStars Hand #254363637775:  Hold'em No Limit ($0.50/$1.00 USD) - 2025/01/14 10:11:26 WET [2025/01/14 5:11:26 ET]
Table 'Hedwig III' 6-max Seat #5 is the button
Seat 2: Juniorasmus ($149.81 in chips) 
Seat 5: chirva007 ($110.64 in chips) 
chirva007: posts small blind $0.50
Juniorasmus: posts big blind $1
*** HOLE CARDS ***
chirva007: folds 
Uncalled bet ($0.50) returned to Juniorasmus
Juniorasmus collected $1 from pot
Juniorasmus: doesn't show hand 
*** SUMMARY ***
Total pot $1 | Rake $0 
Seat 2: Juniorasmus (big blind) collected ($1)
Seat 5: chirva007 (button) (small blind) folded before Flop



PokerStars Hand #254363638377:  Hold'em No Limit ($0.50/$1.00 USD) - 2025/01/14 10:11:32 WET [2025/01/14 5:11:32 ET]
Table 'Hedwig III' 6-max Seat #2 is the button
Seat 2: Juniorasmus ($150.31 in chips) 
Seat 5: chirva007 ($110.14 in chips) 
Juniorasmus: posts small blind $0.50
chirva007: posts big blind $1
*** HOLE CARDS ***
Juniorasmus: raises $1.45 to $2.45
chirva007: calls $1.45
*** FLOP *** [Ac 9c 4c]
chirva007: checks 
Juniorasmus: bets $1.12
chirva007: folds 
Uncalled bet ($1.12) returned to Juniorasmus
Juniorasmus collected $4.66 from pot
Juniorasmus: doesn't show hand 
*** SUMMARY ***
Total pot $4.90 | Rake $0.24 
Board [Ac 9c 4c]
Seat 2: Juniorasmus (button) (small blind) collected ($4.66)
Seat 5: chirva007 (big blind) folded on the Flop



PokerStars Hand #254363639827:  Hold'em No Limit ($0.50/$1.00 USD) - 2025/01/14 10:11:45 WET [2025/01/14 5:11:45 ET]
Table 'Hedwig III' 6-max Seat #5 is the button
Seat 2: Juniorasmus ($152.52 in chips) 
Seat 5: chirva007 ($107.69 in chips) 
chirva007: posts small blind $0.50
Juniorasmus: posts big blind $1
*** HOLE CARDS ***
chirva007: folds 
Uncalled bet ($0.50) returned to Juniorasmus
Juniorasmus collected $1 from pot
Juniorasmus: doesn't show hand 
*** SUMMARY ***
Total pot $1 | Rake $0 
Seat 2: Juniorasmus (big blind) collected ($1)
Seat 5: chirva007 (button) (small blind) folded before Flop



PokerStars Hand #254363640392:  Hold'em No Limit ($0.50/$1.00 USD) - 2025/01/14 10:11:50 WET [2025/01/14 5:11:50 ET]
Table 'Hedwig III' 6-max Seat #2 is the button
Seat 2: Juniorasmus ($153.02 in chips) 
Seat 5: chirva007 ($107.19 in chips) 
Juniorasmus: posts small blind $0.50
chirva007: posts big blind $1
*** HOLE CARDS ***
Juniorasmus: folds 
Uncalled bet ($0.50) returned to chirva007
chirva007 collected $1 from pot
chirva007: doesn't show hand 
*** SUMMARY ***
Total pot $1 | Rake $0 
Seat 2: Juniorasmus (button) (small blind) folded before Flop
Seat 5: chirva007 (big blind) collected ($1)



PokerStars Hand #254363640949:  Hold'em No Limit ($0.50/$1.00 USD) - 2025/01/14 10:11:56 WET [2025/01/14 5:11:56 ET]
Table 'Hedwig III' 6-max Seat #5 is the button
Seat 2: Juniorasmus ($152.52 in chips) 
Seat 5: chirva007 ($107.69 in chips) 
chirva007: posts small blind $0.50
Juniorasmus: posts big blind $1
*** HOLE CARDS ***
chirva007: folds 
Uncalled bet ($0.50) returned to Juniorasmus
Juniorasmus collected $1 from pot
Juniorasmus: doesn't show hand 
*** SUMMARY ***
Total pot $1 | Rake $0 
Seat 2: Juniorasmus (big blind) collected ($1)
Seat 5: chirva007 (button) (small blind) folded before Flop



PokerStars Hand #254363641521:  Hold'em No Limit ($0.50/$1.00 USD) - 2025/01/14 10:12:01 WET [2025/01/14 5:12:01 ET]
Table 'Hedwig III' 6-max Seat #2 is the button
Seat 2: Juniorasmus ($153.02 in chips) 
Seat 5: chirva007 ($107.19 in chips) 
Juniorasmus: posts small blind $0.50
chirva007: posts big blind $1
*** HOLE CARDS ***
Juniorasmus: folds 
Uncalled bet ($0.50) returned to chirva007
chirva007 collected $1 from pot
chirva007: doesn't show hand 
*** SUMMARY ***
Total pot $1 | Rake $0 
Seat 2: Juniorasmus (button) (small blind) folded before Flop
Seat 5: chirva007 (big blind) collected ($1)



PokerStars Hand #254363642112:  Hold'em No Limit ($0.50/$1.00 USD) - 2025/01/14 10:12:06 WET [2025/01/14 5:12:06 ET]
Table 'Hedwig III' 6-max Seat #5 is the button
Seat 2: Juniorasmus ($152.52 in chips) 
Seat 5: chirva007 ($107.69 in chips) 
chirva007: posts small blind $0.50
Juniorasmus: posts big blind $1
*** HOLE CARDS ***
chirva007: raises $1.50 to $2.50
Juniorasmus: folds 
Uncalled bet ($1.50) returned to chirva007
chirva007 collected $2 from pot
chirva007: doesn't show hand 
*** SUMMARY ***
Total pot $2 | Rake $0 
Seat 2: Juniorasmus (big blind) folded before Flop
Seat 5: chirva007 (button) (small blind) collected ($2)



PokerStars Hand #254363642931:  Hold'em No Limit ($0.50/$1.00 USD) - 2025/01/14 10:12:14 WET [2025/01/14 5:12:14 ET]
Table 'Hedwig III' 6-max Seat #2 is the button
Seat 2: Juniorasmus ($151.52 in chips) 
Seat 5: chirva007 ($108.69 in chips) 
Juniorasmus: posts small blind $0.50
chirva007: posts big blind $1
*** HOLE CARDS ***
Juniorasmus: raises $1.45 to $2.45
chirva007: calls $1.45
*** FLOP *** [Ts 9c 5h]
chirva007: checks 
Juniorasmus: bets $1.49
chirva007: calls $1.49
*** TURN *** [Ts 9c 5h] [Kh]
chirva007: checks 
Juniorasmus: checks 
*** RIVER *** [Ts 9c 5h Kh] [9d]
chirva007: checks 
Juniorasmus: bets $9.36
chirva007: folds 
Uncalled bet ($9.36) returned to Juniorasmus
Juniorasmus collected $7.49 from pot
Juniorasmus: doesn't show hand 
*** SUMMARY ***
Total pot $7.88 | Rake $0.39 
Board [Ts 9c 5h Kh 9d]
Seat 2: Juniorasmus (button) (small blind) collected ($7.49)
Seat 5: chirva007 (big blind) folded on the River



PokerStars Hand #254363646988:  Hold'em No Limit ($0.50/$1.00 USD) - 2025/01/14 10:12:51 WET [2025/01/14 5:12:51 ET]
Table 'Hedwig III' 6-max Seat #5 is the button
Seat 2: Juniorasmus ($155.07 in chips) 
Seat 5: chirva007 ($104.75 in chips) 
chirva007: posts small blind $0.50
Juniorasmus: posts big blind $1
*** HOLE CARDS ***
chirva007: raises $1.50 to $2.50
Juniorasmus: calls $1.50
*** FLOP *** [7c 6s 3s]
Juniorasmus: checks 
chirva007: bets $1.57
Juniorasmus: raises $3.43 to $5
chirva007: calls $3.43
*** TURN *** [7c 6s 3s] [4d]
Juniorasmus: bets $3.42
chirva007: calls $3.42
*** RIVER *** [7c 6s 3s 4d] [Td]
Juniorasmus: checks 
chirva007: checks 
*** SHOW DOWN ***
Juniorasmus: shows [Ac 7s] (a pair of Sevens)
chirva007: shows [Ts Ks] (a pair of Tens)
chirva007 collected $20.84 from pot
*** SUMMARY ***
Total pot $21.84 | Rake $1 
Board [7c 6s 3s 4d Td]
Seat 2: Juniorasmus (big blind) showed [Ac 7s] and lost with a pair of Sevens
Seat 5: chirva007 (button) (small blind) showed [Ts Ks] and won ($20.84) with a pair of Tens



PokerStars Hand #254363651702:  Hold'em No Limit ($0.50/$1.00 USD) - 2025/01/14 10:13:34 WET [2025/01/14 5:13:34 ET]
Table 'Hedwig III' 6-max Seat #2 is the button
Seat 2: Juniorasmus ($144.15 in chips) 
Seat 5: chirva007 ($114.67 in chips) 
Juniorasmus: posts small blind $0.50
chirva007: posts big blind $1
*** HOLE CARDS ***
Juniorasmus: raises $1.45 to $2.45
chirva007: folds 
Uncalled bet ($1.45) returned to Juniorasmus
Juniorasmus collected $2 from pot
Juniorasmus: doesn't show hand 
*** SUMMARY ***
Total pot $2 | Rake $0 
Seat 2: Juniorasmus (button) (small blind) collected ($2)
Seat 5: chirva007 (big blind) folded before Flop



PokerStars Hand #254363652946:  Hold'em No Limit ($0.50/$1.00 USD) - 2025/01/14 10:13:45 WET [2025/01/14 5:13:45 ET]
Table 'Hedwig III' 6-max Seat #5 is the button
Seat 2: Juniorasmus ($145.15 in chips) 
Seat 5: chirva007 ($113.67 in chips) 
chirva007: posts small blind $0.50
Juniorasmus: posts big blind $1
*** HOLE CARDS ***
chirva007: folds 
Uncalled bet ($0.50) returned to Juniorasmus
Juniorasmus collected $1 from pot
Juniorasmus: doesn't show hand 
*** SUMMARY ***
Total pot $1 | Rake $0 
Seat 2: Juniorasmus (big blind) collected ($1)
Seat 5: chirva007 (button) (small blind) folded before Flop



PokerStars Hand #254363653526:  Hold'em No Limit ($0.50/$1.00 USD) - 2025/01/14 10:13:50 WET [2025/01/14 5:13:50 ET]
Table 'Hedwig III' 6-max Seat #2 is the button
Seat 2: Juniorasmus ($145.65 in chips) 
Seat 5: chirva007 ($113.17 in chips) 
Juniorasmus: posts small blind $0.50
chirva007: posts big blind $1
*** HOLE CARDS ***
Juniorasmus: raises $1.45 to $2.45
chirva007: folds 
Uncalled bet ($1.45) returned to Juniorasmus
Juniorasmus collected $2 from pot
Juniorasmus: doesn't show hand 
*** SUMMARY ***
Total pot $2 | Rake $0 
Seat 2: Juniorasmus (button) (small blind) collected ($2)
Seat 5: chirva007 (big blind) folded before Flop



PokerStars Hand #254363654375:  Hold'em No Limit ($0.50/$1.00 USD) - 2025/01/14 10:13:58 WET [2025/01/14 5:13:58 ET]
Table 'Hedwig III' 6-max Seat #5 is the button
Seat 2: Juniorasmus ($146.65 in chips) 
Seat 5: chirva007 ($112.17 in chips) 
chirva007: posts small blind $0.50
Juniorasmus: posts big blind $1
*** HOLE CARDS ***
chirva007: folds 
Uncalled bet ($0.50) returned to Juniorasmus
Juniorasmus collected $1 from pot
Juniorasmus: doesn't show hand 
*** SUMMARY ***
Total pot $1 | Rake $0 
Seat 2: Juniorasmus (big blind) collected ($1)
Seat 5: chirva007 (button) (small blind) folded before Flop



PokerStars Hand #254363654920:  Hold'em No Limit ($0.50/$1.00 USD) - 2025/01/14 10:14:03 WET [2025/01/14 5:14:03 ET]
Table 'Hedwig III' 6-max Seat #2 is the button
Seat 2: Juniorasmus ($147.15 in chips) 
Seat 5: chirva007 ($111.67 in chips) 
Juniorasmus: posts small blind $0.50
chirva007: posts big blind $1
*** HOLE CARDS ***
Juniorasmus: folds 
Uncalled bet ($0.50) returned to chirva007
chirva007 collected $1 from pot
chirva007: doesn't show hand 
*** SUMMARY ***
Total pot $1 | Rake $0 
Seat 2: Juniorasmus (button) (small blind) folded before Flop
Seat 5: chirva007 (big blind) collected ($1)



PokerStars Hand #254363655669:  Hold'em No Limit ($0.50/$1.00 USD) - 2025/01/14 10:14:10 WET [2025/01/14 5:14:10 ET]
Table 'Hedwig III' 6-max Seat #5 is the button
Seat 2: Juniorasmus ($146.65 in chips) 
Seat 5: chirva007 ($112.17 in chips) 
chirva007: posts small blind $0.50
Juniorasmus: posts big blind $1
*** HOLE CARDS ***
chirva007: raises $1.50 to $2.50
Juniorasmus: folds 
Uncalled bet ($1.50) returned to chirva007
chirva007 collected $2 from pot
chirva007: doesn't show hand 
*** SUMMARY ***
Total pot $2 | Rake $0 
Seat 2: Juniorasmus (big blind) folded before Flop
Seat 5: chirva007 (button) (small blind) collected ($2)



PokerStars Hand #254363656798:  Hold'em No Limit ($0.50/$1.00 USD) - 2025/01/14 10:14:20 WET [2025/01/14 5:14:20 ET]
Table 'Hedwig III' 6-max Seat #2 is the button
Seat 2: Juniorasmus ($145.65 in chips) 
Seat 5: chirva007 ($113.17 in chips) 
Juniorasmus: posts small blind $0.50
chirva007: posts big blind $1
*** HOLE CARDS ***
Juniorasmus: folds 
Uncalled bet ($0.50) returned to chirva007
chirva007 collected $1 from pot
chirva007: doesn't show hand 
*** SUMMARY ***
Total pot $1 | Rake $0 
Seat 2: Juniorasmus (button) (small blind) folded before Flop
Seat 5: chirva007 (big blind) collected ($1)



PokerStars Hand #254363657463:  Hold'em No Limit ($0.50/$1.00 USD) - 2025/01/14 10:14:26 WET [2025/01/14 5:14:26 ET]
Table 'Hedwig III' 6-max Seat #5 is the button
Seat 2: Juniorasmus ($145.15 in chips) 
Seat 5: chirva007 ($113.67 in chips) 
chirva007: posts small blind $0.50
Juniorasmus: posts big blind $1
*** HOLE CARDS ***
chirva007: folds 
Uncalled bet ($0.50) returned to Juniorasmus
Juniorasmus collected $1 from pot
Juniorasmus: doesn't show hand 
*** SUMMARY ***
Total pot $1 | Rake $0 
Seat 2: Juniorasmus (big blind) collected ($1)
Seat 5: chirva007 (button) (small blind) folded before Flop



PokerStars Hand #254363658067:  Hold'em No Limit ($0.50/$1.00 USD) - 2025/01/14 10:14:32 WET [2025/01/14 5:14:32 ET]
Table 'Hedwig III' 6-max Seat #2 is the button
Seat 2: Juniorasmus ($145.65 in chips) 
Seat 5: chirva007 ($113.17 in chips) 
Juniorasmus: posts small blind $0.50
chirva007: posts big blind $1
*** HOLE CARDS ***
Juniorasmus: raises $1.45 to $2.45
chirva007: folds 
Uncalled bet ($1.45) returned to Juniorasmus
Juniorasmus collected $2 from pot
Juniorasmus: doesn't show hand 
*** SUMMARY ***
Total pot $2 | Rake $0 
Seat 2: Juniorasmus (button) (small blind) collected ($2)
Seat 5: chirva007 (big blind) folded before Flop



PokerStars Hand #254363658820:  Hold'em No Limit ($0.50/$1.00 USD) - 2025/01/14 10:14:38 WET [2025/01/14 5:14:38 ET]
Table 'Hedwig III' 6-max Seat #5 is the button
Seat 2: Juniorasmus ($146.65 in chips) 
Seat 5: chirva007 ($112.17 in chips) 
chirva007: posts small blind $0.50
Juniorasmus: posts big blind $1
*** HOLE CARDS ***
chirva007: folds 
Uncalled bet ($0.50) returned to Juniorasmus
Juniorasmus collected $1 from pot
Juniorasmus: doesn't show hand 
*** SUMMARY ***
Total pot $1 | Rake $0 
Seat 2: Juniorasmus (big blind) collected ($1)
Seat 5: chirva007 (button) (small blind) folded before Flop



PokerStars Hand #254363659430:  Hold'em No Limit ($0.50/$1.00 USD) - 2025/01/14 10:14:43 WET [2025/01/14 5:14:43 ET]
Table 'Hedwig III' 6-max Seat #2 is the button
Seat 2: Juniorasmus ($147.15 in chips) 
Seat 5: chirva007 ($111.67 in chips) 
Juniorasmus: posts small blind $0.50
chirva007: posts big blind $1
*** HOLE CARDS ***
Juniorasmus: raises $1.45 to $2.45
chirva007: raises $6.55 to $9
Juniorasmus: folds 
Uncalled bet ($6.55) returned to chirva007
chirva007 collected $4.90 from pot
chirva007: doesn't show hand 
*** SUMMARY ***
Total pot $4.90 | Rake $0 
Seat 2: Juniorasmus (button) (small blind) folded before Flop
Seat 5: chirva007 (big blind) collected ($4.90)



PokerStars Hand #254363661056:  Hold'em No Limit ($0.50/$1.00 USD) - 2025/01/14 10:14:58 WET [2025/01/14 5:14:58 ET]
Table 'Hedwig III' 6-max Seat #5 is the button
Seat 2: Juniorasmus ($144.70 in chips) 
Seat 5: chirva007 ($114.12 in chips) 
chirva007: posts small blind $0.50
Juniorasmus: posts big blind $1
*** HOLE CARDS ***
chirva007: folds 
Uncalled bet ($0.50) returned to Juniorasmus
Juniorasmus collected $1 from pot
Juniorasmus: doesn't show hand 
*** SUMMARY ***
Total pot $1 | Rake $0 
Seat 2: Juniorasmus (big blind) collected ($1)
Seat 5: chirva007 (button) (small blind) folded before Flop



PokerStars Hand #254363661603:  Hold'em No Limit ($0.50/$1.00 USD) - 2025/01/14 10:15:03 WET [2025/01/14 5:15:03 ET]
Table 'Hedwig III' 6-max Seat #2 is the button
Seat 2: Juniorasmus ($145.20 in chips) 
Seat 5: chirva007 ($113.62 in chips) 
Juniorasmus: posts small blind $0.50
chirva007: posts big blind $1
*** HOLE CARDS ***
Juniorasmus: raises $1.45 to $2.45
chirva007: folds 
Uncalled bet ($1.45) returned to Juniorasmus
Juniorasmus collected $2 from pot
Juniorasmus: doesn't show hand 
*** SUMMARY ***
Total pot $2 | Rake $0 
Seat 2: Juniorasmus (button) (small blind) collected ($2)
Seat 5: chirva007 (big blind) folded before Flop



PokerStars Hand #254363662393:  Hold'em No Limit ($0.50/$1.00 USD) - 2025/01/14 10:15:10 WET [2025/01/14 5:15:10 ET]
Table 'Hedwig III' 6-max Seat #5 is the button
Seat 2: Juniorasmus ($146.20 in chips) 
Seat 5: chirva007 ($112.62 in chips) 
chirva007: posts small blind $0.50
Juniorasmus: posts big blind $1
*** HOLE CARDS ***
chirva007: raises $1.50 to $2.50
Juniorasmus: folds 
Uncalled bet ($1.50) returned to chirva007
chirva007 collected $2 from pot
chirva007: doesn't show hand 
*** SUMMARY ***
Total pot $2 | Rake $0 
Seat 2: Juniorasmus (big blind) folded before Flop
Seat 5: chirva007 (button) (small blind) collected ($2)



PokerStars Hand #254363663344:  Hold'em No Limit ($0.50/$1.00 USD) - 2025/01/14 10:15:19 WET [2025/01/14 5:15:19 ET]
Table 'Hedwig III' 6-max Seat #2 is the button
Seat 2: Juniorasmus ($145.20 in chips) 
Seat 5: chirva007 ($113.62 in chips) 
Juniorasmus: posts small blind $0.50
chirva007: posts big blind $1
*** HOLE CARDS ***
Juniorasmus: raises $1.45 to $2.45
chirva007: folds 
Uncalled bet ($1.45) returned to Juniorasmus
Juniorasmus collected $2 from pot
Juniorasmus: doesn't show hand 
*** SUMMARY ***
Total pot $2 | Rake $0 
Seat 2: Juniorasmus (button) (small blind) collected ($2)
Seat 5: chirva007 (big blind) folded before Flop



PokerStars Hand #254363664139:  Hold'em No Limit ($0.50/$1.00 USD) - 2025/01/14 10:15:26 WET [2025/01/14 5:15:26 ET]
Table 'Hedwig III' 6-max Seat #5 is the button
Seat 2: Juniorasmus ($146.20 in chips) 
Seat 5: chirva007 ($112.62 in chips) 
chirva007: posts small blind $0.50
Juniorasmus: posts big blind $1
*** HOLE CARDS ***
chirva007: folds 
Uncalled bet ($0.50) returned to Juniorasmus
Juniorasmus collected $1 from pot
Juniorasmus: doesn't show hand 
*** SUMMARY ***
Total pot $1 | Rake $0 
Seat 2: Juniorasmus (big blind) collected ($1)
Seat 5: chirva007 (button) (small blind) folded before Flop



PokerStars Hand #254363664716:  Hold'em No Limit ($0.50/$1.00 USD) - 2025/01/14 10:15:31 WET [2025/01/14 5:15:31 ET]
Table 'Hedwig III' 6-max Seat #2 is the button
Seat 2: Juniorasmus ($146.70 in chips) 
Seat 5: chirva007 ($112.12 in chips) 
Juniorasmus: posts small blind $0.50
chirva007: posts big blind $1
*** HOLE CARDS ***
Juniorasmus: raises $1.45 to $2.45
chirva007: raises $6.55 to $9
Juniorasmus: folds 
Uncalled bet ($6.55) returned to chirva007
chirva007 collected $4.90 from pot
chirva007: doesn't show hand 
*** SUMMARY ***
Total pot $4.90 | Rake $0 
Seat 2: Juniorasmus (button) (small blind) folded before Flop
Seat 5: chirva007 (big blind) collected ($4.90)



PokerStars Hand #254363666190:  Hold'em No Limit ($0.50/$1.00 USD) - 2025/01/14 10:15:44 WET [2025/01/14 5:15:44 ET]
Table 'Hedwig III' 6-max Seat #5 is the button
Seat 2: Juniorasmus ($144.25 in chips) 
Seat 5: chirva007 ($114.57 in chips) 
chirva007: posts small blind $0.50
Juniorasmus: posts big blind $1
*** HOLE CARDS ***
chirva007: raises $1.50 to $2.50
Juniorasmus: raises $7.50 to $10
chirva007: calls $7.50
*** FLOP *** [8s 4d Jd]
Juniorasmus: checks 
chirva007: checks 
*** TURN *** [8s 4d Jd] [7s]
Juniorasmus: bets $12.16
chirva007: folds 
Uncalled bet ($12.16) returned to Juniorasmus
Juniorasmus collected $19 from pot
Juniorasmus: doesn't show hand 
*** SUMMARY ***
Total pot $20 | Rake $1 
Board [8s 4d Jd 7s]
Seat 2: Juniorasmus (big blind) collected ($19)
Seat 5: chirva007 (button) (small blind) folded on the Turn



PokerStars Hand #254363669407:  Hold'em No Limit ($0.50/$1.00 USD) - 2025/01/14 10:16:13 WET [2025/01/14 5:16:13 ET]
Table 'Hedwig III' 6-max Seat #2 is the button
Seat 2: Juniorasmus ($153.25 in chips) 
Seat 5: chirva007 ($104.57 in chips) 
Juniorasmus: posts small blind $0.50
chirva007: posts big blind $1
*** HOLE CARDS ***
Juniorasmus: raises $1.45 to $2.45
chirva007: calls $1.45
*** FLOP *** [Jh 7s 9s]
chirva007: checks 
Juniorasmus: bets $1.49
chirva007: folds 
Uncalled bet ($1.49) returned to Juniorasmus
Juniorasmus collected $4.66 from pot
Juniorasmus: doesn't show hand 
*** SUMMARY ***
Total pot $4.90 | Rake $0.24 
Board [Jh 7s 9s]
Seat 2: Juniorasmus (button) (small blind) collected ($4.66)
Seat 5: chirva007 (big blind) folded on the Flop



PokerStars Hand #254363670758:  Hold'em No Limit ($0.50/$1.00 USD) - 2025/01/14 10:16:24 WET [2025/01/14 5:16:24 ET]
Table 'Hedwig III' 6-max Seat #5 is the button
Seat 2: Juniorasmus ($155.46 in chips) 
Seat 5: chirva007 ($102.12 in chips) 
chirva007: posts small blind $0.50
Juniorasmus: posts big blind $1
*** HOLE CARDS ***
chirva007: raises $1.50 to $2.50
Juniorasmus: folds 
Uncalled bet ($1.50) returned to chirva007
chirva007 collected $2 from pot
chirva007: doesn't show hand 
*** SUMMARY ***
Total pot $2 | Rake $0 
Seat 2: Juniorasmus (big blind) folded before Flop
Seat 5: chirva007 (button) (small blind) collected ($2)



PokerStars Hand #254363672100:  Hold'em No Limit ($0.50/$1.00 USD) - 2025/01/14 10:16:36 WET [2025/01/14 5:16:36 ET]
Table 'Hedwig III' 6-max Seat #2 is the button
Seat 2: Juniorasmus ($154.46 in chips) 
Seat 5: chirva007 ($103.12 in chips) 
Juniorasmus: posts small blind $0.50
chirva007: posts big blind $1
*** HOLE CARDS ***
Juniorasmus: raises $1.45 to $2.45
chirva007: folds 
Uncalled bet ($1.45) returned to Juniorasmus
Juniorasmus collected $2 from pot
Juniorasmus: doesn't show hand 
*** SUMMARY ***
Total pot $2 | Rake $0 
Seat 2: Juniorasmus (button) (small blind) collected ($2)
Seat 5: chirva007 (big blind) folded before Flop



PokerStars Hand #254363673176:  Hold'em No Limit ($0.50/$1.00 USD) - 2025/01/14 10:16:46 WET [2025/01/14 5:16:46 ET]
Table 'Hedwig III' 6-max Seat #5 is the button
Seat 2: Juniorasmus ($155.46 in chips) 
Seat 5: chirva007 ($102.12 in chips) 
chirva007: posts small blind $0.50
Juniorasmus: posts big blind $1
*** HOLE CARDS ***
chirva007: raises $1.50 to $2.50
Juniorasmus: calls $1.50
*** FLOP *** [Qd Jh 9c]
Juniorasmus: checks 
chirva007: checks 
*** TURN *** [Qd Jh 9c] [2s]
Juniorasmus: checks 
chirva007: bets $2.38
Juniorasmus: calls $2.38
*** RIVER *** [Qd Jh 9c 2s] [3d]
Juniorasmus: checks 
chirva007: bets $4.64
Juniorasmus: calls $4.64
*** SHOW DOWN ***
chirva007: shows [Qs 7c] (a pair of Queens)
Juniorasmus: mucks hand 
chirva007 collected $18.09 from pot
*** SUMMARY ***
Total pot $19.04 | Rake $0.95 
Board [Qd Jh 9c 2s 3d]
Seat 2: Juniorasmus (big blind) mucked
Seat 5: chirva007 (button) (small blind) showed [Qs 7c] and won ($18.09) with a pair of Queens



PokerStars Hand #254363675816:  Hold'em No Limit ($0.50/$1.00 USD) - 2025/01/14 10:17:09 WET [2025/01/14 5:17:09 ET]
Table 'Hedwig III' 6-max Seat #2 is the button
Seat 2: Juniorasmus ($145.94 in chips) 
Seat 5: chirva007 ($110.69 in chips) 
Juniorasmus: posts small blind $0.50
chirva007: posts big blind $1
*** HOLE CARDS ***
Juniorasmus: raises $1.45 to $2.45
chirva007: folds 
Uncalled bet ($1.45) returned to Juniorasmus
Juniorasmus collected $2 from pot
Juniorasmus: doesn't show hand 
*** SUMMARY ***
Total pot $2 | Rake $0 
Seat 2: Juniorasmus (button) (small blind) collected ($2)
Seat 5: chirva007 (big blind) folded before Flop



PokerStars Hand #254363676569:  Hold'em No Limit ($0.50/$1.00 USD) - 2025/01/14 10:17:16 WET [2025/01/14 5:17:16 ET]
Table 'Hedwig III' 6-max Seat #5 is the button
Seat 2: Juniorasmus ($146.94 in chips) 
Seat 5: chirva007 ($109.69 in chips) 
chirva007: posts small blind $0.50
Juniorasmus: posts big blind $1
*** HOLE CARDS ***
chirva007: folds 
Uncalled bet ($0.50) returned to Juniorasmus
Juniorasmus collected $1 from pot
Juniorasmus: doesn't show hand 
*** SUMMARY ***
Total pot $1 | Rake $0 
Seat 2: Juniorasmus (big blind) collected ($1)
Seat 5: chirva007 (button) (small blind) folded before Flop



PokerStars Hand #254363677181:  Hold'em No Limit ($0.50/$1.00 USD) - 2025/01/14 10:17:21 WET [2025/01/14 5:17:21 ET]
Table 'Hedwig III' 6-max Seat #2 is the button
Seat 2: Juniorasmus ($147.44 in chips) 
Seat 5: chirva007 ($109.19 in chips) 
Juniorasmus: posts small blind $0.50
chirva007: posts big blind $1
*** HOLE CARDS ***
Juniorasmus: raises $1.45 to $2.45
chirva007: folds 
Uncalled bet ($1.45) returned to Juniorasmus
Juniorasmus collected $2 from pot
Juniorasmus: doesn't show hand 
*** SUMMARY ***
Total pot $2 | Rake $0 
Seat 2: Juniorasmus (button) (small blind) collected ($2)
Seat 5: chirva007 (big blind) folded before Flop



PokerStars Hand #254364017866:  Hold'em No Limit ($0.50/$1.00 USD) - 2025/01/14 11:07:00 WET [2025/01/14 6:07:00 ET]
Table 'Hedwig III' 6-max Seat #5 is the button
Seat 1: gudrozd ($100 in chips) 
Seat 2: ponchua ($107.79 in chips) 
Seat 3: MaRKiToScoK ($120.51 in chips) 
Seat 4: blistein ($100 in chips) 
Seat 5: Pippa83 ($103.70 in chips) 
Seat 6: m1lkdud ($99 in chips) 
m1lkdud: posts small blind $0.50
gudrozd: posts big blind $1
*** HOLE CARDS ***
ponchua: folds 
MaRKiToScoK: raises $1.10 to $2.10
blistein: folds 
Pippa83: folds 
m1lkdud: folds 
gudrozd: folds 
Uncalled bet ($1.10) returned to MaRKiToScoK
MaRKiToScoK collected $2.50 from pot
*** SUMMARY ***
Total pot $2.50 | Rake $0 
Seat 1: gudrozd (big blind) folded before Flop
Seat 2: ponchua folded before Flop (didn't bet)
Seat 3: MaRKiToScoK collected ($2.50)
Seat 4: blistein folded before Flop (didn't bet)
Seat 5: Pippa83 (button) folded before Flop (didn't bet)
Seat 6: m1lkdud (small blind) folded before Flop



PokerStars Hand #254364020742:  Hold'em No Limit ($0.50/$1.00 USD) - 2025/01/14 11:07:24 WET [2025/01/14 6:07:24 ET]
Table 'Hedwig III' 6-max Seat #6 is the button
Seat 1: gudrozd ($100 in chips) 
Seat 2: ponchua ($107.79 in chips) 
Seat 3: MaRKiToScoK ($122.01 in chips) 
Seat 4: blistein ($100 in chips) 
Seat 5: Pippa83 ($103.70 in chips) 
Seat 6: m1lkdud ($98.50 in chips) 
gudrozd: posts small blind $0.50
ponchua: posts big blind $1
*** HOLE CARDS ***
MaRKiToScoK: folds 
blistein: folds 
Pippa83: folds 
m1lkdud: raises $2.50 to $3.50
gudrozd: folds 
ponchua: folds 
Uncalled bet ($2.50) returned to m1lkdud
m1lkdud collected $2.50 from pot
*** SUMMARY ***
Total pot $2.50 | Rake $0 
Seat 1: gudrozd (small blind) folded before Flop
Seat 2: ponchua (big blind) folded before Flop
Seat 3: MaRKiToScoK folded before Flop (didn't bet)
Seat 4: blistein folded before Flop (didn't bet)
Seat 5: Pippa83 folded before Flop (didn't bet)
Seat 6: m1lkdud (button) collected ($2.50)



PokerStars Hand #254364024706:  Hold'em No Limit ($0.50/$1.00 USD) - 2025/01/14 11:07:58 WET [2025/01/14 6:07:58 ET]
Table 'Hedwig III' 6-max Seat #1 is the button
Seat 1: gudrozd ($100 in chips) 
Seat 2: ponchua ($106.79 in chips) 
Seat 3: MaRKiToScoK ($122.01 in chips) 
Seat 4: blistein ($100 in chips) 
Seat 5: Pippa83 ($103.70 in chips) 
Seat 6: m1lkdud ($100 in chips) 
ponchua: posts small blind $0.50
MaRKiToScoK: posts big blind $1
*** HOLE CARDS ***
blistein: raises $1.20 to $2.20
Pippa83: folds 
m1lkdud: folds 
gudrozd: folds 
ponchua: folds 
MaRKiToScoK: folds 
Uncalled bet ($1.20) returned to blistein
blistein collected $2.50 from pot
blistein: doesn't show hand 
*** SUMMARY ***
Total pot $2.50 | Rake $0 
Seat 1: gudrozd (button) folded before Flop (didn't bet)
Seat 2: ponchua (small blind) folded before Flop
Seat 3: MaRKiToScoK (big blind) folded before Flop
Seat 4: blistein collected ($2.50)
Seat 5: Pippa83 folded before Flop (didn't bet)
Seat 6: m1lkdud folded before Flop (didn't bet)



PokerStars Hand #254364028119:  Hold'em No Limit ($0.50/$1.00 USD) - 2025/01/14 11:08:27 WET [2025/01/14 6:08:27 ET]
Table 'Hedwig III' 6-max Seat #2 is the button
Seat 1: gudrozd ($100 in chips) 
Seat 2: ponchua ($106.29 in chips) 
Seat 3: MaRKiToScoK ($121.01 in chips) 
Seat 4: blistein ($101.50 in chips) 
Seat 5: Pippa83 ($103.70 in chips) 
Seat 6: m1lkdud ($100 in chips) 
MaRKiToScoK: posts small blind $0.50
blistein: posts big blind $1
*** HOLE CARDS ***
Pippa83: raises $1.20 to $2.20
m1lkdud: folds 
gudrozd: folds 
ponchua: folds 
MaRKiToScoK: folds 
blistein: folds 
Uncalled bet ($1.20) returned to Pippa83
Pippa83 collected $2.50 from pot
Pippa83: doesn't show hand 
*** SUMMARY ***
Total pot $2.50 | Rake $0 
Seat 1: gudrozd folded before Flop (didn't bet)
Seat 2: ponchua (button) folded before Flop (didn't bet)
Seat 3: MaRKiToScoK (small blind) folded before Flop
Seat 4: blistein (big blind) folded before Flop
Seat 5: Pippa83 collected ($2.50)
Seat 6: m1lkdud folded before Flop (didn't bet)



PokerStars Hand #254364031075:  Hold'em No Limit ($0.50/$1.00 USD) - 2025/01/14 11:08:51 WET [2025/01/14 6:08:51 ET]
Table 'Hedwig III' 6-max Seat #3 is the button
Seat 1: gudrozd ($100 in chips) 
Seat 2: ponchua ($106.29 in chips) 
Seat 3: MaRKiToScoK ($120.51 in chips) 
Seat 4: blistein ($100.50 in chips) 
Seat 5: Pippa83 ($105.20 in chips) 
Seat 6: m1lkdud ($100 in chips) 
blistein: posts small blind $0.50
Pippa83: posts big blind $1
*** HOLE CARDS ***
m1lkdud: raises $2.50 to $3.50
gudrozd: folds 
ponchua: folds 
MaRKiToScoK: folds 
blistein: folds 
Pippa83: folds 
Uncalled bet ($2.50) returned to m1lkdud
m1lkdud collected $2.50 from pot
*** SUMMARY ***
Total pot $2.50 | Rake $0 
Seat 1: gudrozd folded before Flop (didn't bet)
Seat 2: ponchua folded before Flop (didn't bet)
Seat 3: MaRKiToScoK (button) folded before Flop (didn't bet)
Seat 4: blistein (small blind) folded before Flop
Seat 5: Pippa83 (big blind) folded before Flop
Seat 6: m1lkdud collected ($2.50)



PokerStars Hand #254364035553:  Hold'em No Limit ($0.50/$1.00 USD) - 2025/01/14 11:09:29 WET [2025/01/14 6:09:29 ET]
Table 'Hedwig III' 6-max Seat #4 is the button
Seat 1: gudrozd ($100 in chips) 
Seat 2: ponchua ($106.29 in chips) 
Seat 3: MaRKiToScoK ($120.51 in chips) 
Seat 4: blistein ($100 in chips) 
Seat 5: Pippa83 ($104.20 in chips) 
Seat 6: m1lkdud ($101.50 in chips) 
Pippa83: posts small blind $0.50
m1lkdud: posts big blind $1
*** HOLE CARDS ***
gudrozd: folds 
ponchua: folds 
MaRKiToScoK: folds 
blistein: folds 
Pippa83: raises $2 to $3
m1lkdud: folds 
Uncalled bet ($2) returned to Pippa83
Pippa83 collected $2 from pot
Pippa83: doesn't show hand 
*** SUMMARY ***
Total pot $2 | Rake $0 
Seat 1: gudrozd folded before Flop (didn't bet)
Seat 2: ponchua folded before Flop (didn't bet)
Seat 3: MaRKiToScoK folded before Flop (didn't bet)
Seat 4: blistein (button) folded before Flop (didn't bet)
Seat 5: Pippa83 (small blind) collected ($2)
Seat 6: m1lkdud (big blind) folded before Flop



PokerStars Hand #254364037277:  Hold'em No Limit ($0.50/$1.00 USD) - 2025/01/14 11:09:43 WET [2025/01/14 6:09:43 ET]
Table 'Hedwig III' 6-max Seat #6 is the button
Seat 5: Pippa83 ($105.20 in chips) is sitting out
Seat 1: gudrozd ($100 in chips) 
Seat 2: ponchua ($106.29 in chips) 
Seat 3: MaRKiToScoK ($120.51 in chips) 
Seat 4: blistein ($100 in chips) 
Seat 6: m1lkdud ($100.50 in chips) 
gudrozd: posts small blind $0.50
ponchua: posts big blind $1
*** HOLE CARDS ***
MaRKiToScoK: folds 
blistein: raises $1.30 to $2.30
m1lkdud: folds 
gudrozd: raises $9.70 to $12
ponchua: folds 
blistein: folds 
Uncalled bet ($9.70) returned to gudrozd
gudrozd collected $5.60 from pot
gudrozd: doesn't show hand 
*** SUMMARY ***
Total pot $5.60 | Rake $0 
Seat 5: Pippa83
Seat 1: gudrozd (small blind) collected ($5.60)
Seat 2: ponchua (big blind) folded before Flop
Seat 3: MaRKiToScoK folded before Flop (didn't bet)
Seat 4: blistein folded before Flop
Seat 6: m1lkdud (button) folded before Flop (didn't bet)



PokerStars Hand #254364040675:  Hold'em No Limit ($0.50/$1.00 USD) - 2025/01/14 11:10:12 WET [2025/01/14 6:10:12 ET]
Table 'Hedwig III' 6-max Seat #1 is the button
Seat 3: MaRKiToScoK ($120.51 in chips) is sitting out
Seat 4: blistein ($100 in chips) is sitting out
Seat 5: Pippa83 ($105.20 in chips) is sitting out
Seat 1: gudrozd ($103.30 in chips) 
Seat 2: ponchua ($105.29 in chips) 
Seat 6: m1lkdud ($100.50 in chips) 
ponchua: posts small blind $0.50
MaRKiToScoK: is sitting out 
blistein: is sitting out 
m1lkdud: posts big blind $1
*** HOLE CARDS ***
blistein leaves the table
gudrozd: raises $1.50 to $2.50
ponchua: folds 
m1lkdud: folds 
Uncalled bet ($1.50) returned to gudrozd
gudrozd collected $2.50 from pot
gudrozd: doesn't show hand 
*** SUMMARY ***
Total pot $2.50 | Rake $0 
Seat 3: MaRKiToScoK
Seat 4: blistein
Seat 5: Pippa83
Seat 1: gudrozd (button) collected ($2.50)
Seat 2: ponchua (small blind) folded before Flop
Seat 6: m1lkdud (big blind) folded before Flop



PokerStars Hand #254364042487:  Hold'em No Limit ($0.50/$1.00 USD) - 2025/01/14 11:10:27 WET [2025/01/14 6:10:27 ET]
Table 'Hedwig III' 6-max Seat #2 is the button
Seat 3: MaRKiToScoK ($120.51 in chips) is sitting out
Seat 5: Pippa83 ($105.20 in chips) is sitting out
Seat 1: gudrozd ($104.80 in chips) 
Seat 2: ponchua ($104.79 in chips) 
Seat 6: m1lkdud ($99.50 in chips) 
m1lkdud: posts small blind $0.50
gudrozd: posts big blind $1
*** HOLE CARDS ***
Pon4uk.ua joins the table at seat #4 
ponchua: folds 
m1lkdud: folds 
Uncalled bet ($0.50) returned to gudrozd
gudrozd collected $1 from pot
gudrozd: doesn't show hand 
*** SUMMARY ***
Total pot $1 | Rake $0 
Seat 3: MaRKiToScoK
Seat 5: Pippa83
Seat 1: gudrozd (big blind) collected ($1)
Seat 2: ponchua (button) folded before Flop (didn't bet)
Seat 6: m1lkdud (small blind) folded before Flop



PokerStars Hand #254364043920:  Hold'em No Limit ($0.50/$1.00 USD) - 2025/01/14 11:10:40 WET [2025/01/14 6:10:40 ET]
Table 'Hedwig III' 6-max Seat #6 is the button
Seat 3: MaRKiToScoK ($120.51 in chips) is sitting out
Seat 4: Pon4uk.ua ($100 in chips) is sitting out
Seat 5: Pippa83 ($105.20 in chips) is sitting out
Seat 1: gudrozd ($105.30 in chips) 
Seat 2: ponchua ($104.79 in chips) 
Seat 6: m1lkdud ($99 in chips) 
gudrozd: posts small blind $0.50
ponchua: posts big blind $1
Pon4uk.ua: sits out 
*** HOLE CARDS ***
m1lkdud: folds 
gudrozd: folds 
Uncalled bet ($0.50) returned to ponchua
ponchua collected $1 from pot
ponchua: doesn't show hand 
*** SUMMARY ***
Total pot $1 | Rake $0 
Seat 3: MaRKiToScoK
Seat 4: Pon4uk.ua
Seat 5: Pippa83
Seat 1: gudrozd (small blind) folded before Flop
Seat 2: ponchua (big blind) collected ($1)
Seat 6: m1lkdud (button) folded before Flop (didn't bet)



PokerStars Hand #254364044877:  Hold'em No Limit ($0.50/$1.00 USD) - 2025/01/14 11:10:47 WET [2025/01/14 6:10:47 ET]
Table 'Hedwig III' 6-max Seat #1 is the button
Seat 3: MaRKiToScoK ($120.51 in chips) is sitting out
Seat 5: Pippa83 ($105.20 in chips) is sitting out
Seat 1: gudrozd ($104.80 in chips) 
Seat 2: ponchua ($105.29 in chips) 
Seat 4: Pon4uk.ua ($100 in chips) 
Seat 6: m1lkdud ($99 in chips) 
ponchua: posts small blind $0.50
Pon4uk.ua: posts big blind $1
*** HOLE CARDS ***
m1lkdud: raises $2.50 to $3.50
gudrozd: folds 
ponchua: folds 
Pon4uk.ua: folds 
Uncalled bet ($2.50) returned to m1lkdud
m1lkdud collected $2.50 from pot
*** SUMMARY ***
Total pot $2.50 | Rake $0 
Seat 3: MaRKiToScoK
Seat 5: Pippa83
Seat 1: gudrozd (button) folded before Flop (didn't bet)
Seat 2: ponchua (small blind) folded before Flop
Seat 4: Pon4uk.ua (big blind) folded before Flop
Seat 6: m1lkdud collected ($2.50)



PokerStars Hand #254364047251:  Hold'em No Limit ($0.50/$1.00 USD) - 2025/01/14 11:11:08 WET [2025/01/14 6:11:08 ET]
Table 'Hedwig III' 6-max Seat #2 is the button
Seat 3: MaRKiToScoK ($120.51 in chips) is sitting out
Seat 1: gudrozd ($104.80 in chips) 
Seat 2: ponchua ($104.79 in chips) 
Seat 4: Pon4uk.ua ($100 in chips) 
Seat 5: Pippa83 ($105.20 in chips) 
Seat 6: m1lkdud ($100.50 in chips) 
Pon4uk.ua: posts small blind $0.50
Pippa83: posts big blind $1
*** HOLE CARDS ***
m1lkdud: folds 
gudrozd: folds 
ponchua: raises $1.50 to $2.50
Pon4uk.ua: folds 
Pippa83: folds 
Uncalled bet ($1.50) returned to ponchua
ponchua collected $2.50 from pot
ponchua: doesn't show hand 
*** SUMMARY ***
Total pot $2.50 | Rake $0 
Seat 3: MaRKiToScoK
Seat 1: gudrozd folded before Flop (didn't bet)
Seat 2: ponchua (button) collected ($2.50)
Seat 4: Pon4uk.ua (small blind) folded before Flop
Seat 5: Pippa83 (big blind) folded before Flop
Seat 6: m1lkdud folded before Flop (didn't bet)



PokerStars Hand #254364049510:  Hold'em No Limit ($0.50/$1.00 USD) - 2025/01/14 11:11:26 WET [2025/01/14 6:11:26 ET]
Table 'Hedwig III' 6-max Seat #4 is the button
Seat 3: MaRKiToScoK ($120.51 in chips) is sitting out
Seat 1: gudrozd ($104.80 in chips) 
Seat 2: ponchua ($106.29 in chips) 
Seat 4: Pon4uk.ua ($100 in chips) 
Seat 5: Pippa83 ($104.20 in chips) 
Seat 6: m1lkdud ($100.50 in chips) 
Pippa83: posts small blind $0.50
m1lkdud: posts big blind $1
*** HOLE CARDS ***
gudrozd: raises $1.50 to $2.50
ponchua: folds 
Pon4uk.ua: folds 
Pippa83: folds 
m1lkdud: folds 
Uncalled bet ($1.50) returned to gudrozd
gudrozd collected $2.50 from pot
gudrozd: doesn't show hand 
*** SUMMARY ***
Total pot $2.50 | Rake $0 
Seat 3: MaRKiToScoK
Seat 1: gudrozd collected ($2.50)
Seat 2: ponchua folded before Flop (didn't bet)
Seat 4: Pon4uk.ua (button) folded before Flop (didn't bet)
Seat 5: Pippa83 (small blind) folded before Flop
Seat 6: m1lkdud (big blind) folded before Flop



PokerStars Hand #254364051288:  Hold'em No Limit ($0.50/$1.00 USD) - 2025/01/14 11:11:41 WET [2025/01/14 6:11:41 ET]
Table 'Hedwig III' 6-max Seat #5 is the button
Seat 3: MaRKiToScoK ($120.51 in chips) is sitting out
Seat 1: gudrozd ($106.30 in chips) 
Seat 2: ponchua ($106.29 in chips) 
Seat 4: Pon4uk.ua ($100 in chips) 
Seat 5: Pippa83 ($103.70 in chips) 
Seat 6: m1lkdud ($99.50 in chips) 
m1lkdud: posts small blind $0.50
gudrozd: posts big blind $1
*** HOLE CARDS ***
ponchua: raises $1.50 to $2.50
Pon4uk.ua: folds 
Pippa83: folds 
m1lkdud: folds 
gudrozd: folds 
Uncalled bet ($1.50) returned to ponchua
ponchua collected $2.50 from pot
ponchua: doesn't show hand 
*** SUMMARY ***
Total pot $2.50 | Rake $0 
Seat 3: MaRKiToScoK
Seat 1: gudrozd (big blind) folded before Flop
Seat 2: ponchua collected ($2.50)
Seat 4: Pon4uk.ua folded before Flop (didn't bet)
Seat 5: Pippa83 (button) folded before Flop (didn't bet)
Seat 6: m1lkdud (small blind) folded before Flop



PokerStars Hand #254364053041:  Hold'em No Limit ($0.50/$1.00 USD) - 2025/01/14 11:11:56 WET [2025/01/14 6:11:56 ET]
Table 'Hedwig III' 6-max Seat #6 is the button
Seat 3: MaRKiToScoK ($120.51 in chips) is sitting out
Seat 1: gudrozd ($105.30 in chips) 
Seat 2: ponchua ($107.79 in chips) 
Seat 4: Pon4uk.ua ($100 in chips) 
Seat 5: Pippa83 ($103.70 in chips) 
Seat 6: m1lkdud ($99 in chips) 
gudrozd: posts small blind $0.50
ponchua: posts big blind $1
*** HOLE CARDS ***
Pon4uk.ua: folds 
Pippa83: folds 
m1lkdud: raises $2.50 to $3.50
gudrozd: folds 
ponchua: calls $2.50
*** FLOP *** [Kd 6h 2s]
ponchua: checks 
m1lkdud: bets $3.56
ponchua: folds 
Uncalled bet ($3.56) returned to m1lkdud
m1lkdud collected $7.12 from pot
*** SUMMARY ***
Total pot $7.50 | Rake $0.38 
Board [Kd 6h 2s]
Seat 3: MaRKiToScoK
Seat 1: gudrozd (small blind) folded before Flop
Seat 2: ponchua (big blind) folded on the Flop
Seat 4: Pon4uk.ua folded before Flop (didn't bet)
Seat 5: Pippa83 folded before Flop (didn't bet)
Seat 6: m1lkdud (button) collected ($7.12)



PokerStars Hand #254364058977:  Hold'em No Limit ($0.50/$1.00 USD) - 2025/01/14 11:12:44 WET [2025/01/14 6:12:44 ET]
Table 'Hedwig III' 6-max Seat #1 is the button
Seat 3: MaRKiToScoK ($120.51 in chips) is sitting out
Seat 1: gudrozd ($104.80 in chips) 
Seat 2: ponchua ($104.29 in chips) 
Seat 4: Pon4uk.ua ($100 in chips) 
Seat 5: Pippa83 ($103.70 in chips) 
Seat 6: m1lkdud ($102.62 in chips) 
ponchua: posts small blind $0.50
Pon4uk.ua: posts big blind $1
*** HOLE CARDS ***
Pippa83: folds 
m1lkdud: folds 
gudrozd: raises $1.50 to $2.50
ponchua: folds 
Pon4uk.ua: folds 
Uncalled bet ($1.50) returned to gudrozd
gudrozd collected $2.50 from pot
gudrozd: doesn't show hand 
*** SUMMARY ***
Total pot $2.50 | Rake $0 
Seat 3: MaRKiToScoK
Seat 1: gudrozd (button) collected ($2.50)
Seat 2: ponchua (small blind) folded before Flop
Seat 4: Pon4uk.ua (big blind) folded before Flop
Seat 5: Pippa83 folded before Flop (didn't bet)
Seat 6: m1lkdud folded before Flop (didn't bet)



PokerStars Hand #254364060733:  Hold'em No Limit ($0.50/$1.00 USD) - 2025/01/14 11:12:58 WET [2025/01/14 6:12:58 ET]
Table 'Hedwig III' 6-max Seat #2 is the button
Seat 3: MaRKiToScoK ($120.51 in chips) is sitting out
Seat 1: gudrozd ($106.30 in chips) 
Seat 2: ponchua ($103.79 in chips) 
Seat 4: Pon4uk.ua ($100 in chips) 
Seat 5: Pippa83 ($103.70 in chips) 
Seat 6: m1lkdud ($102.62 in chips) 
Pon4uk.ua: posts small blind $0.50
Pippa83: posts big blind $1
*** HOLE CARDS ***
m1lkdud: folds 
gudrozd: folds 
ponchua: folds 
Pon4uk.ua: folds 
Uncalled bet ($0.50) returned to Pippa83
Pippa83 collected $1 from pot
Pippa83: doesn't show hand 
*** SUMMARY ***
Total pot $1 | Rake $0 
Seat 3: MaRKiToScoK
Seat 1: gudrozd folded before Flop (didn't bet)
Seat 2: ponchua (button) folded before Flop (didn't bet)
Seat 4: Pon4uk.ua (small blind) folded before Flop
Seat 5: Pippa83 (big blind) collected ($1)
Seat 6: m1lkdud folded before Flop (didn't bet)



PokerStars Hand #254364063111:  Hold'em No Limit ($0.50/$1.00 USD) - 2025/01/14 11:13:18 WET [2025/01/14 6:13:18 ET]
Table 'Hedwig III' 6-max Seat #4 is the button
Seat 3: MaRKiToScoK ($120.51 in chips) is sitting out
Seat 1: gudrozd ($106.30 in chips) 
Seat 2: ponchua ($103.79 in chips) 
Seat 4: Pon4uk.ua ($100 in chips) 
Seat 5: Pippa83 ($104.20 in chips) 
Seat 6: m1lkdud ($102.62 in chips) 
Pippa83: posts small blind $0.50
m1lkdud: posts big blind $1
*** HOLE CARDS ***
gudrozd: raises $1.50 to $2.50
ponchua: folds 
Pon4uk.ua: folds 
Pippa83: folds 
m1lkdud: folds 
Uncalled bet ($1.50) returned to gudrozd
gudrozd collected $2.50 from pot
gudrozd: doesn't show hand 
*** SUMMARY ***
Total pot $2.50 | Rake $0 
Seat 3: MaRKiToScoK
Seat 1: gudrozd collected ($2.50)
Seat 2: ponchua folded before Flop (didn't bet)
Seat 4: Pon4uk.ua (button) folded before Flop (didn't bet)
Seat 5: Pippa83 (small blind) folded before Flop
Seat 6: m1lkdud (big blind) folded before Flop



PokerStars Hand #254364065950:  Hold'em No Limit ($0.50/$1.00 USD) - 2025/01/14 11:13:42 WET [2025/01/14 6:13:42 ET]
Table 'Hedwig III' 6-max Seat #5 is the button
Seat 3: MaRKiToScoK ($120.51 in chips) is sitting out
Seat 1: gudrozd ($107.80 in chips) 
Seat 2: ponchua ($103.79 in chips) 
Seat 4: Pon4uk.ua ($100 in chips) 
Seat 5: Pippa83 ($103.70 in chips) 
Seat 6: m1lkdud ($101.62 in chips) 
m1lkdud: posts small blind $0.50
gudrozd: posts big blind $1
*** HOLE CARDS ***
ponchua: raises $1.50 to $2.50
Pon4uk.ua: folds 
Pippa83: folds 
m1lkdud: folds 
gudrozd: calls $1.50
*** FLOP *** [9h Qd Ts]
gudrozd: checks 
ponchua: checks 
*** TURN *** [9h Qd Ts] [Jc]
gudrozd: bets $1.72
ponchua: calls $1.72
*** RIVER *** [9h Qd Ts Jc] [9c]
gudrozd: bets $20
ponchua: folds 
Uncalled bet ($20) returned to gudrozd
gudrozd collected $8.49 from pot
gudrozd: doesn't show hand 
*** SUMMARY ***
Total pot $8.94 | Rake $0.45 
Board [9h Qd Ts Jc 9c]
Seat 3: MaRKiToScoK
Seat 1: gudrozd (big blind) collected ($8.49)
Seat 2: ponchua folded on the River
Seat 4: Pon4uk.ua folded before Flop (didn't bet)
Seat 5: Pippa83 (button) folded before Flop (didn't bet)
Seat 6: m1lkdud (small blind) folded before Flop



PokerStars Hand #254364077045:  Hold'em No Limit ($0.50/$1.00 USD) - 2025/01/14 11:15:10 WET [2025/01/14 6:15:10 ET]
Table 'Hedwig III' 6-max Seat #6 is the button
Seat 3: MaRKiToScoK ($120.51 in chips) is sitting out
Seat 1: gudrozd ($112.07 in chips) 
Seat 2: ponchua ($100 in chips) 
Seat 4: Pon4uk.ua ($100 in chips) 
Seat 5: Pippa83 ($103.70 in chips) 
Seat 6: m1lkdud ($101.12 in chips) 
gudrozd: posts small blind $0.50
ponchua: posts big blind $1
MaRKiToScoK: sits out 
*** HOLE CARDS ***
Pon4uk.ua: folds 
Pippa83: folds 
m1lkdud: raises $2.50 to $3.50
gudrozd: folds 
ponchua: folds 
Uncalled bet ($2.50) returned to m1lkdud
m1lkdud collected $2.50 from pot
*** SUMMARY ***
Total pot $2.50 | Rake $0 
Seat 3: MaRKiToScoK
Seat 1: gudrozd (small blind) folded before Flop
Seat 2: ponchua (big blind) folded before Flop
Seat 4: Pon4uk.ua folded before Flop (didn't bet)
Seat 5: Pippa83 folded before Flop (didn't bet)
Seat 6: m1lkdud (button) collected ($2.50)



PokerStars Hand #254364078616:  Hold'em No Limit ($0.50/$1.00 USD) - 2025/01/14 11:15:23 WET [2025/01/14 6:15:23 ET]
Table 'Hedwig III' 6-max Seat #1 is the button
Seat 1: gudrozd ($111.57 in chips) 
Seat 2: ponchua ($100 in chips) 
Seat 3: MaRKiToScoK ($120.51 in chips) 
Seat 4: Pon4uk.ua ($100 in chips) 
Seat 5: Pippa83 ($103.70 in chips) 
Seat 6: m1lkdud ($102.62 in chips) 
ponchua: posts small blind $0.50
MaRKiToScoK: posts big blind $1
*** HOLE CARDS ***
Pon4uk.ua: folds 
Pippa83: raises $1.20 to $2.20
m1lkdud: folds 
gudrozd: folds 
ponchua: folds 
MaRKiToScoK: folds 
Uncalled bet ($1.20) returned to Pippa83
Pippa83 collected $2.50 from pot
Pippa83: doesn't show hand 
*** SUMMARY ***
Total pot $2.50 | Rake $0 
Seat 1: gudrozd (button) folded before Flop (didn't bet)
Seat 2: ponchua (small blind) folded before Flop
Seat 3: MaRKiToScoK (big blind) folded before Flop
Seat 4: Pon4uk.ua folded before Flop (didn't bet)
Seat 5: Pippa83 collected ($2.50)
Seat 6: m1lkdud folded before Flop (didn't bet)



PokerStars Hand #254364080717:  Hold'em No Limit ($0.50/$1.00 USD) - 2025/01/14 11:15:40 WET [2025/01/14 6:15:40 ET]
Table 'Hedwig III' 6-max Seat #2 is the button
Seat 1: gudrozd ($111.57 in chips) 
Seat 2: ponchua ($100 in chips) 
Seat 3: MaRKiToScoK ($119.51 in chips) 
Seat 4: Pon4uk.ua ($100 in chips) 
Seat 5: Pippa83 ($105.20 in chips) 
Seat 6: m1lkdud ($102.62 in chips) 
MaRKiToScoK: posts small blind $0.50
Pon4uk.ua: posts big blind $1
*** HOLE CARDS ***
Pippa83: folds 
m1lkdud: folds 
gudrozd: raises $1.50 to $2.50
ponchua: raises $5 to $7.50
MaRKiToScoK: folds 
Pon4uk.ua: folds 
gudrozd: raises $13.50 to $21
ponchua: raises $79 to $100 and is all-in
gudrozd: calls $79
*** FLOP *** [2d 3c 3h]
*** TURN *** [2d 3c 3h] [7c]
*** RIVER *** [2d 3c 3h 7c] [6d]
*** SHOW DOWN ***
gudrozd: shows [Ac Ad] (two pair, Aces and Threes)
ponchua: shows [Kc Ks] (two pair, Kings and Threes)
gudrozd collected $199 from pot
*** SUMMARY ***
Total pot $201.50 | Rake $2.50 
Board [2d 3c 3h 7c 6d]
Seat 1: gudrozd showed [Ac Ad] and won ($199) with two pair, Aces and Threes
Seat 2: ponchua (button) showed [Kc Ks] and lost with two pair, Kings and Threes
Seat 3: MaRKiToScoK (small blind) folded before Flop
Seat 4: Pon4uk.ua (big blind) folded before Flop
Seat 5: Pippa83 folded before Flop (didn't bet)
Seat 6: m1lkdud folded before Flop (didn't bet)



PokerStars Hand #254364086181:  Hold'em No Limit ($0.50/$1.00 USD) - 2025/01/14 11:16:23 WET [2025/01/14 6:16:23 ET]
Table 'Hedwig III' 6-max Seat #3 is the button
Seat 1: gudrozd ($210.57 in chips) 
Seat 2: ponchua ($100 in chips) 
Seat 3: MaRKiToScoK ($119.01 in chips) 
Seat 4: Pon4uk.ua ($100 in chips) 
Seat 5: Pippa83 ($105.20 in chips) 
Seat 6: m1lkdud ($102.62 in chips) 
Pon4uk.ua: posts small blind $0.50
Pippa83: posts big blind $1
*** HOLE CARDS ***
m1lkdud: folds 
gudrozd: folds 
ponchua: folds 
MaRKiToScoK: raises $1.30 to $2.30
Pon4uk.ua: folds 
Pippa83: folds 
Uncalled bet ($1.30) returned to MaRKiToScoK
MaRKiToScoK collected $2.50 from pot
*** SUMMARY ***
Total pot $2.50 | Rake $0 
Seat 1: gudrozd folded before Flop (didn't bet)
Seat 2: ponchua folded before Flop (didn't bet)
Seat 3: MaRKiToScoK (button) collected ($2.50)
Seat 4: Pon4uk.ua (small blind) folded before Flop
Seat 5: Pippa83 (big blind) folded before Flop
Seat 6: m1lkdud folded before Flop (didn't bet)



PokerStars Hand #254364088214:  Hold'em No Limit ($0.50/$1.00 USD) - 2025/01/14 11:16:39 WET [2025/01/14 6:16:39 ET]
Table 'Hedwig III' 6-max Seat #4 is the button
Seat 1: gudrozd ($210.57 in chips) 
Seat 2: ponchua ($100 in chips) 
Seat 3: MaRKiToScoK ($120.51 in chips) 
Seat 4: Pon4uk.ua ($100 in chips) 
Seat 5: Pippa83 ($104.20 in chips) 
Seat 6: m1lkdud ($102.62 in chips) 
Pippa83: posts small blind $0.50
m1lkdud: posts big blind $1
*** HOLE CARDS ***
gudrozd: folds 
ponchua: folds 
MaRKiToScoK: folds 
Pon4uk.ua: raises $1.50 to $2.50
Pippa83: folds 
m1lkdud: folds 
Uncalled bet ($1.50) returned to Pon4uk.ua
Pon4uk.ua collected $2.50 from pot
Pon4uk.ua: doesn't show hand 
*** SUMMARY ***
Total pot $2.50 | Rake $0 
Seat 1: gudrozd folded before Flop (didn't bet)
Seat 2: ponchua folded before Flop (didn't bet)
Seat 3: MaRKiToScoK folded before Flop (didn't bet)
Seat 4: Pon4uk.ua (button) collected ($2.50)
Seat 5: Pippa83 (small blind) folded before Flop
Seat 6: m1lkdud (big blind) folded before Flop



PokerStars Hand #254364090040:  Hold'em No Limit ($0.50/$1.00 USD) - 2025/01/14 11:16:54 WET [2025/01/14 6:16:54 ET]
Table 'Hedwig III' 6-max Seat #5 is the button
Seat 1: gudrozd ($210.57 in chips) 
Seat 2: ponchua ($100 in chips) 
Seat 3: MaRKiToScoK ($120.51 in chips) 
Seat 4: Pon4uk.ua ($101.50 in chips) 
Seat 5: Pippa83 ($103.70 in chips) 
Seat 6: m1lkdud ($101.62 in chips) 
m1lkdud: posts small blind $0.50
gudrozd: posts big blind $1
*** HOLE CARDS ***
ponchua: raises $1.50 to $2.50
MaRKiToScoK: folds 
Pon4uk.ua: folds 
Pippa83: folds 
m1lkdud: folds 
gudrozd: folds 
Uncalled bet ($1.50) returned to ponchua
ponchua collected $2.50 from pot
ponchua: doesn't show hand 
*** SUMMARY ***
Total pot $2.50 | Rake $0 
Seat 1: gudrozd (big blind) folded before Flop
Seat 2: ponchua collected ($2.50)
Seat 3: MaRKiToScoK folded before Flop (didn't bet)
Seat 4: Pon4uk.ua folded before Flop (didn't bet)
Seat 5: Pippa83 (button) folded before Flop (didn't bet)
Seat 6: m1lkdud (small blind) folded before Flop



PokerStars Hand #254364092949:  Hold'em No Limit ($0.50/$1.00 USD) - 2025/01/14 11:17:17 WET [2025/01/14 6:17:17 ET]
Table 'Hedwig III' 6-max Seat #6 is the button
Seat 1: gudrozd ($209.57 in chips) 
Seat 2: ponchua ($101.50 in chips) 
Seat 3: MaRKiToScoK ($120.51 in chips) 
Seat 4: Pon4uk.ua ($101.50 in chips) 
Seat 5: Pippa83 ($103.70 in chips) 
Seat 6: m1lkdud ($101.12 in chips) 
gudrozd: posts small blind $0.50
ponchua: posts big blind $1
*** HOLE CARDS ***
MaRKiToScoK: folds 
Pon4uk.ua: folds 
Pippa83: folds 
m1lkdud: folds 
gudrozd: folds 
Uncalled bet ($0.50) returned to ponchua
ponchua collected $1 from pot
ponchua: doesn't show hand 
*** SUMMARY ***
Total pot $1 | Rake $0 
Seat 1: gudrozd (small blind) folded before Flop
Seat 2: ponchua (big blind) collected ($1)
Seat 3: MaRKiToScoK folded before Flop (didn't bet)
Seat 4: Pon4uk.ua folded before Flop (didn't bet)
Seat 5: Pippa83 folded before Flop (didn't bet)
Seat 6: m1lkdud (button) folded before Flop (didn't bet)



PokerStars Hand #254364095005:  Hold'em No Limit ($0.50/$1.00 USD) - 2025/01/14 11:17:33 WET [2025/01/14 6:17:33 ET]
Table 'Hedwig III' 6-max Seat #1 is the button
Seat 1: gudrozd ($209.07 in chips) 
Seat 2: ponchua ($102 in chips) 
Seat 3: MaRKiToScoK ($120.51 in chips) 
Seat 4: Pon4uk.ua ($101.50 in chips) 
Seat 5: Pippa83 ($103.70 in chips) 
Seat 6: m1lkdud ($101.12 in chips) 
ponchua: posts small blind $0.50
MaRKiToScoK: posts big blind $1
*** HOLE CARDS ***
Pon4uk.ua: folds 
Pippa83: folds 
m1lkdud: raises $2.50 to $3.50
gudrozd: folds 
ponchua: folds 
MaRKiToScoK: folds 
Uncalled bet ($2.50) returned to m1lkdud
m1lkdud collected $2.50 from pot
*** SUMMARY ***
Total pot $2.50 | Rake $0 
Seat 1: gudrozd (button) folded before Flop (didn't bet)
Seat 2: ponchua (small blind) folded before Flop
Seat 3: MaRKiToScoK (big blind) folded before Flop
Seat 4: Pon4uk.ua folded before Flop (didn't bet)
Seat 5: Pippa83 folded before Flop (didn't bet)
Seat 6: m1lkdud collected ($2.50)



PokerStars Hand #254364097519:  Hold'em No Limit ($0.50/$1.00 USD) - 2025/01/14 11:17:52 WET [2025/01/14 6:17:52 ET]
Table 'Hedwig III' 6-max Seat #2 is the button
Seat 1: gudrozd ($209.07 in chips) 
Seat 2: ponchua ($101.50 in chips) 
Seat 3: MaRKiToScoK ($119.51 in chips) 
Seat 4: Pon4uk.ua ($101.50 in chips) 
Seat 5: Pippa83 ($103.70 in chips) 
Seat 6: m1lkdud ($102.62 in chips) 
MaRKiToScoK: posts small blind $0.50
Pon4uk.ua: posts big blind $1
*** HOLE CARDS ***
Pippa83: folds 
m1lkdud: folds 
gudrozd: raises $1.50 to $2.50
ponchua: folds 
MaRKiToScoK: raises $9 to $11.50
Pon4uk.ua: folds 
gudrozd: folds 
Uncalled bet ($9) returned to MaRKiToScoK
MaRKiToScoK collected $6 from pot
*** SUMMARY ***
Total pot $6 | Rake $0 
Seat 1: gudrozd folded before Flop
Seat 2: ponchua (button) folded before Flop (didn't bet)
Seat 3: MaRKiToScoK (small blind) collected ($6)
Seat 4: Pon4uk.ua (big blind) folded before Flop
Seat 5: Pippa83 folded before Flop (didn't bet)
Seat 6: m1lkdud folded before Flop (didn't bet)



PokerStars Hand #254364102526:  Hold'em No Limit ($0.50/$1.00 USD) - 2025/01/14 11:18:32 WET [2025/01/14 6:18:32 ET]
Table 'Hedwig III' 6-max Seat #3 is the button
Seat 1: gudrozd ($206.57 in chips) 
Seat 2: ponchua ($101.50 in chips) 
Seat 3: MaRKiToScoK ($123.01 in chips) 
Seat 4: Pon4uk.ua ($100.50 in chips) 
Seat 5: Pippa83 ($103.70 in chips) 
Seat 6: m1lkdud ($102.62 in chips) 
Pon4uk.ua: posts small blind $0.50
Pippa83: posts big blind $1
*** HOLE CARDS ***
m1lkdud: folds 
gudrozd: folds 
ponchua: folds 
MaRKiToScoK: folds 
Pon4uk.ua: raises $1.75 to $2.75
Pippa83: calls $1.75
*** FLOP *** [2c 8h Kc]
Pon4uk.ua: checks 
Pippa83: checks 
*** TURN *** [2c 8h Kc] [3h]
Pon4uk.ua: checks 
Pippa83: bets $1.72
Pon4uk.ua: folds 
Uncalled bet ($1.72) returned to Pippa83
Pippa83 collected $5.22 from pot
Pippa83: doesn't show hand 
*** SUMMARY ***
Total pot $5.50 | Rake $0.28 
Board [2c 8h Kc 3h]
Seat 1: gudrozd folded before Flop (didn't bet)
Seat 2: ponchua folded before Flop (didn't bet)
Seat 3: MaRKiToScoK (button) folded before Flop (didn't bet)
Seat 4: Pon4uk.ua (small blind) folded on the Turn
Seat 5: Pippa83 (big blind) collected ($5.22)
Seat 6: m1lkdud folded before Flop (didn't bet)



PokerStars Hand #254364112185:  Hold'em No Limit ($0.50/$1.00 USD) - 2025/01/14 11:19:46 WET [2025/01/14 6:19:46 ET]
Table 'Hedwig III' 6-max Seat #4 is the button
Seat 1: gudrozd ($206.57 in chips) 
Seat 2: ponchua ($101.50 in chips) 
Seat 3: MaRKiToScoK ($123.01 in chips) 
Seat 4: Pon4uk.ua ($100 in chips) 
Seat 5: Pippa83 ($106.17 in chips) 
Seat 6: m1lkdud ($102.62 in chips) 
Pippa83: posts small blind $0.50
m1lkdud: posts big blind $1
*** HOLE CARDS ***
gudrozd: folds 
ponchua: raises $1.50 to $2.50
MaRKiToScoK: calls $2.50
Pon4uk.ua: folds 
Pippa83: folds 
m1lkdud: calls $1.50
*** FLOP *** [3h 6d 4c]
m1lkdud: checks 
ponchua: bets $3.88
MaRKiToScoK: folds 
m1lkdud: folds 
Uncalled bet ($3.88) returned to ponchua
ponchua collected $7.60 from pot
ponchua: doesn't show hand 
*** SUMMARY ***
Total pot $8 | Rake $0.40 
Board [3h 6d 4c]
Seat 1: gudrozd folded before Flop (didn't bet)
Seat 2: ponchua collected ($7.60)
Seat 3: MaRKiToScoK folded on the Flop
Seat 4: Pon4uk.ua (button) folded before Flop (didn't bet)
Seat 5: Pippa83 (small blind) folded before Flop
Seat 6: m1lkdud (big blind) folded on the Flop



PokerStars Hand #254364118788:  Hold'em No Limit ($0.50/$1.00 USD) - 2025/01/14 11:20:39 WET [2025/01/14 6:20:39 ET]
Table 'Hedwig III' 6-max Seat #5 is the button
Seat 1: gudrozd ($206.57 in chips) 
Seat 2: ponchua ($106.60 in chips) 
Seat 3: MaRKiToScoK ($120.51 in chips) 
Seat 4: Pon4uk.ua ($100 in chips) 
Seat 5: Pippa83 ($105.67 in chips) 
Seat 6: m1lkdud ($100.12 in chips) 
m1lkdud: posts small blind $0.50
gudrozd: posts big blind $1
*** HOLE CARDS ***
ponchua: folds 
MaRKiToScoK: folds 
Pon4uk.ua: raises $1.50 to $2.50
Pippa83: folds 
m1lkdud: folds 
gudrozd: folds 
Uncalled bet ($1.50) returned to Pon4uk.ua
Pon4uk.ua collected $2.50 from pot
Pon4uk.ua: doesn't show hand 
*** SUMMARY ***
Total pot $2.50 | Rake $0 
Seat 1: gudrozd (big blind) folded before Flop
Seat 2: ponchua folded before Flop (didn't bet)
Seat 3: MaRKiToScoK folded before Flop (didn't bet)
Seat 4: Pon4uk.ua collected ($2.50)
Seat 5: Pippa83 (button) folded before Flop (didn't bet)
Seat 6: m1lkdud (small blind) folded before Flop



PokerStars Hand #254364121557:  Hold'em No Limit ($0.50/$1.00 USD) - 2025/01/14 11:21:01 WET [2025/01/14 6:21:01 ET]
Table 'Hedwig III' 6-max Seat #6 is the button
Seat 1: gudrozd ($205.57 in chips) 
Seat 2: ponchua ($106.60 in chips) 
Seat 3: MaRKiToScoK ($120.51 in chips) 
Seat 4: Pon4uk.ua ($101.50 in chips) 
Seat 5: Pippa83 ($105.67 in chips) 
Seat 6: m1lkdud ($99.62 in chips) 
gudrozd: posts small blind $0.50
ponchua: posts big blind $1
*** HOLE CARDS ***
MaRKiToScoK: folds 
Pon4uk.ua: raises $1 to $2
Pippa83: calls $2
m1lkdud: calls $2
gudrozd: folds 
ponchua: folds 
*** FLOP *** [Qs Js 8h]
Pon4uk.ua: checks 
Pippa83: checks 
m1lkdud: checks 
*** TURN *** [Qs Js 8h] [5c]
Pon4uk.ua: bets $3.56
Pippa83: folds 
m1lkdud: folds 
Uncalled bet ($3.56) returned to Pon4uk.ua
Pon4uk.ua collected $7.12 from pot
Pon4uk.ua: doesn't show hand 
*** SUMMARY ***
Total pot $7.50 | Rake $0.38 
Board [Qs Js 8h 5c]
Seat 1: gudrozd (small blind) folded before Flop
Seat 2: ponchua (big blind) folded before Flop
Seat 3: MaRKiToScoK folded before Flop (didn't bet)
Seat 4: Pon4uk.ua collected ($7.12)
Seat 5: Pippa83 folded on the Turn
Seat 6: m1lkdud (button) folded on the Turn



PokerStars Hand #254364126695:  Hold'em No Limit ($0.50/$1.00 USD) - 2025/01/14 11:21:41 WET [2025/01/14 6:21:41 ET]
Table 'Hedwig III' 6-max Seat #1 is the button
Seat 1: gudrozd ($205.07 in chips) 
Seat 2: ponchua ($105.60 in chips) 
Seat 3: MaRKiToScoK ($120.51 in chips) 
Seat 4: Pon4uk.ua ($106.62 in chips) 
Seat 5: Pippa83 ($103.67 in chips) 
Seat 6: m1lkdud ($97.62 in chips) 
ponchua: posts small blind $0.50
MaRKiToScoK: posts big blind $1
*** HOLE CARDS ***
Pon4uk.ua: folds 
Pippa83: raises $1.20 to $2.20
m1lkdud: folds 
gudrozd: folds 
ponchua: folds 
MaRKiToScoK: folds 
Uncalled bet ($1.20) returned to Pippa83
Pippa83 collected $2.50 from pot
Pippa83: doesn't show hand 
*** SUMMARY ***
Total pot $2.50 | Rake $0 
Seat 1: gudrozd (button) folded before Flop (didn't bet)
Seat 2: ponchua (small blind) folded before Flop
Seat 3: MaRKiToScoK (big blind) folded before Flop
Seat 4: Pon4uk.ua folded before Flop (didn't bet)
Seat 5: Pippa83 collected ($2.50)
Seat 6: m1lkdud folded before Flop (didn't bet)



PokerStars Hand #254364129081:  Hold'em No Limit ($0.50/$1.00 USD) - 2025/01/14 11:22:00 WET [2025/01/14 6:22:00 ET]
Table 'Hedwig III' 6-max Seat #2 is the button
Seat 1: gudrozd ($205.07 in chips) 
Seat 2: ponchua ($105.10 in chips) 
Seat 3: MaRKiToScoK ($119.51 in chips) 
Seat 4: Pon4uk.ua ($106.62 in chips) 
Seat 5: Pippa83 ($105.17 in chips) 
Seat 6: m1lkdud ($97.62 in chips) 
MaRKiToScoK: posts small blind $0.50
Pon4uk.ua: posts big blind $1
*** HOLE CARDS ***
Pippa83: raises $1.20 to $2.20
m1lkdud: folds 
gudrozd: folds 
ponchua: folds 
MaRKiToScoK: folds 
Pon4uk.ua: calls $1.20
*** FLOP *** [3h 7s Qs]
Pon4uk.ua: checks 
Pippa83: checks 
*** TURN *** [3h 7s Qs] [Kd]
Pon4uk.ua: checks 
Pippa83: checks 
*** RIVER *** [3h 7s Qs Kd] [5d]
Pon4uk.ua: bets $1.54
Pippa83: calls $1.54
*** SHOW DOWN ***
Pon4uk.ua: shows [4c Qc] (a pair of Queens)
Pippa83: mucks hand 
Pon4uk.ua collected $7.58 from pot
*** SUMMARY ***
Total pot $7.98 | Rake $0.40 
Board [3h 7s Qs Kd 5d]
Seat 1: gudrozd folded before Flop (didn't bet)
Seat 2: ponchua (button) folded before Flop (didn't bet)
Seat 3: MaRKiToScoK (small blind) folded before Flop
Seat 4: Pon4uk.ua (big blind) showed [4c Qc] and won ($7.58) with a pair of Queens
Seat 5: Pippa83 mucked
Seat 6: m1lkdud folded before Flop (didn't bet)



PokerStars Hand #254364134632:  Hold'em No Limit ($0.50/$1.00 USD) - 2025/01/14 11:22:44 WET [2025/01/14 6:22:44 ET]
Table 'Hedwig III' 6-max Seat #3 is the button
Seat 1: gudrozd ($205.07 in chips) 
Seat 2: ponchua ($105.10 in chips) 
Seat 3: MaRKiToScoK ($119.01 in chips) 
Seat 4: Pon4uk.ua ($110.46 in chips) 
Seat 5: Pippa83 ($101.43 in chips) 
Seat 6: m1lkdud ($97.62 in chips) 
Pon4uk.ua: posts small blind $0.50
Pippa83: posts big blind $1
*** HOLE CARDS ***
m1lkdud: folds 
gudrozd: folds 
ponchua: folds 
m1lkdud leaves the table
MaRKiToScoK: folds 
Pon4uk.ua: raises $1.75 to $2.75
Pippa83: raises $6.25 to $9
Pon4uk.ua: calls $6.25
*** FLOP *** [2c Kh Js]
Pon4uk.ua: checks 
Pippa83: checks 
*** TURN *** [2c Kh Js] [Jd]
Pon4uk.ua: checks 
Pippa83: checks 
*** RIVER *** [2c Kh Js Jd] [Td]
gudrozd leaves the table
Pon4uk.ua: checks 
Pippa83: checks 
*** SHOW DOWN ***
Pon4uk.ua: shows [7h 7d] (two pair, Jacks and Sevens)
Pippa83: shows [6s Kd] (two pair, Kings and Jacks)
Pippa83 collected $17.10 from pot
*** SUMMARY ***
Total pot $18 | Rake $0.90 
Board [2c Kh Js Jd Td]
Seat 1: gudrozd folded before Flop (didn't bet)
Seat 2: ponchua folded before Flop (didn't bet)
Seat 3: MaRKiToScoK (button) folded before Flop (didn't bet)
Seat 4: Pon4uk.ua (small blind) showed [7h 7d] and lost with two pair, Jacks and Sevens
Seat 5: Pippa83 (big blind) showed [6s Kd] and won ($17.10) with two pair, Kings and Jacks
Seat 6: m1lkdud folded before Flop (didn't bet)



PokerStars Hand #254364142643:  Hold'em No Limit ($0.50/$1.00 USD) - 2025/01/14 11:23:48 WET [2025/01/14 6:23:48 ET]
Table 'Hedwig III' 6-max Seat #4 is the button
Seat 2: ponchua ($105.10 in chips) 
Seat 3: MaRKiToScoK ($119.01 in chips) 
Seat 4: Pon4uk.ua ($101.46 in chips) 
Seat 5: Pippa83 ($109.53 in chips) 
Pippa83: posts small blind $0.50
ponchua: posts big blind $1
*** HOLE CARDS ***
MaRKiToScoK: raises $1.20 to $2.20
Pon4uk.ua: folds 
Pippa83: raises $9.30 to $11.50
ponchua: raises $12.50 to $24
MaRKiToScoK: folds 
Pippa83: folds 
Uncalled bet ($12.50) returned to ponchua
ponchua collected $25.20 from pot
ponchua: doesn't show hand 
*** SUMMARY ***
Total pot $25.20 | Rake $0 
Seat 2: ponchua (big blind) collected ($25.20)
Seat 3: MaRKiToScoK folded before Flop
Seat 4: Pon4uk.ua (button) folded before Flop (didn't bet)
Seat 5: Pippa83 (small blind) folded before Flop



PokerStars Hand #254364146876:  Hold'em No Limit ($0.50/$1.00 USD) - 2025/01/14 11:24:21 WET [2025/01/14 6:24:21 ET]
Table 'Hedwig III' 6-max Seat #2 is the button
Seat 3: MaRKiToScoK ($116.81 in chips) is sitting out
Seat 4: Pon4uk.ua ($101.46 in chips) is sitting out
Seat 2: ponchua ($118.80 in chips) 
Seat 5: Pippa83 ($100 in chips) 
ponchua: posts small blind $0.50
MaRKiToScoK: is sitting out 
Pon4uk.ua: is sitting out 
Pippa83: posts big blind $1
*** HOLE CARDS ***
ponchua: raises $1.50 to $2.50
MaRKiToScoK leaves the table
Pippa83: folds 
Uncalled bet ($1.50) returned to ponchua
Pon4uk.ua leaves the table
ponchua collected $2 from pot
ponchua: doesn't show hand 
*** SUMMARY ***
Total pot $2 | Rake $0 
Seat 3: MaRKiToScoK
Seat 4: Pon4uk.ua
Seat 2: ponchua (button) (small blind) collected ($2)
Seat 5: Pippa83 (big blind) folded before Flop



PokerStars Hand #254364911276:  Hold'em No Limit ($0.50/$1.00 USD) - 2025/01/14 12:55:47 WET [2025/01/14 7:55:47 ET]
Table 'Hedwig III' 6-max Seat #6 is the button
Seat 2: mr.Jckpot ($100.54 in chips) is sitting out
Seat 4: costaneto2221 ($10 in chips) is sitting out
Seat 1: gudrozd ($100 in chips) 
Seat 3: raiseinthedarkk ($100 in chips) 
Seat 5: ohyesbaby1 ($113.04 in chips) 
Seat 6: janarr5 ($100 in chips) 
gudrozd: posts small blind $0.50
mr.Jckpot: is sitting out 
raiseinthedarkk: posts big blind $1
costaneto2221: sits out 
*** HOLE CARDS ***
mr.Jckpot leaves the table
ohyesbaby1: raises $1 to $2
janarr5: folds 
gudrozd: folds 
raiseinthedarkk: calls $1
*** FLOP *** [Ts Ac Jd]
raiseinthedarkk: checks 
ohyesbaby1: bets $2
raiseinthedarkk: folds 
Uncalled bet ($2) returned to ohyesbaby1
ohyesbaby1 collected $4.22 from pot
filip883 joins the table at seat #2 
filip883 is disconnected 
*** SUMMARY ***
Total pot $4.50 | Rake $0.28 
Board [Ts Ac Jd]
Seat 2: mr.Jckpot
Seat 4: costaneto2221
Seat 1: gudrozd (small blind) folded before Flop
Seat 3: raiseinthedarkk (big blind) folded on the Flop
Seat 5: ohyesbaby1 collected ($4.22)
Seat 6: janarr5 (button) folded before Flop (didn't bet)



PokerStars Hand #254364914045:  Hold'em No Limit ($0.50/$1.00 USD) - 2025/01/14 12:56:09 WET [2025/01/14 7:56:09 ET]
Table 'Hedwig III' 6-max Seat #1 is the button
Seat 2: filip883 ($78.97 in chips) is sitting out
Seat 1: gudrozd ($100 in chips) 
Seat 3: raiseinthedarkk ($100 in chips) 
Seat 4: costaneto2221 ($10 in chips) 
Seat 5: ohyesbaby1 ($115.26 in chips) 
Seat 6: janarr5 ($100 in chips) 
raiseinthedarkk: posts small blind $0.50
costaneto2221: posts big blind $1
*** HOLE CARDS ***
ohyesbaby1: folds 
janarr5: folds 
gudrozd: raises $1.50 to $2.50
raiseinthedarkk: folds 
costaneto2221: calls $1.50
*** FLOP *** [Jh Qd 9h]
costaneto2221: bets $3
gudrozd: raises $7 to $10
costaneto2221: calls $4.50 and is all-in
Uncalled bet ($2.50) returned to gudrozd
*** TURN *** [Jh Qd 9h] [Td]
*** RIVER *** [Jh Qd 9h Td] [Th]
*** SHOW DOWN ***
costaneto2221: shows [Qs 8c] (a straight, Eight to Queen)
gudrozd: shows [Qc 5c] (two pair, Queens and Tens)
costaneto2221 collected $19.48 from pot
*** SUMMARY ***
Total pot $20.50 | Rake $1.02 
Board [Jh Qd 9h Td Th]
Seat 2: filip883
Seat 1: gudrozd (button) showed [Qc 5c] and lost with two pair, Queens and Tens
Seat 3: raiseinthedarkk (small blind) folded before Flop
Seat 4: costaneto2221 (big blind) showed [Qs 8c] and won ($19.48) with a straight, Eight to Queen
Seat 5: ohyesbaby1 folded before Flop (didn't bet)
Seat 6: janarr5 folded before Flop (didn't bet)



PokerStars Hand #254364918680:  Hold'em No Limit ($0.50/$1.00 USD) - 2025/01/14 12:56:45 WET [2025/01/14 7:56:45 ET]
Table 'Hedwig III' 6-max Seat #3 is the button
Seat 1: gudrozd ($100 in chips) 
Seat 2: filip883 ($78.97 in chips) 
Seat 3: raiseinthedarkk ($100 in chips) 
Seat 4: costaneto2221 ($19.48 in chips) 
Seat 5: ohyesbaby1 ($115.26 in chips) 
Seat 6: janarr5 ($100 in chips) 
costaneto2221: posts small blind $0.50
ohyesbaby1: posts big blind $1
filip883: posts big blind $1
*** HOLE CARDS ***
janarr5: folds 
gudrozd: folds 
filip883: checks 
raiseinthedarkk: raises $2.50 to $3.50
costaneto2221: folds 
ohyesbaby1: folds 
filip883: raises $11.50 to $15
raiseinthedarkk: folds 
Uncalled bet ($11.50) returned to filip883
filip883 collected $8.50 from pot
*** SUMMARY ***
Total pot $8.50 | Rake $0 
Seat 1: gudrozd folded before Flop (didn't bet)
Seat 2: filip883 collected ($8.50)
Seat 3: raiseinthedarkk (button) folded before Flop
Seat 4: costaneto2221 (small blind) folded before Flop
Seat 5: ohyesbaby1 (big blind) folded before Flop
Seat 6: janarr5 folded before Flop (didn't bet)



PokerStars Hand #254364921797:  Hold'em No Limit ($0.50/$1.00 USD) - 2025/01/14 12:57:09 WET [2025/01/14 7:57:09 ET]
Table 'Hedwig III' 6-max Seat #4 is the button
Seat 1: gudrozd ($100 in chips) 
Seat 2: filip883 ($83.97 in chips) 
Seat 3: raiseinthedarkk ($100 in chips) 
Seat 4: costaneto2221 ($18.98 in chips) 
Seat 5: ohyesbaby1 ($114.26 in chips) 
Seat 6: janarr5 ($100 in chips) 
ohyesbaby1: posts small blind $0.50
janarr5: posts big blind $1
*** HOLE CARDS ***
gudrozd: folds 
filip883: raises $1 to $2
raiseinthedarkk: folds 
costaneto2221: folds 
ohyesbaby1: folds 
janarr5: folds 
Uncalled bet ($1) returned to filip883
filip883 collected $2.50 from pot
*** SUMMARY ***
Total pot $2.50 | Rake $0 
Seat 1: gudrozd folded before Flop (didn't bet)
Seat 2: filip883 collected ($2.50)
Seat 3: raiseinthedarkk folded before Flop (didn't bet)
Seat 4: costaneto2221 (button) folded before Flop (didn't bet)
Seat 5: ohyesbaby1 (small blind) folded before Flop
Seat 6: janarr5 (big blind) folded before Flop



PokerStars Hand #254364923412:  Hold'em No Limit ($0.50/$1.00 USD) - 2025/01/14 12:57:22 WET [2025/01/14 7:57:22 ET]
Table 'Hedwig III' 6-max Seat #5 is the button
Seat 1: gudrozd ($100 in chips) 
Seat 2: filip883 ($85.47 in chips) 
Seat 3: raiseinthedarkk ($100 in chips) 
Seat 4: costaneto2221 ($18.98 in chips) 
Seat 5: ohyesbaby1 ($113.76 in chips) 
Seat 6: janarr5 ($100 in chips) 
janarr5: posts small blind $0.50
gudrozd: posts big blind $1
*** HOLE CARDS ***
filip883: folds 
raiseinthedarkk: folds 
costaneto2221: folds 
ohyesbaby1: folds 
janarr5: raises $2 to $3
gudrozd: folds 
Uncalled bet ($2) returned to janarr5
janarr5 collected $2 from pot
janarr5: doesn't show hand 
*** SUMMARY ***
Total pot $2 | Rake $0 
Seat 1: gudrozd (big blind) folded before Flop
Seat 2: filip883 folded before Flop (didn't bet)
Seat 3: raiseinthedarkk folded before Flop (didn't bet)
Seat 4: costaneto2221 folded before Flop (didn't bet)
Seat 5: ohyesbaby1 (button) folded before Flop (didn't bet)
Seat 6: janarr5 (small blind) collected ($2)



PokerStars Hand #254364924955:  Hold'em No Limit ($0.50/$1.00 USD) - 2025/01/14 12:57:33 WET [2025/01/14 7:57:33 ET]
Table 'Hedwig III' 6-max Seat #6 is the button
Seat 1: gudrozd ($100 in chips) 
Seat 2: filip883 ($85.47 in chips) 
Seat 3: raiseinthedarkk ($100 in chips) 
Seat 4: costaneto2221 ($18.98 in chips) 
Seat 5: ohyesbaby1 ($113.76 in chips) 
Seat 6: janarr5 ($101 in chips) 
gudrozd: posts small blind $0.50
filip883: posts big blind $1
*** HOLE CARDS ***
raiseinthedarkk: folds 
costaneto2221: raises $2 to $3
ohyesbaby1: folds 
janarr5: folds 
gudrozd: folds 
filip883: folds 
Uncalled bet ($2) returned to costaneto2221
costaneto2221 collected $2.50 from pot
costaneto2221: doesn't show hand 
*** SUMMARY ***
Total pot $2.50 | Rake $0 
Seat 1: gudrozd (small blind) folded before Flop
Seat 2: filip883 (big blind) folded before Flop
Seat 3: raiseinthedarkk folded before Flop (didn't bet)
Seat 4: costaneto2221 collected ($2.50)
Seat 5: ohyesbaby1 folded before Flop (didn't bet)
Seat 6: janarr5 (button) folded before Flop (didn't bet)



PokerStars Hand #254364926792:  Hold'em No Limit ($0.50/$1.00 USD) - 2025/01/14 12:57:48 WET [2025/01/14 7:57:48 ET]
Table 'Hedwig III' 6-max Seat #1 is the button
Seat 1: gudrozd ($100 in chips) 
Seat 2: filip883 ($84.47 in chips) 
Seat 3: raiseinthedarkk ($100 in chips) 
Seat 4: costaneto2221 ($20.48 in chips) 
Seat 5: ohyesbaby1 ($113.76 in chips) 
Seat 6: janarr5 ($101 in chips) 
filip883: posts small blind $0.50
raiseinthedarkk: posts big blind $1
*** HOLE CARDS ***
costaneto2221: folds 
ohyesbaby1: raises $2 to $3
janarr5: folds 
gudrozd: folds 
filip883: folds 
raiseinthedarkk: folds 
Uncalled bet ($2) returned to ohyesbaby1
ohyesbaby1 collected $2.50 from pot
*** SUMMARY ***
Total pot $2.50 | Rake $0 
Seat 1: gudrozd (button) folded before Flop (didn't bet)
Seat 2: filip883 (small blind) folded before Flop
Seat 3: raiseinthedarkk (big blind) folded before Flop
Seat 4: costaneto2221 folded before Flop (didn't bet)
Seat 5: ohyesbaby1 collected ($2.50)
Seat 6: janarr5 folded before Flop (didn't bet)



PokerStars Hand #254364929780:  Hold'em No Limit ($0.50/$1.00 USD) - 2025/01/14 12:58:11 WET [2025/01/14 7:58:11 ET]
Table 'Hedwig III' 6-max Seat #2 is the button
Seat 1: gudrozd ($100 in chips) 
Seat 2: filip883 ($83.97 in chips) 
Seat 3: raiseinthedarkk ($100 in chips) 
Seat 4: costaneto2221 ($20.48 in chips) 
Seat 5: ohyesbaby1 ($115.26 in chips) 
Seat 6: janarr5 ($101 in chips) 
raiseinthedarkk: posts small blind $0.50
costaneto2221: posts big blind $1
*** HOLE CARDS ***
ohyesbaby1: folds 
janarr5: folds 
gudrozd: folds 
filip883: raises $1 to $2
raiseinthedarkk: folds 
costaneto2221: folds 
Uncalled bet ($1) returned to filip883
filip883 collected $2.50 from pot
*** SUMMARY ***
Total pot $2.50 | Rake $0 
Seat 1: gudrozd folded before Flop (didn't bet)
Seat 2: filip883 (button) collected ($2.50)
Seat 3: raiseinthedarkk (small blind) folded before Flop
Seat 4: costaneto2221 (big blind) folded before Flop
Seat 5: ohyesbaby1 folded before Flop (didn't bet)
Seat 6: janarr5 folded before Flop (didn't bet)



PokerStars Hand #254364945635:  Hold'em No Limit ($0.50/$1.00 USD) - 2025/01/14 13:00:12 WET [2025/01/14 8:00:12 ET]
Table 'Hedwig III' 6-max Seat #6 is the button
Seat 1: gudrozd ($100 in chips) 
Seat 2: filip883 ($92.25 in chips) 
Seat 3: raiseinthedarkk ($100 in chips) 
Seat 4: costaneto2221 ($18.98 in chips) 
Seat 5: ohyesbaby1 ($109.26 in chips) 
Seat 6: janarr5 ($102.70 in chips) 
gudrozd: posts small blind $0.50
filip883: posts big blind $1
*** HOLE CARDS ***
raiseinthedarkk: folds 
costaneto2221: folds 
ohyesbaby1: folds 
janarr5: folds 
gudrozd: folds 
Uncalled bet ($0.50) returned to filip883
filip883 collected $1 from pot
*** SUMMARY ***
Total pot $1 | Rake $0 
Seat 1: gudrozd (small blind) folded before Flop
Seat 2: filip883 (big blind) collected ($1)
Seat 3: raiseinthedarkk folded before Flop (didn't bet)
Seat 4: costaneto2221 folded before Flop (didn't bet)
Seat 5: ohyesbaby1 folded before Flop (didn't bet)
Seat 6: janarr5 (button) folded before Flop (didn't bet)



PokerStars Hand #254364947952:  Hold'em No Limit ($0.50/$1.00 USD) - 2025/01/14 13:00:29 WET [2025/01/14 8:00:29 ET]
Table 'Hedwig III' 6-max Seat #1 is the button
Seat 1: gudrozd ($100 in chips) 
Seat 2: filip883 ($92.75 in chips) 
Seat 3: raiseinthedarkk ($100 in chips) 
Seat 4: costaneto2221 ($18.98 in chips) 
Seat 5: ohyesbaby1 ($109.26 in chips) 
Seat 6: janarr5 ($102.70 in chips) 
filip883: posts small blind $0.50
raiseinthedarkk: posts big blind $1
*** HOLE CARDS ***
costaneto2221: folds 
ohyesbaby1: folds 
janarr5: folds 
gudrozd: folds 
filip883: raises $2 to $3
raiseinthedarkk: calls $2
*** FLOP *** [Ah 4c 6h]
filip883: checks 
raiseinthedarkk: checks 
*** TURN *** [Ah 4c 6h] [4h]
filip883: bets $3
raiseinthedarkk: folds 
Uncalled bet ($3) returned to filip883
filip883 collected $5.70 from pot
*** SUMMARY ***
Total pot $6 | Rake $0.30 
Board [Ah 4c 6h 4h]
Seat 1: gudrozd (button) folded before Flop (didn't bet)
Seat 2: filip883 (small blind) collected ($5.70)
Seat 3: raiseinthedarkk (big blind) folded on the Turn
Seat 4: costaneto2221 folded before Flop (didn't bet)
Seat 5: ohyesbaby1 folded before Flop (didn't bet)
Seat 6: janarr5 folded before Flop (didn't bet)



PokerStars Hand #254364954273:  Hold'em No Limit ($0.50/$1.00 USD) - 2025/01/14 13:01:14 WET [2025/01/14 8:01:14 ET]
Table 'Hedwig III' 6-max Seat #2 is the button
Seat 1: gudrozd ($100 in chips) 
Seat 2: filip883 ($95.45 in chips) 
Seat 3: raiseinthedarkk ($100 in chips) 
Seat 4: costaneto2221 ($18.98 in chips) 
Seat 5: ohyesbaby1 ($109.26 in chips) 
Seat 6: janarr5 ($102.70 in chips) 
raiseinthedarkk: posts small blind $0.50
costaneto2221: posts big blind $1
*** HOLE CARDS ***
ohyesbaby1: raises $2 to $3
janarr5: folds 
gudrozd: folds 
filip883: calls $3
raiseinthedarkk: folds 
costaneto2221: folds 
*** FLOP *** [9s 3c 2s]
ohyesbaby1: bets $3.56
filip883: calls $3.56
*** TURN *** [9s 3c 2s] [9d]
ohyesbaby1: bets $5
filip883: raises $9 to $14
ohyesbaby1: calls $9
*** RIVER *** [9s 3c 2s 9d] [2d]
ohyesbaby1: checks 
filip883: checks 
*** SHOW DOWN ***
ohyesbaby1: shows [Ah Qh] (two pair, Nines and Deuces)
filip883: shows [8h As] (two pair, Nines and Deuces)
ohyesbaby1 collected $19.98 from pot
filip883 collected $20.24 from pot
*** SUMMARY ***
Total pot $42.62 | Rake $2.40 
Board [9s 3c 2s 9d 2d]
Seat 1: gudrozd folded before Flop (didn't bet)
Seat 2: filip883 (button) showed [8h As] and won ($20.24) with two pair, Nines and Deuces
Seat 3: raiseinthedarkk (small blind) folded before Flop
Seat 4: costaneto2221 (big blind) folded before Flop
Seat 5: ohyesbaby1 showed [Ah Qh] and won ($19.98) with two pair, Nines and Deuces
Seat 6: janarr5 folded before Flop (didn't bet)



PokerStars Hand #254364966543:  Hold'em No Limit ($0.50/$1.00 USD) - 2025/01/14 13:02:33 WET [2025/01/14 8:02:33 ET]
Table 'Hedwig III' 6-max Seat #3 is the button
Seat 1: gudrozd ($100 in chips) 
Seat 2: filip883 ($95.13 in chips) 
Seat 3: raiseinthedarkk ($100 in chips) 
Seat 4: costaneto2221 ($17.98 in chips) 
Seat 5: ohyesbaby1 ($108.68 in chips) 
Seat 6: janarr5 ($102.70 in chips) 
costaneto2221: posts small blind $0.50
ohyesbaby1: posts big blind $1
*** HOLE CARDS ***
janarr5: folds 
gudrozd: folds 
filip883: folds 
raiseinthedarkk: folds 
costaneto2221: folds 
Uncalled bet ($0.50) returned to ohyesbaby1
ohyesbaby1 collected $1 from pot
*** SUMMARY ***
Total pot $1 | Rake $0 
Seat 1: gudrozd folded before Flop (didn't bet)
Seat 2: filip883 folded before Flop (didn't bet)
Seat 3: raiseinthedarkk (button) folded before Flop (didn't bet)
Seat 4: costaneto2221 (small blind) folded before Flop
Seat 5: ohyesbaby1 (big blind) collected ($1)
Seat 6: janarr5 folded before Flop (didn't bet)



PokerStars Hand #254364969406:  Hold'em No Limit ($0.50/$1.00 USD) - 2025/01/14 13:02:51 WET [2025/01/14 8:02:51 ET]
Table 'Hedwig III' 6-max Seat #4 is the button
Seat 1: gudrozd ($100 in chips) 
Seat 2: filip883 ($95.13 in chips) 
Seat 3: raiseinthedarkk ($100 in chips) 
Seat 4: costaneto2221 ($17.48 in chips) 
Seat 5: ohyesbaby1 ($109.18 in chips) 
Seat 6: janarr5 ($102.70 in chips) 
ohyesbaby1: posts small blind $0.50
janarr5: posts big blind $1
*** HOLE CARDS ***
gudrozd: folds 
filip883: folds 
raiseinthedarkk: folds 
filip883 leaves the table
costaneto2221: folds 
ohyesbaby1: folds 
Uncalled bet ($0.50) returned to janarr5
janarr5 collected $1 from pot
janarr5: doesn't show hand 
*** SUMMARY ***
Total pot $1 | Rake $0 
Seat 1: gudrozd folded before Flop (didn't bet)
Seat 2: filip883 folded before Flop (didn't bet)
Seat 3: raiseinthedarkk folded before Flop (didn't bet)
Seat 4: costaneto2221 (button) folded before Flop (didn't bet)
Seat 5: ohyesbaby1 (small blind) folded before Flop
Seat 6: janarr5 (big blind) collected ($1)



PokerStars Hand #254364971558:  Hold'em No Limit ($0.50/$1.00 USD) - 2025/01/14 13:03:04 WET [2025/01/14 8:03:04 ET]
Table 'Hedwig III' 6-max Seat #5 is the button
Seat 1: gudrozd ($100 in chips) 
Seat 3: raiseinthedarkk ($100 in chips) 
Seat 4: costaneto2221 ($17.48 in chips) 
Seat 5: ohyesbaby1 ($108.68 in chips) 
Seat 6: janarr5 ($103.20 in chips) 
janarr5: posts small blind $0.50
gudrozd: posts big blind $1
*** HOLE CARDS ***
raiseinthedarkk: folds 
costaneto2221: raises $2 to $3
ohyesbaby1: folds 
janarr5: folds 
gudrozd: folds 
Uncalled bet ($2) returned to costaneto2221
costaneto2221 collected $2.50 from pot
costaneto2221: doesn't show hand 
*** SUMMARY ***
Total pot $2.50 | Rake $0 
Seat 1: gudrozd (big blind) folded before Flop
Seat 3: raiseinthedarkk folded before Flop (didn't bet)
Seat 4: costaneto2221 collected ($2.50)
Seat 5: ohyesbaby1 (button) folded before Flop (didn't bet)
Seat 6: janarr5 (small blind) folded before Flop



PokerStars Hand #254364973660:  Hold'em No Limit ($0.50/$1.00 USD) - 2025/01/14 13:03:18 WET [2025/01/14 8:03:18 ET]
Table 'Hedwig III' 6-max Seat #6 is the button
Seat 1: gudrozd ($100 in chips) 
Seat 3: raiseinthedarkk ($100 in chips) 
Seat 4: costaneto2221 ($18.98 in chips) 
Seat 5: ohyesbaby1 ($108.68 in chips) 
Seat 6: janarr5 ($102.70 in chips) 
gudrozd: posts small blind $0.50
raiseinthedarkk: posts big blind $1
*** HOLE CARDS ***
costaneto2221: folds 
ohyesbaby1: folds 
janarr5: folds 
gudrozd: folds 
Uncalled bet ($0.50) returned to raiseinthedarkk
raiseinthedarkk collected $1 from pot
raiseinthedarkk: doesn't show hand 
*** SUMMARY ***
Total pot $1 | Rake $0 
Seat 1: gudrozd (small blind) folded before Flop
Seat 3: raiseinthedarkk (big blind) collected ($1)
Seat 4: costaneto2221 folded before Flop (didn't bet)
Seat 5: ohyesbaby1 folded before Flop (didn't bet)
Seat 6: janarr5 (button) folded before Flop (didn't bet)



PokerStars Hand #254364975563:  Hold'em No Limit ($0.50/$1.00 USD) - 2025/01/14 13:03:30 WET [2025/01/14 8:03:30 ET]
Table 'Hedwig III' 6-max Seat #1 is the button
Seat 1: gudrozd ($100 in chips) 
Seat 3: raiseinthedarkk ($100.50 in chips) 
Seat 4: costaneto2221 ($18.98 in chips) 
Seat 5: ohyesbaby1 ($108.68 in chips) 
Seat 6: janarr5 ($102.70 in chips) 
raiseinthedarkk: posts small blind $0.50
costaneto2221: posts big blind $1
*** HOLE CARDS ***
ohyesbaby1: raises $1 to $2
janarr5: folds 
gudrozd: folds 
raiseinthedarkk: folds 
costaneto2221: folds 
Uncalled bet ($1) returned to ohyesbaby1
ohyesbaby1 collected $2.50 from pot
*** SUMMARY ***
Total pot $2.50 | Rake $0 
Seat 1: gudrozd (button) folded before Flop (didn't bet)
Seat 3: raiseinthedarkk (small blind) folded before Flop
Seat 4: costaneto2221 (big blind) folded before Flop
Seat 5: ohyesbaby1 collected ($2.50)
Seat 6: janarr5 folded before Flop (didn't bet)



PokerStars Hand #254364977621:  Hold'em No Limit ($0.50/$1.00 USD) - 2025/01/14 13:03:43 WET [2025/01/14 8:03:43 ET]
Table 'Hedwig III' 6-max Seat #3 is the button
Seat 1: gudrozd ($100 in chips) 
Seat 3: raiseinthedarkk ($100 in chips) 
Seat 4: costaneto2221 ($17.98 in chips) 
Seat 5: ohyesbaby1 ($110.18 in chips) 
Seat 6: janarr5 ($102.70 in chips) 
costaneto2221: posts small blind $0.50
ohyesbaby1: posts big blind $1
*** HOLE CARDS ***
janarr5: folds 
gudrozd: folds 
raiseinthedarkk: raises $1 to $2
costaneto2221: raises $1 to $3
ohyesbaby1: folds 
raiseinthedarkk: calls $1
*** FLOP *** [2d 2s Jd]
costaneto2221: checks 
raiseinthedarkk: checks 
*** TURN *** [2d 2s Jd] [3c]
costaneto2221: bets $2
raiseinthedarkk: folds 
Uncalled bet ($2) returned to costaneto2221
costaneto2221 collected $6.65 from pot
costaneto2221: doesn't show hand 
*** SUMMARY ***
Total pot $7 | Rake $0.35 
Board [2d 2s Jd 3c]
Seat 1: gudrozd folded before Flop (didn't bet)
Seat 3: raiseinthedarkk (button) folded on the Turn
Seat 4: costaneto2221 (small blind) collected ($6.65)
Seat 5: ohyesbaby1 (big blind) folded before Flop
Seat 6: janarr5 folded before Flop (didn't bet)



PokerStars Hand #254364982642:  Hold'em No Limit ($0.50/$1.00 USD) - 2025/01/14 13:04:15 WET [2025/01/14 8:04:15 ET]
Table 'Hedwig III' 6-max Seat #4 is the button
Seat 1: gudrozd ($100 in chips) 
Seat 3: raiseinthedarkk ($100 in chips) 
Seat 4: costaneto2221 ($21.63 in chips) 
Seat 5: ohyesbaby1 ($109.18 in chips) 
Seat 6: janarr5 ($102.70 in chips) 
ohyesbaby1: posts small blind $0.50
janarr5: posts big blind $1
*** HOLE CARDS ***
gudrozd: folds 
raiseinthedarkk: raises $1 to $2
costaneto2221: folds 
Pippa83 joins the table at seat #2 
ohyesbaby1: calls $1.50
janarr5: calls $1
*** FLOP *** [9h 8h Qc]
ohyesbaby1: checks 
janarr5: checks 
raiseinthedarkk: checks 
*** TURN *** [9h 8h Qc] [6s]
ohyesbaby1: bets $2.85
janarr5: folds 
raiseinthedarkk: calls $2.85
*** RIVER *** [9h 8h Qc 6s] [2d]
ohyesbaby1: bets $5.56
raiseinthedarkk: folds 
Uncalled bet ($5.56) returned to ohyesbaby1
ohyesbaby1 collected $10.98 from pot
*** SUMMARY ***
Total pot $11.70 | Rake $0.72 
Board [9h 8h Qc 6s 2d]
Seat 1: gudrozd folded before Flop (didn't bet)
Seat 3: raiseinthedarkk folded on the River
Seat 4: costaneto2221 (button) folded before Flop (didn't bet)
Seat 5: ohyesbaby1 (small blind) collected ($10.98)
Seat 6: janarr5 (big blind) folded on the Turn



PokerStars Hand #254364991691:  Hold'em No Limit ($0.50/$1.00 USD) - 2025/01/14 13:05:11 WET [2025/01/14 8:05:11 ET]
Table 'Hedwig III' 6-max Seat #5 is the button
Seat 2: Pippa83 ($100 in chips) is sitting out
Seat 1: gudrozd ($100 in chips) 
Seat 3: raiseinthedarkk ($100 in chips) 
Seat 4: costaneto2221 ($21.63 in chips) 
Seat 5: ohyesbaby1 ($115.31 in chips) 
Seat 6: janarr5 ($100.70 in chips) 
janarr5: posts small blind $0.50
gudrozd: posts big blind $1
Pippa83: sits out 
*** HOLE CARDS ***
raiseinthedarkk: raises $1 to $2
costaneto2221: folds 
ohyesbaby1: calls $2
janarr5: folds 
gudrozd: folds 
*** FLOP *** [8d Ac Th]
raiseinthedarkk: bets $2.66
ohyesbaby1: calls $2.66
*** TURN *** [8d Ac Th] [2c]
raiseinthedarkk: bets $6.78
ohyesbaby1: calls $6.78
*** RIVER *** [8d Ac Th 2c] [Td]
raiseinthedarkk: checks 
ohyesbaby1: checks 
*** SHOW DOWN ***
raiseinthedarkk: shows [Qd Js] (a pair of Tens)
ohyesbaby1: shows [7s As] (two pair, Aces and Tens)
ohyesbaby1 collected $22.86 from pot
*** SUMMARY ***
Total pot $24.38 | Rake $1.52 
Board [8d Ac Th 2c Td]
Seat 2: Pippa83
Seat 1: gudrozd (big blind) folded before Flop
Seat 3: raiseinthedarkk showed [Qd Js] and lost with a pair of Tens
Seat 4: costaneto2221 folded before Flop (didn't bet)
Seat 5: ohyesbaby1 (button) showed [7s As] and won ($22.86) with two pair, Aces and Tens
Seat 6: janarr5 (small blind) folded before Flop



PokerStars Hand #254365001153:  Hold'em No Limit ($0.50/$1.00 USD) - 2025/01/14 13:06:09 WET [2025/01/14 8:06:09 ET]
Table 'Hedwig III' 6-max Seat #6 is the button
Seat 1: gudrozd ($100 in chips) 
Seat 2: Pippa83 ($100 in chips) 
Seat 3: raiseinthedarkk ($100 in chips) 
Seat 4: costaneto2221 ($21.63 in chips) 
Seat 5: ohyesbaby1 ($126.73 in chips) 
Seat 6: janarr5 ($100.20 in chips) 
gudrozd: posts small blind $0.50
Pippa83: posts big blind $1
*** HOLE CARDS ***
raiseinthedarkk: folds 
costaneto2221: raises $1 to $2
ohyesbaby1: calls $2
janarr5: folds 
gudrozd: folds 
Pippa83: folds 
*** FLOP *** [Kh 2d Tc]
costaneto2221: checks 
ohyesbaby1: bets $2
costaneto2221: folds 
Uncalled bet ($2) returned to ohyesbaby1
ohyesbaby1 collected $5.15 from pot
*** SUMMARY ***
Total pot $5.50 | Rake $0.35 
Board [Kh 2d Tc]
Seat 1: gudrozd (small blind) folded before Flop
Seat 2: Pippa83 (big blind) folded before Flop
Seat 3: raiseinthedarkk folded before Flop (didn't bet)
Seat 4: costaneto2221 folded on the Flop
Seat 5: ohyesbaby1 collected ($5.15)
Seat 6: janarr5 (button) folded before Flop (didn't bet)



PokerStars Hand #254365006324:  Hold'em No Limit ($0.50/$1.00 USD) - 2025/01/14 13:06:42 WET [2025/01/14 8:06:42 ET]
Table 'Hedwig III' 6-max Seat #1 is the button
Seat 1: gudrozd ($100 in chips) 
Seat 2: Pippa83 ($100 in chips) 
Seat 3: raiseinthedarkk ($100 in chips) 
Seat 4: costaneto2221 ($19.63 in chips) 
Seat 5: ohyesbaby1 ($129.88 in chips) 
Seat 6: janarr5 ($100.20 in chips) 
Pippa83: posts small blind $0.50
raiseinthedarkk: posts big blind $1
*** HOLE CARDS ***
costaneto2221: folds 
ohyesbaby1: folds 
janarr5: folds 
gudrozd: folds 
Pippa83: folds 
Uncalled bet ($0.50) returned to raiseinthedarkk
raiseinthedarkk collected $1 from pot
raiseinthedarkk: doesn't show hand 
*** SUMMARY ***
Total pot $1 | Rake $0 
Seat 1: gudrozd (button) folded before Flop (didn't bet)
Seat 2: Pippa83 (small blind) folded before Flop
Seat 3: raiseinthedarkk (big blind) collected ($1)
Seat 4: costaneto2221 folded before Flop (didn't bet)
Seat 5: ohyesbaby1 folded before Flop (didn't bet)
Seat 6: janarr5 folded before Flop (didn't bet)



PokerStars Hand #254365009608:  Hold'em No Limit ($0.50/$1.00 USD) - 2025/01/14 13:07:02 WET [2025/01/14 8:07:02 ET]
Table 'Hedwig III' 6-max Seat #2 is the button
Seat 1: gudrozd ($100 in chips) 
Seat 2: Pippa83 ($100 in chips) 
Seat 3: raiseinthedarkk ($100.50 in chips) 
Seat 4: costaneto2221 ($19.63 in chips) 
Seat 5: ohyesbaby1 ($129.88 in chips) 
Seat 6: janarr5 ($100.20 in chips) 
raiseinthedarkk: posts small blind $0.50
costaneto2221: posts big blind $1
*** HOLE CARDS ***
ohyesbaby1: raises $1 to $2
janarr5: folds 
gudrozd: folds 
Pippa83: folds 
raiseinthedarkk: folds 
costaneto2221: folds 
Uncalled bet ($1) returned to ohyesbaby1
ohyesbaby1 collected $2.50 from pot
*** SUMMARY ***
Total pot $2.50 | Rake $0 
Seat 1: gudrozd folded before Flop (didn't bet)
Seat 2: Pippa83 (button) folded before Flop (didn't bet)
Seat 3: raiseinthedarkk (small blind) folded before Flop
Seat 4: costaneto2221 (big blind) folded before Flop
Seat 5: ohyesbaby1 collected ($2.50)
Seat 6: janarr5 folded before Flop (didn't bet)



PokerStars Hand #254365013185:  Hold'em No Limit ($0.50/$1.00 USD) - 2025/01/14 13:07:24 WET [2025/01/14 8:07:24 ET]
Table 'Hedwig III' 6-max Seat #3 is the button
Seat 1: gudrozd ($100 in chips) 
Seat 2: Pippa83 ($100 in chips) 
Seat 3: raiseinthedarkk ($100 in chips) 
Seat 4: costaneto2221 ($18.63 in chips) 
Seat 5: ohyesbaby1 ($131.38 in chips) 
Seat 6: janarr5 ($100.20 in chips) 
costaneto2221: posts small blind $0.50
ohyesbaby1: posts big blind $1
*** HOLE CARDS ***
janarr5: folds 
gudrozd: raises $1.50 to $2.50
Pippa83: folds 
raiseinthedarkk: folds 
costaneto2221: folds 
ohyesbaby1: calls $1.50
*** FLOP *** [6d 4h 5h]
ohyesbaby1: checks 
gudrozd: checks 
*** TURN *** [6d 4h 5h] [6c]
ohyesbaby1: bets $5.22
gudrozd: folds 
Uncalled bet ($5.22) returned to ohyesbaby1
ohyesbaby1 collected $5.15 from pot
*** SUMMARY ***
Total pot $5.50 | Rake $0.35 
Board [6d 4h 5h 6c]
Seat 1: gudrozd folded on the Turn
Seat 2: Pippa83 folded before Flop (didn't bet)
Seat 3: raiseinthedarkk (button) folded before Flop (didn't bet)
Seat 4: costaneto2221 (small blind) folded before Flop
Seat 5: ohyesbaby1 (big blind) collected ($5.15)
Seat 6: janarr5 folded before Flop (didn't bet)



PokerStars Hand #254365018162:  Hold'em No Limit ($0.50/$1.00 USD) - 2025/01/14 13:07:55 WET [2025/01/14 8:07:55 ET]
Table 'Hedwig III' 6-max Seat #4 is the button
Seat 1: gudrozd ($100 in chips) 
Seat 2: Pippa83 ($100 in chips) 
Seat 3: raiseinthedarkk ($100 in chips) 
Seat 4: costaneto2221 ($18.13 in chips) 
Seat 5: ohyesbaby1 ($134.03 in chips) 
Seat 6: janarr5 ($100.20 in chips) 
ohyesbaby1: posts small blind $0.50
janarr5: posts big blind $1
*** HOLE CARDS ***
gudrozd: folds 
Pippa83: folds 
raiseinthedarkk: folds 
costaneto2221: folds 
ohyesbaby1: raises $1 to $2
janarr5: calls $1
*** FLOP *** [6d 5d 3h]
ohyesbaby1: checks 
janarr5: bets $1.90
ohyesbaby1: calls $1.90
*** TURN *** [6d 5d 3h] [2d]
ohyesbaby1: checks 
janarr5: bets $4.89
ohyesbaby1: folds 
Uncalled bet ($4.89) returned to janarr5
janarr5 collected $7.41 from pot
janarr5: doesn't show hand 
*** SUMMARY ***
Total pot $7.80 | Rake $0.39 
Board [6d 5d 3h 2d]
Seat 1: gudrozd folded before Flop (didn't bet)
Seat 2: Pippa83 folded before Flop (didn't bet)
Seat 3: raiseinthedarkk folded before Flop (didn't bet)
Seat 4: costaneto2221 (button) folded before Flop (didn't bet)
Seat 5: ohyesbaby1 (small blind) folded on the Turn
Seat 6: janarr5 (big blind) collected ($7.41)



PokerStars Hand #254365025951:  Hold'em No Limit ($0.50/$1.00 USD) - 2025/01/14 13:08:44 WET [2025/01/14 8:08:44 ET]
Table 'Hedwig III' 6-max Seat #5 is the button
Seat 1: gudrozd ($100 in chips) 
Seat 2: Pippa83 ($100 in chips) 
Seat 3: raiseinthedarkk ($100 in chips) 
Seat 4: costaneto2221 ($18.13 in chips) 
Seat 5: ohyesbaby1 ($130.13 in chips) 
Seat 6: janarr5 ($103.71 in chips) 
janarr5: posts small blind $0.50
gudrozd: posts big blind $1
*** HOLE CARDS ***
Pippa83: folds 
raiseinthedarkk: folds 
costaneto2221 has timed out
costaneto2221: folds 
ohyesbaby1: folds 
janarr5: folds 
Uncalled bet ($0.50) returned to gudrozd
gudrozd collected $1 from pot
gudrozd: doesn't show hand 
*** SUMMARY ***
Total pot $1 | Rake $0 
Seat 1: gudrozd (big blind) collected ($1)
Seat 2: Pippa83 folded before Flop (didn't bet)
Seat 3: raiseinthedarkk folded before Flop (didn't bet)
Seat 4: costaneto2221 folded before Flop (didn't bet)
Seat 5: ohyesbaby1 (button) folded before Flop (didn't bet)
Seat 6: janarr5 (small blind) folded before Flop



PokerStars Hand #254365029035:  Hold'em No Limit ($0.50/$1.00 USD) - 2025/01/14 13:09:03 WET [2025/01/14 8:09:03 ET]
Table 'Hedwig III' 6-max Seat #6 is the button
Seat 4: costaneto2221 ($18.13 in chips) is sitting out
Seat 1: gudrozd ($100.50 in chips) 
Seat 2: Pippa83 ($100 in chips) 
Seat 3: raiseinthedarkk ($100 in chips) 
Seat 5: ohyesbaby1 ($130.13 in chips) 
Seat 6: janarr5 ($103.21 in chips) 
gudrozd: posts small blind $0.50
Pippa83: posts big blind $1
*** HOLE CARDS ***
raiseinthedarkk: folds 
ohyesbaby1: folds 
janarr5: raises $1.50 to $2.50
gudrozd: folds 
Pippa83: calls $1.50
*** FLOP *** [3c Kd 7s]
Pippa83: checks 
janarr5: bets $1.72
Pippa83: folds 
Uncalled bet ($1.72) returned to janarr5
janarr5 collected $5.22 from pot
janarr5: doesn't show hand 
*** SUMMARY ***
Total pot $5.50 | Rake $0.28 
Board [3c Kd 7s]
Seat 4: costaneto2221
Seat 1: gudrozd (small blind) folded before Flop
Seat 2: Pippa83 (big blind) folded on the Flop
Seat 3: raiseinthedarkk folded before Flop (didn't bet)
Seat 5: ohyesbaby1 folded before Flop (didn't bet)
Seat 6: janarr5 (button) collected ($5.22)



PokerStars Hand #254365036368:  Hold'em No Limit ($0.50/$1.00 USD) - 2025/01/14 13:09:48 WET [2025/01/14 8:09:48 ET]
Table 'Hedwig III' 6-max Seat #1 is the button
Seat 1: gudrozd ($100 in chips) 
Seat 2: Pippa83 ($100 in chips) 
Seat 3: raiseinthedarkk ($100 in chips) 
Seat 4: costaneto2221 ($18.13 in chips) 
Seat 5: ohyesbaby1 ($130.13 in chips) 
Seat 6: janarr5 ($105.93 in chips) 
Pippa83: posts small blind $0.50
raiseinthedarkk: posts big blind $1
*** HOLE CARDS ***
costaneto2221: folds 
ohyesbaby1: folds 
janarr5: folds 
gudrozd: raises $1.50 to $2.50
Pippa83: folds 
raiseinthedarkk: calls $1.50
*** FLOP *** [6s Tc Td]
raiseinthedarkk: checks 
gudrozd: bets $1.72
raiseinthedarkk: folds 
Uncalled bet ($1.72) returned to gudrozd
gudrozd collected $5.22 from pot
gudrozd: doesn't show hand 
*** SUMMARY ***
Total pot $5.50 | Rake $0.28 
Board [6s Tc Td]
Seat 1: gudrozd (button) collected ($5.22)
Seat 2: Pippa83 (small blind) folded before Flop
Seat 3: raiseinthedarkk (big blind) folded on the Flop
Seat 4: costaneto2221 folded before Flop (didn't bet)
Seat 5: ohyesbaby1 folded before Flop (didn't bet)
Seat 6: janarr5 folded before Flop (didn't bet)



PokerStars Hand #254365048699:  Hold'em No Limit ($0.50/$1.00 USD) - 2025/01/14 13:11:04 WET [2025/01/14 8:11:04 ET]
Table 'Hedwig III' 6-max Seat #2 is the button
Seat 1: gudrozd ($102.72 in chips) 
Seat 2: Pippa83 ($100 in chips) 
Seat 3: raiseinthedarkk ($100 in chips) 
Seat 4: costaneto2221 ($18.13 in chips) 
Seat 5: ohyesbaby1 ($130.13 in chips) 
Seat 6: janarr5 ($105.93 in chips) 
raiseinthedarkk: posts small blind $0.50
costaneto2221: posts big blind $1
*** HOLE CARDS ***
ohyesbaby1: raises $1 to $2
janarr5: folds 
gudrozd: folds 
Pippa83: folds 
raiseinthedarkk: folds 
costaneto2221: folds 
Uncalled bet ($1) returned to ohyesbaby1
ohyesbaby1 collected $2.50 from pot
*** SUMMARY ***
Total pot $2.50 | Rake $0 
Seat 1: gudrozd folded before Flop (didn't bet)
Seat 2: Pippa83 (button) folded before Flop (didn't bet)
Seat 3: raiseinthedarkk (small blind) folded before Flop
Seat 4: costaneto2221 (big blind) folded before Flop
Seat 5: ohyesbaby1 collected ($2.50)
Seat 6: janarr5 folded before Flop (didn't bet)



PokerStars Hand #254365051233:  Hold'em No Limit ($0.50/$1.00 USD) - 2025/01/14 13:11:19 WET [2025/01/14 8:11:19 ET]
Table 'Hedwig III' 6-max Seat #3 is the button
Seat 1: gudrozd ($102.72 in chips) 
Seat 2: Pippa83 ($100 in chips) 
Seat 3: raiseinthedarkk ($100 in chips) 
Seat 4: costaneto2221 ($17.13 in chips) 
Seat 5: ohyesbaby1 ($131.63 in chips) 
Seat 6: janarr5 ($105.93 in chips) 
costaneto2221: posts small blind $0.50
ohyesbaby1: posts big blind $1
*** HOLE CARDS ***
janarr5: folds 
gudrozd: raises $1.50 to $2.50
Pippa83: folds 
raiseinthedarkk: folds 
costaneto2221: folds 
ohyesbaby1: calls $1.50
*** FLOP *** [Kc 9s 5c]
ohyesbaby1: checks 
gudrozd: bets $1.30
ohyesbaby1: folds 
Uncalled bet ($1.30) returned to gudrozd
gudrozd collected $5.22 from pot
gudrozd: doesn't show hand 
*** SUMMARY ***
Total pot $5.50 | Rake $0.28 
Board [Kc 9s 5c]
Seat 1: gudrozd collected ($5.22)
Seat 2: Pippa83 folded before Flop (didn't bet)
Seat 3: raiseinthedarkk (button) folded before Flop (didn't bet)
Seat 4: costaneto2221 (small blind) folded before Flop
Seat 5: ohyesbaby1 (big blind) folded on the Flop
Seat 6: janarr5 folded before Flop (didn't bet)



PokerStars Hand #254365058111:  Hold'em No Limit ($0.50/$1.00 USD) - 2025/01/14 13:12:01 WET [2025/01/14 8:12:01 ET]
Table 'Hedwig III' 6-max Seat #4 is the button
Seat 1: gudrozd ($105.44 in chips) 
Seat 2: Pippa83 ($100 in chips) 
Seat 3: raiseinthedarkk ($100 in chips) 
Seat 4: costaneto2221 ($16.63 in chips) 
Seat 5: ohyesbaby1 ($129.13 in chips) 
Seat 6: janarr5 ($105.93 in chips) 
ohyesbaby1: posts small blind $0.50
janarr5: posts big blind $1
*** HOLE CARDS ***
gudrozd: folds 
Pippa83: folds 
raiseinthedarkk: folds 
costaneto2221: raises $2 to $3
ohyesbaby1: raises $5 to $8
janarr5: folds 
costaneto2221: calls $5
*** FLOP *** [5h 3h 7h]
ohyesbaby1: bets $8.08
costaneto2221: folds 
Uncalled bet ($8.08) returned to ohyesbaby1
ohyesbaby1 collected $15.94 from pot
*** SUMMARY ***
Total pot $17 | Rake $1.06 
Board [5h 3h 7h]
Seat 1: gudrozd folded before Flop (didn't bet)
Seat 2: Pippa83 folded before Flop (didn't bet)
Seat 3: raiseinthedarkk folded before Flop (didn't bet)
Seat 4: costaneto2221 (button) folded on the Flop
Seat 5: ohyesbaby1 (small blind) collected ($15.94)
Seat 6: janarr5 (big blind) folded before Flop



PokerStars Hand #254365064811:  Hold'em No Limit ($0.50/$1.00 USD) - 2025/01/14 13:12:43 WET [2025/01/14 8:12:43 ET]
Table 'Hedwig III' 6-max Seat #5 is the button
Seat 1: gudrozd ($105.44 in chips) 
Seat 2: Pippa83 ($100 in chips) 
Seat 3: raiseinthedarkk ($100 in chips) 
Seat 4: costaneto2221 ($8.63 in chips) 
Seat 5: ohyesbaby1 ($137.07 in chips) 
Seat 6: janarr5 ($104.93 in chips) 
janarr5: posts small blind $0.50
gudrozd: posts big blind $1
*** HOLE CARDS ***
Pippa83: folds 
raiseinthedarkk: folds 
costaneto2221: folds 
ohyesbaby1: raises $1 to $2
janarr5: folds 
gudrozd: calls $1
*** FLOP *** [Kh 2d Jc]
gudrozd: checks 
ohyesbaby1: bets $2
gudrozd: folds 
Uncalled bet ($2) returned to ohyesbaby1
ohyesbaby1 collected $4.22 from pot
*** SUMMARY ***
Total pot $4.50 | Rake $0.28 
Board [Kh 2d Jc]
Seat 1: gudrozd (big blind) folded on the Flop
Seat 2: Pippa83 folded before Flop (didn't bet)
Seat 3: raiseinthedarkk folded before Flop (didn't bet)
Seat 4: costaneto2221 folded before Flop (didn't bet)
Seat 5: ohyesbaby1 (button) collected ($4.22)
Seat 6: janarr5 (small blind) folded before Flop



PokerStars Hand #254365068976:  Hold'em No Limit ($0.50/$1.00 USD) - 2025/01/14 13:13:09 WET [2025/01/14 8:13:09 ET]
Table 'Hedwig III' 6-max Seat #6 is the button
Seat 1: gudrozd ($103.44 in chips) 
Seat 2: Pippa83 ($100 in chips) 
Seat 3: raiseinthedarkk ($100 in chips) 
Seat 4: costaneto2221 ($8.63 in chips) 
Seat 5: ohyesbaby1 ($139.29 in chips) 
Seat 6: janarr5 ($104.43 in chips) 
gudrozd: posts small blind $0.50
Pippa83: posts big blind $1
*** HOLE CARDS ***
raiseinthedarkk: folds 
costaneto2221: folds 
ohyesbaby1: folds 
janarr5: raises $1.50 to $2.50
gudrozd: folds 
Pippa83: folds 
Uncalled bet ($1.50) returned to janarr5
janarr5 collected $2.50 from pot
janarr5: doesn't show hand 
*** SUMMARY ***
Total pot $2.50 | Rake $0 
Seat 1: gudrozd (small blind) folded before Flop
Seat 2: Pippa83 (big blind) folded before Flop
Seat 3: raiseinthedarkk folded before Flop (didn't bet)
Seat 4: costaneto2221 folded before Flop (didn't bet)
Seat 5: ohyesbaby1 folded before Flop (didn't bet)
Seat 6: janarr5 (button) collected ($2.50)



PokerStars Hand #254365071928:  Hold'em No Limit ($0.50/$1.00 USD) - 2025/01/14 13:13:27 WET [2025/01/14 8:13:27 ET]
Table 'Hedwig III' 6-max Seat #1 is the button
Seat 1: gudrozd ($102.94 in chips) 
Seat 2: Pippa83 ($100 in chips) 
Seat 3: raiseinthedarkk ($100 in chips) 
Seat 4: costaneto2221 ($8.63 in chips) 
Seat 5: ohyesbaby1 ($139.29 in chips) 
Seat 6: janarr5 ($105.93 in chips) 
Pippa83: posts small blind $0.50
raiseinthedarkk: posts big blind $1
*** HOLE CARDS ***
costaneto2221: folds 
ohyesbaby1: folds 
janarr5: folds 
gudrozd: folds 
Pippa83: folds 
Uncalled bet ($0.50) returned to raiseinthedarkk
raiseinthedarkk collected $1 from pot
raiseinthedarkk: doesn't show hand 
*** SUMMARY ***
Total pot $1 | Rake $0 
Seat 1: gudrozd (button) folded before Flop (didn't bet)
Seat 2: Pippa83 (small blind) folded before Flop
Seat 3: raiseinthedarkk (big blind) collected ($1)
Seat 4: costaneto2221 folded before Flop (didn't bet)
Seat 5: ohyesbaby1 folded before Flop (didn't bet)
Seat 6: janarr5 folded before Flop (didn't bet)



PokerStars Hand #254365103278:  Hold'em No Limit ($0.50/$1.00 USD) - 2025/01/14 13:16:40 WET [2025/01/14 8:16:40 ET]
Table 'Hedwig III' 6-max Seat #1 is the button
Seat 1: gudrozd ($101.44 in chips) 
Seat 2: Pippa83 ($100 in chips) 
Seat 3: raiseinthedarkk ($100 in chips) 
Seat 4: costaneto2221 ($9.03 in chips) 
Seat 5: ohyesbaby1 ($146.67 in chips) 
Seat 6: janarr5 ($106.33 in chips) 
Pippa83: posts small blind $0.50
raiseinthedarkk: posts big blind $1
*** HOLE CARDS ***
costaneto2221: folds 
ohyesbaby1: raises $1 to $2
janarr5: folds 
gudrozd: folds 
Pippa83: folds 
raiseinthedarkk: raises $10 to $12
ohyesbaby1: calls $10
*** FLOP *** [9s Qs 2h]
raiseinthedarkk: bets $12
ohyesbaby1: calls $12
*** TURN *** [9s Qs 2h] [2s]
raiseinthedarkk: bets $13
ohyesbaby1: raises $14 to $27
raiseinthedarkk: folds 
Uncalled bet ($14) returned to ohyesbaby1
ohyesbaby1 collected $71.38 from pot
*** SUMMARY ***
Total pot $74.50 | Rake $3.12 
Board [9s Qs 2h 2s]
Seat 1: gudrozd (button) folded before Flop (didn't bet)
Seat 2: Pippa83 (small blind) folded before Flop
Seat 3: raiseinthedarkk (big blind) folded on the Turn
Seat 4: costaneto2221 folded before Flop (didn't bet)
Seat 5: ohyesbaby1 collected ($71.38)
Seat 6: janarr5 folded before Flop (didn't bet)



PokerStars Hand #254365121392:  Hold'em No Limit ($0.50/$1.00 USD) - 2025/01/14 13:18:30 WET [2025/01/14 8:18:30 ET]
Table 'Hedwig III' 6-max Seat #2 is the button
Seat 1: gudrozd ($101.44 in chips) 
Seat 2: Pippa83 ($100 in chips) 
Seat 3: raiseinthedarkk ($100 in chips) 
Seat 4: costaneto2221 ($9.03 in chips) 
Seat 5: ohyesbaby1 ($181.05 in chips) 
Seat 6: janarr5 ($106.33 in chips) 
raiseinthedarkk: posts small blind $0.50
costaneto2221: posts big blind $1
*** HOLE CARDS ***
ohyesbaby1: raises $1 to $2
janarr5: folds 
gudrozd: folds 
Pippa83: folds 
raiseinthedarkk: folds 
costaneto2221: folds 
Uncalled bet ($1) returned to ohyesbaby1
ohyesbaby1 collected $2.50 from pot
*** SUMMARY ***
Total pot $2.50 | Rake $0 
Seat 1: gudrozd folded before Flop (didn't bet)
Seat 2: Pippa83 (button) folded before Flop (didn't bet)
Seat 3: raiseinthedarkk (small blind) folded before Flop
Seat 4: costaneto2221 (big blind) folded before Flop
Seat 5: ohyesbaby1 collected ($2.50)
Seat 6: janarr5 folded before Flop (didn't bet)



PokerStars Hand #254365124442:  Hold'em No Limit ($0.50/$1.00 USD) - 2025/01/14 13:18:48 WET [2025/01/14 8:18:48 ET]
Table 'Hedwig III' 6-max Seat #3 is the button
Seat 1: gudrozd ($101.44 in chips) 
Seat 2: Pippa83 ($100 in chips) 
Seat 3: raiseinthedarkk ($100 in chips) 
Seat 4: costaneto2221 ($8.03 in chips) 
Seat 5: ohyesbaby1 ($182.55 in chips) 
Seat 6: janarr5 ($106.33 in chips) 
costaneto2221: posts small blind $0.50
ohyesbaby1: posts big blind $1
*** HOLE CARDS ***
janarr5: folds 
gudrozd: folds 
Pippa83: folds 
raiseinthedarkk: raises $1.50 to $2.50
costaneto2221: folds 
ohyesbaby1: calls $1.50
*** FLOP *** [5s 8d 3h]
ohyesbaby1: checks 
raiseinthedarkk: checks 
*** TURN *** [5s 8d 3h] [Qd]
ohyesbaby1: checks 
raiseinthedarkk: checks 
*** RIVER *** [5s 8d 3h Qd] [6d]
ohyesbaby1: checks 
raiseinthedarkk: checks 
*** SHOW DOWN ***
ohyesbaby1: shows [6c Kc] (a pair of Sixes)
raiseinthedarkk: shows [Ah 6s] (a pair of Sixes - Ace kicker)
raiseinthedarkk collected $5.22 from pot
*** SUMMARY ***
Total pot $5.50 | Rake $0.28 
Board [5s 8d 3h Qd 6d]
Seat 1: gudrozd folded before Flop (didn't bet)
Seat 2: Pippa83 folded before Flop (didn't bet)
Seat 3: raiseinthedarkk (button) showed [Ah 6s] and won ($5.22) with a pair of Sixes
Seat 4: costaneto2221 (small blind) folded before Flop
Seat 5: ohyesbaby1 (big blind) showed [6c Kc] and lost with a pair of Sixes
Seat 6: janarr5 folded before Flop (didn't bet)



PokerStars Hand #254365132304:  Hold'em No Limit ($0.50/$1.00 USD) - 2025/01/14 13:19:36 WET [2025/01/14 8:19:36 ET]
Table 'Hedwig III' 6-max Seat #4 is the button
Seat 1: gudrozd ($101.44 in chips) 
Seat 2: Pippa83 ($100 in chips) 
Seat 3: raiseinthedarkk ($102.72 in chips) 
Seat 4: costaneto2221 ($7.53 in chips) 
Seat 5: ohyesbaby1 ($180.05 in chips) 
Seat 6: janarr5 ($106.33 in chips) 
ohyesbaby1: posts small blind $0.50
janarr5: posts big blind $1
*** HOLE CARDS ***
gudrozd: folds 
Pippa83: folds 
raiseinthedarkk: folds 
costaneto2221: folds 
ohyesbaby1: calls $0.50
janarr5: checks 
*** FLOP *** [Qd 4s 8h]
ohyesbaby1: checks 
janarr5: checks 
*** TURN *** [Qd 4s 8h] [2c]
ohyesbaby1: checks 
janarr5: bets $1
ohyesbaby1: folds 
Uncalled bet ($1) returned to janarr5
janarr5 collected $1.90 from pot
janarr5: doesn't show hand 
*** SUMMARY ***
Total pot $2 | Rake $0.10 
Board [Qd 4s 8h 2c]
Seat 1: gudrozd folded before Flop (didn't bet)
Seat 2: Pippa83 folded before Flop (didn't bet)
Seat 3: raiseinthedarkk folded before Flop (didn't bet)
Seat 4: costaneto2221 (button) folded before Flop (didn't bet)
Seat 5: ohyesbaby1 (small blind) folded on the Turn
Seat 6: janarr5 (big blind) collected ($1.90)



PokerStars Hand #254365138822:  Hold'em No Limit ($0.50/$1.00 USD) - 2025/01/14 13:20:16 WET [2025/01/14 8:20:16 ET]
Table 'Hedwig III' 6-max Seat #5 is the button
Seat 1: gudrozd ($101.44 in chips) 
Seat 2: Pippa83 ($100 in chips) 
Seat 3: raiseinthedarkk ($102.72 in chips) 
Seat 4: costaneto2221 ($7.53 in chips) 
Seat 5: ohyesbaby1 ($179.05 in chips) 
Seat 6: janarr5 ($107.23 in chips) 
janarr5: posts small blind $0.50
gudrozd: posts big blind $1
*** HOLE CARDS ***
Pippa83: folds 
raiseinthedarkk: folds 
costaneto2221: folds 
ohyesbaby1: raises $2 to $3
janarr5: folds 
gudrozd: folds 
Uncalled bet ($2) returned to ohyesbaby1
ohyesbaby1 collected $2.50 from pot
*** SUMMARY ***
Total pot $2.50 | Rake $0 
Seat 1: gudrozd (big blind) folded before Flop
Seat 2: Pippa83 folded before Flop (didn't bet)
Seat 3: raiseinthedarkk folded before Flop (didn't bet)
Seat 4: costaneto2221 folded before Flop (didn't bet)
Seat 5: ohyesbaby1 (button) collected ($2.50)
Seat 6: janarr5 (small blind) folded before Flop



PokerStars Hand #254365141712:  Hold'em No Limit ($0.50/$1.00 USD) - 2025/01/14 13:20:33 WET [2025/01/14 8:20:33 ET]
Table 'Hedwig III' 6-max Seat #6 is the button
Seat 1: gudrozd ($100.44 in chips) 
Seat 2: Pippa83 ($100 in chips) 
Seat 3: raiseinthedarkk ($102.72 in chips) 
Seat 4: costaneto2221 ($7.53 in chips) 
Seat 5: ohyesbaby1 ($180.55 in chips) 
Seat 6: janarr5 ($106.73 in chips) 
gudrozd: posts small blind $0.50
Pippa83: posts big blind $1
*** HOLE CARDS ***
raiseinthedarkk: raises $1.20 to $2.20
costaneto2221: folds 
ohyesbaby1: folds 
janarr5: folds 
gudrozd: folds 
Pippa83: folds 
Uncalled bet ($1.20) returned to raiseinthedarkk
raiseinthedarkk collected $2.50 from pot
raiseinthedarkk: doesn't show hand 
*** SUMMARY ***
Total pot $2.50 | Rake $0 
Seat 1: gudrozd (small blind) folded before Flop
Seat 2: Pippa83 (big blind) folded before Flop
Seat 3: raiseinthedarkk collected ($2.50)
Seat 4: costaneto2221 folded before Flop (didn't bet)
Seat 5: ohyesbaby1 folded before Flop (didn't bet)
Seat 6: janarr5 (button) folded before Flop (didn't bet)



PokerStars Hand #254365145268:  Hold'em No Limit ($0.50/$1.00 USD) - 2025/01/14 13:20:54 WET [2025/01/14 8:20:54 ET]
Table 'Hedwig III' 6-max Seat #1 is the button
Seat 1: gudrozd ($100 in chips) 
Seat 2: Pippa83 ($100 in chips) 
Seat 3: raiseinthedarkk ($104.22 in chips) 
Seat 4: costaneto2221 ($7.53 in chips) 
Seat 5: ohyesbaby1 ($180.55 in chips) 
Seat 6: janarr5 ($106.73 in chips) 
Pippa83: posts small blind $0.50
raiseinthedarkk: posts big blind $1
*** HOLE CARDS ***
costaneto2221: folds 
ohyesbaby1: raises $1 to $2
janarr5: folds 
gudrozd: folds 
Pippa83: calls $1.50
raiseinthedarkk: raises $11 to $13
ohyesbaby1: calls $11
Pippa83: folds 
*** FLOP *** [3c 6d Jd]
raiseinthedarkk: bets $6.65
ohyesbaby1: calls $6.65
*** TURN *** [3c 6d Jd] [9d]
raiseinthedarkk: bets $12.95
ohyesbaby1: calls $12.95
*** RIVER *** [3c 6d Jd 9d] [2c]
raiseinthedarkk: bets $50.47
ohyesbaby1: calls $50.47
*** SHOW DOWN ***
raiseinthedarkk: shows [Kh Kd] (a pair of Kings)
ohyesbaby1: mucks hand 
raiseinthedarkk collected $165.64 from pot
*** SUMMARY ***
Total pot $168.14 | Rake $2.50 
Board [3c 6d Jd 9d 2c]
Seat 1: gudrozd (button) folded before Flop (didn't bet)
Seat 2: Pippa83 (small blind) folded before Flop
Seat 3: raiseinthedarkk (big blind) showed [Kh Kd] and won ($165.64) with a pair of Kings
Seat 4: costaneto2221 folded before Flop (didn't bet)
Seat 5: ohyesbaby1 mucked
Seat 6: janarr5 folded before Flop (didn't bet)



PokerStars Hand #254365160691:  Hold'em No Limit ($0.50/$1.00 USD) - 2025/01/14 13:22:28 WET [2025/01/14 8:22:28 ET]
Table 'Hedwig III' 6-max Seat #2 is the button
Seat 1: gudrozd ($100 in chips) 
Seat 2: Pippa83 ($100 in chips) 
Seat 3: raiseinthedarkk ($186.79 in chips) 
Seat 4: costaneto2221 ($7.53 in chips) 
Seat 5: ohyesbaby1 ($97.48 in chips) 
Seat 6: janarr5 ($106.73 in chips) 
raiseinthedarkk: posts small blind $0.50
costaneto2221: posts big blind $1
*** HOLE CARDS ***
ohyesbaby1: folds 
janarr5: folds 
gudrozd: raises $1.50 to $2.50
Pippa83: folds 
raiseinthedarkk: folds 
costaneto2221: calls $1.50
*** FLOP *** [5c 5d 3d]
costaneto2221: checks 
gudrozd: bets $5.22
costaneto2221: folds 
Uncalled bet ($5.22) returned to gudrozd
gudrozd collected $5.22 from pot
gudrozd: doesn't show hand 
*** SUMMARY ***
Total pot $5.50 | Rake $0.28 
Board [5c 5d 3d]
Seat 1: gudrozd collected ($5.22)
Seat 2: Pippa83 (button) folded before Flop (didn't bet)
Seat 3: raiseinthedarkk (small blind) folded before Flop
Seat 4: costaneto2221 (big blind) folded on the Flop
Seat 5: ohyesbaby1 folded before Flop (didn't bet)
Seat 6: janarr5 folded before Flop (didn't bet)



PokerStars Hand #254365165406:  Hold'em No Limit ($0.50/$1.00 USD) - 2025/01/14 13:22:57 WET [2025/01/14 8:22:57 ET]
Table 'Hedwig III' 6-max Seat #3 is the button
Seat 1: gudrozd ($102.72 in chips) 
Seat 2: Pippa83 ($100 in chips) 
Seat 3: raiseinthedarkk ($186.29 in chips) 
Seat 4: costaneto2221 ($5.03 in chips) 
Seat 5: ohyesbaby1 ($97.48 in chips) 
Seat 6: janarr5 ($106.73 in chips) 
costaneto2221: posts small blind $0.50
ohyesbaby1: posts big blind $1
*** HOLE CARDS ***
janarr5: folds 
gudrozd: folds 
Pippa83: raises $1.50 to $2.50
raiseinthedarkk: folds 
costaneto2221: folds 
ohyesbaby1: folds 
Uncalled bet ($1.50) returned to Pippa83
Pippa83 collected $2.50 from pot
Pippa83: doesn't show hand 
*** SUMMARY ***
Total pot $2.50 | Rake $0 
Seat 1: gudrozd folded before Flop (didn't bet)
Seat 2: Pippa83 collected ($2.50)
Seat 3: raiseinthedarkk (button) folded before Flop (didn't bet)
Seat 4: costaneto2221 (small blind) folded before Flop
Seat 5: ohyesbaby1 (big blind) folded before Flop
Seat 6: janarr5 folded before Flop (didn't bet)



PokerStars Hand #254365170665:  Hold'em No Limit ($0.50/$1.00 USD) - 2025/01/14 13:23:28 WET [2025/01/14 8:23:28 ET]
Table 'Hedwig III' 6-max Seat #4 is the button
Seat 1: gudrozd ($102.72 in chips) 
Seat 2: Pippa83 ($101.50 in chips) 
Seat 3: raiseinthedarkk ($186.29 in chips) 
Seat 4: costaneto2221 ($4.53 in chips) 
Seat 5: ohyesbaby1 ($96.48 in chips) 
Seat 6: janarr5 ($106.73 in chips) 
ohyesbaby1: posts small blind $0.50
janarr5: posts big blind $1
*** HOLE CARDS ***
gudrozd: folds 
Pippa83: folds 
raiseinthedarkk: raises $1.20 to $2.20
costaneto2221: folds 
ohyesbaby1: calls $1.70
janarr5: folds 
*** FLOP *** [Jc 2h Js]
ohyesbaby1: checks 
raiseinthedarkk: checks 
*** TURN *** [Jc 2h Js] [6c]
ohyesbaby1: checks 
raiseinthedarkk: bets $2.50
ohyesbaby1: calls $2.50
*** RIVER *** [Jc 2h Js 6c] [9s]
ohyesbaby1: checks 
raiseinthedarkk: bets $2.47
ohyesbaby1: calls $2.47
*** SHOW DOWN ***
raiseinthedarkk: shows [5h 6h] (two pair, Jacks and Sixes)
ohyesbaby1: shows [9h Ad] (two pair, Jacks and Nines)
ohyesbaby1 collected $14.38 from pot
*** SUMMARY ***
Total pot $15.34 | Rake $0.96 
Board [Jc 2h Js 6c 9s]
Seat 1: gudrozd folded before Flop (didn't bet)
Seat 2: Pippa83 folded before Flop (didn't bet)
Seat 3: raiseinthedarkk showed [5h 6h] and lost with two pair, Jacks and Sixes
Seat 4: costaneto2221 (button) folded before Flop (didn't bet)
Seat 5: ohyesbaby1 (small blind) showed [9h Ad] and won ($14.38) with two pair, Jacks and Nines
Seat 6: janarr5 (big blind) folded before Flop



PokerStars Hand #254365180446:  Hold'em No Limit ($0.50/$1.00 USD) - 2025/01/14 13:24:28 WET [2025/01/14 8:24:28 ET]
Table 'Hedwig III' 6-max Seat #5 is the button
Seat 1: gudrozd ($102.72 in chips) 
Seat 2: Pippa83 ($101.50 in chips) 
Seat 3: raiseinthedarkk ($179.12 in chips) 
Seat 4: costaneto2221 ($4.53 in chips) 
Seat 5: ohyesbaby1 ($103.69 in chips) 
Seat 6: janarr5 ($105.73 in chips) 
janarr5: posts small blind $0.50
gudrozd: posts big blind $1
*** HOLE CARDS ***
Pippa83: raises $1.20 to $2.20
raiseinthedarkk: folds 
costaneto2221: folds 
ohyesbaby1: folds 
janarr5: folds 
gudrozd: calls $1.20
*** FLOP *** [4s 9s Qd]
gudrozd: checks 
Pippa83: checks 
*** TURN *** [4s 9s Qd] [5h]
gudrozd: checks 
Pippa83: checks 
*** RIVER *** [4s 9s Qd 5h] [3c]
gudrozd: checks 
Pippa83: bets $2.50
gudrozd: folds 
Uncalled bet ($2.50) returned to Pippa83
Pippa83 collected $4.66 from pot
Pippa83: doesn't show hand 
*** SUMMARY ***
Total pot $4.90 | Rake $0.24 
Board [4s 9s Qd 5h 3c]
Seat 1: gudrozd (big blind) folded on the River
Seat 2: Pippa83 collected ($4.66)
Seat 3: raiseinthedarkk folded before Flop (didn't bet)
Seat 4: costaneto2221 folded before Flop (didn't bet)
Seat 5: ohyesbaby1 (button) folded before Flop (didn't bet)
Seat 6: janarr5 (small blind) folded before Flop



PokerStars Hand #254365191057:  Hold'em No Limit ($0.50/$1.00 USD) - 2025/01/14 13:25:32 WET [2025/01/14 8:25:32 ET]
Table 'Hedwig III' 6-max Seat #6 is the button
Seat 2: Pippa83 ($103.96 in chips) is sitting out
Seat 3: raiseinthedarkk ($179.12 in chips) is sitting out
Seat 1: gudrozd ($100.52 in chips) 
Seat 4: costaneto2221 ($4.53 in chips) 
Seat 5: ohyesbaby1 ($103.69 in chips) 
Seat 6: janarr5 ($105.23 in chips) 
gudrozd: posts small blind $0.50
raiseinthedarkk: is sitting out 
costaneto2221: posts big blind $1
*** HOLE CARDS ***
ohyesbaby1: folds 
janarr5: raises $1.50 to $2.50
gudrozd: folds 
raiseinthedarkk leaves the table
ohyesbaby1 leaves the table
Kristo 914 joins the table at seat #3 
Kristo 914 leaves the table
costaneto2221: folds 
Uncalled bet ($1.50) returned to janarr5
janarr5 collected $2.50 from pot
janarr5: doesn't show hand 
*** SUMMARY ***
Total pot $2.50 | Rake $0 
Seat 2: Pippa83
Seat 3: raiseinthedarkk
Seat 1: gudrozd (small blind) folded before Flop
Seat 4: costaneto2221 (big blind) folded before Flop
Seat 5: ohyesbaby1 folded before Flop (didn't bet)
Seat 6: janarr5 (button) collected ($2.50)



PokerStars Hand #254365195045:  Hold'em No Limit ($0.50/$1.00 USD) - 2025/01/14 13:25:56 WET [2025/01/14 8:25:56 ET]
Table 'Hedwig III' 6-max Seat #1 is the button
Seat 2: Pippa83 ($103.96 in chips) is sitting out
Seat 1: gudrozd ($100.02 in chips) 
Seat 4: costaneto2221 ($3.53 in chips) 
Seat 6: janarr5 ($106.73 in chips) 
costaneto2221: posts small blind $0.50
janarr5: posts big blind $1
*** HOLE CARDS ***
gudrozd: folds 
gudrozd leaves the table
costaneto2221: raises $1 to $2
janarr5: folds 
Uncalled bet ($1) returned to costaneto2221
costaneto2221 collected $2 from pot
costaneto2221: doesn't show hand 
*** SUMMARY ***
Total pot $2 | Rake $0 
Seat 2: Pippa83
Seat 1: gudrozd (button) folded before Flop (didn't bet)
Seat 4: costaneto2221 (small blind) collected ($2)
Seat 6: janarr5 (big blind) folded before Flop



PokerStars Hand #254365197423:  Hold'em No Limit ($0.50/$1.00 USD) - 2025/01/14 13:26:10 WET [2025/01/14 8:26:10 ET]
Table 'Hedwig III' 6-max Seat #6 is the button
Seat 2: Pippa83 ($103.96 in chips) is sitting out
Seat 4: costaneto2221 ($4.53 in chips) 
Seat 6: janarr5 ($105.73 in chips) 
janarr5: posts small blind $0.50
costaneto2221: posts big blind $1
*** HOLE CARDS ***
janarr5: raises $4 to $5
costaneto2221: folds 
Uncalled bet ($4) returned to janarr5
janarr5 collected $2 from pot
janarr5: doesn't show hand 
*** SUMMARY ***
Total pot $2 | Rake $0 
Seat 2: Pippa83
Seat 4: costaneto2221 (big blind) folded before Flop
Seat 6: janarr5 (button) (small blind) collected ($2)



PokerStars Hand #254365199019:  Hold'em No Limit ($0.50/$1.00 USD) - 2025/01/14 13:26:20 WET [2025/01/14 8:26:20 ET]
Table 'Hedwig III' 6-max Seat #4 is the button
Seat 2: Pippa83 ($103.96 in chips) is sitting out
Seat 4: costaneto2221 ($3.53 in chips) 
Seat 6: janarr5 ($106.73 in chips) 
costaneto2221: posts small blind $0.50
janarr5: posts big blind $1
*** HOLE CARDS ***
costaneto2221: folds 
Uncalled bet ($0.50) returned to janarr5
janarr5 collected $1 from pot
janarr5: doesn't show hand 
*** SUMMARY ***
Total pot $1 | Rake $0 
Seat 2: Pippa83
Seat 4: costaneto2221 (button) (small blind) folded before Flop
Seat 6: janarr5 (big blind) collected ($1)



