PokerStars Hand #254363261420:  Hold'em No Limit ($0.50/$1.00 USD) - 2025/01/14 9:06:45 WET [2025/01/14 4:06:45 ET]
Table 'Pandarus III' 6-max Seat #1 is the button
Seat 4: Evelexy1 ($100 in chips) is sitting out
Seat 5: AlexEliseev7 ($100 in chips) is sitting out
Seat 1: 4ikkiBamBoni ($100 in chips) 
Seat 2: fobot21 ($102.93 in chips) 
Seat 3: EasyGamerrr ($100 in chips) 
Seat 6: TJMcc1996 ($44.07 in chips) 
fobot21: posts small blind $0.50
EasyGamerrr: posts big blind $1
Evelexy1: sits out 
AlexEliseev7: sits out 
TJMcc1996: posts big blind $1
*** HOLE CARDS ***
TJMcc1996: raises $1 to $2
4ikkiBamBoni: folds 
fobot21: folds 
EasyGamerrr: calls $1
*** FLOP *** [7d 7s 3h]
EasyGamerrr: checks 
TJMcc1996: checks 
*** TURN *** [7d 7s 3h] [9h]
EasyGamerrr: bets $2.87
TJMcc1996: calls $2.87
*** RIVER *** [7d 7s 3h 9h] [2c]
EasyGamerrr: bets $6.52
TJMcc1996: folds 
Uncalled bet ($6.52) returned to EasyGamerrr
EasyGamerrr collected $9.73 from pot
EasyGamerrr: doesn't show hand 
*** SUMMARY ***
Total pot $10.24 | Rake $0.51 
Board [7d 7s 3h 9h 2c]
Seat 4: Evelexy1
Seat 5: AlexEliseev7
Seat 1: 4ikkiBamBoni (button) folded before Flop (didn't bet)
Seat 2: fobot21 (small blind) folded before Flop
Seat 3: EasyGamerrr (big blind) collected ($9.73)
Seat 6: TJMcc1996 folded on the River



PokerStars Hand #254363264875:  Hold'em No Limit ($0.50/$1.00 USD) - 2025/01/14 9:07:25 WET [2025/01/14 4:07:25 ET]
Table 'Pandarus III' 6-max Seat #2 is the button
Seat 5: AlexEliseev7 ($100 in chips) is sitting out
Seat 1: 4ikkiBamBoni ($100 in chips) 
Seat 2: fobot21 ($102.43 in chips) 
Seat 3: EasyGamerrr ($104.86 in chips) 
Seat 4: Evelexy1 ($100 in chips) 
Seat 6: TJMcc1996 ($39.20 in chips) 
EasyGamerrr: posts small blind $0.50
Evelexy1: posts big blind $1
AlexEliseev7: sits out 
*** HOLE CARDS ***
TJMcc1996: folds 
4ikkiBamBoni: folds 
fobot21: folds 
EasyGamerrr: folds 
Uncalled bet ($0.50) returned to Evelexy1
Evelexy1 collected $1 from pot
Evelexy1: doesn't show hand 
*** SUMMARY ***
Total pot $1 | Rake $0 
Seat 5: AlexEliseev7
Seat 1: 4ikkiBamBoni folded before Flop (didn't bet)
Seat 2: fobot21 (button) folded before Flop (didn't bet)
Seat 3: EasyGamerrr (small blind) folded before Flop
Seat 4: Evelexy1 (big blind) collected ($1)
Seat 6: TJMcc1996 folded before Flop (didn't bet)



PokerStars Hand #254363265842:  Hold'em No Limit ($0.50/$1.00 USD) - 2025/01/14 9:07:36 WET [2025/01/14 4:07:36 ET]
Table 'Pandarus III' 6-max Seat #3 is the button
Seat 1: 4ikkiBamBoni ($100 in chips) 
Seat 2: fobot21 ($102.43 in chips) 
Seat 3: EasyGamerrr ($104.36 in chips) 
Seat 4: Evelexy1 ($100.50 in chips) 
Seat 5: AlexEliseev7 ($100 in chips) 
Seat 6: TJMcc1996 ($39.20 in chips) 
Evelexy1: posts small blind $0.50
AlexEliseev7: posts big blind $1
*** HOLE CARDS ***
TJMcc1996: folds 
4ikkiBamBoni: folds 
fobot21: raises $1.50 to $2.50
EasyGamerrr: folds 
Evelexy1: folds 
AlexEliseev7: calls $1.50
*** FLOP *** [3c Ah 4c]
AlexEliseev7: checks 
fobot21: checks 
*** TURN *** [3c Ah 4c] [2c]
AlexEliseev7: bets $7.88
fobot21: folds 
Uncalled bet ($7.88) returned to AlexEliseev7
AlexEliseev7 collected $5.22 from pot
AlexEliseev7: doesn't show hand 
*** SUMMARY ***
Total pot $5.50 | Rake $0.28 
Board [3c Ah 4c 2c]
Seat 1: 4ikkiBamBoni folded before Flop (didn't bet)
Seat 2: fobot21 folded on the Turn
Seat 3: EasyGamerrr (button) folded before Flop (didn't bet)
Seat 4: Evelexy1 (small blind) folded before Flop
Seat 5: AlexEliseev7 (big blind) collected ($5.22)
Seat 6: TJMcc1996 folded before Flop (didn't bet)



PokerStars Hand #254363269965:  Hold'em No Limit ($0.50/$1.00 USD) - 2025/01/14 9:08:23 WET [2025/01/14 4:08:23 ET]
Table 'Pandarus III' 6-max Seat #4 is the button
Seat 1: 4ikkiBamBoni ($100 in chips) 
Seat 2: fobot21 ($100 in chips) 
Seat 3: EasyGamerrr ($104.36 in chips) 
Seat 4: Evelexy1 ($100 in chips) 
Seat 5: AlexEliseev7 ($102.72 in chips) 
Seat 6: TJMcc1996 ($39.20 in chips) 
AlexEliseev7: posts small blind $0.50
TJMcc1996: posts big blind $1
*** HOLE CARDS ***
4ikkiBamBoni: folds 
fobot21: folds 
EasyGamerrr: raises $1.50 to $2.50
Evelexy1: folds 
AlexEliseev7: folds 
TJMcc1996: folds 
Uncalled bet ($1.50) returned to EasyGamerrr
EasyGamerrr collected $2.50 from pot
EasyGamerrr: doesn't show hand 
*** SUMMARY ***
Total pot $2.50 | Rake $0 
Seat 1: 4ikkiBamBoni folded before Flop (didn't bet)
Seat 2: fobot21 folded before Flop (didn't bet)
Seat 3: EasyGamerrr collected ($2.50)
Seat 4: Evelexy1 (button) folded before Flop (didn't bet)
Seat 5: AlexEliseev7 (small blind) folded before Flop
Seat 6: TJMcc1996 (big blind) folded before Flop



PokerStars Hand #254363271691:  Hold'em No Limit ($0.50/$1.00 USD) - 2025/01/14 9:08:43 WET [2025/01/14 4:08:43 ET]
Table 'Pandarus III' 6-max Seat #5 is the button
Seat 1: 4ikkiBamBoni ($100 in chips) 
Seat 2: fobot21 ($100 in chips) 
Seat 3: EasyGamerrr ($105.86 in chips) 
Seat 4: Evelexy1 ($100 in chips) 
Seat 5: AlexEliseev7 ($102.22 in chips) 
Seat 6: TJMcc1996 ($38.20 in chips) 
TJMcc1996: posts small blind $0.50
4ikkiBamBoni: posts big blind $1
*** HOLE CARDS ***
fobot21: folds 
EasyGamerrr: folds 
Evelexy1: folds 
AlexEliseev7: raises $1.50 to $2.50
TJMcc1996: calls $2
4ikkiBamBoni: raises $11 to $13.50
AlexEliseev7: folds 
TJMcc1996: folds 
Uncalled bet ($11) returned to 4ikkiBamBoni
4ikkiBamBoni collected $7.50 from pot
4ikkiBamBoni: doesn't show hand 
*** SUMMARY ***
Total pot $7.50 | Rake $0 
Seat 1: 4ikkiBamBoni (big blind) collected ($7.50)
Seat 2: fobot21 folded before Flop (didn't bet)
Seat 3: EasyGamerrr folded before Flop (didn't bet)
Seat 4: Evelexy1 folded before Flop (didn't bet)
Seat 5: AlexEliseev7 (button) folded before Flop
Seat 6: TJMcc1996 (small blind) folded before Flop



PokerStars Hand #254363273929:  Hold'em No Limit ($0.50/$1.00 USD) - 2025/01/14 9:09:08 WET [2025/01/14 4:09:08 ET]
Table 'Pandarus III' 6-max Seat #6 is the button
Seat 1: 4ikkiBamBoni ($105 in chips) 
Seat 2: fobot21 ($100 in chips) 
Seat 3: EasyGamerrr ($105.86 in chips) 
Seat 4: Evelexy1 ($100 in chips) 
Seat 5: AlexEliseev7 ($100 in chips) 
Seat 6: TJMcc1996 ($35.70 in chips) 
4ikkiBamBoni: posts small blind $0.50
fobot21: posts big blind $1
*** HOLE CARDS ***
EasyGamerrr: folds 
Evelexy1: folds 
AlexEliseev7: folds 
TJMcc1996: folds 
4ikkiBamBoni: folds 
Uncalled bet ($0.50) returned to fobot21
fobot21 collected $1 from pot
fobot21: doesn't show hand 
*** SUMMARY ***
Total pot $1 | Rake $0 
Seat 1: 4ikkiBamBoni (small blind) folded before Flop
Seat 2: fobot21 (big blind) collected ($1)
Seat 3: EasyGamerrr folded before Flop (didn't bet)
Seat 4: Evelexy1 folded before Flop (didn't bet)
Seat 5: AlexEliseev7 folded before Flop (didn't bet)
Seat 6: TJMcc1996 (button) folded before Flop (didn't bet)



PokerStars Hand #254363275119:  Hold'em No Limit ($0.50/$1.00 USD) - 2025/01/14 9:09:21 WET [2025/01/14 4:09:21 ET]
Table 'Pandarus III' 6-max Seat #1 is the button
Seat 1: 4ikkiBamBoni ($104.50 in chips) 
Seat 2: fobot21 ($100.50 in chips) 
Seat 3: EasyGamerrr ($105.86 in chips) 
Seat 4: Evelexy1 ($100 in chips) 
Seat 5: AlexEliseev7 ($100 in chips) 
Seat 6: TJMcc1996 ($35.70 in chips) 
fobot21: posts small blind $0.50
EasyGamerrr: posts big blind $1
*** HOLE CARDS ***
Evelexy1: folds 
AlexEliseev7: folds 
TJMcc1996: folds 
4ikkiBamBoni: raises $1.20 to $2.20
fobot21: folds 
EasyGamerrr: calls $1.20
*** FLOP *** [Qc 5d Qs]
EasyGamerrr: checks 
4ikkiBamBoni: bets $1.54
EasyGamerrr: calls $1.54
*** TURN *** [Qc 5d Qs] [5h]
EasyGamerrr: checks 
4ikkiBamBoni: checks 
*** RIVER *** [Qc 5d Qs 5h] [9s]
EasyGamerrr: checks 
4ikkiBamBoni: bets $5.69
EasyGamerrr: calls $5.69
*** SHOW DOWN ***
4ikkiBamBoni: shows [7s Ks] (two pair, Queens and Fives)
EasyGamerrr: shows [Tc Ah] (two pair, Queens and Fives - Ace kicker)
EasyGamerrr collected $18.39 from pot
*** SUMMARY ***
Total pot $19.36 | Rake $0.97 
Board [Qc 5d Qs 5h 9s]
Seat 1: 4ikkiBamBoni (button) showed [7s Ks] and lost with two pair, Queens and Fives
Seat 2: fobot21 (small blind) folded before Flop
Seat 3: EasyGamerrr (big blind) showed [Tc Ah] and won ($18.39) with two pair, Queens and Fives
Seat 4: Evelexy1 folded before Flop (didn't bet)
Seat 5: AlexEliseev7 folded before Flop (didn't bet)
Seat 6: TJMcc1996 folded before Flop (didn't bet)



PokerStars Hand #254363282402:  Hold'em No Limit ($0.50/$1.00 USD) - 2025/01/14 9:10:44 WET [2025/01/14 4:10:44 ET]
Table 'Pandarus III' 6-max Seat #2 is the button
Seat 1: 4ikkiBamBoni ($100 in chips) 
Seat 2: fobot21 ($100 in chips) 
Seat 3: EasyGamerrr ($114.82 in chips) 
Seat 4: Evelexy1 ($100 in chips) 
Seat 5: AlexEliseev7 ($100 in chips) 
Seat 6: TJMcc1996 ($35.70 in chips) 
EasyGamerrr: posts small blind $0.50
Evelexy1: posts big blind $1
*** HOLE CARDS ***
AlexEliseev7: folds 
TJMcc1996: calls $1
4ikkiBamBoni: folds 
fobot21: folds 
EasyGamerrr: calls $0.50
Evelexy1: checks 
*** FLOP *** [9d 3d 2c]
EasyGamerrr: bets $1.48
Evelexy1: calls $1.48
TJMcc1996: folds 
*** TURN *** [9d 3d 2c] [Kc]
EasyGamerrr: bets $4.25
Evelexy1: calls $4.25
*** RIVER *** [9d 3d 2c Kc] [Jc]
EasyGamerrr: checks 
Evelexy1: bets $10
EasyGamerrr: calls $10
*** SHOW DOWN ***
Evelexy1: shows [9h Ks] (two pair, Kings and Nines)
EasyGamerrr: mucks hand 
Evelexy1 collected $32.74 from pot
*** SUMMARY ***
Total pot $34.46 | Rake $1.72 
Board [9d 3d 2c Kc Jc]
Seat 1: 4ikkiBamBoni folded before Flop (didn't bet)
Seat 2: fobot21 (button) folded before Flop (didn't bet)
Seat 3: EasyGamerrr (small blind) mucked
Seat 4: Evelexy1 (big blind) showed [9h Ks] and won ($32.74) with two pair, Kings and Nines
Seat 5: AlexEliseev7 folded before Flop (didn't bet)
Seat 6: TJMcc1996 folded on the Flop



PokerStars Hand #254363287249:  Hold'em No Limit ($0.50/$1.00 USD) - 2025/01/14 9:11:40 WET [2025/01/14 4:11:40 ET]
Table 'Pandarus III' 6-max Seat #3 is the button
Seat 1: 4ikkiBamBoni ($100 in chips) 
Seat 2: fobot21 ($100 in chips) 
Seat 3: EasyGamerrr ($100 in chips) 
Seat 4: Evelexy1 ($116.01 in chips) 
Seat 5: AlexEliseev7 ($100 in chips) 
Seat 6: TJMcc1996 ($34.70 in chips) 
Evelexy1: posts small blind $0.50
AlexEliseev7: posts big blind $1
*** HOLE CARDS ***
TJMcc1996: raises $2 to $3
4ikkiBamBoni: folds 
fobot21: folds 
EasyGamerrr: folds 
Evelexy1: folds 
AlexEliseev7: calls $2
*** FLOP *** [Qs 2s 3d]
AlexEliseev7: checks 
TJMcc1996: bets $3
AlexEliseev7: folds 
Uncalled bet ($3) returned to TJMcc1996
TJMcc1996 collected $6.18 from pot
TJMcc1996: doesn't show hand 
*** SUMMARY ***
Total pot $6.50 | Rake $0.32 
Board [Qs 2s 3d]
Seat 1: 4ikkiBamBoni folded before Flop (didn't bet)
Seat 2: fobot21 folded before Flop (didn't bet)
Seat 3: EasyGamerrr (button) folded before Flop (didn't bet)
Seat 4: Evelexy1 (small blind) folded before Flop
Seat 5: AlexEliseev7 (big blind) folded on the Flop
Seat 6: TJMcc1996 collected ($6.18)



PokerStars Hand #254363291576:  Hold'em No Limit ($0.50/$1.00 USD) - 2025/01/14 9:12:28 WET [2025/01/14 4:12:28 ET]
Table 'Pandarus III' 6-max Seat #4 is the button
Seat 1: 4ikkiBamBoni ($100 in chips) 
Seat 2: fobot21 ($100 in chips) 
Seat 3: EasyGamerrr ($100 in chips) 
Seat 4: Evelexy1 ($115.51 in chips) 
Seat 5: AlexEliseev7 ($100 in chips) 
Seat 6: TJMcc1996 ($37.88 in chips) 
AlexEliseev7: posts small blind $0.50
TJMcc1996: posts big blind $1
*** HOLE CARDS ***
4ikkiBamBoni: folds 
4ikkiBamBoni leaves the table
fobot21: folds 
EasyGamerrr: folds 
Evelexy1: raises $1.50 to $2.50
AlexEliseev7: folds 
TJMcc1996: folds 
Uncalled bet ($1.50) returned to Evelexy1
Evelexy1 collected $2.50 from pot
Evelexy1: doesn't show hand 
Lidas585 joins the table at seat #1 
*** SUMMARY ***
Total pot $2.50 | Rake $0 
Seat 1: 4ikkiBamBoni folded before Flop (didn't bet)
Seat 2: fobot21 folded before Flop (didn't bet)
Seat 3: EasyGamerrr folded before Flop (didn't bet)
Seat 4: Evelexy1 (button) collected ($2.50)
Seat 5: AlexEliseev7 (small blind) folded before Flop
Seat 6: TJMcc1996 (big blind) folded before Flop



PokerStars Hand #254363293097:  Hold'em No Limit ($0.50/$1.00 USD) - 2025/01/14 9:12:46 WET [2025/01/14 4:12:46 ET]
Table 'Pandarus III' 6-max Seat #5 is the button
Seat 1: Lidas585 ($100 in chips) 
Seat 2: fobot21 ($100 in chips) 
Seat 3: EasyGamerrr ($100 in chips) 
Seat 4: Evelexy1 ($117.01 in chips) 
Seat 5: AlexEliseev7 ($100 in chips) 
Seat 6: TJMcc1996 ($36.88 in chips) 
TJMcc1996: posts small blind $0.50
Lidas585: posts big blind $1
*** HOLE CARDS ***
fobot21: folds 
EasyGamerrr: folds 
Evelexy1: folds 
AlexEliseev7: folds 
TJMcc1996: calls $0.50
Lidas585: raises $2.40 to $3.40
TJMcc1996: calls $2.40
*** FLOP *** [3d 4s Jc]
TJMcc1996: checks 
Lidas585: bets $2.13
TJMcc1996: raises $3.87 to $6
Lidas585: folds 
Uncalled bet ($3.87) returned to TJMcc1996
TJMcc1996 collected $10.51 from pot
TJMcc1996: doesn't show hand 
*** SUMMARY ***
Total pot $11.06 | Rake $0.55 
Board [3d 4s Jc]
Seat 1: Lidas585 (big blind) folded on the Flop
Seat 2: fobot21 folded before Flop (didn't bet)
Seat 3: EasyGamerrr folded before Flop (didn't bet)
Seat 4: Evelexy1 folded before Flop (didn't bet)
Seat 5: AlexEliseev7 (button) folded before Flop (didn't bet)
Seat 6: TJMcc1996 (small blind) collected ($10.51)



PokerStars Hand #254363296477:  Hold'em No Limit ($0.50/$1.00 USD) - 2025/01/14 9:13:23 WET [2025/01/14 4:13:23 ET]
Table 'Pandarus III' 6-max Seat #6 is the button
Seat 1: Lidas585 ($100 in chips) 
Seat 2: fobot21 ($100 in chips) 
Seat 3: EasyGamerrr ($100 in chips) 
Seat 4: Evelexy1 ($117.01 in chips) 
Seat 5: AlexEliseev7 ($100 in chips) 
Seat 6: TJMcc1996 ($41.86 in chips) 
Lidas585: posts small blind $0.50
fobot21: posts big blind $1
*** HOLE CARDS ***
EasyGamerrr: folds 
Evelexy1: folds 
AlexEliseev7: folds 
TJMcc1996: calls $1
Lidas585: raises $3.50 to $4.50
fobot21: folds 
TJMcc1996: raises $37.36 to $41.86 and is all-in
Lidas585: folds 
Uncalled bet ($37.36) returned to TJMcc1996
TJMcc1996 collected $10 from pot
TJMcc1996: doesn't show hand 
*** SUMMARY ***
Total pot $10 | Rake $0 
Seat 1: Lidas585 (small blind) folded before Flop
Seat 2: fobot21 (big blind) folded before Flop
Seat 3: EasyGamerrr folded before Flop (didn't bet)
Seat 4: Evelexy1 folded before Flop (didn't bet)
Seat 5: AlexEliseev7 folded before Flop (didn't bet)
Seat 6: TJMcc1996 (button) collected ($10)



PokerStars Hand #254363299473:  Hold'em No Limit ($0.50/$1.00 USD) - 2025/01/14 9:13:56 WET [2025/01/14 4:13:56 ET]
Table 'Pandarus III' 6-max Seat #1 is the button
Seat 1: Lidas585 ($100 in chips) 
Seat 2: fobot21 ($100 in chips) 
Seat 3: EasyGamerrr ($100 in chips) 
Seat 4: Evelexy1 ($117.01 in chips) 
Seat 5: AlexEliseev7 ($100 in chips) 
Seat 6: TJMcc1996 ($47.36 in chips) 
fobot21: posts small blind $0.50
EasyGamerrr: posts big blind $1
*** HOLE CARDS ***
Evelexy1: raises $1 to $2
AlexEliseev7: folds 
TJMcc1996: raises $2 to $4
Lidas585: folds 
fobot21: folds 
EasyGamerrr: folds 
Evelexy1: calls $2
*** FLOP *** [7s Qh 3c]
Evelexy1: checks 
TJMcc1996: bets $3
Evelexy1: calls $3
*** TURN *** [7s Qh 3c] [3h]
Evelexy1: checks 
TJMcc1996: checks 
*** RIVER *** [7s Qh 3c 3h] [Ks]
Evelexy1: checks 
TJMcc1996: checks 
*** SHOW DOWN ***
Evelexy1: shows [Jh Th] (a pair of Threes)
TJMcc1996: shows [Td Ts] (two pair, Tens and Threes)
TJMcc1996 collected $14.72 from pot
*** SUMMARY ***
Total pot $15.50 | Rake $0.78 
Board [7s Qh 3c 3h Ks]
Seat 1: Lidas585 (button) folded before Flop (didn't bet)
Seat 2: fobot21 (small blind) folded before Flop
Seat 3: EasyGamerrr (big blind) folded before Flop
Seat 4: Evelexy1 showed [Jh Th] and lost with a pair of Threes
Seat 5: AlexEliseev7 folded before Flop (didn't bet)
Seat 6: TJMcc1996 showed [Td Ts] and won ($14.72) with two pair, Tens and Threes



PokerStars Hand #254363302142:  Hold'em No Limit ($0.50/$1.00 USD) - 2025/01/14 9:14:25 WET [2025/01/14 4:14:25 ET]
Table 'Pandarus III' 6-max Seat #2 is the button
Seat 1: Lidas585 ($100 in chips) 
Seat 2: fobot21 ($100 in chips) 
Seat 3: EasyGamerrr ($100 in chips) 
Seat 4: Evelexy1 ($110.01 in chips) 
Seat 5: AlexEliseev7 ($100 in chips) 
Seat 6: TJMcc1996 ($55.08 in chips) 
EasyGamerrr: posts small blind $0.50
Evelexy1: posts big blind $1
*** HOLE CARDS ***
AlexEliseev7: folds 
TJMcc1996: calls $1
Lidas585: folds 
fobot21: folds 
EasyGamerrr: folds 
Evelexy1: checks 
*** FLOP *** [Ad 8c 4d]
Evelexy1: checks 
TJMcc1996: checks 
*** TURN *** [Ad 8c 4d] [4h]
Evelexy1: bets $1.79
TJMcc1996: folds 
Uncalled bet ($1.79) returned to Evelexy1
Evelexy1 collected $2.38 from pot
Evelexy1: doesn't show hand 
*** SUMMARY ***
Total pot $2.50 | Rake $0.12 
Board [Ad 8c 4d 4h]
Seat 1: Lidas585 folded before Flop (didn't bet)
Seat 2: fobot21 (button) folded before Flop (didn't bet)
Seat 3: EasyGamerrr (small blind) folded before Flop
Seat 4: Evelexy1 (big blind) collected ($2.38)
Seat 5: AlexEliseev7 folded before Flop (didn't bet)
Seat 6: TJMcc1996 folded on the Turn



PokerStars Hand #254363304313:  Hold'em No Limit ($0.50/$1.00 USD) - 2025/01/14 9:14:49 WET [2025/01/14 4:14:49 ET]
Table 'Pandarus III' 6-max Seat #3 is the button
Seat 1: Lidas585 ($100 in chips) 
Seat 2: fobot21 ($100 in chips) 
Seat 3: EasyGamerrr ($100 in chips) 
Seat 4: Evelexy1 ($111.39 in chips) 
Seat 5: AlexEliseev7 ($100 in chips) 
Seat 6: TJMcc1996 ($54.08 in chips) 
Evelexy1: posts small blind $0.50
AlexEliseev7: posts big blind $1
*** HOLE CARDS ***
TJMcc1996: calls $1
Lidas585: raises $2.40 to $3.40
fobot21: calls $3.40
EasyGamerrr: folds 
Evelexy1: folds 
AlexEliseev7: folds 
TJMcc1996: calls $2.40
*** FLOP *** [Ac 5c Kd]
TJMcc1996: checks 
Lidas585: checks 
fobot21: checks 
*** TURN *** [Ac 5c Kd] [6s]
TJMcc1996: bets $3
Lidas585: folds 
fobot21: folds 
Uncalled bet ($3) returned to TJMcc1996
TJMcc1996 collected $11.12 from pot
TJMcc1996: doesn't show hand 
*** SUMMARY ***
Total pot $11.70 | Rake $0.58 
Board [Ac 5c Kd 6s]
Seat 1: Lidas585 folded on the Turn
Seat 2: fobot21 folded on the Turn
Seat 3: EasyGamerrr (button) folded before Flop (didn't bet)
Seat 4: Evelexy1 (small blind) folded before Flop
Seat 5: AlexEliseev7 (big blind) folded before Flop
Seat 6: TJMcc1996 collected ($11.12)



PokerStars Hand #254363311875:  Hold'em No Limit ($0.50/$1.00 USD) - 2025/01/14 9:16:11 WET [2025/01/14 4:16:11 ET]
Table 'Pandarus III' 6-max Seat #4 is the button
Seat 1: Lidas585 ($100 in chips) 
Seat 2: fobot21 ($100 in chips) 
Seat 3: EasyGamerrr ($100 in chips) 
Seat 4: Evelexy1 ($110.89 in chips) 
Seat 5: AlexEliseev7 ($100 in chips) 
Seat 6: TJMcc1996 ($61.80 in chips) 
AlexEliseev7: posts small blind $0.50
TJMcc1996: posts big blind $1
*** HOLE CARDS ***
Lidas585: folds 
fobot21: folds 
EasyGamerrr: folds 
Evelexy1: folds 
AlexEliseev7: raises $2 to $3
TJMcc1996: folds 
Uncalled bet ($2) returned to AlexEliseev7
AlexEliseev7 collected $2 from pot
AlexEliseev7: doesn't show hand 
*** SUMMARY ***
Total pot $2 | Rake $0 
Seat 1: Lidas585 folded before Flop (didn't bet)
Seat 2: fobot21 folded before Flop (didn't bet)
Seat 3: EasyGamerrr folded before Flop (didn't bet)
Seat 4: Evelexy1 (button) folded before Flop (didn't bet)
Seat 5: AlexEliseev7 (small blind) collected ($2)
Seat 6: TJMcc1996 (big blind) folded before Flop



PokerStars Hand #254363313120:  Hold'em No Limit ($0.50/$1.00 USD) - 2025/01/14 9:16:26 WET [2025/01/14 4:16:26 ET]
Table 'Pandarus III' 6-max Seat #5 is the button
Seat 1: Lidas585 ($100 in chips) 
Seat 2: fobot21 ($100 in chips) 
Seat 3: EasyGamerrr ($100 in chips) 
Seat 4: Evelexy1 ($110.89 in chips) 
Seat 5: AlexEliseev7 ($101 in chips) 
Seat 6: TJMcc1996 ($60.80 in chips) 
TJMcc1996: posts small blind $0.50
Lidas585: posts big blind $1
*** HOLE CARDS ***
fobot21: raises $1 to $2
EasyGamerrr: folds 
Evelexy1: folds 
AlexEliseev7: folds 
TJMcc1996: folds 
Lidas585: folds 
Uncalled bet ($1) returned to fobot21
fobot21 collected $2.50 from pot
fobot21: doesn't show hand 
*** SUMMARY ***
Total pot $2.50 | Rake $0 
Seat 1: Lidas585 (big blind) folded before Flop
Seat 2: fobot21 collected ($2.50)
Seat 3: EasyGamerrr folded before Flop (didn't bet)
Seat 4: Evelexy1 folded before Flop (didn't bet)
Seat 5: AlexEliseev7 (button) folded before Flop (didn't bet)
Seat 6: TJMcc1996 (small blind) folded before Flop



PokerStars Hand #254363314473:  Hold'em No Limit ($0.50/$1.00 USD) - 2025/01/14 9:16:40 WET [2025/01/14 4:16:40 ET]
Table 'Pandarus III' 6-max Seat #6 is the button
Seat 1: Lidas585 ($100 in chips) 
Seat 2: fobot21 ($101.50 in chips) 
Seat 3: EasyGamerrr ($100 in chips) 
Seat 4: Evelexy1 ($110.89 in chips) 
Seat 5: AlexEliseev7 ($101 in chips) 
Seat 6: TJMcc1996 ($60.30 in chips) 
Lidas585: posts small blind $0.50
fobot21: posts big blind $1
*** HOLE CARDS ***
EasyGamerrr: folds 
Evelexy1: folds 
AlexEliseev7: folds 
TJMcc1996: folds 
Lidas585: folds 
Uncalled bet ($0.50) returned to fobot21
fobot21 collected $1 from pot
fobot21: doesn't show hand 
*** SUMMARY ***
Total pot $1 | Rake $0 
Seat 1: Lidas585 (small blind) folded before Flop
Seat 2: fobot21 (big blind) collected ($1)
Seat 3: EasyGamerrr folded before Flop (didn't bet)
Seat 4: Evelexy1 folded before Flop (didn't bet)
Seat 5: AlexEliseev7 folded before Flop (didn't bet)
Seat 6: TJMcc1996 (button) folded before Flop (didn't bet)



PokerStars Hand #254363315539:  Hold'em No Limit ($0.50/$1.00 USD) - 2025/01/14 9:16:52 WET [2025/01/14 4:16:52 ET]
Table 'Pandarus III' 6-max Seat #1 is the button
Seat 1: Lidas585 ($100 in chips) 
Seat 2: fobot21 ($102 in chips) 
Seat 3: EasyGamerrr ($100 in chips) 
Seat 4: Evelexy1 ($110.89 in chips) 
Seat 5: AlexEliseev7 ($101 in chips) 
Seat 6: TJMcc1996 ($60.30 in chips) 
fobot21: posts small blind $0.50
EasyGamerrr: posts big blind $1
*** HOLE CARDS ***
Evelexy1: folds 
AlexEliseev7: folds 
TJMcc1996: calls $1
Lidas585: folds 
fobot21: folds 
EasyGamerrr: raises $3.50 to $4.50
TJMcc1996: raises $7.50 to $12
EasyGamerrr: calls $7.50
*** FLOP *** [Td Qs Jh]
EasyGamerrr: checks 
TJMcc1996: bets $48.30 and is all-in
EasyGamerrr: calls $48.30
*** TURN *** [Td Qs Jh] [6c]
*** RIVER *** [Td Qs Jh 6c] [8s]
*** SHOW DOWN ***
EasyGamerrr: shows [Qc Kd] (a pair of Queens)
TJMcc1996: shows [Ad As] (a pair of Aces)
TJMcc1996 collected $118.60 from pot
*** SUMMARY ***
Total pot $121.10 | Rake $2.50 
Board [Td Qs Jh 6c 8s]
Seat 1: Lidas585 (button) folded before Flop (didn't bet)
Seat 2: fobot21 (small blind) folded before Flop
Seat 3: EasyGamerrr (big blind) showed [Qc Kd] and lost with a pair of Queens
Seat 4: Evelexy1 folded before Flop (didn't bet)
Seat 5: AlexEliseev7 folded before Flop (didn't bet)
Seat 6: TJMcc1996 showed [Ad As] and won ($118.60) with a pair of Aces



PokerStars Hand #254363321021:  Hold'em No Limit ($0.50/$1.00 USD) - 2025/01/14 9:17:52 WET [2025/01/14 4:17:52 ET]
Table 'Pandarus III' 6-max Seat #2 is the button
Seat 1: Lidas585 ($100 in chips) 
Seat 2: fobot21 ($101.50 in chips) 
Seat 3: EasyGamerrr ($100 in chips) 
Seat 4: Evelexy1 ($110.89 in chips) 
Seat 5: AlexEliseev7 ($101 in chips) 
Seat 6: TJMcc1996 ($118.60 in chips) 
EasyGamerrr: posts small blind $0.50
Evelexy1: posts big blind $1
*** HOLE CARDS ***
AlexEliseev7: folds 
TJMcc1996: folds 
Lidas585: raises $1.30 to $2.30
fobot21: folds 
EasyGamerrr: folds 
Evelexy1: calls $1.30
*** FLOP *** [Qd As 2d]
Evelexy1: checks 
Lidas585: checks 
*** TURN *** [Qd As 2d] [4s]
Evelexy1: bets $1.61
Lidas585: calls $1.61
*** RIVER *** [Qd As 2d 4s] [Ks]
Evelexy1: bets $11.85
Lidas585: folds 
Uncalled bet ($11.85) returned to Evelexy1
Evelexy1 collected $7.90 from pot
Evelexy1: doesn't show hand 
*** SUMMARY ***
Total pot $8.32 | Rake $0.42 
Board [Qd As 2d 4s Ks]
Seat 1: Lidas585 folded on the River
Seat 2: fobot21 (button) folded before Flop (didn't bet)
Seat 3: EasyGamerrr (small blind) folded before Flop
Seat 4: Evelexy1 (big blind) collected ($7.90)
Seat 5: AlexEliseev7 folded before Flop (didn't bet)
Seat 6: TJMcc1996 folded before Flop (didn't bet)



PokerStars Hand #254363325869:  Hold'em No Limit ($0.50/$1.00 USD) - 2025/01/14 9:18:46 WET [2025/01/14 4:18:46 ET]
Table 'Pandarus III' 6-max Seat #3 is the button
Seat 1: Lidas585 ($100 in chips) 
Seat 2: fobot21 ($101.50 in chips) 
Seat 3: EasyGamerrr ($100 in chips) 
Seat 4: Evelexy1 ($114.88 in chips) 
Seat 5: AlexEliseev7 ($101 in chips) 
Seat 6: TJMcc1996 ($118.60 in chips) 
Evelexy1: posts small blind $0.50
AlexEliseev7: posts big blind $1
*** HOLE CARDS ***
TJMcc1996: raises $1 to $2
Lidas585: folds 
fobot21: folds 
EasyGamerrr: folds 
Evelexy1: folds 
AlexEliseev7: folds 
Uncalled bet ($1) returned to TJMcc1996
TJMcc1996 collected $2.50 from pot
TJMcc1996: doesn't show hand 
*** SUMMARY ***
Total pot $2.50 | Rake $0 
Seat 1: Lidas585 folded before Flop (didn't bet)
Seat 2: fobot21 folded before Flop (didn't bet)
Seat 3: EasyGamerrr (button) folded before Flop (didn't bet)
Seat 4: Evelexy1 (small blind) folded before Flop
Seat 5: AlexEliseev7 (big blind) folded before Flop
Seat 6: TJMcc1996 collected ($2.50)



PokerStars Hand #254363327531:  Hold'em No Limit ($0.50/$1.00 USD) - 2025/01/14 9:19:04 WET [2025/01/14 4:19:04 ET]
Table 'Pandarus III' 6-max Seat #4 is the button
Seat 1: Lidas585 ($100 in chips) 
Seat 2: fobot21 ($101.50 in chips) 
Seat 3: EasyGamerrr ($100 in chips) 
Seat 4: Evelexy1 ($114.38 in chips) 
Seat 5: AlexEliseev7 ($100 in chips) 
Seat 6: TJMcc1996 ($120.10 in chips) 
AlexEliseev7: posts small blind $0.50
TJMcc1996: posts big blind $1
*** HOLE CARDS ***
Lidas585: folds 
fobot21: folds 
EasyGamerrr: raises $1.50 to $2.50
Evelexy1: folds 
AlexEliseev7: folds 
TJMcc1996: calls $1.50
*** FLOP *** [Ah 9s 9c]
TJMcc1996: checks 
EasyGamerrr: bets $1.72
TJMcc1996: calls $1.72
*** TURN *** [Ah 9s 9c] [Jd]
TJMcc1996: checks 
EasyGamerrr: checks 
*** RIVER *** [Ah 9s 9c Jd] [9d]
TJMcc1996: checks 
EasyGamerrr: bets $4.41
TJMcc1996: raises $10.66 to $15.07
EasyGamerrr: calls $10.66
*** SHOW DOWN ***
TJMcc1996: shows [6c 8s] (three of a kind, Nines)
EasyGamerrr: shows [As Td] (a full house, Nines full of Aces)
EasyGamerrr collected $37.13 from pot
*** SUMMARY ***
Total pot $39.08 | Rake $1.95 
Board [Ah 9s 9c Jd 9d]
Seat 1: Lidas585 folded before Flop (didn't bet)
Seat 2: fobot21 folded before Flop (didn't bet)
Seat 3: EasyGamerrr showed [As Td] and won ($37.13) with a full house, Nines full of Aces
Seat 4: Evelexy1 (button) folded before Flop (didn't bet)
Seat 5: AlexEliseev7 (small blind) folded before Flop
Seat 6: TJMcc1996 (big blind) showed [6c 8s] and lost with three of a kind, Nines



PokerStars Hand #254363334136:  Hold'em No Limit ($0.50/$1.00 USD) - 2025/01/14 9:20:15 WET [2025/01/14 4:20:15 ET]
Table 'Pandarus III' 6-max Seat #5 is the button
Seat 1: Lidas585 ($100 in chips) 
Seat 2: fobot21 ($101.50 in chips) 
Seat 3: EasyGamerrr ($117.84 in chips) 
Seat 4: Evelexy1 ($114.38 in chips) 
Seat 5: AlexEliseev7 ($100 in chips) 
Seat 6: TJMcc1996 ($100.81 in chips) 
TJMcc1996: posts small blind $0.50
Lidas585: posts big blind $1
*** HOLE CARDS ***
fobot21: folds 
EasyGamerrr: raises $1.50 to $2.50
Evelexy1: folds 
AlexEliseev7: folds 
TJMcc1996: folds 
Lidas585: folds 
Uncalled bet ($1.50) returned to EasyGamerrr
EasyGamerrr collected $2.50 from pot
EasyGamerrr: doesn't show hand 
*** SUMMARY ***
Total pot $2.50 | Rake $0 
Seat 1: Lidas585 (big blind) folded before Flop
Seat 2: fobot21 folded before Flop (didn't bet)
Seat 3: EasyGamerrr collected ($2.50)
Seat 4: Evelexy1 folded before Flop (didn't bet)
Seat 5: AlexEliseev7 (button) folded before Flop (didn't bet)
Seat 6: TJMcc1996 (small blind) folded before Flop



PokerStars Hand #254363336110:  Hold'em No Limit ($0.50/$1.00 USD) - 2025/01/14 9:20:37 WET [2025/01/14 4:20:37 ET]
Table 'Pandarus III' 6-max Seat #6 is the button
Seat 1: Lidas585 ($100 in chips) 
Seat 2: fobot21 ($101.50 in chips) 
Seat 3: EasyGamerrr ($119.34 in chips) 
Seat 4: Evelexy1 ($114.38 in chips) 
Seat 5: AlexEliseev7 ($100 in chips) 
Seat 6: TJMcc1996 ($100.31 in chips) 
Lidas585: posts small blind $0.50
fobot21: posts big blind $1
*** HOLE CARDS ***
EasyGamerrr: folds 
Evelexy1: folds 
AlexEliseev7: raises $1.50 to $2.50
TJMcc1996: calls $2.50
Lidas585: folds 
fobot21: raises $11.50 to $14
AlexEliseev7: calls $11.50
TJMcc1996: folds 
*** FLOP *** [Jc 9s Qh]
fobot21: bets $10.01
AlexEliseev7: calls $10.01
*** TURN *** [Jc 9s Qh] [8h]
fobot21: checks 
AlexEliseev7: checks 
*** RIVER *** [Jc 9s Qh 8h] [Th]
fobot21: bets $77.49 and is all-in
AlexEliseev7: folds 
Uncalled bet ($77.49) returned to fobot21
fobot21 collected $48.52 from pot
fobot21: doesn't show hand 
*** SUMMARY ***
Total pot $51.02 | Rake $2.50 
Board [Jc 9s Qh 8h Th]
Seat 1: Lidas585 (small blind) folded before Flop
Seat 2: fobot21 (big blind) collected ($48.52)
Seat 3: EasyGamerrr folded before Flop (didn't bet)
Seat 4: Evelexy1 folded before Flop (didn't bet)
Seat 5: AlexEliseev7 folded on the River
Seat 6: TJMcc1996 (button) folded before Flop



PokerStars Hand #254363346293:  Hold'em No Limit ($0.50/$1.00 USD) - 2025/01/14 9:22:27 WET [2025/01/14 4:22:27 ET]
Table 'Pandarus III' 6-max Seat #1 is the button
Seat 1: Lidas585 ($100 in chips) 
Seat 2: fobot21 ($126.01 in chips) 
Seat 3: EasyGamerrr ($119.34 in chips) 
Seat 4: Evelexy1 ($114.38 in chips) 
Seat 5: AlexEliseev7 ($100 in chips) 
Seat 6: TJMcc1996 ($97.81 in chips) 
fobot21: posts small blind $0.50
EasyGamerrr: posts big blind $1
*** HOLE CARDS ***
Evelexy1: folds 
AlexEliseev7: folds 
TJMcc1996: folds 
Lidas585: folds 
fobot21: folds 
Uncalled bet ($0.50) returned to EasyGamerrr
EasyGamerrr collected $1 from pot
EasyGamerrr: doesn't show hand 
*** SUMMARY ***
Total pot $1 | Rake $0 
Seat 1: Lidas585 (button) folded before Flop (didn't bet)
Seat 2: fobot21 (small blind) folded before Flop
Seat 3: EasyGamerrr (big blind) collected ($1)
Seat 4: Evelexy1 folded before Flop (didn't bet)
Seat 5: AlexEliseev7 folded before Flop (didn't bet)
Seat 6: TJMcc1996 folded before Flop (didn't bet)



PokerStars Hand #254363347696:  Hold'em No Limit ($0.50/$1.00 USD) - 2025/01/14 9:22:41 WET [2025/01/14 4:22:41 ET]
Table 'Pandarus III' 6-max Seat #2 is the button
Seat 1: Lidas585 ($100 in chips) 
Seat 2: fobot21 ($125.51 in chips) 
Seat 3: EasyGamerrr ($119.84 in chips) 
Seat 4: Evelexy1 ($114.38 in chips) 
Seat 5: AlexEliseev7 ($100 in chips) 
Seat 6: TJMcc1996 ($97.81 in chips) 
EasyGamerrr: posts small blind $0.50
Evelexy1: posts big blind $1
*** HOLE CARDS ***
AlexEliseev7: raises $1.50 to $2.50
TJMcc1996: folds 
Lidas585: folds 
fobot21: folds 
EasyGamerrr: folds 
Evelexy1: calls $1.50
*** FLOP *** [6c Kc 9d]
Evelexy1: checks 
AlexEliseev7: checks 
*** TURN *** [6c Kc 9d] [Jd]
Evelexy1: bets $1.74
AlexEliseev7: folds 
Uncalled bet ($1.74) returned to Evelexy1
Evelexy1 collected $5.22 from pot
Evelexy1: doesn't show hand 
*** SUMMARY ***
Total pot $5.50 | Rake $0.28 
Board [6c Kc 9d Jd]
Seat 1: Lidas585 folded before Flop (didn't bet)
Seat 2: fobot21 (button) folded before Flop (didn't bet)
Seat 3: EasyGamerrr (small blind) folded before Flop
Seat 4: Evelexy1 (big blind) collected ($5.22)
Seat 5: AlexEliseev7 folded on the Turn
Seat 6: TJMcc1996 folded before Flop (didn't bet)



PokerStars Hand #254363351578:  Hold'em No Limit ($0.50/$1.00 USD) - 2025/01/14 9:23:23 WET [2025/01/14 4:23:23 ET]
Table 'Pandarus III' 6-max Seat #3 is the button
Seat 1: Lidas585 ($100 in chips) 
Seat 2: fobot21 ($125.51 in chips) 
Seat 3: EasyGamerrr ($119.34 in chips) 
Seat 4: Evelexy1 ($117.10 in chips) 
Seat 5: AlexEliseev7 ($100 in chips) 
Seat 6: TJMcc1996 ($97.81 in chips) 
Evelexy1: posts small blind $0.50
AlexEliseev7: posts big blind $1
*** HOLE CARDS ***
TJMcc1996: raises $1 to $2
Lidas585: raises $4.50 to $6.50
fobot21: folds 
EasyGamerrr: folds 
Evelexy1: folds 
AlexEliseev7: folds 
TJMcc1996: calls $4.50
*** FLOP *** [Qs 3s Jh]
TJMcc1996: checks 
Lidas585: bets $3.44
TJMcc1996: calls $3.44
*** TURN *** [Qs 3s Jh] [9h]
TJMcc1996: checks 
Lidas585: checks 
*** RIVER *** [Qs 3s Jh 9h] [9d]
TJMcc1996: checks 
Lidas585: checks 
*** SHOW DOWN ***
TJMcc1996: shows [Jc Th] (two pair, Jacks and Nines)
Lidas585: mucks hand 
TJMcc1996 collected $20.31 from pot
*** SUMMARY ***
Total pot $21.38 | Rake $1.07 
Board [Qs 3s Jh 9h 9d]
Seat 1: Lidas585 mucked
Seat 2: fobot21 folded before Flop (didn't bet)
Seat 3: EasyGamerrr (button) folded before Flop (didn't bet)
Seat 4: Evelexy1 (small blind) folded before Flop
Seat 5: AlexEliseev7 (big blind) folded before Flop
Seat 6: TJMcc1996 showed [Jc Th] and won ($20.31) with two pair, Jacks and Nines



PokerStars Hand #254363358640:  Hold'em No Limit ($0.50/$1.00 USD) - 2025/01/14 9:24:38 WET [2025/01/14 4:24:38 ET]
Table 'Pandarus III' 6-max Seat #4 is the button
Seat 1: Lidas585 ($100 in chips) 
Seat 2: fobot21 ($125.51 in chips) 
Seat 3: EasyGamerrr ($119.34 in chips) 
Seat 4: Evelexy1 ($116.60 in chips) 
Seat 5: AlexEliseev7 ($100 in chips) 
Seat 6: TJMcc1996 ($108.18 in chips) 
AlexEliseev7: posts small blind $0.50
TJMcc1996: posts big blind $1
*** HOLE CARDS ***
Lidas585: folds 
fobot21: folds 
EasyGamerrr: folds 
Evelexy1: folds 
AlexEliseev7: folds 
Uncalled bet ($0.50) returned to TJMcc1996
TJMcc1996 collected $1 from pot
TJMcc1996: doesn't show hand 
*** SUMMARY ***
Total pot $1 | Rake $0 
Seat 1: Lidas585 folded before Flop (didn't bet)
Seat 2: fobot21 folded before Flop (didn't bet)
Seat 3: EasyGamerrr folded before Flop (didn't bet)
Seat 4: Evelexy1 (button) folded before Flop (didn't bet)
Seat 5: AlexEliseev7 (small blind) folded before Flop
Seat 6: TJMcc1996 (big blind) collected ($1)



PokerStars Hand #254363359912:  Hold'em No Limit ($0.50/$1.00 USD) - 2025/01/14 9:24:51 WET [2025/01/14 4:24:51 ET]
Table 'Pandarus III' 6-max Seat #5 is the button
Seat 1: Lidas585 ($100 in chips) 
Seat 2: fobot21 ($125.51 in chips) 
Seat 3: EasyGamerrr ($119.34 in chips) 
Seat 4: Evelexy1 ($116.60 in chips) 
Seat 5: AlexEliseev7 ($100 in chips) 
Seat 6: TJMcc1996 ($108.68 in chips) 
TJMcc1996: posts small blind $0.50
Lidas585: posts big blind $1
*** HOLE CARDS ***
fobot21: raises $1 to $2
EasyGamerrr: folds 
Evelexy1: folds 
AlexEliseev7: folds 
TJMcc1996: folds 
Lidas585: raises $9 to $11
fobot21: folds 
Uncalled bet ($9) returned to Lidas585
Lidas585 collected $4.50 from pot
Lidas585: doesn't show hand 
*** SUMMARY ***
Total pot $4.50 | Rake $0 
Seat 1: Lidas585 (big blind) collected ($4.50)
Seat 2: fobot21 folded before Flop
Seat 3: EasyGamerrr folded before Flop (didn't bet)
Seat 4: Evelexy1 folded before Flop (didn't bet)
Seat 5: AlexEliseev7 (button) folded before Flop (didn't bet)
Seat 6: TJMcc1996 (small blind) folded before Flop



PokerStars Hand #254363363952:  Hold'em No Limit ($0.50/$1.00 USD) - 2025/01/14 9:25:35 WET [2025/01/14 4:25:35 ET]
Table 'Pandarus III' 6-max Seat #6 is the button
Seat 1: Lidas585 ($102.50 in chips) 
Seat 2: fobot21 ($123.51 in chips) 
Seat 3: EasyGamerrr ($119.34 in chips) 
Seat 4: Evelexy1 ($116.60 in chips) 
Seat 5: AlexEliseev7 ($100 in chips) 
Seat 6: TJMcc1996 ($108.18 in chips) 
Lidas585: posts small blind $0.50
fobot21: posts big blind $1
*** HOLE CARDS ***
EasyGamerrr: folds 
Evelexy1: folds 
AlexEliseev7: folds 
TJMcc1996: calls $1
Lidas585: folds 
fobot21: checks 
*** FLOP *** [6s 7h 4c]
fobot21: checks 
TJMcc1996: bets $3
fobot21: raises $13 to $16
TJMcc1996: folds 
Uncalled bet ($13) returned to fobot21
fobot21 collected $8.08 from pot
fobot21: doesn't show hand 
*** SUMMARY ***
Total pot $8.50 | Rake $0.42 
Board [6s 7h 4c]
Seat 1: Lidas585 (small blind) folded before Flop
Seat 2: fobot21 (big blind) collected ($8.08)
Seat 3: EasyGamerrr folded before Flop (didn't bet)
Seat 4: Evelexy1 folded before Flop (didn't bet)
Seat 5: AlexEliseev7 folded before Flop (didn't bet)
Seat 6: TJMcc1996 (button) folded on the Flop



PokerStars Hand #254363367941:  Hold'em No Limit ($0.50/$1.00 USD) - 2025/01/14 9:26:17 WET [2025/01/14 4:26:17 ET]
Table 'Pandarus III' 6-max Seat #1 is the button
Seat 1: Lidas585 ($102 in chips) 
Seat 2: fobot21 ($127.59 in chips) 
Seat 3: EasyGamerrr ($119.34 in chips) 
Seat 4: Evelexy1 ($116.60 in chips) 
Seat 5: AlexEliseev7 ($100 in chips) 
Seat 6: TJMcc1996 ($104.18 in chips) 
fobot21: posts small blind $0.50
EasyGamerrr: posts big blind $1
*** HOLE CARDS ***
Evelexy1: folds 
AlexEliseev7: raises $1.50 to $2.50
TJMcc1996: folds 
TJMcc1996 leaves the table
Lidas585: folds 
fobot21: folds 
EasyGamerrr: raises $9.50 to $12
AlexEliseev7: raises $14 to $26
EasyGamerrr: raises $93.34 to $119.34 and is all-in
AlexEliseev7: calls $74 and is all-in
Uncalled bet ($19.34) returned to EasyGamerrr
*** FIRST FLOP *** [5d 9h 4d]
*** FIRST TURN *** [5d 9h 4d] [Qc]
*** FIRST RIVER *** [5d 9h 4d Qc] [2c]
*** SECOND FLOP *** [5c 3h Ah]
*** SECOND TURN *** [5c 3h Ah] [4s]
*** SECOND RIVER *** [5c 3h Ah 4s] [Kc]
*** FIRST SHOW DOWN ***
EasyGamerrr: shows [As Kd] (high card Ace)
AlexEliseev7: shows [Kh Ks] (a pair of Kings)
AlexEliseev7 collected $99 from pot
*** SECOND SHOW DOWN ***
EasyGamerrr: shows [As Kd] (two pair, Aces and Kings)
AlexEliseev7: shows [Kh Ks] (three of a kind, Kings)
AlexEliseev7 collected $99 from pot
*** SUMMARY ***
Total pot $200.50 | Rake $2.50 
Hand was run twice
FIRST Board [5d 9h 4d Qc 2c]
SECOND Board [5c 3h Ah 4s Kc]
Seat 1: Lidas585 (button) folded before Flop (didn't bet)
Seat 2: fobot21 (small blind) folded before Flop
Seat 3: EasyGamerrr (big blind) showed [As Kd] and lost with high card Ace, and lost with two pair, Aces and Kings
Seat 4: Evelexy1 folded before Flop (didn't bet)
Seat 5: AlexEliseev7 showed [Kh Ks] and won ($99) with a pair of Kings, and won ($99) with three of a kind, Kings
Seat 6: TJMcc1996 folded before Flop (didn't bet)



PokerStars Hand #254363373132:  Hold'em No Limit ($0.50/$1.00 USD) - 2025/01/14 9:27:13 WET [2025/01/14 4:27:13 ET]
Table 'Pandarus III' 6-max Seat #2 is the button
Seat 3: EasyGamerrr ($100 in chips) is sitting out
Seat 5: AlexEliseev7 ($198 in chips) is sitting out
Seat 1: Lidas585 ($102 in chips) 
Seat 2: fobot21 ($127.09 in chips) 
Seat 4: Evelexy1 ($116.60 in chips) 
Evelexy1: posts small blind $0.50
AlexEliseev7: is sitting out 
Lidas585: posts big blind $1
*** HOLE CARDS ***
fobot21: folds 
Evelexy1: raises $1.50 to $2.50
Lidas585: folds 
Uncalled bet ($1.50) returned to Evelexy1
Evelexy1 collected $2 from pot
Evelexy1: doesn't show hand 
EasyGamerrr leaves the table
AlexEliseev7 leaves the table
*** SUMMARY ***
Total pot $2 | Rake $0 
Seat 3: EasyGamerrr
Seat 5: AlexEliseev7
Seat 1: Lidas585 (big blind) folded before Flop
Seat 2: fobot21 (button) folded before Flop (didn't bet)
Seat 4: Evelexy1 (small blind) collected ($2)



