PokerStars Hand #254371575009:  Hold'em No Limit ($0.50/$1.00 USD) - 2025/01/14 20:17:13 WET [2025/01/14 15:17:13 ET]
Table 'Melitta III' 6-max Seat #2 is the button
Seat 5: KarP93 ($100 in chips) is sitting out
Seat 1: vitor01061996 ($43.94 in chips) 
Seat 2: nastja336 ($100 in chips) 
Seat 3: Evelexy1 ($50 in chips) 
Seat 4: Manifestorr ($100 in chips) 
Seat 6: yzuk ($100 in chips) 
Evelexy1: posts small blind $0.50
Manifestorr: posts big blind $1
*** HOLE CARDS ***
yzuk: folds 
vitor01061996: calls $1
nastja336: raises $3 to $4
Evelexy1: raises $10.50 to $14.50
Manifestorr: folds 
vitor01061996: folds 
nastja336: folds 
Uncalled bet ($10.50) returned to Evelexy1
Evelexy1 collected $10 from pot
Evelexy1: doesn't show hand 
*** SUMMARY ***
Total pot $10 | Rake $0 
Seat 5: KarP93
Seat 1: vitor01061996 folded before Flop
Seat 2: nastja336 (button) folded before Flop
Seat 3: Evelexy1 (small blind) collected ($10)
Seat 4: Manifestorr (big blind) folded before Flop
Seat 6: yzuk folded before Flop (didn't bet)



PokerStars Hand #254371581087:  Hold'em No Limit ($0.50/$1.00 USD) - 2025/01/14 20:17:32 WET [2025/01/14 15:17:32 ET]
Table 'Melitta III' 6-max Seat #3 is the button
Seat 5: KarP93 ($100 in chips) is sitting out
Seat 1: vitor01061996 ($42.94 in chips) 
Seat 2: nastja336 ($100 in chips) 
Seat 3: Evelexy1 ($100 in chips) 
Seat 4: Manifestorr ($100 in chips) 
Seat 6: yzuk ($100 in chips) 
Manifestorr: posts small blind $0.50
yzuk: posts big blind $1
*** HOLE CARDS ***
vitor01061996: calls $1
nastja336: folds 
Evelexy1: raises $1.50 to $2.50
Manifestorr: folds 
yzuk: raises $10 to $12.50
vitor01061996: folds 
Evelexy1: folds 
Uncalled bet ($10) returned to yzuk
yzuk collected $6.50 from pot
yzuk: doesn't show hand 
*** SUMMARY ***
Total pot $6.50 | Rake $0 
Seat 5: KarP93
Seat 1: vitor01061996 folded before Flop
Seat 2: nastja336 folded before Flop (didn't bet)
Seat 3: Evelexy1 (button) folded before Flop
Seat 4: Manifestorr (small blind) folded before Flop
Seat 6: yzuk (big blind) collected ($6.50)



PokerStars Hand #254371589289:  Hold'em No Limit ($0.50/$1.00 USD) - 2025/01/14 20:17:57 WET [2025/01/14 15:17:57 ET]
Table 'Melitta III' 6-max Seat #4 is the button
Seat 5: KarP93 ($100 in chips) is sitting out
Seat 1: vitor01061996 ($41.94 in chips) 
Seat 2: nastja336 ($100 in chips) 
Seat 3: Evelexy1 ($100 in chips) 
Seat 4: Manifestorr ($100 in chips) 
Seat 6: yzuk ($104 in chips) 
yzuk: posts small blind $0.50
vitor01061996: posts big blind $1
*** HOLE CARDS ***
nastja336: folds 
Evelexy1: raises $1.50 to $2.50
Manifestorr: raises $5.50 to $8
yzuk: folds 
vitor01061996: calls $7
Evelexy1: calls $5.50
*** FLOP *** [7d Td 8d]
vitor01061996: bets $23.28
Evelexy1: folds 
Manifestorr: raises $68.72 to $92 and is all-in
vitor01061996: calls $10.66 and is all-in
Uncalled bet ($58.06) returned to Manifestorr
*** TURN *** [7d Td 8d] [4d]
*** RIVER *** [7d Td 8d 4d] [7h]
*** SHOW DOWN ***
vitor01061996: shows [9h Qc] (a pair of Sevens)
Manifestorr: shows [Kd Ks] (a flush, King high)
Manifestorr collected $89.88 from pot
*** SUMMARY ***
Total pot $92.38 | Rake $2.50 
Board [7d Td 8d 4d 7h]
Seat 5: KarP93
Seat 1: vitor01061996 (big blind) showed [9h Qc] and lost with a pair of Sevens
Seat 2: nastja336 folded before Flop (didn't bet)
Seat 3: Evelexy1 folded on the Flop
Seat 4: Manifestorr (button) showed [Kd Ks] and won ($89.88) with a flush, King high
Seat 6: yzuk (small blind) folded before Flop



PokerStars Hand #254371603166:  Hold'em No Limit ($0.50/$1.00 USD) - 2025/01/14 20:18:39 WET [2025/01/14 15:18:39 ET]
Table 'Melitta III' 6-max Seat #6 is the button
Seat 1: vitor01061996 ($0 in chips) is sitting out
Seat 5: KarP93 ($100 in chips) is sitting out
Seat 2: nastja336 ($100 in chips) 
Seat 3: Evelexy1 ($100 in chips) 
Seat 4: Manifestorr ($147.94 in chips) 
Seat 6: yzuk ($103.50 in chips) 
nastja336: posts small blind $0.50
Evelexy1: posts big blind $1
KarP93: sits out 
*** HOLE CARDS ***
Manifestorr: folds 
yzuk: raises $1.50 to $2.50
nastja336: folds 
vitor01061996 leaves the table
Evelexy1: calls $1.50
*** FLOP *** [Jc 6h 9h]
Evelexy1: checks 
yzuk: checks 
*** TURN *** [Jc 6h 9h] [3c]
Evelexy1: checks 
yzuk: checks 
*** RIVER *** [Jc 6h 9h 3c] [Ah]
Evelexy1: checks 
yzuk: bets $4.02
Evelexy1: calls $4.02
*** SHOW DOWN ***
yzuk: shows [5s Qs] (high card Ace)
Evelexy1: shows [As 5d] (a pair of Aces)
Evelexy1 collected $12.86 from pot
*** SUMMARY ***
Total pot $13.54 | Rake $0.68 
Board [Jc 6h 9h 3c Ah]
Seat 1: vitor01061996
Seat 5: KarP93
Seat 2: nastja336 (small blind) folded before Flop
Seat 3: Evelexy1 (big blind) showed [As 5d] and won ($12.86) with a pair of Aces
Seat 4: Manifestorr folded before Flop (didn't bet)
Seat 6: yzuk (button) showed [5s Qs] and lost with high card Ace



PokerStars Hand #254371616262:  Hold'em No Limit ($0.50/$1.00 USD) - 2025/01/14 20:19:19 WET [2025/01/14 15:19:19 ET]
Table 'Melitta III' 6-max Seat #2 is the button
Seat 3: Evelexy1 ($106.34 in chips) is sitting out
Seat 2: nastja336 ($100 in chips) 
Seat 4: Manifestorr ($147.94 in chips) 
Seat 5: KarP93 ($100 in chips) 
Seat 6: yzuk ($100 in chips) 
Manifestorr: posts small blind $0.50
KarP93: posts big blind $1
*** HOLE CARDS ***
yzuk: folds 
Evelexy1 leaves the table
nastja336: folds 
Manifestorr: folds 
Uncalled bet ($0.50) returned to KarP93
KarP93 collected $1 from pot
KarP93: doesn't show hand 
yzuk leaves the table
*** SUMMARY ***
Total pot $1 | Rake $0 
Seat 3: Evelexy1
Seat 2: nastja336 (button) folded before Flop (didn't bet)
Seat 4: Manifestorr (small blind) folded before Flop
Seat 5: KarP93 (big blind) collected ($1)
Seat 6: yzuk folded before Flop (didn't bet)



PokerStars Hand #254371998851:  Hold'em No Limit ($0.50/$1.00 USD) - 2025/01/14 20:38:59 WET [2025/01/14 15:38:59 ET]
Table 'Melitta III' 6-max Seat #3 is the button
Seat 1: XneferX ($100 in chips) 
Seat 2: Poker9803 ($100 in chips) 
Seat 3: IREQO ($100 in chips) 
Seat 4: EasyGamerrr ($100 in chips) 
Seat 5: ReVeu710 ($100 in chips) 
Seat 6: Münchner der 1. ($18.26 in chips) 
EasyGamerrr: posts small blind $0.50
ReVeu710: posts big blind $1
*** HOLE CARDS ***
Münchner der 1.: calls $1
XneferX: folds 
Poker9803: folds 
IREQO: folds 
EasyGamerrr: folds 
ReVeu710: checks 
*** FLOP *** [Kc 6c 9c]
ReVeu710: bets $1.29
Münchner der 1.: folds 
Uncalled bet ($1.29) returned to ReVeu710
ReVeu710 collected $2.38 from pot
ReVeu710: doesn't show hand 
*** SUMMARY ***
Total pot $2.50 | Rake $0.12 
Board [Kc 6c 9c]
Seat 1: XneferX folded before Flop (didn't bet)
Seat 2: Poker9803 folded before Flop (didn't bet)
Seat 3: IREQO (button) folded before Flop (didn't bet)
Seat 4: EasyGamerrr (small blind) folded before Flop
Seat 5: ReVeu710 (big blind) collected ($2.38)
Seat 6: Münchner der 1. folded on the Flop



PokerStars Hand #254372009416:  Hold'em No Limit ($0.50/$1.00 USD) - 2025/01/14 20:39:32 WET [2025/01/14 15:39:32 ET]
Table 'Melitta III' 6-max Seat #4 is the button
Seat 1: XneferX ($100 in chips) 
Seat 2: Poker9803 ($100 in chips) 
Seat 3: IREQO ($100 in chips) 
Seat 4: EasyGamerrr ($100 in chips) 
Seat 5: ReVeu710 ($101.38 in chips) 
Seat 6: Münchner der 1. ($17.26 in chips) 
ReVeu710: posts small blind $0.50
Münchner der 1.: posts big blind $1
*** HOLE CARDS ***
XneferX: raises $1.10 to $2.10
Poker9803: folds 
IREQO: folds 
EasyGamerrr: folds 
ReVeu710: folds 
Münchner der 1.: calls $1.10
*** FLOP *** [Tc 9s 2s]
Münchner der 1.: checks 
XneferX: checks 
*** TURN *** [Tc 9s 2s] [7d]
Münchner der 1.: bets $2
XneferX: calls $2
*** RIVER *** [Tc 9s 2s 7d] [Ts]
Münchner der 1.: checks 
XneferX: checks 
*** SHOW DOWN ***
Münchner der 1.: shows [6d Ad] (a pair of Tens)
XneferX: shows [6h 6s] (two pair, Tens and Sixes)
XneferX collected $8.26 from pot
*** SUMMARY ***
Total pot $8.70 | Rake $0.44 
Board [Tc 9s 2s 7d Ts]
Seat 1: XneferX showed [6h 6s] and won ($8.26) with two pair, Tens and Sixes
Seat 2: Poker9803 folded before Flop (didn't bet)
Seat 3: IREQO folded before Flop (didn't bet)
Seat 4: EasyGamerrr (button) folded before Flop (didn't bet)
Seat 5: ReVeu710 (small blind) folded before Flop
Seat 6: Münchner der 1. (big blind) showed [6d Ad] and lost with a pair of Tens



PokerStars Hand #254372025824:  Hold'em No Limit ($0.50/$1.00 USD) - 2025/01/14 20:40:22 WET [2025/01/14 15:40:22 ET]
Table 'Melitta III' 6-max Seat #5 is the button
Seat 1: XneferX ($104.16 in chips) 
Seat 2: Poker9803 ($100 in chips) 
Seat 3: IREQO ($100 in chips) 
Seat 4: EasyGamerrr ($100 in chips) 
Seat 5: ReVeu710 ($100.88 in chips) 
Seat 6: Münchner der 1. ($13.16 in chips) 
Münchner der 1.: posts small blind $0.50
XneferX: posts big blind $1
*** HOLE CARDS ***
Poker9803: folds 
IREQO: folds 
EasyGamerrr: raises $1.50 to $2.50
ReVeu710: folds 
Münchner der 1.: folds 
XneferX: folds 
Uncalled bet ($1.50) returned to EasyGamerrr
EasyGamerrr collected $2.50 from pot
EasyGamerrr: doesn't show hand 
*** SUMMARY ***
Total pot $2.50 | Rake $0 
Seat 1: XneferX (big blind) folded before Flop
Seat 2: Poker9803 folded before Flop (didn't bet)
Seat 3: IREQO folded before Flop (didn't bet)
Seat 4: EasyGamerrr collected ($2.50)
Seat 5: ReVeu710 (button) folded before Flop (didn't bet)
Seat 6: Münchner der 1. (small blind) folded before Flop



PokerStars Hand #254372035163:  Hold'em No Limit ($0.50/$1.00 USD) - 2025/01/14 20:40:51 WET [2025/01/14 15:40:51 ET]
Table 'Melitta III' 6-max Seat #6 is the button
Seat 1: XneferX ($103.16 in chips) 
Seat 2: Poker9803 ($100 in chips) 
Seat 3: IREQO ($100 in chips) 
Seat 4: EasyGamerrr ($101.50 in chips) 
Seat 5: ReVeu710 ($100.88 in chips) 
Seat 6: Münchner der 1. ($12.66 in chips) 
XneferX: posts small blind $0.50
Poker9803: posts big blind $1
*** HOLE CARDS ***
IREQO: folds 
EasyGamerrr: folds 
ReVeu710: folds 
Münchner der 1.: calls $1
XneferX: folds 
Poker9803: checks 
*** FLOP *** [8d Td Kc]
Poker9803: checks 
Münchner der 1.: bets $2.19
Poker9803: calls $2.19
*** TURN *** [8d Td Kc] [Kd]
Poker9803: checks 
Münchner der 1.: bets $9.47 and is all-in
Poker9803: folds 
Uncalled bet ($9.47) returned to Münchner der 1.
Münchner der 1. collected $6.46 from pot
*** SUMMARY ***
Total pot $6.88 | Rake $0.42 
Board [8d Td Kc Kd]
Seat 1: XneferX (small blind) folded before Flop
Seat 2: Poker9803 (big blind) folded on the Turn
Seat 3: IREQO folded before Flop (didn't bet)
Seat 4: EasyGamerrr folded before Flop (didn't bet)
Seat 5: ReVeu710 folded before Flop (didn't bet)
Seat 6: Münchner der 1. (button) collected ($6.46)



PokerStars Hand #254372052575:  Hold'em No Limit ($0.50/$1.00 USD) - 2025/01/14 20:41:46 WET [2025/01/14 15:41:46 ET]
Table 'Melitta III' 6-max Seat #1 is the button
Seat 1: XneferX ($102.66 in chips) 
Seat 2: Poker9803 ($100 in chips) 
Seat 3: IREQO ($100 in chips) 
Seat 4: EasyGamerrr ($101.50 in chips) 
Seat 5: ReVeu710 ($100.88 in chips) 
Seat 6: Münchner der 1. ($15.93 in chips) 
Poker9803: posts small blind $0.50
IREQO: posts big blind $1
*** HOLE CARDS ***
EasyGamerrr: folds 
ReVeu710: raises $1 to $2
Münchner der 1.: folds 
XneferX: folds 
Poker9803: folds 
IREQO: raises $9 to $11
ReVeu710: calls $9
*** FLOP *** [9d 3c 3d]
IREQO: bets $10
ReVeu710: folds 
Uncalled bet ($10) returned to IREQO
IREQO collected $21.38 from pot
IREQO: doesn't show hand 
*** SUMMARY ***
Total pot $22.50 | Rake $1.12 
Board [9d 3c 3d]
Seat 1: XneferX (button) folded before Flop (didn't bet)
Seat 2: Poker9803 (small blind) folded before Flop
Seat 3: IREQO (big blind) collected ($21.38)
Seat 4: EasyGamerrr folded before Flop (didn't bet)
Seat 5: ReVeu710 folded on the Flop
Seat 6: Münchner der 1. folded before Flop (didn't bet)



PokerStars Hand #254372074888:  Hold'em No Limit ($0.50/$1.00 USD) - 2025/01/14 20:42:54 WET [2025/01/14 15:42:54 ET]
Table 'Melitta III' 6-max Seat #2 is the button
Seat 1: XneferX ($102.66 in chips) 
Seat 2: Poker9803 ($100 in chips) 
Seat 3: IREQO ($110.38 in chips) 
Seat 4: EasyGamerrr ($101.50 in chips) 
Seat 5: ReVeu710 ($100 in chips) 
Seat 6: Münchner der 1. ($15.93 in chips) 
IREQO: posts small blind $0.50
EasyGamerrr: posts big blind $1
*** HOLE CARDS ***
ReVeu710: folds 
Münchner der 1.: folds 
XneferX: folds 
Poker9803: folds 
ReVeu710 leaves the table
IREQO: raises $1.50 to $2.50
EasyGamerrr: folds 
Uncalled bet ($1.50) returned to IREQO
IREQO collected $2 from pot
IREQO: doesn't show hand 
*** SUMMARY ***
Total pot $2 | Rake $0 
Seat 1: XneferX folded before Flop (didn't bet)
Seat 2: Poker9803 (button) folded before Flop (didn't bet)
Seat 3: IREQO (small blind) collected ($2)
Seat 4: EasyGamerrr (big blind) folded before Flop
Seat 5: ReVeu710 folded before Flop (didn't bet)
Seat 6: Münchner der 1. folded before Flop (didn't bet)



PokerStars Hand #254372080052:  Hold'em No Limit ($0.50/$1.00 USD) - 2025/01/14 20:43:11 WET [2025/01/14 15:43:11 ET]
Table 'Melitta III' 6-max Seat #3 is the button
Seat 1: XneferX ($102.66 in chips) 
Seat 2: Poker9803 ($100 in chips) 
Seat 3: IREQO ($111.38 in chips) 
Seat 4: EasyGamerrr ($100.50 in chips) 
Seat 6: Münchner der 1. ($15.93 in chips) 
EasyGamerrr: posts small blind $0.50
Münchner der 1.: posts big blind $1
*** HOLE CARDS ***
XneferX: raises $1.10 to $2.10
Poker9803: folds 
IREQO: folds 
EasyGamerrr: folds 
Münchner der 1.: raises $4.70 to $6.80
XneferX: raises $26.20 to $33
Münchner der 1.: calls $9.13 and is all-in
Uncalled bet ($17.07) returned to XneferX
*** FLOP *** [2h 9s 7s]
*** TURN *** [2h 9s 7s] [Js]
*** RIVER *** [2h 9s 7s Js] [Kd]
*** SHOW DOWN ***
Münchner der 1.: shows [Th Td] (a pair of Tens)
XneferX: shows [Qd Qc] (a pair of Queens)
XneferX cashed out the hand for $24.57 | Cash Out Fee $0.50
*** SUMMARY ***
Total pot $32.36 | Rake $1.62 
Board [2h 9s 7s Js Kd]
Seat 1: XneferX showed [Qd Qc] and won ($30.74) with a pair of Queens (pot not awarded as player cashed out)
Seat 2: Poker9803 folded before Flop (didn't bet)
Seat 3: IREQO (button) folded before Flop (didn't bet)
Seat 4: EasyGamerrr (small blind) folded before Flop
Seat 6: Münchner der 1. (big blind) showed [Th Td] and lost with a pair of Tens



PokerStars Hand #254372092000:  Hold'em No Limit ($0.50/$1.00 USD) - 2025/01/14 20:43:48 WET [2025/01/14 15:43:48 ET]
Table 'Melitta III' 6-max Seat #4 is the button
Seat 6: Münchner der 1. ($0 in chips) is sitting out
Seat 1: XneferX ($111.30 in chips) 
Seat 2: Poker9803 ($100 in chips) 
Seat 3: IREQO ($111.38 in chips) 
Seat 4: EasyGamerrr ($100 in chips) 
XneferX: posts small blind $0.50
Poker9803: posts big blind $1
*** HOLE CARDS ***
IREQO: folds 
EasyGamerrr: folds 
Münchner der 1. leaves the table
XneferX: folds 
Uncalled bet ($0.50) returned to Poker9803
Poker9803 collected $1 from pot
Poker9803: doesn't show hand 
*** SUMMARY ***
Total pot $1 | Rake $0 
Seat 6: Münchner der 1.
Seat 1: XneferX (small blind) folded before Flop
Seat 2: Poker9803 (big blind) collected ($1)
Seat 3: IREQO folded before Flop (didn't bet)
Seat 4: EasyGamerrr (button) folded before Flop (didn't bet)



PokerStars Hand #254372095673:  Hold'em No Limit ($0.50/$1.00 USD) - 2025/01/14 20:44:00 WET [2025/01/14 15:44:00 ET]
Table 'Melitta III' 6-max Seat #1 is the button
Seat 1: XneferX ($110.80 in chips) 
Seat 2: Poker9803 ($100.50 in chips) 
Seat 3: IREQO ($111.38 in chips) 
Seat 4: EasyGamerrr ($100 in chips) 
Poker9803: posts small blind $0.50
IREQO: posts big blind $1
*** HOLE CARDS ***
EasyGamerrr: folds 
XneferX: folds 
Poker9803: folds 
Uncalled bet ($0.50) returned to IREQO
IREQO collected $1 from pot
IREQO: doesn't show hand 
*** SUMMARY ***
Total pot $1 | Rake $0 
Seat 1: XneferX (button) folded before Flop (didn't bet)
Seat 2: Poker9803 (small blind) folded before Flop
Seat 3: IREQO (big blind) collected ($1)
Seat 4: EasyGamerrr folded before Flop (didn't bet)



