PokerStars Hand #254365481523:  Hold'em No Limit ($0.50/$1.00 USD) - 2025/01/14 13:53:08 WET [2025/01/14 8:53:08 ET]
Table 'Circinus III' 6-max Seat #1 is the button
Seat 4: alexandr699 ($100 in chips) is sitting out
Seat 1: fobot21 ($100 in chips) 
Seat 3: poker_soul11 ($100 in chips) 
fobot21: posts small blind $0.50
poker_soul11: posts big blind $1
*** HOLE CARDS ***
fobot21: folds 
Uncalled bet ($0.50) returned to poker_soul11
poker_soul11 collected $1 from pot
poker_soul11: doesn't show hand 
*** SUMMARY ***
Total pot $1 | Rake $0 
Seat 4: alexandr699
Seat 1: fobot21 (button) (small blind) folded before Flop
Seat 3: poker_soul11 (big blind) collected ($1)



PokerStars Hand #254365482471:  Hold'em No Limit ($0.50/$1.00 USD) - 2025/01/14 13:53:13 WET [2025/01/14 8:53:13 ET]
Table 'Circinus III' 6-max Seat #3 is the button
Seat 4: alexandr699 ($100 in chips) is sitting out
Seat 1: fobot21 ($100 in chips) 
Seat 3: poker_soul11 ($100.50 in chips) 
poker_soul11: posts small blind $0.50
fobot21: posts big blind $1
*** HOLE CARDS ***
poker_soul11: folds 
Uncalled bet ($0.50) returned to fobot21
fobot21 collected $1 from pot
fobot21: doesn't show hand 
*** SUMMARY ***
Total pot $1 | Rake $0 
Seat 4: alexandr699
Seat 1: fobot21 (big blind) collected ($1)
Seat 3: poker_soul11 (button) (small blind) folded before Flop



PokerStars Hand #254365483821:  Hold'em No Limit ($0.50/$1.00 USD) - 2025/01/14 13:53:21 WET [2025/01/14 8:53:21 ET]
Table 'Circinus III' 6-max Seat #1 is the button
Seat 1: fobot21 ($100.50 in chips) 
Seat 3: poker_soul11 ($100 in chips) 
Seat 4: alexandr699 ($100 in chips) 
poker_soul11: posts small blind $0.50
alexandr699: posts big blind $1
*** HOLE CARDS ***
fobot21: folds 
poker_soul11: raises $2 to $3
alexandr699: folds 
Uncalled bet ($2) returned to poker_soul11
poker_soul11 collected $2 from pot
poker_soul11: doesn't show hand 
*** SUMMARY ***
Total pot $2 | Rake $0 
Seat 1: fobot21 (button) folded before Flop (didn't bet)
Seat 3: poker_soul11 (small blind) collected ($2)
Seat 4: alexandr699 (big blind) folded before Flop



PokerStars Hand #254365487630:  Hold'em No Limit ($0.50/$1.00 USD) - 2025/01/14 13:53:42 WET [2025/01/14 8:53:42 ET]
Table 'Circinus III' 6-max Seat #3 is the button
Seat 1: fobot21 ($100.50 in chips) 
Seat 3: poker_soul11 ($101 in chips) 
Seat 4: alexandr699 ($100 in chips) 
alexandr699: posts small blind $0.50
fobot21: posts big blind $1
*** HOLE CARDS ***
poker_soul11: folds 
alexandr699: raises $2 to $3
fobot21: folds 
Uncalled bet ($2) returned to alexandr699
alexandr699 collected $2 from pot
alexandr699: doesn't show hand 
*** SUMMARY ***
Total pot $2 | Rake $0 
Seat 1: fobot21 (big blind) folded before Flop
Seat 3: poker_soul11 (button) folded before Flop (didn't bet)
Seat 4: alexandr699 (small blind) collected ($2)



PokerStars Hand #254365491817:  Hold'em No Limit ($0.50/$1.00 USD) - 2025/01/14 13:54:06 WET [2025/01/14 8:54:06 ET]
Table 'Circinus III' 6-max Seat #4 is the button
Seat 1: fobot21 ($100 in chips) 
Seat 3: poker_soul11 ($101 in chips) 
Seat 4: alexandr699 ($101 in chips) 
Kristo 914 joins the table at seat #6 
fobot21: posts small blind $0.50
poker_soul11: posts big blind $1
*** HOLE CARDS ***
alexandr699: folds 
fobot21: folds 
Uncalled bet ($0.50) returned to poker_soul11
poker_soul11 collected $1 from pot
poker_soul11: doesn't show hand 
*** SUMMARY ***
Total pot $1 | Rake $0 
Seat 1: fobot21 (small blind) folded before Flop
Seat 3: poker_soul11 (big blind) collected ($1)
Seat 4: alexandr699 (button) folded before Flop (didn't bet)



PokerStars Hand #254365494613:  Hold'em No Limit ($0.50/$1.00 USD) - 2025/01/14 13:54:22 WET [2025/01/14 8:54:22 ET]
Table 'Circinus III' 6-max Seat #1 is the button
Seat 4: alexandr699 ($101 in chips) is sitting out
Seat 1: fobot21 ($100 in chips) 
Seat 3: poker_soul11 ($101.50 in chips) 
Seat 6: Kristo 914 ($100 in chips) 
poker_soul11: posts small blind $0.50
alexandr699: is sitting out 
Kristo 914: posts big blind $1
*** HOLE CARDS ***
fobot21: folds 
alexandr699 leaves the table
poker_soul11: folds 
Uncalled bet ($0.50) returned to Kristo 914
Kristo 914 collected $1 from pot
Kristo 914: doesn't show hand 
*** SUMMARY ***
Total pot $1 | Rake $0 
Seat 4: alexandr699
Seat 1: fobot21 (button) folded before Flop (didn't bet)
Seat 3: poker_soul11 (small blind) folded before Flop
Seat 6: Kristo 914 (big blind) collected ($1)



PokerStars Hand #254365496655:  Hold'em No Limit ($0.50/$1.00 USD) - 2025/01/14 13:54:33 WET [2025/01/14 8:54:33 ET]
Table 'Circinus III' 6-max Seat #6 is the button
Seat 1: fobot21 ($100 in chips) is sitting out
Seat 3: poker_soul11 ($101 in chips) 
Seat 6: Kristo 914 ($100.50 in chips) 
Kristo 914: posts small blind $0.50
fobot21: is sitting out 
poker_soul11: posts big blind $1
*** HOLE CARDS ***
Kristo 914: folds 
Uncalled bet ($0.50) returned to poker_soul11
poker_soul11 collected $1 from pot
poker_soul11: doesn't show hand 
*** SUMMARY ***
Total pot $1 | Rake $0 
Seat 1: fobot21
Seat 3: poker_soul11 (big blind) collected ($1)
Seat 6: Kristo 914 (button) (small blind) folded before Flop



PokerStars Hand #254366828465:  Hold'em No Limit ($0.50/$1.00 USD) - 2025/01/14 15:11:04 WET [2025/01/14 10:11:04 ET]
Table 'Circinus III' 6-max Seat #3 is the button
Seat 6: JohnJohn 667 ($75 in chips) is sitting out
Seat 1: noper20002 ($11.75 in chips) 
Seat 2: MAO_DZEDYN_S ($103.65 in chips) 
Seat 3: v.sting ($108.55 in chips) 
Seat 4: yzuk ($100 in chips) 
Seat 5: Poker9803 ($100 in chips) 
yzuk: posts small blind $0.50
Poker9803: posts big blind $1
JohnJohn 667: sits out 
*** HOLE CARDS ***
noper20002: calls $1
MAO_DZEDYN_S: folds 
v.sting: folds 
yzuk: raises $3 to $4
Poker9803: calls $3
noper20002: calls $3
*** FLOP *** [6d 4c 6c]
yzuk: bets $5.81
Poker9803: folds 
noper20002: raises $1.94 to $7.75 and is all-in
yzuk: calls $1.94
*** TURN *** [6d 4c 6c] [Jd]
*** RIVER *** [6d 4c 6c Jd] [2c]
*** SHOW DOWN ***
yzuk: shows [8h 8s] (two pair, Eights and Sixes)
noper20002: shows [Ts 4h] (two pair, Sixes and Fours)
yzuk collected $26.12 from pot
*** SUMMARY ***
Total pot $27.50 | Rake $1.38 
Board [6d 4c 6c Jd 2c]
Seat 6: JohnJohn 667
Seat 1: noper20002 showed [Ts 4h] and lost with two pair, Sixes and Fours
Seat 2: MAO_DZEDYN_S folded before Flop (didn't bet)
Seat 3: v.sting (button) folded before Flop (didn't bet)
Seat 4: yzuk (small blind) showed [8h 8s] and won ($26.12) with two pair, Eights and Sixes
Seat 5: Poker9803 (big blind) folded on the Flop



PokerStars Hand #254366838395:  Hold'em No Limit ($0.50/$1.00 USD) - 2025/01/14 15:11:55 WET [2025/01/14 10:11:55 ET]
Table 'Circinus III' 6-max Seat #4 is the button
Seat 1: noper20002 ($0 in chips) is sitting out
Seat 2: MAO_DZEDYN_S ($103.65 in chips) 
Seat 3: v.sting ($108.55 in chips) 
Seat 4: yzuk ($114.37 in chips) 
Seat 5: Poker9803 ($100 in chips) 
Seat 6: JohnJohn 667 ($75 in chips) 
Poker9803: posts small blind $0.50
JohnJohn 667: posts big blind $1
*** HOLE CARDS ***
MAO_DZEDYN_S: folds 
v.sting: folds 
yzuk: folds 
Poker9803: folds 
Uncalled bet ($0.50) returned to JohnJohn 667
JohnJohn 667 collected $1 from pot
JohnJohn 667: doesn't show hand 
*** SUMMARY ***
Total pot $1 | Rake $0 
Seat 1: noper20002
Seat 2: MAO_DZEDYN_S folded before Flop (didn't bet)
Seat 3: v.sting folded before Flop (didn't bet)
Seat 4: yzuk (button) folded before Flop (didn't bet)
Seat 5: Poker9803 (small blind) folded before Flop
Seat 6: JohnJohn 667 (big blind) collected ($1)



PokerStars Hand #254366840771:  Hold'em No Limit ($0.50/$1.00 USD) - 2025/01/14 15:12:06 WET [2025/01/14 10:12:06 ET]
Table 'Circinus III' 6-max Seat #5 is the button
Seat 1: noper20002 ($42.51 in chips) 
Seat 2: MAO_DZEDYN_S ($103.65 in chips) 
Seat 3: v.sting ($108.55 in chips) 
Seat 4: yzuk ($114.37 in chips) 
Seat 5: Poker9803 ($100 in chips) 
Seat 6: JohnJohn 667 ($75.50 in chips) 
JohnJohn 667: posts small blind $0.50
noper20002: posts big blind $1
*** HOLE CARDS ***
MAO_DZEDYN_S: folds 
v.sting: folds 
yzuk: folds 
Poker9803: raises $1 to $2
JohnJohn 667: calls $1.50
noper20002: calls $1
*** FLOP *** [Js Kh Kc]
JohnJohn 667: checks 
noper20002: checks 
Poker9803: bets $1.43
JohnJohn 667: folds 
noper20002: calls $1.43
*** TURN *** [Js Kh Kc] [Jc]
noper20002: checks 
Poker9803: checks 
*** RIVER *** [Js Kh Kc Jc] [7c]
noper20002: checks 
Poker9803: checks 
*** SHOW DOWN ***
noper20002: shows [5s 3c] (two pair, Kings and Jacks)
Poker9803: shows [Tc Qc] (a flush, King high)
Poker9803 collected $8.42 from pot
*** SUMMARY ***
Total pot $8.86 | Rake $0.44 
Board [Js Kh Kc Jc 7c]
Seat 1: noper20002 (big blind) showed [5s 3c] and lost with two pair, Kings and Jacks
Seat 2: MAO_DZEDYN_S folded before Flop (didn't bet)
Seat 3: v.sting folded before Flop (didn't bet)
Seat 4: yzuk folded before Flop (didn't bet)
Seat 5: Poker9803 (button) showed [Tc Qc] and won ($8.42) with a flush, King high
Seat 6: JohnJohn 667 (small blind) folded on the Flop



PokerStars Hand #254366853752:  Hold'em No Limit ($0.50/$1.00 USD) - 2025/01/14 15:13:13 WET [2025/01/14 10:13:13 ET]
Table 'Circinus III' 6-max Seat #6 is the button
Seat 1: noper20002 ($39.08 in chips) 
Seat 2: MAO_DZEDYN_S ($103.65 in chips) 
Seat 3: v.sting ($108.55 in chips) 
Seat 4: yzuk ($114.37 in chips) 
Seat 5: Poker9803 ($104.99 in chips) 
Seat 6: JohnJohn 667 ($73.50 in chips) 
noper20002: posts small blind $0.50
MAO_DZEDYN_S: posts big blind $1
*** HOLE CARDS ***
v.sting: folds 
yzuk: folds 
Poker9803: folds 
JohnJohn 667: folds 
noper20002: calls $0.50
MAO_DZEDYN_S: raises $2.50 to $3.50
noper20002: calls $2.50
*** FLOP *** [7c Kh 8s]
noper20002: checks 
MAO_DZEDYN_S: bets $2
noper20002: calls $2
*** TURN *** [7c Kh 8s] [Qd]
noper20002: checks 
MAO_DZEDYN_S: checks 
*** RIVER *** [7c Kh 8s Qd] [2d]
noper20002: checks 
MAO_DZEDYN_S: bets $3.14
noper20002: calls $3.14
*** SHOW DOWN ***
MAO_DZEDYN_S: shows [Js Jc] (a pair of Jacks)
noper20002: mucks hand 
MAO_DZEDYN_S collected $16.42 from pot
*** SUMMARY ***
Total pot $17.28 | Rake $0.86 
Board [7c Kh 8s Qd 2d]
Seat 1: noper20002 (small blind) mucked
Seat 2: MAO_DZEDYN_S (big blind) showed [Js Jc] and won ($16.42) with a pair of Jacks
Seat 3: v.sting folded before Flop (didn't bet)
Seat 4: yzuk folded before Flop (didn't bet)
Seat 5: Poker9803 folded before Flop (didn't bet)
Seat 6: JohnJohn 667 (button) folded before Flop (didn't bet)



PokerStars Hand #254366869604:  Hold'em No Limit ($0.50/$1.00 USD) - 2025/01/14 15:14:34 WET [2025/01/14 10:14:34 ET]
Table 'Circinus III' 6-max Seat #1 is the button
Seat 1: noper20002 ($30.44 in chips) 
Seat 2: MAO_DZEDYN_S ($111.43 in chips) 
Seat 3: v.sting ($108.55 in chips) 
Seat 4: yzuk ($114.37 in chips) 
Seat 5: Poker9803 ($104.99 in chips) 
Seat 6: JohnJohn 667 ($73.50 in chips) 
MAO_DZEDYN_S: posts small blind $0.50
v.sting: posts big blind $1
*** HOLE CARDS ***
yzuk: folds 
Poker9803: folds 
JohnJohn 667: raises $1 to $2
noper20002: calls $2
MAO_DZEDYN_S: folds 
v.sting: calls $1
*** FLOP *** [2s 5c 3d]
v.sting: checks 
JohnJohn 667: bets $2
noper20002: calls $2
v.sting: calls $2
*** TURN *** [2s 5c 3d] [8s]
v.sting: checks 
JohnJohn 667: checks 
noper20002: checks 
*** RIVER *** [2s 5c 3d 8s] [4d]
v.sting: bets $15.44
JohnJohn 667: raises $15.44 to $30.88
noper20002: folds 
v.sting: raises $73.67 to $104.55 and is all-in
JohnJohn 667: calls $38.62 and is all-in
Uncalled bet ($35.05) returned to v.sting
*** SHOW DOWN ***
v.sting: shows [Ad 6c] (a straight, Deuce to Six)
JohnJohn 667: shows [As 7d] (a straight, Ace to Five)
v.sting collected $149 from pot
*** SUMMARY ***
Total pot $151.50 | Rake $2.50 
Board [2s 5c 3d 8s 4d]
Seat 1: noper20002 (button) folded on the River
Seat 2: MAO_DZEDYN_S (small blind) folded before Flop
Seat 3: v.sting (big blind) showed [Ad 6c] and won ($149) with a straight, Deuce to Six
Seat 4: yzuk folded before Flop (didn't bet)
Seat 5: Poker9803 folded before Flop (didn't bet)
Seat 6: JohnJohn 667 showed [As 7d] and lost with a straight, Ace to Five



PokerStars Hand #254366880478:  Hold'em No Limit ($0.50/$1.00 USD) - 2025/01/14 15:15:29 WET [2025/01/14 10:15:29 ET]
Table 'Circinus III' 6-max Seat #2 is the button
Seat 6: JohnJohn 667 ($0 in chips) is sitting out
Seat 1: noper20002 ($26.44 in chips) 
Seat 2: MAO_DZEDYN_S ($110.93 in chips) 
Seat 3: v.sting ($184.05 in chips) 
Seat 4: yzuk ($114.37 in chips) 
Seat 5: Poker9803 ($104.99 in chips) 
v.sting: posts small blind $0.50
yzuk: posts big blind $1
*** HOLE CARDS ***
Poker9803: raises $1 to $2
noper20002: calls $2
MAO_DZEDYN_S: folds 
v.sting: folds 
yzuk: folds 
*** FLOP *** [Jd 6d Js]
Poker9803: bets $1.72
noper20002: folds 
Uncalled bet ($1.72) returned to Poker9803
Poker9803 collected $5.22 from pot
Poker9803: doesn't show hand 
*** SUMMARY ***
Total pot $5.50 | Rake $0.28 
Board [Jd 6d Js]
Seat 6: JohnJohn 667
Seat 1: noper20002 folded on the Flop
Seat 2: MAO_DZEDYN_S (button) folded before Flop (didn't bet)
Seat 3: v.sting (small blind) folded before Flop
Seat 4: yzuk (big blind) folded before Flop
Seat 5: Poker9803 collected ($5.22)



PokerStars Hand #254366887824:  Hold'em No Limit ($0.50/$1.00 USD) - 2025/01/14 15:16:05 WET [2025/01/14 10:16:05 ET]
Table 'Circinus III' 6-max Seat #3 is the button
Seat 1: noper20002 ($24.44 in chips) 
Seat 2: MAO_DZEDYN_S ($110.93 in chips) 
Seat 3: v.sting ($183.55 in chips) 
Seat 4: yzuk ($113.37 in chips) 
Seat 5: Poker9803 ($108.21 in chips) 
Seat 6: JohnJohn 667 ($75 in chips) 
yzuk: posts small blind $0.50
Poker9803: posts big blind $1
*** HOLE CARDS ***
JohnJohn 667: folds 
noper20002: folds 
noper20002 leaves the table
MAO_DZEDYN_S: raises $1.25 to $2.25
v.sting: folds 
yzuk: raises $10.25 to $12.50
Poker9803: folds 
MAO_DZEDYN_S: calls $10.25
*** FLOP *** [4h Qh 2d]
yzuk: checks 
socito joins the table at seat #1 
MAO_DZEDYN_S: bets $7.41
yzuk: folds 
Uncalled bet ($7.41) returned to MAO_DZEDYN_S
MAO_DZEDYN_S collected $24.70 from pot
MAO_DZEDYN_S: doesn't show hand 
*** SUMMARY ***
Total pot $26 | Rake $1.30 
Board [4h Qh 2d]
Seat 1: noper20002 folded before Flop (didn't bet)
Seat 2: MAO_DZEDYN_S collected ($24.70)
Seat 3: v.sting (button) folded before Flop (didn't bet)
Seat 4: yzuk (small blind) folded on the Flop
Seat 5: Poker9803 (big blind) folded before Flop
Seat 6: JohnJohn 667 folded before Flop (didn't bet)



PokerStars Hand #254366900222:  Hold'em No Limit ($0.50/$1.00 USD) - 2025/01/14 15:17:06 WET [2025/01/14 10:17:06 ET]
Table 'Circinus III' 6-max Seat #4 is the button
Seat 1: socito ($100 in chips) is sitting out
Seat 2: MAO_DZEDYN_S ($123.13 in chips) 
Seat 3: v.sting ($183.55 in chips) 
Seat 4: yzuk ($100.87 in chips) 
Seat 5: Poker9803 ($107.21 in chips) 
Seat 6: JohnJohn 667 ($75 in chips) 
Poker9803: posts small blind $0.50
JohnJohn 667: posts big blind $1
socito: sits out 
*** HOLE CARDS ***
MAO_DZEDYN_S: folds 
v.sting: folds 
yzuk: folds 
Poker9803: folds 
Uncalled bet ($0.50) returned to JohnJohn 667
JohnJohn 667 collected $1 from pot
JohnJohn 667: doesn't show hand 
*** SUMMARY ***
Total pot $1 | Rake $0 
Seat 1: socito
Seat 2: MAO_DZEDYN_S folded before Flop (didn't bet)
Seat 3: v.sting folded before Flop (didn't bet)
Seat 4: yzuk (button) folded before Flop (didn't bet)
Seat 5: Poker9803 (small blind) folded before Flop
Seat 6: JohnJohn 667 (big blind) collected ($1)



PokerStars Hand #254366901858:  Hold'em No Limit ($0.50/$1.00 USD) - 2025/01/14 15:17:15 WET [2025/01/14 10:17:15 ET]
Table 'Circinus III' 6-max Seat #5 is the button
Seat 1: socito ($100 in chips) 
Seat 2: MAO_DZEDYN_S ($123.13 in chips) 
Seat 3: v.sting ($183.55 in chips) 
Seat 4: yzuk ($100.87 in chips) 
Seat 5: Poker9803 ($106.71 in chips) 
Seat 6: JohnJohn 667 ($75.50 in chips) 
JohnJohn 667: posts small blind $0.50
socito: posts big blind $1
*** HOLE CARDS ***
MAO_DZEDYN_S: folds 
v.sting: folds 
MAO_DZEDYN_S leaves the table
yzuk: raises $1.50 to $2.50
Poker9803: folds 
JohnJohn 667: calls $2
socito: folds 
*** FLOP *** [2c 2h 9h]
JohnJohn 667: checks 
yzuk: bets $1.94
JohnJohn 667: calls $1.94
*** TURN *** [2c 2h 9h] [5h]
JohnJohn 667: checks 
yzuk: checks 
*** RIVER *** [2c 2h 9h 5h] [6c]
JohnJohn 667: checks 
yzuk: bets $4.79
JohnJohn 667: folds 
Uncalled bet ($4.79) returned to yzuk
yzuk collected $9.39 from pot
yzuk: doesn't show hand 
*** SUMMARY ***
Total pot $9.88 | Rake $0.49 
Board [2c 2h 9h 5h 6c]
Seat 1: socito (big blind) folded before Flop
Seat 2: MAO_DZEDYN_S folded before Flop (didn't bet)
Seat 3: v.sting folded before Flop (didn't bet)
Seat 4: yzuk collected ($9.39)
Seat 5: Poker9803 (button) folded before Flop (didn't bet)
Seat 6: JohnJohn 667 (small blind) folded on the River



PokerStars Hand #254366911995:  Hold'em No Limit ($0.50/$1.00 USD) - 2025/01/14 15:18:05 WET [2025/01/14 10:18:05 ET]
Table 'Circinus III' 6-max Seat #1 is the button
Seat 3: v.sting ($183.55 in chips) is sitting out
Seat 4: yzuk ($105.82 in chips) is sitting out
Seat 5: Poker9803 ($106.71 in chips) is sitting out
Seat 1: socito ($100 in chips) 
Seat 6: JohnJohn 667 ($71.06 in chips) 
socito: posts small blind $0.50
v.sting: is sitting out 
yzuk: is sitting out 
Poker9803: is sitting out 
JohnJohn 667: posts big blind $1
*** HOLE CARDS ***
Poker9803 leaves the table
socito: folds 
Uncalled bet ($0.50) returned to JohnJohn 667
JohnJohn 667 collected $1 from pot
JohnJohn 667: doesn't show hand 
*** SUMMARY ***
Total pot $1 | Rake $0 
Seat 3: v.sting
Seat 4: yzuk
Seat 5: Poker9803
Seat 1: socito (button) (small blind) folded before Flop
Seat 6: JohnJohn 667 (big blind) collected ($1)



PokerStars Hand #254366913568:  Hold'em No Limit ($0.50/$1.00 USD) - 2025/01/14 15:18:12 WET [2025/01/14 10:18:12 ET]
Table 'Circinus III' 6-max Seat #6 is the button
Seat 3: v.sting ($183.55 in chips) is sitting out
Seat 1: socito ($100 in chips) 
Seat 6: JohnJohn 667 ($71.56 in chips) 
JohnJohn 667: posts small blind $0.50
yzuk leaves the table
socito: posts big blind $1
*** HOLE CARDS ***
JohnJohn 667: raises $1 to $2
socito: calls $1
*** FLOP *** [5c 4d 4c]
socito: checks 
JohnJohn 667: bets $2
socito: raises $3.90 to $5.90
JohnJohn 667: folds 
Uncalled bet ($3.90) returned to socito
socito collected $7.60 from pot
socito: doesn't show hand 
JohnJohn 667 leaves the table
*** SUMMARY ***
Total pot $8 | Rake $0.40 
Board [5c 4d 4c]
Seat 3: v.sting
Seat 1: socito (big blind) collected ($7.60)
Seat 6: JohnJohn 667 (button) (small blind) folded on the Flop



