PokerStars Hand #254377524666:  Hold'em No Limit ($0.50/$1.00 USD) - 2025/01/14 3:38:17 WET [2025/01/14 22:38:17 ET]
Table 'Summa II' 6-max Seat #5 is the button
Seat 2: rostickkin ($100 in chips) is sitting out
Seat 3: CEPTT ($127.72 in chips) is sitting out
Seat 1: kevinq500 ($39 in chips) 
Seat 4: reeqar ($101.50 in chips) 
Seat 5: XneferX ($101 in chips) 
Seat 6: Quadsfordayz ($70.41 in chips) 
Quadsfordayz: posts small blind $0.50
kevinq500: posts big blind $1
rostickkin: sits out 
*** HOLE CARDS ***
reeqar: folds 
XneferX: raises $1.77 to $2.77
Quadsfordayz: folds 
kevinq500: calls $1.77
*** FLOP *** [3d Th Kh]
kevinq500: bets $2
XneferX: folds 
Uncalled bet ($2) returned to kevinq500
kevinq500 collected $5.74 from pot
*** SUMMARY ***
Total pot $6.04 | Rake $0.30 
Board [3d Th Kh]
Seat 2: rostickkin
Seat 3: CEPTT
Seat 1: kevinq500 (big blind) collected ($5.74)
Seat 4: reeqar folded before Flop (didn't bet)
Seat 5: XneferX (button) folded on the Flop
Seat 6: Quadsfordayz (small blind) folded before Flop



PokerStars Hand #254377528328:  Hold'em No Limit ($0.50/$1.00 USD) - 2025/01/14 3:38:49 WET [2025/01/14 22:38:49 ET]
Table 'Summa II' 6-max Seat #6 is the button
Seat 1: kevinq500 ($41.97 in chips) 
Seat 2: rostickkin ($100 in chips) 
Seat 3: CEPTT ($127.72 in chips) 
Seat 4: reeqar ($101.50 in chips) 
Seat 5: XneferX ($100 in chips) 
Seat 6: Quadsfordayz ($69.91 in chips) 
kevinq500: posts small blind $0.50
rostickkin: posts big blind $1
*** HOLE CARDS ***
CEPTT: folds 
reeqar: folds 
XneferX: raises $1.30 to $2.30
Quadsfordayz: folds 
kevinq500: calls $1.80
rostickkin: folds 
*** FLOP *** [Tc 3s 6d]
kevinq500: bets $5.32
XneferX: folds 
Uncalled bet ($5.32) returned to kevinq500
kevinq500 collected $5.32 from pot
*** SUMMARY ***
Total pot $5.60 | Rake $0.28 
Board [Tc 3s 6d]
Seat 1: kevinq500 (small blind) collected ($5.32)
Seat 2: rostickkin (big blind) folded before Flop
Seat 3: CEPTT folded before Flop (didn't bet)
Seat 4: reeqar folded before Flop (didn't bet)
Seat 5: XneferX folded on the Flop
Seat 6: Quadsfordayz (button) folded before Flop (didn't bet)



PokerStars Hand #254377532848:  Hold'em No Limit ($0.50/$1.00 USD) - 2025/01/14 3:39:28 WET [2025/01/14 22:39:28 ET]
Table 'Summa II' 6-max Seat #1 is the button
Seat 1: kevinq500 ($44.99 in chips) 
Seat 2: rostickkin ($100 in chips) 
Seat 3: CEPTT ($127.72 in chips) 
Seat 4: reeqar ($101.50 in chips) 
Seat 5: XneferX ($100 in chips) 
Seat 6: Quadsfordayz ($69.91 in chips) 
rostickkin: posts small blind $0.50
CEPTT: posts big blind $1
*** HOLE CARDS ***
reeqar: folds 
XneferX: folds 
Quadsfordayz: folds 
kevinq500: calls $1
rostickkin: folds 
CEPTT: checks 
*** FLOP *** [5c Ah Kd]
CEPTT: checks 
kevinq500: bets $2
CEPTT: folds 
Uncalled bet ($2) returned to kevinq500
kevinq500 collected $2.38 from pot
*** SUMMARY ***
Total pot $2.50 | Rake $0.12 
Board [5c Ah Kd]
Seat 1: kevinq500 (button) collected ($2.38)
Seat 2: rostickkin (small blind) folded before Flop
Seat 3: CEPTT (big blind) folded on the Flop
Seat 4: reeqar folded before Flop (didn't bet)
Seat 5: XneferX folded before Flop (didn't bet)
Seat 6: Quadsfordayz folded before Flop (didn't bet)



