PokerStars Hand #254373935605:  Hold'em No Limit ($0.50/$1.00 USD) - 2025/01/14 22:25:58 WET [2025/01/14 17:25:58 ET]
Table 'Irmgard III' 6-max Seat #1 is the button
Seat 4: Gogotii ($0 in chips) is sitting out
Seat 6: franbasualdo10 ($29.38 in chips) is sitting out
Seat 1: nikalas22 ($100 in chips) 
Seat 2: numapu_33 ($114.64 in chips) 
Seat 3: MaikonAll ($147.53 in chips) 
Seat 5: IREQO ($109 in chips) 
numapu_33: posts small blind $0.50
MaikonAll: posts big blind $1
*** HOLE CARDS ***
IREQO: folds 
franbasualdo10 leaves the table
nikalas22: folds 
numapu_33: raises $2 to $3
MaikonAll: folds 
Uncalled bet ($2) returned to numapu_33
numapu_33 collected $2 from pot
numapu_33: doesn't show hand 
*** SUMMARY ***
Total pot $2 | Rake $0 
Seat 4: Gogotii
Seat 6: franbasualdo10
Seat 1: nikalas22 (button) folded before Flop (didn't bet)
Seat 2: numapu_33 (small blind) collected ($2)
Seat 3: MaikonAll (big blind) folded before Flop
Seat 5: IREQO folded before Flop (didn't bet)



PokerStars Hand #254373941799:  Hold'em No Limit ($0.50/$1.00 USD) - 2025/01/14 22:26:19 WET [2025/01/14 17:26:19 ET]
Table 'Irmgard III' 6-max Seat #2 is the button
Seat 4: Gogotii ($0 in chips) is sitting out
Seat 1: nikalas22 ($100 in chips) 
Seat 2: numapu_33 ($115.64 in chips) 
Seat 3: MaikonAll ($146.53 in chips) 
Seat 5: IREQO ($109 in chips) 
MaikonAll: posts small blind $0.50
IREQO: posts big blind $1
*** HOLE CARDS ***
nikalas22: folds 
numapu_33: raises $1.50 to $2.50
ashtonlee2008 joins the table at seat #6 
ashtonlee2008 is disconnected 
MaikonAll: raises $8.50 to $11
IREQO: folds 
numapu_33: folds 
Uncalled bet ($8.50) returned to MaikonAll
MaikonAll collected $6 from pot
MaikonAll: doesn't show hand 
*** SUMMARY ***
Total pot $6 | Rake $0 
Seat 4: Gogotii
Seat 1: nikalas22 folded before Flop (didn't bet)
Seat 2: numapu_33 (button) folded before Flop
Seat 3: MaikonAll (small blind) collected ($6)
Seat 5: IREQO (big blind) folded before Flop



PokerStars Hand #254373947855:  Hold'em No Limit ($0.50/$1.00 USD) - 2025/01/14 22:26:39 WET [2025/01/14 17:26:39 ET]
Table 'Irmgard III' 6-max Seat #3 is the button
Seat 4: Gogotii ($0 in chips) is sitting out
Seat 1: nikalas22 ($100 in chips) 
Seat 2: numapu_33 ($113.14 in chips) 
Seat 3: MaikonAll ($150.03 in chips) 
Seat 5: IREQO ($108 in chips) 
Seat 6: ashtonlee2008 ($100 in chips) 
IREQO: posts small blind $0.50
ashtonlee2008: posts big blind $1
*** HOLE CARDS ***
nikalas22: raises $1.50 to $2.50
numapu_33: folds 
MaikonAll: folds 
IREQO: folds 
ashtonlee2008: calls $1.50
*** FLOP *** [7s 6d Jc]
ashtonlee2008: checks 
nikalas22: checks 
*** TURN *** [7s 6d Jc] [7h]
ashtonlee2008: bets $3.61
nikalas22: folds 
Uncalled bet ($3.61) returned to ashtonlee2008
ashtonlee2008 collected $5.22 from pot
*** SUMMARY ***
Total pot $5.50 | Rake $0.28 
Board [7s 6d Jc 7h]
Seat 4: Gogotii
Seat 1: nikalas22 folded on the Turn
Seat 2: numapu_33 folded before Flop (didn't bet)
Seat 3: MaikonAll (button) folded before Flop (didn't bet)
Seat 5: IREQO (small blind) folded before Flop
Seat 6: ashtonlee2008 (big blind) collected ($5.22)



PokerStars Hand #254373963789:  Hold'em No Limit ($0.50/$1.00 USD) - 2025/01/14 22:27:33 WET [2025/01/14 17:27:33 ET]
Table 'Irmgard III' 6-max Seat #5 is the button
Seat 4: Gogotii ($0 in chips) is sitting out
Seat 1: nikalas22 ($100 in chips) 
Seat 2: numapu_33 ($113.14 in chips) 
Seat 3: MaikonAll ($150.03 in chips) 
Seat 5: IREQO ($107.50 in chips) 
Seat 6: ashtonlee2008 ($102.72 in chips) 
ashtonlee2008: posts small blind $0.50
nikalas22: posts big blind $1
*** HOLE CARDS ***
numapu_33: folds 
MaikonAll: folds 
IREQO: folds 
ashtonlee2008: calls $0.50
Gogotii is disconnected 
nikalas22: raises $4 to $5
ashtonlee2008: calls $4
*** FLOP *** [As 2c 4d]
ashtonlee2008: checks 
nikalas22: bets $2.85
ashtonlee2008: calls $2.85
*** TURN *** [As 2c 4d] [6c]
ashtonlee2008: checks 
nikalas22: checks 
*** RIVER *** [As 2c 4d 6c] [Qc]
ashtonlee2008: bets $7.46
nikalas22: folds 
Uncalled bet ($7.46) returned to ashtonlee2008
ashtonlee2008 collected $14.92 from pot
ashtonlee2008: shows [Ah]
*** SUMMARY ***
Total pot $15.70 | Rake $0.78 
Board [As 2c 4d 6c Qc]
Seat 4: Gogotii
Seat 1: nikalas22 (big blind) folded on the River
Seat 2: numapu_33 folded before Flop (didn't bet)
Seat 3: MaikonAll folded before Flop (didn't bet)
Seat 5: IREQO (button) folded before Flop (didn't bet)
Seat 6: ashtonlee2008 (small blind) collected ($14.92)



PokerStars Hand #254373974019:  Hold'em No Limit ($0.50/$1.00 USD) - 2025/01/14 22:28:07 WET [2025/01/14 17:28:07 ET]
Table 'Irmgard III' 6-max Seat #6 is the button
Seat 4: Gogotii ($0 in chips) is sitting out
Seat 1: nikalas22 ($100 in chips) 
Seat 2: numapu_33 ($113.14 in chips) 
Seat 3: MaikonAll ($150.03 in chips) 
Seat 5: IREQO ($107.50 in chips) 
Seat 6: ashtonlee2008 ($109.79 in chips) 
nikalas22: posts small blind $0.50
numapu_33: posts big blind $1
*** HOLE CARDS ***
MaikonAll: folds 
IREQO: raises $1.50 to $2.50
ashtonlee2008: calls $2.50
nikalas22: folds 
numapu_33: folds 
*** FLOP *** [6d 5d 2s]
IREQO: checks 
ashtonlee2008: checks 
*** TURN *** [6d 5d 2s] [8d]
IREQO: checks 
ashtonlee2008: checks 
*** RIVER *** [6d 5d 2s 8d] [Jc]
IREQO: checks 
ashtonlee2008: bets $4.09
IREQO: calls $4.09
*** SHOW DOWN ***
ashtonlee2008: shows [Jh As] (a pair of Jacks)
IREQO: mucks hand 
ashtonlee2008 collected $13.95 from pot
*** SUMMARY ***
Total pot $14.68 | Rake $0.73 
Board [6d 5d 2s 8d Jc]
Seat 4: Gogotii
Seat 1: nikalas22 (small blind) folded before Flop
Seat 2: numapu_33 (big blind) folded before Flop
Seat 3: MaikonAll folded before Flop (didn't bet)
Seat 5: IREQO mucked
Seat 6: ashtonlee2008 (button) showed [Jh As] and won ($13.95) with a pair of Jacks



PokerStars Hand #254374004818:  Hold'em No Limit ($0.50/$1.00 USD) - 2025/01/14 22:29:52 WET [2025/01/14 17:29:52 ET]
Table 'Irmgard III' 6-max Seat #1 is the button
Seat 4: Gogotii ($0 in chips) is sitting out
Seat 1: nikalas22 ($100 in chips) 
Seat 2: numapu_33 ($112.14 in chips) 
Seat 3: MaikonAll ($150.03 in chips) 
Seat 5: IREQO ($100.91 in chips) 
Seat 6: ashtonlee2008 ($117.15 in chips) 
numapu_33: posts small blind $0.50
MaikonAll: posts big blind $1
*** HOLE CARDS ***
IREQO: folds 
ashtonlee2008: folds 
nikalas22: raises $1.50 to $2.50
numapu_33: folds 
MaikonAll: raises $9.50 to $12
nikalas22: folds 
Uncalled bet ($9.50) returned to MaikonAll
MaikonAll collected $5.50 from pot
MaikonAll: doesn't show hand 
*** SUMMARY ***
Total pot $5.50 | Rake $0 
Seat 4: Gogotii
Seat 1: nikalas22 (button) folded before Flop
Seat 2: numapu_33 (small blind) folded before Flop
Seat 3: MaikonAll (big blind) collected ($5.50)
Seat 5: IREQO folded before Flop (didn't bet)
Seat 6: ashtonlee2008 folded before Flop (didn't bet)



PokerStars Hand #254374016699:  Hold'em No Limit ($0.50/$1.00 USD) - 2025/01/14 22:30:31 WET [2025/01/14 17:30:31 ET]
Table 'Irmgard III' 6-max Seat #2 is the button
Seat 4: Gogotii ($0 in chips) is sitting out
Seat 1: nikalas22 ($100 in chips) 
Seat 2: numapu_33 ($111.64 in chips) 
Seat 3: MaikonAll ($153.03 in chips) 
Seat 5: IREQO ($100.91 in chips) 
Seat 6: ashtonlee2008 ($117.15 in chips) 
MaikonAll: posts small blind $0.50
IREQO: posts big blind $1
*** HOLE CARDS ***
ashtonlee2008: raises $2 to $3
nikalas22: folds 
numapu_33: folds 
MaikonAll: folds 
IREQO: folds 
Uncalled bet ($2) returned to ashtonlee2008
ashtonlee2008 collected $2.50 from pot
Gogotii leaves the table
*** SUMMARY ***
Total pot $2.50 | Rake $0 
Seat 4: Gogotii
Seat 1: nikalas22 folded before Flop (didn't bet)
Seat 2: numapu_33 (button) folded before Flop (didn't bet)
Seat 3: MaikonAll (small blind) folded before Flop
Seat 5: IREQO (big blind) folded before Flop
Seat 6: ashtonlee2008 collected ($2.50)



PokerStars Hand #254374023551:  Hold'em No Limit ($0.50/$1.00 USD) - 2025/01/14 22:30:54 WET [2025/01/14 17:30:54 ET]
Table 'Irmgard III' 6-max Seat #3 is the button
Seat 1: nikalas22 ($100 in chips) 
Seat 2: numapu_33 ($111.64 in chips) 
Seat 3: MaikonAll ($152.53 in chips) 
Seat 5: IREQO ($100 in chips) 
Seat 6: ashtonlee2008 ($118.65 in chips) 
IREQO: posts small blind $0.50
ashtonlee2008: posts big blind $1
*** HOLE CARDS ***
nikalas22: folds 
numapu_33: folds 
BumHuntKing joins the table at seat #4 
MaikonAll: raises $1.50 to $2.50
IREQO: folds 
ashtonlee2008: calls $1.50
*** FLOP *** [8s 6c Jc]
ashtonlee2008: checks 
MaikonAll: bets $1.30
ashtonlee2008: calls $1.30
*** TURN *** [8s 6c Jc] [7d]
ashtonlee2008: checks 
MaikonAll: checks 
*** RIVER *** [8s 6c Jc 7d] [Qs]
ashtonlee2008: checks 
MaikonAll: bets $5.78
ashtonlee2008: folds 
Uncalled bet ($5.78) returned to MaikonAll
MaikonAll collected $7.70 from pot
MaikonAll: doesn't show hand 
*** SUMMARY ***
Total pot $8.10 | Rake $0.40 
Board [8s 6c Jc 7d Qs]
Seat 1: nikalas22 folded before Flop (didn't bet)
Seat 2: numapu_33 folded before Flop (didn't bet)
Seat 3: MaikonAll (button) collected ($7.70)
Seat 5: IREQO (small blind) folded before Flop
Seat 6: ashtonlee2008 (big blind) folded on the River



PokerStars Hand #254374042326:  Hold'em No Limit ($0.50/$1.00 USD) - 2025/01/14 22:31:57 WET [2025/01/14 17:31:57 ET]
Table 'Irmgard III' 6-max Seat #5 is the button
Seat 4: BumHuntKing ($100 in chips) is sitting out
Seat 1: nikalas22 ($100 in chips) 
Seat 2: numapu_33 ($111.64 in chips) 
Seat 3: MaikonAll ($156.43 in chips) 
Seat 5: IREQO ($100 in chips) 
Seat 6: ashtonlee2008 ($114.85 in chips) 
ashtonlee2008: posts small blind $0.50
nikalas22: posts big blind $1
BumHuntKing: sits out 
*** HOLE CARDS ***
numapu_33: folds 
MaikonAll: raises $1.30 to $2.30
IREQO: raises $4.70 to $7
ashtonlee2008: folds 
nikalas22: folds 
MaikonAll: folds 
Uncalled bet ($4.70) returned to IREQO
IREQO collected $6.10 from pot
IREQO: doesn't show hand 
*** SUMMARY ***
Total pot $6.10 | Rake $0 
Seat 4: BumHuntKing
Seat 1: nikalas22 (big blind) folded before Flop
Seat 2: numapu_33 folded before Flop (didn't bet)
Seat 3: MaikonAll folded before Flop
Seat 5: IREQO (button) collected ($6.10)
Seat 6: ashtonlee2008 (small blind) folded before Flop



PokerStars Hand #254374051038:  Hold'em No Limit ($0.50/$1.00 USD) - 2025/01/14 22:32:26 WET [2025/01/14 17:32:26 ET]
Table 'Irmgard III' 6-max Seat #6 is the button
Seat 4: BumHuntKing ($100 in chips) is sitting out
Seat 1: nikalas22 ($100 in chips) 
Seat 2: numapu_33 ($111.64 in chips) 
Seat 3: MaikonAll ($154.13 in chips) 
Seat 5: IREQO ($103.80 in chips) 
Seat 6: ashtonlee2008 ($114.35 in chips) 
nikalas22: posts small blind $0.50
numapu_33: posts big blind $1
BumHuntKing: sits out 
*** HOLE CARDS ***
MaikonAll: folds 
IREQO: folds 
ashtonlee2008: calls $1
nikalas22: folds 
numapu_33: checks 
*** FLOP *** [3h 5s 7d]
numapu_33: checks 
ashtonlee2008: checks 
*** TURN *** [3h 5s 7d] [5d]
numapu_33: bets $1.31
ashtonlee2008: calls $1.31
*** RIVER *** [3h 5s 7d 5d] [7s]
numapu_33: checks 
ashtonlee2008: bets $2.86
numapu_33: folds 
Uncalled bet ($2.86) returned to ashtonlee2008
ashtonlee2008 collected $4.86 from pot
*** SUMMARY ***
Total pot $5.12 | Rake $0.26 
Board [3h 5s 7d 5d 7s]
Seat 4: BumHuntKing
Seat 1: nikalas22 (small blind) folded before Flop
Seat 2: numapu_33 (big blind) folded on the River
Seat 3: MaikonAll folded before Flop (didn't bet)
Seat 5: IREQO folded before Flop (didn't bet)
Seat 6: ashtonlee2008 (button) collected ($4.86)



PokerStars Hand #254374068279:  Hold'em No Limit ($0.50/$1.00 USD) - 2025/01/14 22:33:25 WET [2025/01/14 17:33:25 ET]
Table 'Irmgard III' 6-max Seat #1 is the button
Seat 4: BumHuntKing ($100 in chips) is sitting out
Seat 1: nikalas22 ($100 in chips) 
Seat 2: numapu_33 ($109.33 in chips) 
Seat 3: MaikonAll ($154.13 in chips) 
Seat 5: IREQO ($103.80 in chips) 
Seat 6: ashtonlee2008 ($116.90 in chips) 
numapu_33: posts small blind $0.50
MaikonAll: posts big blind $1
BumHuntKing: sits out 
*** HOLE CARDS ***
IREQO: folds 
ashtonlee2008: folds 
nikalas22: folds 
numapu_33: folds 
Uncalled bet ($0.50) returned to MaikonAll
MaikonAll collected $1 from pot
MaikonAll: doesn't show hand 
*** SUMMARY ***
Total pot $1 | Rake $0 
Seat 4: BumHuntKing
Seat 1: nikalas22 (button) folded before Flop (didn't bet)
Seat 2: numapu_33 (small blind) folded before Flop
Seat 3: MaikonAll (big blind) collected ($1)
Seat 5: IREQO folded before Flop (didn't bet)
Seat 6: ashtonlee2008 folded before Flop (didn't bet)



PokerStars Hand #254374072416:  Hold'em No Limit ($0.50/$1.00 USD) - 2025/01/14 22:33:39 WET [2025/01/14 17:33:39 ET]
Table 'Irmgard III' 6-max Seat #2 is the button
Seat 1: nikalas22 ($100 in chips) 
Seat 2: numapu_33 ($108.83 in chips) 
Seat 3: MaikonAll ($154.63 in chips) 
Seat 4: BumHuntKing ($100 in chips) 
Seat 5: IREQO ($103.80 in chips) 
Seat 6: ashtonlee2008 ($116.90 in chips) 
MaikonAll: posts small blind $0.50
BumHuntKing: posts big blind $1
*** HOLE CARDS ***
IREQO: raises $1.50 to $2.50
ashtonlee2008: folds 
nikalas22: folds 
numapu_33: folds 
MaikonAll: folds 
BumHuntKing: folds 
Uncalled bet ($1.50) returned to IREQO
IREQO collected $2.50 from pot
IREQO: doesn't show hand 
*** SUMMARY ***
Total pot $2.50 | Rake $0 
Seat 1: nikalas22 folded before Flop (didn't bet)
Seat 2: numapu_33 (button) folded before Flop (didn't bet)
Seat 3: MaikonAll (small blind) folded before Flop
Seat 4: BumHuntKing (big blind) folded before Flop
Seat 5: IREQO collected ($2.50)
Seat 6: ashtonlee2008 folded before Flop (didn't bet)



PokerStars Hand #254374077044:  Hold'em No Limit ($0.50/$1.00 USD) - 2025/01/14 22:33:55 WET [2025/01/14 17:33:55 ET]
Table 'Irmgard III' 6-max Seat #3 is the button
Seat 1: nikalas22 ($100 in chips) 
Seat 2: numapu_33 ($108.83 in chips) 
Seat 3: MaikonAll ($154.13 in chips) 
Seat 4: BumHuntKing ($100 in chips) 
Seat 5: IREQO ($105.30 in chips) 
Seat 6: ashtonlee2008 ($116.90 in chips) 
BumHuntKing: posts small blind $0.50
IREQO: posts big blind $1
*** HOLE CARDS ***
ashtonlee2008: raises $2 to $3
nikalas22: raises $7 to $10
numapu_33: folds 
MaikonAll: folds 
BumHuntKing: folds 
IREQO: folds 
ashtonlee2008: calls $7
*** FLOP *** [Td 9h 3d]
ashtonlee2008: checks 
nikalas22: bets $10.21
ashtonlee2008: folds 
Uncalled bet ($10.21) returned to nikalas22
nikalas22 collected $20.42 from pot
nikalas22: doesn't show hand 
*** SUMMARY ***
Total pot $21.50 | Rake $1.08 
Board [Td 9h 3d]
Seat 1: nikalas22 collected ($20.42)
Seat 2: numapu_33 folded before Flop (didn't bet)
Seat 3: MaikonAll (button) folded before Flop (didn't bet)
Seat 4: BumHuntKing (small blind) folded before Flop
Seat 5: IREQO (big blind) folded before Flop
Seat 6: ashtonlee2008 folded on the Flop



PokerStars Hand #254374089186:  Hold'em No Limit ($0.50/$1.00 USD) - 2025/01/14 22:34:36 WET [2025/01/14 17:34:36 ET]
Table 'Irmgard III' 6-max Seat #4 is the button
Seat 1: nikalas22 ($110.42 in chips) 
Seat 2: numapu_33 ($108.83 in chips) 
Seat 3: MaikonAll ($154.13 in chips) 
Seat 4: BumHuntKing ($100 in chips) 
Seat 5: IREQO ($104.30 in chips) 
Seat 6: ashtonlee2008 ($106.90 in chips) 
IREQO: posts small blind $0.50
ashtonlee2008: posts big blind $1
*** HOLE CARDS ***
nikalas22: raises $1.50 to $2.50
numapu_33: folds 
MaikonAll: folds 
BumHuntKing: calls $2.50
IREQO: folds 
ashtonlee2008: calls $1.50
*** FLOP *** [5s Td 2d]
ashtonlee2008: checks 
nikalas22: checks 
BumHuntKing: bets $2.51
ashtonlee2008: calls $2.51
nikalas22: calls $2.51
*** TURN *** [5s Td 2d] [6h]
ashtonlee2008: checks 
nikalas22: checks 
BumHuntKing: bets $11.06
ashtonlee2008: folds 
nikalas22: folds 
Uncalled bet ($11.06) returned to BumHuntKing
BumHuntKing collected $14.75 from pot
BumHuntKing: doesn't show hand 
*** SUMMARY ***
Total pot $15.53 | Rake $0.78 
Board [5s Td 2d 6h]
Seat 1: nikalas22 folded on the Turn
Seat 2: numapu_33 folded before Flop (didn't bet)
Seat 3: MaikonAll folded before Flop (didn't bet)
Seat 4: BumHuntKing (button) collected ($14.75)
Seat 5: IREQO (small blind) folded before Flop
Seat 6: ashtonlee2008 (big blind) folded on the Turn



PokerStars Hand #254374101843:  Hold'em No Limit ($0.50/$1.00 USD) - 2025/01/14 22:35:20 WET [2025/01/14 17:35:20 ET]
Table 'Irmgard III' 6-max Seat #5 is the button
Seat 1: nikalas22 ($105.41 in chips) 
Seat 2: numapu_33 ($108.83 in chips) 
Seat 3: MaikonAll ($154.13 in chips) 
Seat 4: BumHuntKing ($109.74 in chips) 
Seat 5: IREQO ($103.80 in chips) 
Seat 6: ashtonlee2008 ($101.89 in chips) 
ashtonlee2008: posts small blind $0.50
nikalas22: posts big blind $1
*** HOLE CARDS ***
numapu_33: folds 
MaikonAll: raises $1.30 to $2.30
BumHuntKing: folds 
IREQO: folds 
ashtonlee2008: folds 
nikalas22: folds 
Uncalled bet ($1.30) returned to MaikonAll
MaikonAll collected $2.50 from pot
MaikonAll: doesn't show hand 
*** SUMMARY ***
Total pot $2.50 | Rake $0 
Seat 1: nikalas22 (big blind) folded before Flop
Seat 2: numapu_33 folded before Flop (didn't bet)
Seat 3: MaikonAll collected ($2.50)
Seat 4: BumHuntKing folded before Flop (didn't bet)
Seat 5: IREQO (button) folded before Flop (didn't bet)
Seat 6: ashtonlee2008 (small blind) folded before Flop



PokerStars Hand #254374108815:  Hold'em No Limit ($0.50/$1.00 USD) - 2025/01/14 22:35:44 WET [2025/01/14 17:35:44 ET]
Table 'Irmgard III' 6-max Seat #6 is the button
Seat 1: nikalas22 ($104.41 in chips) 
Seat 2: numapu_33 ($108.83 in chips) 
Seat 3: MaikonAll ($155.63 in chips) 
Seat 4: BumHuntKing ($109.74 in chips) 
Seat 5: IREQO ($103.80 in chips) 
Seat 6: ashtonlee2008 ($101.39 in chips) 
nikalas22: posts small blind $0.50
numapu_33: posts big blind $1
*** HOLE CARDS ***
MaikonAll: folds 
BumHuntKing: raises $1.20 to $2.20
IREQO: folds 
ashtonlee2008: folds 
nikalas22: folds 
numapu_33: folds 
Uncalled bet ($1.20) returned to BumHuntKing
BumHuntKing collected $2.50 from pot
BumHuntKing: doesn't show hand 
*** SUMMARY ***
Total pot $2.50 | Rake $0 
Seat 1: nikalas22 (small blind) folded before Flop
Seat 2: numapu_33 (big blind) folded before Flop
Seat 3: MaikonAll folded before Flop (didn't bet)
Seat 4: BumHuntKing collected ($2.50)
Seat 5: IREQO folded before Flop (didn't bet)
Seat 6: ashtonlee2008 (button) folded before Flop (didn't bet)



PokerStars Hand #254374115156:  Hold'em No Limit ($0.50/$1.00 USD) - 2025/01/14 22:36:05 WET [2025/01/14 17:36:05 ET]
Table 'Irmgard III' 6-max Seat #1 is the button
Seat 1: nikalas22 ($103.91 in chips) 
Seat 2: numapu_33 ($107.83 in chips) 
Seat 3: MaikonAll ($155.63 in chips) 
Seat 4: BumHuntKing ($111.24 in chips) 
Seat 5: IREQO ($103.80 in chips) 
Seat 6: ashtonlee2008 ($101.39 in chips) 
numapu_33: posts small blind $0.50
MaikonAll: posts big blind $1
*** HOLE CARDS ***
BumHuntKing: raises $1.20 to $2.20
IREQO: folds 
ashtonlee2008: raises $7.90 to $10.10
nikalas22: folds 
numapu_33: folds 
MaikonAll: folds 
BumHuntKing: calls $7.90
*** FLOP *** [2c Th 4s]
BumHuntKing: checks 
ashtonlee2008: checks 
*** TURN *** [2c Th 4s] [Kc]
BumHuntKing: checks 
ashtonlee2008: checks 
*** RIVER *** [2c Th 4s Kc] [Jc]
BumHuntKing: bets $41.24
ashtonlee2008: calls $41.24
*** SHOW DOWN ***
BumHuntKing: shows [5c Ac] (a flush, Ace high)
ashtonlee2008: shows [Ah Js] (a pair of Jacks)
BumHuntKing collected $101.68 from pot
*** SUMMARY ***
Total pot $104.18 | Rake $2.50 
Board [2c Th 4s Kc Jc]
Seat 1: nikalas22 (button) folded before Flop (didn't bet)
Seat 2: numapu_33 (small blind) folded before Flop
Seat 3: MaikonAll (big blind) folded before Flop
Seat 4: BumHuntKing showed [5c Ac] and won ($101.68) with a flush, Ace high
Seat 5: IREQO folded before Flop (didn't bet)
Seat 6: ashtonlee2008 showed [Ah Js] and lost with a pair of Jacks



PokerStars Hand #254374141040:  Hold'em No Limit ($0.50/$1.00 USD) - 2025/01/14 22:37:33 WET [2025/01/14 17:37:33 ET]
Table 'Irmgard III' 6-max Seat #2 is the button
Seat 1: nikalas22 ($103.91 in chips) 
Seat 2: numapu_33 ($107.33 in chips) 
Seat 3: MaikonAll ($154.63 in chips) 
Seat 4: BumHuntKing ($161.58 in chips) 
Seat 5: IREQO ($103.80 in chips) 
Seat 6: ashtonlee2008 ($50.05 in chips) 
MaikonAll: posts small blind $0.50
BumHuntKing: posts big blind $1
*** HOLE CARDS ***
IREQO: folds 
ashtonlee2008: folds 
nikalas22: folds 
numapu_33: folds 
MaikonAll: raises $2 to $3
BumHuntKing: calls $2
*** FLOP *** [Td Jc 6d]
MaikonAll: checks 
BumHuntKing: checks 
*** TURN *** [Td Jc 6d] [4h]
MaikonAll: checks 
BumHuntKing: checks 
*** RIVER *** [Td Jc 6d 4h] [8d]
MaikonAll: checks 
BumHuntKing: checks 
*** SHOW DOWN ***
MaikonAll: shows [As Qh] (high card Ace)
BumHuntKing: shows [Kh Tc] (a pair of Tens)
BumHuntKing collected $5.70 from pot
*** SUMMARY ***
Total pot $6 | Rake $0.30 
Board [Td Jc 6d 4h 8d]
Seat 1: nikalas22 folded before Flop (didn't bet)
Seat 2: numapu_33 (button) folded before Flop (didn't bet)
Seat 3: MaikonAll (small blind) showed [As Qh] and lost with high card Ace
Seat 4: BumHuntKing (big blind) showed [Kh Tc] and won ($5.70) with a pair of Tens
Seat 5: IREQO folded before Flop (didn't bet)
Seat 6: ashtonlee2008 folded before Flop (didn't bet)



PokerStars Hand #254374160501:  Hold'em No Limit ($0.50/$1.00 USD) - 2025/01/14 22:38:41 WET [2025/01/14 17:38:41 ET]
Table 'Irmgard III' 6-max Seat #3 is the button
Seat 1: nikalas22 ($103.91 in chips) 
Seat 2: numapu_33 ($107.33 in chips) 
Seat 3: MaikonAll ($151.63 in chips) 
Seat 4: BumHuntKing ($164.28 in chips) 
Seat 5: IREQO ($103.80 in chips) 
Seat 6: ashtonlee2008 ($50.05 in chips) 
BumHuntKing: posts small blind $0.50
IREQO: posts big blind $1
*** HOLE CARDS ***
ashtonlee2008: raises $1 to $2
nikalas22: folds 
numapu_33: folds 
MaikonAll: raises $4 to $6
BumHuntKing: folds 
IREQO: folds 
ashtonlee2008: calls $4
*** FLOP *** [Ah 7s 5s]
ashtonlee2008: checks 
MaikonAll: bets $3.20
ashtonlee2008: calls $3.20
*** TURN *** [Ah 7s 5s] [As]
ashtonlee2008: checks 
MaikonAll: bets $14.18
ashtonlee2008: folds 
Uncalled bet ($14.18) returned to MaikonAll
MaikonAll collected $18.90 from pot
MaikonAll: doesn't show hand 
*** SUMMARY ***
Total pot $19.90 | Rake $1 
Board [Ah 7s 5s As]
Seat 1: nikalas22 folded before Flop (didn't bet)
Seat 2: numapu_33 folded before Flop (didn't bet)
Seat 3: MaikonAll (button) collected ($18.90)
Seat 4: BumHuntKing (small blind) folded before Flop
Seat 5: IREQO (big blind) folded before Flop
Seat 6: ashtonlee2008 folded on the Turn



PokerStars Hand #254374175757:  Hold'em No Limit ($0.50/$1.00 USD) - 2025/01/14 22:39:34 WET [2025/01/14 17:39:34 ET]
Table 'Irmgard III' 6-max Seat #4 is the button
Seat 1: nikalas22 ($103.91 in chips) 
Seat 2: numapu_33 ($107.33 in chips) 
Seat 3: MaikonAll ($161.33 in chips) 
Seat 4: BumHuntKing ($163.78 in chips) 
Seat 5: IREQO ($102.80 in chips) 
Seat 6: ashtonlee2008 ($40.85 in chips) 
IREQO: posts small blind $0.50
ashtonlee2008: posts big blind $1
*** HOLE CARDS ***
nikalas22: folds 
numapu_33: folds 
MaikonAll: folds 
BumHuntKing: folds 
IREQO: folds 
Uncalled bet ($0.50) returned to ashtonlee2008
ashtonlee2008 collected $1 from pot
*** SUMMARY ***
Total pot $1 | Rake $0 
Seat 1: nikalas22 folded before Flop (didn't bet)
Seat 2: numapu_33 folded before Flop (didn't bet)
Seat 3: MaikonAll folded before Flop (didn't bet)
Seat 4: BumHuntKing (button) folded before Flop (didn't bet)
Seat 5: IREQO (small blind) folded before Flop
Seat 6: ashtonlee2008 (big blind) collected ($1)



PokerStars Hand #254374181114:  Hold'em No Limit ($0.50/$1.00 USD) - 2025/01/14 22:39:52 WET [2025/01/14 17:39:52 ET]
Table 'Irmgard III' 6-max Seat #5 is the button
Seat 1: nikalas22 ($103.91 in chips) 
Seat 2: numapu_33 ($107.33 in chips) 
Seat 3: MaikonAll ($161.33 in chips) 
Seat 4: BumHuntKing ($163.78 in chips) 
Seat 5: IREQO ($102.30 in chips) 
Seat 6: ashtonlee2008 ($41.35 in chips) 
ashtonlee2008: posts small blind $0.50
nikalas22: posts big blind $1
*** HOLE CARDS ***
numapu_33: raises $1.50 to $2.50
MaikonAll: folds 
BumHuntKing: folds 
IREQO: folds 
ashtonlee2008: folds 
nikalas22: folds 
Uncalled bet ($1.50) returned to numapu_33
numapu_33 collected $2.50 from pot
numapu_33: doesn't show hand 
*** SUMMARY ***
Total pot $2.50 | Rake $0 
Seat 1: nikalas22 (big blind) folded before Flop
Seat 2: numapu_33 collected ($2.50)
Seat 3: MaikonAll folded before Flop (didn't bet)
Seat 4: BumHuntKing folded before Flop (didn't bet)
Seat 5: IREQO (button) folded before Flop (didn't bet)
Seat 6: ashtonlee2008 (small blind) folded before Flop



PokerStars Hand #254374188149:  Hold'em No Limit ($0.50/$1.00 USD) - 2025/01/14 22:40:16 WET [2025/01/14 17:40:16 ET]
Table 'Irmgard III' 6-max Seat #6 is the button
Seat 1: nikalas22 ($102.91 in chips) 
Seat 2: numapu_33 ($108.83 in chips) 
Seat 3: MaikonAll ($161.33 in chips) 
Seat 4: BumHuntKing ($163.78 in chips) 
Seat 5: IREQO ($102.30 in chips) 
Seat 6: ashtonlee2008 ($40.85 in chips) 
nikalas22: posts small blind $0.50
numapu_33: posts big blind $1
*** HOLE CARDS ***
MaikonAll: raises $1.30 to $2.30
BumHuntKing: folds 
IREQO: folds 
ashtonlee2008: raises $2.30 to $4.60
nikalas22: folds 
numapu_33: folds 
MaikonAll: calls $2.30
*** FLOP *** [6s 5s Ts]
MaikonAll: checks 
ashtonlee2008: checks 
*** TURN *** [6s 5s Ts] [Jd]
MaikonAll: checks 
ashtonlee2008: checks 
*** RIVER *** [6s 5s Ts Jd] [Ac]
MaikonAll: bets $2.55
ashtonlee2008: folds 
Uncalled bet ($2.55) returned to MaikonAll
MaikonAll collected $10.16 from pot
MaikonAll: doesn't show hand 
*** SUMMARY ***
Total pot $10.70 | Rake $0.54 
Board [6s 5s Ts Jd Ac]
Seat 1: nikalas22 (small blind) folded before Flop
Seat 2: numapu_33 (big blind) folded before Flop
Seat 3: MaikonAll collected ($10.16)
Seat 4: BumHuntKing folded before Flop (didn't bet)
Seat 5: IREQO folded before Flop (didn't bet)
Seat 6: ashtonlee2008 (button) folded on the River



PokerStars Hand #254374207903:  Hold'em No Limit ($0.50/$1.00 USD) - 2025/01/14 22:41:24 WET [2025/01/14 17:41:24 ET]
Table 'Irmgard III' 6-max Seat #1 is the button
Seat 1: nikalas22 ($102.41 in chips) 
Seat 2: numapu_33 ($107.83 in chips) 
Seat 3: MaikonAll ($166.89 in chips) 
Seat 4: BumHuntKing ($163.78 in chips) 
Seat 5: IREQO ($102.30 in chips) 
Seat 6: ashtonlee2008 ($36.25 in chips) 
numapu_33: posts small blind $0.50
MaikonAll: posts big blind $1
*** HOLE CARDS ***
BumHuntKing: folds 
IREQO: folds 
ashtonlee2008: calls $1
nikalas22: folds 
numapu_33: folds 
MaikonAll: raises $3.50 to $4.50
ashtonlee2008: calls $3.50
*** FLOP *** [4h 6d 2s]
MaikonAll: checks 
ashtonlee2008: checks 
*** TURN *** [4h 6d 2s] [8d]
MaikonAll: bets $6.76
ashtonlee2008: raises $24.99 to $31.75 and is all-in
MaikonAll: calls $24.99
*** RIVER *** [4h 6d 2s 8d] [6c]
*** SHOW DOWN ***
MaikonAll: shows [Ah 8h] (two pair, Eights and Sixes)
ashtonlee2008: shows [Td Kd] (a pair of Sixes)
MaikonAll collected $70.50 from pot
*** SUMMARY ***
Total pot $73 | Rake $2.50 
Board [4h 6d 2s 8d 6c]
Seat 1: nikalas22 (button) folded before Flop (didn't bet)
Seat 2: numapu_33 (small blind) folded before Flop
Seat 3: MaikonAll (big blind) showed [Ah 8h] and won ($70.50) with two pair, Eights and Sixes
Seat 4: BumHuntKing folded before Flop (didn't bet)
Seat 5: IREQO folded before Flop (didn't bet)
Seat 6: ashtonlee2008 showed [Td Kd] and lost with a pair of Sixes



PokerStars Hand #254374231358:  Hold'em No Limit ($0.50/$1.00 USD) - 2025/01/14 22:42:45 WET [2025/01/14 17:42:45 ET]
Table 'Irmgard III' 6-max Seat #2 is the button
Seat 6: ashtonlee2008 ($0 in chips) is sitting out
Seat 1: nikalas22 ($102.41 in chips) 
Seat 2: numapu_33 ($107.33 in chips) 
Seat 3: MaikonAll ($201.14 in chips) 
Seat 4: BumHuntKing ($163.78 in chips) 
Seat 5: IREQO ($102.30 in chips) 
MaikonAll: posts small blind $0.50
BumHuntKing: posts big blind $1
*** HOLE CARDS ***
ashtonlee2008 leaves the table
IREQO: raises $1.50 to $2.50
nikalas22: folds 
nikalas22 leaves the table
numapu_33: raises $5 to $7.50
MaikonAll: folds 
BumHuntKing: folds 
kars0n joins the table at seat #1 
IREQO: folds 
Uncalled bet ($5) returned to numapu_33
numapu_33 collected $6.50 from pot
numapu_33: doesn't show hand 
*** SUMMARY ***
Total pot $6.50 | Rake $0 
Seat 6: ashtonlee2008
Seat 1: nikalas22 folded before Flop (didn't bet)
Seat 2: numapu_33 (button) collected ($6.50)
Seat 3: MaikonAll (small blind) folded before Flop
Seat 4: BumHuntKing (big blind) folded before Flop
Seat 5: IREQO folded before Flop



PokerStars Hand #254374241738:  Hold'em No Limit ($0.50/$1.00 USD) - 2025/01/14 22:43:21 WET [2025/01/14 17:43:21 ET]
Table 'Irmgard III' 6-max Seat #3 is the button
Seat 5: IREQO ($100 in chips) is sitting out
Seat 1: kars0n ($100 in chips) 
Seat 2: numapu_33 ($111.33 in chips) 
Seat 3: MaikonAll ($200.64 in chips) 
Seat 4: BumHuntKing ($162.78 in chips) 
BumHuntKing: posts small blind $0.50
IREQO: is sitting out 
kars0n: posts big blind $1
*** HOLE CARDS ***
numapu_33: folds 
MaikonAll: raises $1.50 to $2.50
BumHuntKing: folds 
kars0n: calls $1.50
*** FLOP *** [2c 7d Ks]
kars0n: checks 
MaikonAll: bets $1.30
kars0n: folds 
Uncalled bet ($1.30) returned to MaikonAll
MaikonAll collected $5.22 from pot
MaikonAll: doesn't show hand 
*** SUMMARY ***
Total pot $5.50 | Rake $0.28 
Board [2c 7d Ks]
Seat 5: IREQO
Seat 1: kars0n (big blind) folded on the Flop
Seat 2: numapu_33 folded before Flop (didn't bet)
Seat 3: MaikonAll (button) collected ($5.22)
Seat 4: BumHuntKing (small blind) folded before Flop



PokerStars Hand #254373560453:  Hold'em No Limit ($0.50/$1.00 USD) - 2025/01/14 22:05:21 WET [2025/01/14 17:05:21 ET]
Table 'Irmgard III' 6-max Seat #6 is the button
Seat 4: Gogotii ($0 in chips) is sitting out
Seat 1: nikalas22 ($100 in chips) 
Seat 2: numapu_33 ($100 in chips) 
Seat 3: MaikonAll ($130.94 in chips) 
Seat 5: ptolejmus ($10 in chips) 
Seat 6: MAO_DZEDYN_S ($100 in chips) 
nikalas22: posts small blind $0.50
numapu_33: posts big blind $1
*** HOLE CARDS ***
MaikonAll: folds 
ptolejmus: folds 
MAO_DZEDYN_S: folds 
nikalas22: folds 
Uncalled bet ($0.50) returned to numapu_33
numapu_33 collected $1 from pot
numapu_33: doesn't show hand 
*** SUMMARY ***
Total pot $1 | Rake $0 
Seat 4: Gogotii
Seat 1: nikalas22 (small blind) folded before Flop
Seat 2: numapu_33 (big blind) collected ($1)
Seat 3: MaikonAll folded before Flop (didn't bet)
Seat 5: ptolejmus folded before Flop (didn't bet)
Seat 6: MAO_DZEDYN_S (button) folded before Flop (didn't bet)



PokerStars Hand #254373567219:  Hold'em No Limit ($0.50/$1.00 USD) - 2025/01/14 22:05:44 WET [2025/01/14 17:05:44 ET]
Table 'Irmgard III' 6-max Seat #1 is the button
Seat 4: Gogotii ($0 in chips) is sitting out
Seat 1: nikalas22 ($100 in chips) 
Seat 2: numapu_33 ($100.50 in chips) 
Seat 3: MaikonAll ($130.94 in chips) 
Seat 5: ptolejmus ($10 in chips) 
Seat 6: MAO_DZEDYN_S ($100 in chips) 
numapu_33: posts small blind $0.50
MaikonAll: posts big blind $1
*** HOLE CARDS ***
ptolejmus: folds 
MAO_DZEDYN_S: folds 
nikalas22: folds 
numapu_33: folds 
Uncalled bet ($0.50) returned to MaikonAll
MaikonAll collected $1 from pot
MaikonAll: doesn't show hand 
*** SUMMARY ***
Total pot $1 | Rake $0 
Seat 4: Gogotii
Seat 1: nikalas22 (button) folded before Flop (didn't bet)
Seat 2: numapu_33 (small blind) folded before Flop
Seat 3: MaikonAll (big blind) collected ($1)
Seat 5: ptolejmus folded before Flop (didn't bet)
Seat 6: MAO_DZEDYN_S folded before Flop (didn't bet)



PokerStars Hand #254373572212:  Hold'em No Limit ($0.50/$1.00 USD) - 2025/01/14 22:06:00 WET [2025/01/14 17:06:00 ET]
Table 'Irmgard III' 6-max Seat #2 is the button
Seat 4: Gogotii ($0 in chips) is sitting out
Seat 5: ptolejmus ($10 in chips) is sitting out
Seat 1: nikalas22 ($100 in chips) 
Seat 2: numapu_33 ($100 in chips) 
Seat 3: MaikonAll ($131.44 in chips) 
Seat 6: MAO_DZEDYN_S ($100 in chips) 
MaikonAll: posts small blind $0.50
ptolejmus: is sitting out 
MAO_DZEDYN_S: posts big blind $1
*** HOLE CARDS ***
nikalas22: raises $1.50 to $2.50
numapu_33: folds 
MaikonAll: folds 
MAO_DZEDYN_S: folds 
Uncalled bet ($1.50) returned to nikalas22
nikalas22 collected $2.50 from pot
nikalas22: doesn't show hand 
*** SUMMARY ***
Total pot $2.50 | Rake $0 
Seat 4: Gogotii
Seat 5: ptolejmus
Seat 1: nikalas22 collected ($2.50)
Seat 2: numapu_33 (button) folded before Flop (didn't bet)
Seat 3: MaikonAll (small blind) folded before Flop
Seat 6: MAO_DZEDYN_S (big blind) folded before Flop



PokerStars Hand #254373577872:  Hold'em No Limit ($0.50/$1.00 USD) - 2025/01/14 22:06:18 WET [2025/01/14 17:06:18 ET]
Table 'Irmgard III' 6-max Seat #3 is the button
Seat 4: Gogotii ($0 in chips) is sitting out
Seat 5: ptolejmus ($10 in chips) is sitting out
Seat 1: nikalas22 ($101.50 in chips) 
Seat 2: numapu_33 ($100 in chips) 
Seat 3: MaikonAll ($130.94 in chips) 
Seat 6: MAO_DZEDYN_S ($100 in chips) 
MAO_DZEDYN_S: posts small blind $0.50
nikalas22: posts big blind $1
*** HOLE CARDS ***
ptolejmus leaves the table
numapu_33: raises $1.50 to $2.50
MaikonAll: raises $5.50 to $8
MAO_DZEDYN_S: folds 
nikalas22: folds 
numapu_33: calls $5.50
*** FLOP *** [Ah 7h Kd]
numapu_33: checks 
IREQO joins the table at seat #5 
MaikonAll: bets $4.15
numapu_33: folds 
Uncalled bet ($4.15) returned to MaikonAll
MaikonAll collected $16.62 from pot
MaikonAll: doesn't show hand 
*** SUMMARY ***
Total pot $17.50 | Rake $0.88 
Board [Ah 7h Kd]
Seat 4: Gogotii
Seat 5: ptolejmus
Seat 1: nikalas22 (big blind) folded before Flop
Seat 2: numapu_33 folded on the Flop
Seat 3: MaikonAll (button) collected ($16.62)
Seat 6: MAO_DZEDYN_S (small blind) folded before Flop



PokerStars Hand #254373589069:  Hold'em No Limit ($0.50/$1.00 USD) - 2025/01/14 22:06:55 WET [2025/01/14 17:06:55 ET]
Table 'Irmgard III' 6-max Seat #6 is the button
Seat 4: Gogotii ($0 in chips) is sitting out
Seat 5: IREQO ($100 in chips) is sitting out
Seat 1: nikalas22 ($100.50 in chips) 
Seat 2: numapu_33 ($100 in chips) 
Seat 3: MaikonAll ($139.56 in chips) 
Seat 6: MAO_DZEDYN_S ($100 in chips) 
nikalas22: posts small blind $0.50
numapu_33: posts big blind $1
IREQO: sits out 
*** HOLE CARDS ***
MaikonAll: raises $1.30 to $2.30
MAO_DZEDYN_S: raises $5.10 to $7.40
nikalas22: folds 
numapu_33: folds 
MaikonAll: folds 
Uncalled bet ($5.10) returned to MAO_DZEDYN_S
MAO_DZEDYN_S collected $6.10 from pot
MAO_DZEDYN_S: doesn't show hand 
*** SUMMARY ***
Total pot $6.10 | Rake $0 
Seat 4: Gogotii
Seat 5: IREQO
Seat 1: nikalas22 (small blind) folded before Flop
Seat 2: numapu_33 (big blind) folded before Flop
Seat 3: MaikonAll folded before Flop
Seat 6: MAO_DZEDYN_S (button) collected ($6.10)



PokerStars Hand #254373601793:  Hold'em No Limit ($0.50/$1.00 USD) - 2025/01/14 22:07:37 WET [2025/01/14 17:07:37 ET]
Table 'Irmgard III' 6-max Seat #1 is the button
Seat 4: Gogotii ($0 in chips) is sitting out
Seat 5: IREQO ($100 in chips) is sitting out
Seat 1: nikalas22 ($100 in chips) 
Seat 2: numapu_33 ($100 in chips) 
Seat 3: MaikonAll ($137.26 in chips) 
Seat 6: MAO_DZEDYN_S ($103.80 in chips) 
numapu_33: posts small blind $0.50
MaikonAll: posts big blind $1
IREQO: sits out 
*** HOLE CARDS ***
MAO_DZEDYN_S: raises $1.25 to $2.25
nikalas22: folds 
numapu_33: folds 
MaikonAll: raises $9.75 to $12
MAO_DZEDYN_S: folds 
Uncalled bet ($9.75) returned to MaikonAll
MaikonAll collected $5 from pot
MaikonAll: doesn't show hand 
*** SUMMARY ***
Total pot $5 | Rake $0 
Seat 4: Gogotii
Seat 5: IREQO
Seat 1: nikalas22 (button) folded before Flop (didn't bet)
Seat 2: numapu_33 (small blind) folded before Flop
Seat 3: MaikonAll (big blind) collected ($5)
Seat 6: MAO_DZEDYN_S folded before Flop



PokerStars Hand #254373614626:  Hold'em No Limit ($0.50/$1.00 USD) - 2025/01/14 22:08:19 WET [2025/01/14 17:08:19 ET]
Table 'Irmgard III' 6-max Seat #2 is the button
Seat 4: Gogotii ($0 in chips) is sitting out
Seat 1: nikalas22 ($100 in chips) 
Seat 2: numapu_33 ($100 in chips) 
Seat 3: MaikonAll ($140.01 in chips) 
Seat 5: IREQO ($100 in chips) 
Seat 6: MAO_DZEDYN_S ($101.55 in chips) 
MaikonAll: posts small blind $0.50
IREQO: posts big blind $1
*** HOLE CARDS ***
MAO_DZEDYN_S: folds 
nikalas22: folds 
MAO_DZEDYN_S leaves the table
numapu_33: raises $1.50 to $2.50
MaikonAll: folds 
franbasualdo10 joins the table at seat #6 
franbasualdo10 is disconnected 
IREQO: folds 
Uncalled bet ($1.50) returned to numapu_33
numapu_33 collected $2.50 from pot
numapu_33: doesn't show hand 
*** SUMMARY ***
Total pot $2.50 | Rake $0 
Seat 4: Gogotii
Seat 1: nikalas22 folded before Flop (didn't bet)
Seat 2: numapu_33 (button) collected ($2.50)
Seat 3: MaikonAll (small blind) folded before Flop
Seat 5: IREQO (big blind) folded before Flop
Seat 6: MAO_DZEDYN_S folded before Flop (didn't bet)



PokerStars Hand #254373620460:  Hold'em No Limit ($0.50/$1.00 USD) - 2025/01/14 22:08:38 WET [2025/01/14 17:08:38 ET]
Table 'Irmgard III' 6-max Seat #3 is the button
Seat 4: Gogotii ($15.68 in chips) is sitting out
Seat 1: nikalas22 ($100 in chips) 
Seat 2: numapu_33 ($101.50 in chips) 
Seat 3: MaikonAll ($139.51 in chips) 
Seat 5: IREQO ($100 in chips) 
Seat 6: franbasualdo10 ($15.02 in chips) 
IREQO: posts small blind $0.50
franbasualdo10: posts big blind $1
*** HOLE CARDS ***
nikalas22: folds 
numapu_33: raises $1.50 to $2.50
MaikonAll: folds 
IREQO: folds 
franbasualdo10: folds 
Uncalled bet ($1.50) returned to numapu_33
numapu_33 collected $2.50 from pot
numapu_33: doesn't show hand 
*** SUMMARY ***
Total pot $2.50 | Rake $0 
Seat 4: Gogotii
Seat 1: nikalas22 folded before Flop (didn't bet)
Seat 2: numapu_33 collected ($2.50)
Seat 3: MaikonAll (button) folded before Flop (didn't bet)
Seat 5: IREQO (small blind) folded before Flop
Seat 6: franbasualdo10 (big blind) folded before Flop



PokerStars Hand #254373624448:  Hold'em No Limit ($0.50/$1.00 USD) - 2025/01/14 22:08:51 WET [2025/01/14 17:08:51 ET]
Table 'Irmgard III' 6-max Seat #5 is the button
Seat 1: nikalas22 ($100 in chips) 
Seat 2: numapu_33 ($103 in chips) 
Seat 3: MaikonAll ($139.51 in chips) 
Seat 4: Gogotii ($15.68 in chips) 
Seat 5: IREQO ($100 in chips) 
Seat 6: franbasualdo10 ($14.02 in chips) 
franbasualdo10: posts small blind $0.50
nikalas22: posts big blind $1
Gogotii: posts small & big blinds $1.50
*** HOLE CARDS ***
numapu_33: folds 
MaikonAll: raises $2 to $3
Gogotii: calls $2
IREQO: folds 
franbasualdo10: raises $5 to $8
nikalas22: folds 
MaikonAll: folds 
Gogotii: folds 
Uncalled bet ($5) returned to franbasualdo10
franbasualdo10 collected $10.50 from pot
*** SUMMARY ***
Total pot $10.50 | Rake $0 
Seat 1: nikalas22 (big blind) folded before Flop
Seat 2: numapu_33 folded before Flop (didn't bet)
Seat 3: MaikonAll folded before Flop
Seat 4: Gogotii folded before Flop
Seat 5: IREQO (button) folded before Flop (didn't bet)
Seat 6: franbasualdo10 (small blind) collected ($10.50)



PokerStars Hand #254373634645:  Hold'em No Limit ($0.50/$1.00 USD) - 2025/01/14 22:09:24 WET [2025/01/14 17:09:24 ET]
Table 'Irmgard III' 6-max Seat #6 is the button
Seat 1: nikalas22 ($100 in chips) 
Seat 2: numapu_33 ($103 in chips) 
Seat 3: MaikonAll ($136.51 in chips) 
Seat 4: Gogotii ($12.18 in chips) 
Seat 5: IREQO ($100 in chips) 
Seat 6: franbasualdo10 ($21.52 in chips) 
nikalas22: posts small blind $0.50
numapu_33: posts big blind $1
*** HOLE CARDS ***
MaikonAll: raises $1.30 to $2.30
Gogotii: raises $6.10 to $8.40
IREQO: folds 
franbasualdo10: folds 
nikalas22: folds 
numapu_33: folds 
MaikonAll: raises $6.10 to $14.50
Gogotii: calls $3.78 and is all-in
Uncalled bet ($2.32) returned to MaikonAll
*** FLOP *** [3d 5d Tc]
*** TURN *** [3d 5d Tc] [4h]
*** RIVER *** [3d 5d Tc 4h] [Qc]
*** SHOW DOWN ***
MaikonAll: shows [Ac Ts] (a pair of Tens)
Gogotii: shows [Ad Jd] (high card Ace)
MaikonAll collected $24.57 from pot
*** SUMMARY ***
Total pot $25.86 | Rake $1.29 
Board [3d 5d Tc 4h Qc]
Seat 1: nikalas22 (small blind) folded before Flop
Seat 2: numapu_33 (big blind) folded before Flop
Seat 3: MaikonAll showed [Ac Ts] and won ($24.57) with a pair of Tens
Seat 4: Gogotii showed [Ad Jd] and lost with high card Ace
Seat 5: IREQO folded before Flop (didn't bet)
Seat 6: franbasualdo10 (button) folded before Flop (didn't bet)



PokerStars Hand #254373647183:  Hold'em No Limit ($0.50/$1.00 USD) - 2025/01/14 22:10:05 WET [2025/01/14 17:10:05 ET]
Table 'Irmgard III' 6-max Seat #1 is the button
Seat 4: Gogotii ($0 in chips) is sitting out
Seat 1: nikalas22 ($100 in chips) 
Seat 2: numapu_33 ($102 in chips) 
Seat 3: MaikonAll ($148.90 in chips) 
Seat 5: IREQO ($100 in chips) 
Seat 6: franbasualdo10 ($21.52 in chips) 
numapu_33: posts small blind $0.50
MaikonAll: posts big blind $1
*** HOLE CARDS ***
IREQO has timed out
IREQO: folds 
franbasualdo10: raises $1 to $2
nikalas22: folds 
numapu_33: folds 
MaikonAll: calls $1
*** FLOP *** [5c As Kd]
MaikonAll: checks 
franbasualdo10: bets $2
MaikonAll: calls $2
*** TURN *** [5c As Kd] [9h]
MaikonAll: checks 
franbasualdo10: bets $1
MaikonAll: calls $1
*** RIVER *** [5c As Kd 9h] [Qc]
MaikonAll: checks 
franbasualdo10: checks 
*** SHOW DOWN ***
MaikonAll: shows [Qh Jh] (a pair of Queens)
franbasualdo10: shows [Kc Js] (a pair of Kings)
franbasualdo10 collected $9.98 from pot
*** SUMMARY ***
Total pot $10.50 | Rake $0.52 
Board [5c As Kd 9h Qc]
Seat 4: Gogotii
Seat 1: nikalas22 (button) folded before Flop (didn't bet)
Seat 2: numapu_33 (small blind) folded before Flop
Seat 3: MaikonAll (big blind) showed [Qh Jh] and lost with a pair of Queens
Seat 5: IREQO folded before Flop (didn't bet)
Seat 6: franbasualdo10 showed [Kc Js] and won ($9.98) with a pair of Kings



PokerStars Hand #254373668020:  Hold'em No Limit ($0.50/$1.00 USD) - 2025/01/14 22:11:12 WET [2025/01/14 17:11:12 ET]
Table 'Irmgard III' 6-max Seat #2 is the button
Seat 4: Gogotii ($0 in chips) is sitting out
Seat 1: nikalas22 ($100 in chips) 
Seat 2: numapu_33 ($101.50 in chips) 
Seat 3: MaikonAll ($143.90 in chips) 
Seat 5: IREQO ($100 in chips) 
Seat 6: franbasualdo10 ($26.50 in chips) 
MaikonAll: posts small blind $0.50
IREQO: posts big blind $1
*** HOLE CARDS ***
franbasualdo10: raises $1 to $2
nikalas22: folds 
numapu_33: folds 
MaikonAll: folds 
IREQO: folds 
Uncalled bet ($1) returned to franbasualdo10
franbasualdo10 collected $2.50 from pot
*** SUMMARY ***
Total pot $2.50 | Rake $0 
Seat 4: Gogotii
Seat 1: nikalas22 folded before Flop (didn't bet)
Seat 2: numapu_33 (button) folded before Flop (didn't bet)
Seat 3: MaikonAll (small blind) folded before Flop
Seat 5: IREQO (big blind) folded before Flop
Seat 6: franbasualdo10 collected ($2.50)



PokerStars Hand #254373673484:  Hold'em No Limit ($0.50/$1.00 USD) - 2025/01/14 22:11:30 WET [2025/01/14 17:11:30 ET]
Table 'Irmgard III' 6-max Seat #3 is the button
Seat 4: Gogotii ($0 in chips) is sitting out
Seat 1: nikalas22 ($100 in chips) 
Seat 2: numapu_33 ($101.50 in chips) 
Seat 3: MaikonAll ($143.40 in chips) 
Seat 5: IREQO ($100 in chips) 
Seat 6: franbasualdo10 ($28 in chips) 
IREQO: posts small blind $0.50
franbasualdo10: posts big blind $1
*** HOLE CARDS ***
nikalas22: folds 
numapu_33: raises $1.50 to $2.50
MaikonAll: folds 
IREQO: folds 
franbasualdo10: calls $1.50
*** FLOP *** [Ks As Ad]
franbasualdo10: checks 
numapu_33: bets $1.57
franbasualdo10: calls $1.57
*** TURN *** [Ks As Ad] [4d]
franbasualdo10: checks 
numapu_33: checks 
*** RIVER *** [Ks As Ad 4d] [9d]
franbasualdo10: bets $3
numapu_33: folds 
Uncalled bet ($3) returned to franbasualdo10
franbasualdo10 collected $8.21 from pot
*** SUMMARY ***
Total pot $8.64 | Rake $0.43 
Board [Ks As Ad 4d 9d]
Seat 4: Gogotii
Seat 1: nikalas22 folded before Flop (didn't bet)
Seat 2: numapu_33 folded on the River
Seat 3: MaikonAll (button) folded before Flop (didn't bet)
Seat 5: IREQO (small blind) folded before Flop
Seat 6: franbasualdo10 (big blind) collected ($8.21)



PokerStars Hand #254373692187:  Hold'em No Limit ($0.50/$1.00 USD) - 2025/01/14 22:12:31 WET [2025/01/14 17:12:31 ET]
Table 'Irmgard III' 6-max Seat #5 is the button
Seat 1: nikalas22 ($100 in chips) 
Seat 2: numapu_33 ($100 in chips) 
Seat 3: MaikonAll ($143.40 in chips) 
Seat 4: Gogotii ($10.03 in chips) 
Seat 5: IREQO ($100 in chips) 
Seat 6: franbasualdo10 ($32.14 in chips) 
franbasualdo10: posts small blind $0.50
nikalas22: posts big blind $1
Gogotii: posts small & big blinds $1.50
*** HOLE CARDS ***
numapu_33: folds 
MaikonAll: folds 
Gogotii: checks 
IREQO: folds 
franbasualdo10: folds 
nikalas22: checks 
*** FLOP *** [9c 7h 2s]
nikalas22: checks 
Gogotii: checks 
*** TURN *** [9c 7h 2s] [3h]
nikalas22: checks 
Gogotii: bets $3
nikalas22: folds 
Uncalled bet ($3) returned to Gogotii
Gogotii collected $2.85 from pot
*** SUMMARY ***
Total pot $3 | Rake $0.15 
Board [9c 7h 2s 3h]
Seat 1: nikalas22 (big blind) folded on the Turn
Seat 2: numapu_33 folded before Flop (didn't bet)
Seat 3: MaikonAll folded before Flop (didn't bet)
Seat 4: Gogotii collected ($2.85)
Seat 5: IREQO (button) folded before Flop (didn't bet)
Seat 6: franbasualdo10 (small blind) folded before Flop



PokerStars Hand #254373709908:  Hold'em No Limit ($0.50/$1.00 USD) - 2025/01/14 22:13:29 WET [2025/01/14 17:13:29 ET]
Table 'Irmgard III' 6-max Seat #6 is the button
Seat 1: nikalas22 ($100 in chips) 
Seat 2: numapu_33 ($100 in chips) 
Seat 3: MaikonAll ($143.40 in chips) 
Seat 4: Gogotii ($11.38 in chips) 
Seat 5: IREQO ($100 in chips) 
Seat 6: franbasualdo10 ($31.64 in chips) 
nikalas22: posts small blind $0.50
numapu_33: posts big blind $1
*** HOLE CARDS ***
MaikonAll: folds 
Gogotii: folds 
IREQO: folds 
franbasualdo10: folds 
nikalas22: raises $2 to $3
numapu_33: calls $2
*** FLOP *** [5c Ah 4c]
nikalas22: checks 
numapu_33: checks 
*** TURN *** [5c Ah 4c] [4d]
nikalas22: checks 
numapu_33: checks 
*** RIVER *** [5c Ah 4c 4d] [7c]
nikalas22: bets $4.28
numapu_33: folds 
Uncalled bet ($4.28) returned to nikalas22
nikalas22 collected $5.70 from pot
nikalas22: doesn't show hand 
*** SUMMARY ***
Total pot $6 | Rake $0.30 
Board [5c Ah 4c 4d 7c]
Seat 1: nikalas22 (small blind) collected ($5.70)
Seat 2: numapu_33 (big blind) folded on the River
Seat 3: MaikonAll folded before Flop (didn't bet)
Seat 4: Gogotii folded before Flop (didn't bet)
Seat 5: IREQO folded before Flop (didn't bet)
Seat 6: franbasualdo10 (button) folded before Flop (didn't bet)



PokerStars Hand #254373739542:  Hold'em No Limit ($0.50/$1.00 USD) - 2025/01/14 22:15:07 WET [2025/01/14 17:15:07 ET]
Table 'Irmgard III' 6-max Seat #1 is the button
Seat 1: nikalas22 ($102.70 in chips) 
Seat 2: numapu_33 ($100 in chips) 
Seat 3: MaikonAll ($143.40 in chips) 
Seat 4: Gogotii ($11.38 in chips) 
Seat 5: IREQO ($100 in chips) 
Seat 6: franbasualdo10 ($31.64 in chips) 
numapu_33: posts small blind $0.50
MaikonAll: posts big blind $1
*** HOLE CARDS ***
Gogotii: raises $1 to $2
IREQO: folds 
franbasualdo10: folds 
nikalas22: folds 
numapu_33: folds 
MaikonAll: calls $1
*** FLOP *** [6h Qd Ad]
MaikonAll: checks 
Gogotii: bets $1
MaikonAll: calls $1
*** TURN *** [6h Qd Ad] [5s]
MaikonAll: checks 
Gogotii: checks 
*** RIVER *** [6h Qd Ad 5s] [7d]
MaikonAll: bets $9.27
Gogotii: folds 
Uncalled bet ($9.27) returned to MaikonAll
MaikonAll collected $6.18 from pot
MaikonAll: doesn't show hand 
*** SUMMARY ***
Total pot $6.50 | Rake $0.32 
Board [6h Qd Ad 5s 7d]
Seat 1: nikalas22 (button) folded before Flop (didn't bet)
Seat 2: numapu_33 (small blind) folded before Flop
Seat 3: MaikonAll (big blind) collected ($6.18)
Seat 4: Gogotii folded on the River
Seat 5: IREQO folded before Flop (didn't bet)
Seat 6: franbasualdo10 folded before Flop (didn't bet)



PokerStars Hand #254373761493:  Hold'em No Limit ($0.50/$1.00 USD) - 2025/01/14 22:16:18 WET [2025/01/14 17:16:18 ET]
Table 'Irmgard III' 6-max Seat #2 is the button
Seat 1: nikalas22 ($102.70 in chips) 
Seat 2: numapu_33 ($100 in chips) 
Seat 3: MaikonAll ($146.58 in chips) 
Seat 4: Gogotii ($8.38 in chips) 
Seat 5: IREQO ($100 in chips) 
Seat 6: franbasualdo10 ($31.64 in chips) 
MaikonAll: posts small blind $0.50
Gogotii: posts big blind $1
*** HOLE CARDS ***
IREQO has timed out
IREQO: folds 
franbasualdo10: folds 
nikalas22: raises $1.50 to $2.50
numapu_33: raises $5 to $7.50
MaikonAll: folds 
Gogotii: folds 
nikalas22: folds 
Uncalled bet ($5) returned to numapu_33
numapu_33 collected $6.50 from pot
numapu_33: doesn't show hand 
*** SUMMARY ***
Total pot $6.50 | Rake $0 
Seat 1: nikalas22 folded before Flop
Seat 2: numapu_33 (button) collected ($6.50)
Seat 3: MaikonAll (small blind) folded before Flop
Seat 4: Gogotii (big blind) folded before Flop
Seat 5: IREQO folded before Flop (didn't bet)
Seat 6: franbasualdo10 folded before Flop (didn't bet)



PokerStars Hand #254373774130:  Hold'em No Limit ($0.50/$1.00 USD) - 2025/01/14 22:17:00 WET [2025/01/14 17:17:00 ET]
Table 'Irmgard III' 6-max Seat #3 is the button
Seat 1: nikalas22 ($100.20 in chips) 
Seat 2: numapu_33 ($104 in chips) 
Seat 3: MaikonAll ($146.08 in chips) 
Seat 4: Gogotii ($7.38 in chips) 
Seat 5: IREQO ($100 in chips) 
Seat 6: franbasualdo10 ($31.64 in chips) 
Gogotii: posts small blind $0.50
IREQO: posts big blind $1
*** HOLE CARDS ***
franbasualdo10: folds 
nikalas22: folds 
numapu_33: folds 
MaikonAll: folds 
Gogotii: folds 
Uncalled bet ($0.50) returned to IREQO
IREQO collected $1 from pot
IREQO: doesn't show hand 
*** SUMMARY ***
Total pot $1 | Rake $0 
Seat 1: nikalas22 folded before Flop (didn't bet)
Seat 2: numapu_33 folded before Flop (didn't bet)
Seat 3: MaikonAll (button) folded before Flop (didn't bet)
Seat 4: Gogotii (small blind) folded before Flop
Seat 5: IREQO (big blind) collected ($1)
Seat 6: franbasualdo10 folded before Flop (didn't bet)



PokerStars Hand #254373781815:  Hold'em No Limit ($0.50/$1.00 USD) - 2025/01/14 22:17:25 WET [2025/01/14 17:17:25 ET]
Table 'Irmgard III' 6-max Seat #4 is the button
Seat 1: nikalas22 ($100.20 in chips) 
Seat 2: numapu_33 ($104 in chips) 
Seat 3: MaikonAll ($146.08 in chips) 
Seat 4: Gogotii ($6.88 in chips) 
Seat 5: IREQO ($100.50 in chips) 
Seat 6: franbasualdo10 ($31.64 in chips) 
IREQO: posts small blind $0.50
franbasualdo10: posts big blind $1
*** HOLE CARDS ***
nikalas22: folds 
numapu_33: folds 
MaikonAll: raises $1.30 to $2.30
Gogotii: folds 
IREQO: calls $1.80
franbasualdo10: calls $1.30
*** FLOP *** [4h 7d Ts]
IREQO: checks 
franbasualdo10: checks 
MaikonAll: checks 
*** TURN *** [4h 7d Ts] [8s]
IREQO: checks 
franbasualdo10: checks 
MaikonAll: bets $4.92
IREQO: folds 
franbasualdo10: folds 
Uncalled bet ($4.92) returned to MaikonAll
MaikonAll collected $6.56 from pot
MaikonAll: doesn't show hand 
*** SUMMARY ***
Total pot $6.90 | Rake $0.34 
Board [4h 7d Ts 8s]
Seat 1: nikalas22 folded before Flop (didn't bet)
Seat 2: numapu_33 folded before Flop (didn't bet)
Seat 3: MaikonAll collected ($6.56)
Seat 4: Gogotii (button) folded before Flop (didn't bet)
Seat 5: IREQO (small blind) folded on the Turn
Seat 6: franbasualdo10 (big blind) folded on the Turn



PokerStars Hand #254373806602:  Hold'em No Limit ($0.50/$1.00 USD) - 2025/01/14 22:18:47 WET [2025/01/14 17:18:47 ET]
Table 'Irmgard III' 6-max Seat #5 is the button
Seat 1: nikalas22 ($100.20 in chips) 
Seat 2: numapu_33 ($104 in chips) 
Seat 3: MaikonAll ($150.34 in chips) 
Seat 4: Gogotii ($6.88 in chips) 
Seat 5: IREQO ($100 in chips) 
Seat 6: franbasualdo10 ($29.34 in chips) 
franbasualdo10: posts small blind $0.50
nikalas22: posts big blind $1
*** HOLE CARDS ***
numapu_33: folds 
MaikonAll: folds 
Gogotii: folds 
IREQO: folds 
franbasualdo10: raises $2 to $3
nikalas22: calls $2
*** FLOP *** [3d Qs 4d]
franbasualdo10: checks 
nikalas22: checks 
*** TURN *** [3d Qs 4d] [6s]
franbasualdo10: bets $1
nikalas22: folds 
Uncalled bet ($1) returned to franbasualdo10
franbasualdo10 collected $5.70 from pot
*** SUMMARY ***
Total pot $6 | Rake $0.30 
Board [3d Qs 4d 6s]
Seat 1: nikalas22 (big blind) folded on the Turn
Seat 2: numapu_33 folded before Flop (didn't bet)
Seat 3: MaikonAll folded before Flop (didn't bet)
Seat 4: Gogotii folded before Flop (didn't bet)
Seat 5: IREQO (button) folded before Flop (didn't bet)
Seat 6: franbasualdo10 (small blind) collected ($5.70)



PokerStars Hand #254373821054:  Hold'em No Limit ($0.50/$1.00 USD) - 2025/01/14 22:19:34 WET [2025/01/14 17:19:34 ET]
Table 'Irmgard III' 6-max Seat #6 is the button
Seat 1: nikalas22 ($100 in chips) 
Seat 2: numapu_33 ($104 in chips) 
Seat 3: MaikonAll ($150.34 in chips) 
Seat 4: Gogotii ($6.88 in chips) 
Seat 5: IREQO ($100 in chips) 
Seat 6: franbasualdo10 ($32.04 in chips) 
nikalas22: posts small blind $0.50
numapu_33: posts big blind $1
*** HOLE CARDS ***
MaikonAll: folds 
Gogotii: folds 
IREQO: raises $1.50 to $2.50
franbasualdo10: folds 
nikalas22: folds 
numapu_33: folds 
Uncalled bet ($1.50) returned to IREQO
IREQO collected $2.50 from pot
IREQO: doesn't show hand 
*** SUMMARY ***
Total pot $2.50 | Rake $0 
Seat 1: nikalas22 (small blind) folded before Flop
Seat 2: numapu_33 (big blind) folded before Flop
Seat 3: MaikonAll folded before Flop (didn't bet)
Seat 4: Gogotii folded before Flop (didn't bet)
Seat 5: IREQO collected ($2.50)
Seat 6: franbasualdo10 (button) folded before Flop (didn't bet)



PokerStars Hand #254373828347:  Hold'em No Limit ($0.50/$1.00 USD) - 2025/01/14 22:19:58 WET [2025/01/14 17:19:58 ET]
Table 'Irmgard III' 6-max Seat #1 is the button
Seat 1: nikalas22 ($100 in chips) 
Seat 2: numapu_33 ($103 in chips) 
Seat 3: MaikonAll ($150.34 in chips) 
Seat 4: Gogotii ($6.88 in chips) 
Seat 5: IREQO ($101.50 in chips) 
Seat 6: franbasualdo10 ($32.04 in chips) 
numapu_33: posts small blind $0.50
MaikonAll: posts big blind $1
*** HOLE CARDS ***
Gogotii: folds 
IREQO: folds 
franbasualdo10: raises $2 to $3
nikalas22: folds 
numapu_33: folds 
MaikonAll: folds 
Uncalled bet ($2) returned to franbasualdo10
franbasualdo10 collected $2.50 from pot
*** SUMMARY ***
Total pot $2.50 | Rake $0 
Seat 1: nikalas22 (button) folded before Flop (didn't bet)
Seat 2: numapu_33 (small blind) folded before Flop
Seat 3: MaikonAll (big blind) folded before Flop
Seat 4: Gogotii folded before Flop (didn't bet)
Seat 5: IREQO folded before Flop (didn't bet)
Seat 6: franbasualdo10 collected ($2.50)



PokerStars Hand #254373836041:  Hold'em No Limit ($0.50/$1.00 USD) - 2025/01/14 22:20:24 WET [2025/01/14 17:20:24 ET]
Table 'Irmgard III' 6-max Seat #2 is the button
Seat 1: nikalas22 ($100 in chips) 
Seat 2: numapu_33 ($102.50 in chips) 
Seat 3: MaikonAll ($149.34 in chips) 
Seat 4: Gogotii ($6.88 in chips) 
Seat 5: IREQO ($101.50 in chips) 
Seat 6: franbasualdo10 ($33.54 in chips) 
MaikonAll: posts small blind $0.50
Gogotii: posts big blind $1
*** HOLE CARDS ***
IREQO: folds 
franbasualdo10: folds 
nikalas22: folds 
numapu_33: folds 
MaikonAll: raises $10 to $11
Gogotii: calls $5.88 and is all-in
Uncalled bet ($4.12) returned to MaikonAll
*** FLOP *** [3d 6c 4s]
*** TURN *** [3d 6c 4s] [5c]
*** RIVER *** [3d 6c 4s 5c] [Jc]
*** SHOW DOWN ***
MaikonAll: shows [7d Js] (a straight, Three to Seven)
Gogotii: shows [8h Ks] (high card King)
MaikonAll collected $13.07 from pot
*** SUMMARY ***
Total pot $13.76 | Rake $0.69 
Board [3d 6c 4s 5c Jc]
Seat 1: nikalas22 folded before Flop (didn't bet)
Seat 2: numapu_33 (button) folded before Flop (didn't bet)
Seat 3: MaikonAll (small blind) showed [7d Js] and won ($13.07) with a straight, Three to Seven
Seat 4: Gogotii (big blind) showed [8h Ks] and lost with high card King
Seat 5: IREQO folded before Flop (didn't bet)
Seat 6: franbasualdo10 folded before Flop (didn't bet)



PokerStars Hand #254373847606:  Hold'em No Limit ($0.50/$1.00 USD) - 2025/01/14 22:21:03 WET [2025/01/14 17:21:03 ET]
Table 'Irmgard III' 6-max Seat #3 is the button
Seat 4: Gogotii ($0 in chips) is sitting out
Seat 1: nikalas22 ($100 in chips) 
Seat 2: numapu_33 ($102.50 in chips) 
Seat 3: MaikonAll ($155.53 in chips) 
Seat 5: IREQO ($101.50 in chips) 
Seat 6: franbasualdo10 ($33.54 in chips) 
IREQO: posts small blind $0.50
franbasualdo10: posts big blind $1
*** HOLE CARDS ***
nikalas22: folds 
numapu_33: raises $1.50 to $2.50
MaikonAll: folds 
IREQO: folds 
franbasualdo10: calls $1.50
*** FLOP *** [Tc Ad 5c]
franbasualdo10: checks 
numapu_33: bets $1.57
franbasualdo10: calls $1.57
*** TURN *** [Tc Ad 5c] [2s]
franbasualdo10: checks 
numapu_33: bets $10.67
franbasualdo10: folds 
Uncalled bet ($10.67) returned to numapu_33
numapu_33 collected $8.21 from pot
numapu_33: doesn't show hand 
*** SUMMARY ***
Total pot $8.64 | Rake $0.43 
Board [Tc Ad 5c 2s]
Seat 4: Gogotii
Seat 1: nikalas22 folded before Flop (didn't bet)
Seat 2: numapu_33 collected ($8.21)
Seat 3: MaikonAll (button) folded before Flop (didn't bet)
Seat 5: IREQO (small blind) folded before Flop
Seat 6: franbasualdo10 (big blind) folded on the Turn



PokerStars Hand #254373865000:  Hold'em No Limit ($0.50/$1.00 USD) - 2025/01/14 22:22:00 WET [2025/01/14 17:22:00 ET]
Table 'Irmgard III' 6-max Seat #5 is the button
Seat 4: Gogotii ($0 in chips) is sitting out
Seat 1: nikalas22 ($100 in chips) 
Seat 2: numapu_33 ($106.64 in chips) 
Seat 3: MaikonAll ($155.53 in chips) 
Seat 5: IREQO ($101 in chips) 
Seat 6: franbasualdo10 ($29.47 in chips) 
franbasualdo10: posts small blind $0.50
nikalas22: posts big blind $1
*** HOLE CARDS ***
numapu_33: folds 
MaikonAll: folds 
IREQO: raises $1.50 to $2.50
franbasualdo10: calls $2
nikalas22: folds 
*** FLOP *** [8h Td Jd]
franbasualdo10: bets $2
IREQO: calls $2
*** TURN *** [8h Td Jd] [6c]
franbasualdo10: bets $5
IREQO: calls $5
*** RIVER *** [8h Td Jd 6c] [4h]
franbasualdo10: checks 
IREQO: checks 
*** SHOW DOWN ***
franbasualdo10: shows [Ad Kc] (high card Ace)
IREQO: shows [6d Kd] (a pair of Sixes)
IREQO collected $19 from pot
*** SUMMARY ***
Total pot $20 | Rake $1 
Board [8h Td Jd 6c 4h]
Seat 4: Gogotii
Seat 1: nikalas22 (big blind) folded before Flop
Seat 2: numapu_33 folded before Flop (didn't bet)
Seat 3: MaikonAll folded before Flop (didn't bet)
Seat 5: IREQO (button) showed [6d Kd] and won ($19) with a pair of Sixes
Seat 6: franbasualdo10 (small blind) showed [Ad Kc] and lost with high card Ace



PokerStars Hand #254373891942:  Hold'em No Limit ($0.50/$1.00 USD) - 2025/01/14 22:23:31 WET [2025/01/14 17:23:31 ET]
Table 'Irmgard III' 6-max Seat #6 is the button
Seat 4: Gogotii ($0 in chips) is sitting out
Seat 1: nikalas22 ($100 in chips) 
Seat 2: numapu_33 ($106.64 in chips) 
Seat 3: MaikonAll ($155.53 in chips) 
Seat 5: IREQO ($110.50 in chips) 
Seat 6: franbasualdo10 ($19.97 in chips) 
nikalas22: posts small blind $0.50
numapu_33: posts big blind $1
*** HOLE CARDS ***
MaikonAll: folds 
IREQO: folds 
franbasualdo10: folds 
nikalas22: raises $2 to $3
numapu_33: folds 
Uncalled bet ($2) returned to nikalas22
nikalas22 collected $2 from pot
nikalas22: doesn't show hand 
*** SUMMARY ***
Total pot $2 | Rake $0 
Seat 4: Gogotii
Seat 1: nikalas22 (small blind) collected ($2)
Seat 2: numapu_33 (big blind) folded before Flop
Seat 3: MaikonAll folded before Flop (didn't bet)
Seat 5: IREQO folded before Flop (didn't bet)
Seat 6: franbasualdo10 (button) folded before Flop (didn't bet)



PokerStars Hand #254373899419:  Hold'em No Limit ($0.50/$1.00 USD) - 2025/01/14 22:23:56 WET [2025/01/14 17:23:56 ET]
Table 'Irmgard III' 6-max Seat #1 is the button
Seat 4: Gogotii ($0 in chips) is sitting out
Seat 1: nikalas22 ($101 in chips) 
Seat 2: numapu_33 ($105.64 in chips) 
Seat 3: MaikonAll ($155.53 in chips) 
Seat 5: IREQO ($110.50 in chips) 
Seat 6: franbasualdo10 ($19.97 in chips) 
numapu_33: posts small blind $0.50
MaikonAll: posts big blind $1
*** HOLE CARDS ***
IREQO: folds 
franbasualdo10: folds 
nikalas22: folds 
numapu_33: folds 
Uncalled bet ($0.50) returned to MaikonAll
MaikonAll collected $1 from pot
MaikonAll: doesn't show hand 
*** SUMMARY ***
Total pot $1 | Rake $0 
Seat 4: Gogotii
Seat 1: nikalas22 (button) folded before Flop (didn't bet)
Seat 2: numapu_33 (small blind) folded before Flop
Seat 3: MaikonAll (big blind) collected ($1)
Seat 5: IREQO folded before Flop (didn't bet)
Seat 6: franbasualdo10 folded before Flop (didn't bet)



PokerStars Hand #254373906685:  Hold'em No Limit ($0.50/$1.00 USD) - 2025/01/14 22:24:20 WET [2025/01/14 17:24:20 ET]
Table 'Irmgard III' 6-max Seat #2 is the button
Seat 4: Gogotii ($0 in chips) is sitting out
Seat 1: nikalas22 ($101 in chips) 
Seat 2: numapu_33 ($105.14 in chips) 
Seat 3: MaikonAll ($156.03 in chips) 
Seat 5: IREQO ($110.50 in chips) 
Seat 6: franbasualdo10 ($19.97 in chips) 
MaikonAll: posts small blind $0.50
IREQO: posts big blind $1
*** HOLE CARDS ***
franbasualdo10: raises $1 to $2
nikalas22: folds 
numapu_33: folds 
MaikonAll: folds 
IREQO: folds 
Uncalled bet ($1) returned to franbasualdo10
franbasualdo10 collected $2.50 from pot
*** SUMMARY ***
Total pot $2.50 | Rake $0 
Seat 4: Gogotii
Seat 1: nikalas22 folded before Flop (didn't bet)
Seat 2: numapu_33 (button) folded before Flop (didn't bet)
Seat 3: MaikonAll (small blind) folded before Flop
Seat 5: IREQO (big blind) folded before Flop
Seat 6: franbasualdo10 collected ($2.50)



PokerStars Hand #254373911889:  Hold'em No Limit ($0.50/$1.00 USD) - 2025/01/14 22:24:38 WET [2025/01/14 17:24:38 ET]
Table 'Irmgard III' 6-max Seat #3 is the button
Seat 4: Gogotii ($0 in chips) is sitting out
Seat 1: nikalas22 ($101 in chips) 
Seat 2: numapu_33 ($105.14 in chips) 
Seat 3: MaikonAll ($155.53 in chips) 
Seat 5: IREQO ($109.50 in chips) 
Seat 6: franbasualdo10 ($21.47 in chips) 
IREQO: posts small blind $0.50
franbasualdo10: posts big blind $1
*** HOLE CARDS ***
nikalas22: folds 
numapu_33: raises $1.50 to $2.50
MaikonAll: raises $5.50 to $8
IREQO: folds 
franbasualdo10: folds 
numapu_33: raises $14 to $22
MaikonAll: folds 
Uncalled bet ($14) returned to numapu_33
numapu_33 collected $17.50 from pot
numapu_33: doesn't show hand 
*** SUMMARY ***
Total pot $17.50 | Rake $0 
Seat 4: Gogotii
Seat 1: nikalas22 folded before Flop (didn't bet)
Seat 2: numapu_33 collected ($17.50)
Seat 3: MaikonAll (button) folded before Flop
Seat 5: IREQO (small blind) folded before Flop
Seat 6: franbasualdo10 (big blind) folded before Flop



PokerStars Hand #254373921606:  Hold'em No Limit ($0.50/$1.00 USD) - 2025/01/14 22:25:10 WET [2025/01/14 17:25:10 ET]
Table 'Irmgard III' 6-max Seat #5 is the button
Seat 4: Gogotii ($0 in chips) is sitting out
Seat 1: nikalas22 ($101 in chips) 
Seat 2: numapu_33 ($114.64 in chips) 
Seat 3: MaikonAll ($147.53 in chips) 
Seat 5: IREQO ($109 in chips) 
Seat 6: franbasualdo10 ($20.47 in chips) 
franbasualdo10: posts small blind $0.50
nikalas22: posts big blind $1
*** HOLE CARDS ***
numapu_33: folds 
MaikonAll: folds 
IREQO: folds 
franbasualdo10: raises $1 to $2
nikalas22: calls $1
*** FLOP *** [As 7h 3d]
franbasualdo10: bets $2
nikalas22: raises $3.90 to $5.90
franbasualdo10: calls $3.90
*** TURN *** [As 7h 3d] [Th]
franbasualdo10: checks 
nikalas22: checks 
*** RIVER *** [As 7h 3d Th] [4h]
franbasualdo10: bets $2
nikalas22: calls $2
*** SHOW DOWN ***
franbasualdo10: shows [Ah Ks] (a pair of Aces)
nikalas22: mucks hand 
franbasualdo10 collected $18.81 from pot
*** SUMMARY ***
Total pot $19.80 | Rake $0.99 
Board [As 7h 3d Th 4h]
Seat 4: Gogotii
Seat 1: nikalas22 (big blind) mucked
Seat 2: numapu_33 folded before Flop (didn't bet)
Seat 3: MaikonAll folded before Flop (didn't bet)
Seat 5: IREQO (button) folded before Flop (didn't bet)
Seat 6: franbasualdo10 (small blind) showed [Ah Ks] and won ($18.81) with a pair of Aces



