PokerStars Hand #254515327267:  Hold'em No Limit ($0.50/$1.00 USD) - 2025/01/23 16:06:37 WET [2025/01/23 11:06:37 ET]
Table 'Orchis III' 6-max Seat #1 is the button
Seat 1: Pippa83 ($100 in chips) 
Seat 3: gohome78 ($10 in chips) 
Pippa83: posts small blind $0.50
gohome78: posts big blind $1
*** HOLE CARDS ***
Pippa83: folds 
Uncalled bet ($0.50) returned to gohome78
gohome78 collected $1 from pot
*** SUMMARY ***
Total pot $1 | Rake $0 
Seat 1: Pippa83 (button) (small blind) folded before Flop
Seat 3: gohome78 (big blind) collected ($1)



PokerStars Hand #254515328746:  Hold'em No Limit ($0.50/$1.00 USD) - 2025/01/23 16:06:45 WET [2025/01/23 11:06:45 ET]
Table 'Orchis III' 6-max Seat #3 is the button
Seat 1: Pippa83 ($100 in chips) 
Seat 3: gohome78 ($10.50 in chips) 
gohome78: posts small blind $0.50
Pippa83: posts big blind $1
*** HOLE CARDS ***
gohome78: folds 
Uncalled bet ($0.50) returned to Pippa83
Pippa83 collected $1 from pot
Pippa83: doesn't show hand 
*** SUMMARY ***
Total pot $1 | Rake $0 
Seat 1: Pippa83 (big blind) collected ($1)
Seat 3: gohome78 (button) (small blind) folded before Flop



PokerStars Hand #254515329702:  Hold'em No Limit ($0.50/$1.00 USD) - 2025/01/23 16:06:49 WET [2025/01/23 11:06:49 ET]
Table 'Orchis III' 6-max Seat #1 is the button
Seat 1: Pippa83 ($100.50 in chips) 
Seat 3: gohome78 ($10 in chips) 
Pippa83: posts small blind $0.50
gohome78: posts big blind $1
*** HOLE CARDS ***
Pippa83: folds 
Uncalled bet ($0.50) returned to gohome78
gohome78 collected $1 from pot
*** SUMMARY ***
Total pot $1 | Rake $0 
Seat 1: Pippa83 (button) (small blind) folded before Flop
Seat 3: gohome78 (big blind) collected ($1)



PokerStars Hand #254515330796:  Hold'em No Limit ($0.50/$1.00 USD) - 2025/01/23 16:06:55 WET [2025/01/23 11:06:55 ET]
Table 'Orchis III' 6-max Seat #3 is the button
Seat 1: Pippa83 ($100 in chips) 
Seat 3: gohome78 ($10.50 in chips) 
gohome78: posts small blind $0.50
Pippa83: posts big blind $1
*** HOLE CARDS ***
gohome78: calls $0.50
Pippa83: checks 
*** FLOP *** [Ad Kd 4s]
Pippa83: checks 
gohome78: checks 
*** TURN *** [Ad Kd 4s] [4h]
Pippa83: checks 
gohome78: checks 
*** RIVER *** [Ad Kd 4s 4h] [Ac]
Pippa83: checks 
gohome78: checks 
*** SHOW DOWN ***
Pippa83: shows [3d 9s] (two pair, Aces and Fours)
gohome78: shows [9c 6c] (two pair, Aces and Fours)
Pippa83 collected $0.95 from pot
gohome78 collected $0.95 from pot
*** SUMMARY ***
Total pot $2 | Rake $0.10 
Board [Ad Kd 4s 4h Ac]
Seat 1: Pippa83 (big blind) showed [3d 9s] and won ($0.95) with two pair, Aces and Fours
Seat 3: gohome78 (button) (small blind) showed [9c 6c] and won ($0.95) with two pair, Aces and Fours



PokerStars Hand #254515334928:  Hold'em No Limit ($0.50/$1.00 USD) - 2025/01/23 16:07:18 WET [2025/01/23 11:07:18 ET]
Table 'Orchis III' 6-max Seat #1 is the button
Seat 1: Pippa83 ($100 in chips) 
Seat 3: gohome78 ($10.45 in chips) 
Pippa83: posts small blind $0.50
gohome78: posts big blind $1
*** HOLE CARDS ***
Pippa83: raises $1.50 to $2.50
gohome78: folds 
Uncalled bet ($1.50) returned to Pippa83
Pippa83 collected $2 from pot
Pippa83: doesn't show hand 
*** SUMMARY ***
Total pot $2 | Rake $0 
Seat 1: Pippa83 (button) (small blind) collected ($2)
Seat 3: gohome78 (big blind) folded before Flop



PokerStars Hand #254515337786:  Hold'em No Limit ($0.50/$1.00 USD) - 2025/01/23 16:07:32 WET [2025/01/23 11:07:32 ET]
Table 'Orchis III' 6-max Seat #3 is the button
Seat 1: Pippa83 ($101 in chips) 
Seat 3: gohome78 ($9.45 in chips) 
gohome78: posts small blind $0.50
Pippa83: posts big blind $1
*** HOLE CARDS ***
gohome78: calls $0.50
Pippa83: checks 
*** FLOP *** [7d 9h 2d]
Pippa83: checks 
gohome78: bets $1
Pippa83: folds 
Uncalled bet ($1) returned to gohome78
gohome78 collected $1.90 from pot
*** SUMMARY ***
Total pot $2 | Rake $0.10 
Board [7d 9h 2d]
Seat 1: Pippa83 (big blind) folded on the Flop
Seat 3: gohome78 (button) (small blind) collected ($1.90)



PokerStars Hand #254515340259:  Hold'em No Limit ($0.50/$1.00 USD) - 2025/01/23 16:07:46 WET [2025/01/23 11:07:46 ET]
Table 'Orchis III' 6-max Seat #1 is the button
Seat 1: Pippa83 ($100 in chips) 
Seat 3: gohome78 ($10.35 in chips) 
Pippa83: posts small blind $0.50
gohome78: posts big blind $1
*** HOLE CARDS ***
Pippa83: raises $1.50 to $2.50
gohome78: folds 
Uncalled bet ($1.50) returned to Pippa83
Pippa83 collected $2 from pot
Pippa83: doesn't show hand 
*** SUMMARY ***
Total pot $2 | Rake $0 
Seat 1: Pippa83 (button) (small blind) collected ($2)
Seat 3: gohome78 (big blind) folded before Flop



PokerStars Hand #254515342166:  Hold'em No Limit ($0.50/$1.00 USD) - 2025/01/23 16:07:56 WET [2025/01/23 11:07:56 ET]
Table 'Orchis III' 6-max Seat #3 is the button
Seat 1: Pippa83 ($101 in chips) 
Seat 3: gohome78 ($9.35 in chips) 
gohome78: posts small blind $0.50
Pippa83: posts big blind $1
*** HOLE CARDS ***
gohome78: folds 
Uncalled bet ($0.50) returned to Pippa83
Pippa83 collected $1 from pot
Pippa83: doesn't show hand 
*** SUMMARY ***
Total pot $1 | Rake $0 
Seat 1: Pippa83 (big blind) collected ($1)
Seat 3: gohome78 (button) (small blind) folded before Flop



PokerStars Hand #254515343059:  Hold'em No Limit ($0.50/$1.00 USD) - 2025/01/23 16:08:01 WET [2025/01/23 11:08:01 ET]
Table 'Orchis III' 6-max Seat #1 is the button
Seat 1: Pippa83 ($101.50 in chips) 
Seat 3: gohome78 ($8.85 in chips) 
Pippa83: posts small blind $0.50
gohome78: posts big blind $1
*** HOLE CARDS ***
Pippa83: raises $1.50 to $2.50
gohome78: folds 
Uncalled bet ($1.50) returned to Pippa83
Pippa83 collected $2 from pot
Pippa83: doesn't show hand 
*** SUMMARY ***
Total pot $2 | Rake $0 
Seat 1: Pippa83 (button) (small blind) collected ($2)
Seat 3: gohome78 (big blind) folded before Flop



PokerStars Hand #254515344827:  Hold'em No Limit ($0.50/$1.00 USD) - 2025/01/23 16:08:10 WET [2025/01/23 11:08:10 ET]
Table 'Orchis III' 6-max Seat #3 is the button
Seat 1: Pippa83 ($102.50 in chips) 
Seat 3: gohome78 ($7.85 in chips) 
gohome78: posts small blind $0.50
Pippa83: posts big blind $1
*** HOLE CARDS ***
gohome78: raises $6.85 to $7.85 and is all-in
Pippa83: calls $6.85
*** FLOP *** [8c 7c Td]
Arnautovi656 joins the table at seat #4 
Arnautovi656 is disconnected 
*** TURN *** [8c 7c Td] [5h]
*** RIVER *** [8c 7c Td 5h] [7h]
*** SHOW DOWN ***
Pippa83: shows [Kc Th] (two pair, Tens and Sevens)
gohome78: shows [3s Ac] (a pair of Sevens)
Pippa83 collected $14.92 from pot
MAO_DZEDYN_S joins the table at seat #5 
gohome78 cashed out the hand for $8.41 | Cash Out Fee $0.17
*** SUMMARY ***
Total pot $15.70 | Rake $0.78 
Board [8c 7c Td 5h 7h]
Seat 1: Pippa83 (big blind) showed [Kc Th] and won ($14.92) with two pair, Tens and Sevens
Seat 3: gohome78 (button) (small blind) showed [3s Ac] and lost with a pair of Sevens (cashed out).



PokerStars Hand #254515348109:  Hold'em No Limit ($0.50/$1.00 USD) - 2025/01/23 16:08:27 WET [2025/01/23 11:08:27 ET]
Table 'Orchis III' 6-max Seat #1 is the button
Seat 5: MAO_DZEDYN_S ($100 in chips) is sitting out
Seat 1: Pippa83 ($109.57 in chips) 
Seat 3: gohome78 ($8.41 in chips) 
Seat 4: Arnautovi656 ($10 in chips) 
gohome78: posts small blind $0.50
Arnautovi656: posts big blind $1
MAO_DZEDYN_S: sits out 
*** HOLE CARDS ***
Dearic99 joins the table at seat #6 
Pippa83: raises $1.50 to $2.50
gohome78: raises $5.91 to $8.41 and is all-in
3EPH joins the table at seat #2 
Arnautovi656: folds 
Pippa83: calls $5.91
*** FLOP *** [Qd 4s Ac]
*** TURN *** [Qd 4s Ac] [Jd]
*** RIVER *** [Qd 4s Ac Jd] [Jh]
*** SHOW DOWN ***
gohome78: shows [5c 5h] (two pair, Jacks and Fives)
Pippa83: shows [Qs Ts] (two pair, Queens and Jacks)
Pippa83 collected $16.93 from pot
gohome78 cashed out the hand for $8.07 | Cash Out Fee $0.16
*** SUMMARY ***
Total pot $17.82 | Rake $0.89 
Board [Qd 4s Ac Jd Jh]
Seat 5: MAO_DZEDYN_S
Seat 1: Pippa83 (button) showed [Qs Ts] and won ($16.93) with two pair, Queens and Jacks
Seat 3: gohome78 (small blind) showed [5c 5h] and lost with two pair, Jacks and Fives (cashed out).
Seat 4: Arnautovi656 (big blind) folded before Flop



PokerStars Hand #254515352566:  Hold'em No Limit ($0.50/$1.00 USD) - 2025/01/23 16:08:51 WET [2025/01/23 11:08:51 ET]
Table 'Orchis III' 6-max Seat #3 is the button
Seat 2: 3EPH ($100 in chips) is sitting out
Seat 6: Dearic99 ($100 in chips) is sitting out
Seat 1: Pippa83 ($118.09 in chips) 
Seat 3: gohome78 ($8.07 in chips) 
Seat 4: Arnautovi656 ($9 in chips) 
Seat 5: MAO_DZEDYN_S ($100 in chips) 
Arnautovi656: posts small blind $0.50
MAO_DZEDYN_S: posts big blind $1
Dearic99: sits out 
3EPH: sits out 
*** HOLE CARDS ***
Pippa83: folds 
gohome78: folds 
Arnautovi656: calls $0.50
MAO_DZEDYN_S: checks 
*** FLOP *** [Jh Qs Qd]
Arnautovi656: checks 
MAO_DZEDYN_S: checks 
*** TURN *** [Jh Qs Qd] [2c]
Arnautovi656: bets $1
MAO_DZEDYN_S: folds 
Uncalled bet ($1) returned to Arnautovi656
Arnautovi656 collected $1.90 from pot
*** SUMMARY ***
Total pot $2 | Rake $0.10 
Board [Jh Qs Qd 2c]
Seat 2: 3EPH
Seat 6: Dearic99
Seat 1: Pippa83 folded before Flop (didn't bet)
Seat 3: gohome78 (button) folded before Flop (didn't bet)
Seat 4: Arnautovi656 (small blind) collected ($1.90)
Seat 5: MAO_DZEDYN_S (big blind) folded on the Turn



PokerStars Hand #254515357966:  Hold'em No Limit ($0.50/$1.00 USD) - 2025/01/23 16:09:20 WET [2025/01/23 11:09:20 ET]
Table 'Orchis III' 6-max Seat #4 is the button
Seat 2: 3EPH ($100 in chips) is sitting out
Seat 1: Pippa83 ($118.09 in chips) 
Seat 3: gohome78 ($8.07 in chips) 
Seat 4: Arnautovi656 ($9.90 in chips) 
Seat 5: MAO_DZEDYN_S ($100 in chips) 
Seat 6: Dearic99 ($100 in chips) 
MAO_DZEDYN_S: posts small blind $0.50
Dearic99: posts big blind $1
3EPH: sits out 
*** HOLE CARDS ***
Pippa83: folds 
gohome78: folds 
Arnautovi656: calls $1
MAO_DZEDYN_S: raises $3 to $4
Dearic99: calls $3
Arnautovi656: folds 
*** FLOP *** [8h Jc Kh]
MAO_DZEDYN_S: bets $6.41
Dearic99: folds 
Uncalled bet ($6.41) returned to MAO_DZEDYN_S
MAO_DZEDYN_S collected $8.55 from pot
MAO_DZEDYN_S: doesn't show hand 
*** SUMMARY ***
Total pot $9 | Rake $0.45 
Board [8h Jc Kh]
Seat 2: 3EPH
Seat 1: Pippa83 folded before Flop (didn't bet)
Seat 3: gohome78 folded before Flop (didn't bet)
Seat 4: Arnautovi656 (button) folded before Flop
Seat 5: MAO_DZEDYN_S (small blind) collected ($8.55)
Seat 6: Dearic99 (big blind) folded on the Flop



PokerStars Hand #254515371113:  Hold'em No Limit ($0.50/$1.00 USD) - 2025/01/23 16:10:29 WET [2025/01/23 11:10:29 ET]
Table 'Orchis III' 6-max Seat #5 is the button
Seat 2: 3EPH ($100 in chips) is sitting out
Seat 1: Pippa83 ($118.09 in chips) 
Seat 3: gohome78 ($8.07 in chips) 
Seat 4: Arnautovi656 ($8.90 in chips) 
Seat 5: MAO_DZEDYN_S ($104.55 in chips) 
Seat 6: Dearic99 ($100 in chips) 
Dearic99: posts small blind $0.50
Pippa83: posts big blind $1
3EPH: sits out 
*** HOLE CARDS ***
gohome78: folds 
Arnautovi656: folds 
MAO_DZEDYN_S: folds 
Dearic99: raises $2 to $3
Pippa83: calls $2
*** FLOP *** [2d Ad 8c]
Dearic99: bets $2.85
Pippa83: folds 
Uncalled bet ($2.85) returned to Dearic99
Dearic99 collected $5.70 from pot
Dearic99: doesn't show hand 
*** SUMMARY ***
Total pot $6 | Rake $0.30 
Board [2d Ad 8c]
Seat 2: 3EPH
Seat 1: Pippa83 (big blind) folded on the Flop
Seat 3: gohome78 folded before Flop (didn't bet)
Seat 4: Arnautovi656 folded before Flop (didn't bet)
Seat 5: MAO_DZEDYN_S (button) folded before Flop (didn't bet)
Seat 6: Dearic99 (small blind) collected ($5.70)



PokerStars Hand #254515378002:  Hold'em No Limit ($0.50/$1.00 USD) - 2025/01/23 16:11:05 WET [2025/01/23 11:11:05 ET]
Table 'Orchis III' 6-max Seat #6 is the button
Seat 1: Pippa83 ($115.09 in chips) 
Seat 2: 3EPH ($100 in chips) 
Seat 3: gohome78 ($8.07 in chips) 
Seat 4: Arnautovi656 ($8.90 in chips) 
Seat 5: MAO_DZEDYN_S ($104.55 in chips) 
Seat 6: Dearic99 ($102.70 in chips) 
Pippa83: posts small blind $0.50
3EPH: posts big blind $1
*** HOLE CARDS ***
gohome78: folds 
Arnautovi656: folds 
MAO_DZEDYN_S has timed out
MAO_DZEDYN_S: folds 
Dearic99: raises $1 to $2
Pippa83: folds 
3EPH: calls $1
*** FLOP *** [2h 7h Ts]
3EPH: checks 
Dearic99: bets $2.14
3EPH: calls $2.14
*** TURN *** [2h 7h Ts] [6h]
3EPH: checks 
Dearic99: bets $5.50
3EPH: calls $5.50
*** RIVER *** [2h 7h Ts 6h] [Ks]
3EPH: checks 
Dearic99: bets $9.40
3EPH: raises $37.60 to $47
Dearic99: folds 
Uncalled bet ($37.60) returned to 3EPH
3EPH collected $36.65 from pot
3EPH: doesn't show hand 
*** SUMMARY ***
Total pot $38.58 | Rake $1.93 
Board [2h 7h Ts 6h Ks]
Seat 1: Pippa83 (small blind) folded before Flop
Seat 2: 3EPH (big blind) collected ($36.65)
Seat 3: gohome78 folded before Flop (didn't bet)
Seat 4: Arnautovi656 folded before Flop (didn't bet)
Seat 5: MAO_DZEDYN_S folded before Flop (didn't bet)
Seat 6: Dearic99 (button) folded on the River



PokerStars Hand #254515400842:  Hold'em No Limit ($0.50/$1.00 USD) - 2025/01/23 16:13:05 WET [2025/01/23 11:13:05 ET]
Table 'Orchis III' 6-max Seat #1 is the button
Seat 1: Pippa83 ($114.59 in chips) 
Seat 2: 3EPH ($117.61 in chips) 
Seat 3: gohome78 ($8.07 in chips) 
Seat 4: Arnautovi656 ($8.90 in chips) 
Seat 5: MAO_DZEDYN_S ($104.55 in chips) 
Seat 6: Dearic99 ($100 in chips) 
3EPH: posts small blind $0.50
gohome78: posts big blind $1
*** HOLE CARDS ***
Arnautovi656: raises $3 to $4
MAO_DZEDYN_S: folds 
Dearic99: folds 
Pippa83: folds 
3EPH: raises $8 to $12
gohome78: folds 
Arnautovi656: calls $4.90 and is all-in
Uncalled bet ($3.10) returned to 3EPH
*** FLOP *** [3d Tc 2s]
*** TURN *** [3d Tc 2s] [5h]
*** RIVER *** [3d Tc 2s 5h] [9h]
*** SHOW DOWN ***
3EPH: shows [Kd Ad] (high card Ace)
Arnautovi656: shows [Qc Kc] (high card King)
3EPH collected $17.86 from pot
*** SUMMARY ***
Total pot $18.80 | Rake $0.94 
Board [3d Tc 2s 5h 9h]
Seat 1: Pippa83 (button) folded before Flop (didn't bet)
Seat 2: 3EPH (small blind) showed [Kd Ad] and won ($17.86) with high card Ace
Seat 3: gohome78 (big blind) folded before Flop
Seat 4: Arnautovi656 showed [Qc Kc] and lost with high card King
Seat 5: MAO_DZEDYN_S folded before Flop (didn't bet)
Seat 6: Dearic99 folded before Flop (didn't bet)



PokerStars Hand #254515406652:  Hold'em No Limit ($0.50/$1.00 USD) - 2025/01/23 16:13:35 WET [2025/01/23 11:13:35 ET]
Table 'Orchis III' 6-max Seat #2 is the button
Seat 4: Arnautovi656 ($0 in chips) is sitting out
Seat 5: MAO_DZEDYN_S ($104.55 in chips) is sitting out
Seat 1: Pippa83 ($114.59 in chips) 
Seat 2: 3EPH ($126.57 in chips) 
Seat 3: gohome78 ($7.07 in chips) 
Seat 6: Dearic99 ($100 in chips) 
gohome78: posts small blind $0.50
MAO_DZEDYN_S: is sitting out 
Dearic99: posts big blind $1
*** HOLE CARDS ***
Pippa83: folds 
3EPH: folds 
gohome78: raises $6.07 to $7.07 and is all-in
MAO_DZEDYN_S leaves the table
Pippa83 leaves the table
Dearic99: calls $6.07
*** FLOP *** [4d Qh 4c]
*** TURN *** [4d Qh 4c] [8d]
*** RIVER *** [4d Qh 4c 8d] [7d]
*** SHOW DOWN ***
gohome78: shows [8s Ah] (two pair, Eights and Fours)
Dearic99: shows [9h As] (a pair of Fours)
gohome78 cashed out the hand for $4.02 | Cash Out Fee $0.08
*** SUMMARY ***
Total pot $14.14 | Rake $0.71 
Board [4d Qh 4c 8d 7d]
Seat 4: Arnautovi656
Seat 5: MAO_DZEDYN_S
Seat 1: Pippa83 folded before Flop (didn't bet)
Seat 2: 3EPH (button) folded before Flop (didn't bet)
Seat 3: gohome78 (small blind) showed [8s Ah] and won ($13.43) with two pair, Eights and Fours (pot not awarded as player cashed out)
Seat 6: Dearic99 (big blind) showed [9h As] and lost with a pair of Fours



PokerStars Hand #254515410541:  Hold'em No Limit ($0.50/$1.00 USD) - 2025/01/23 16:13:55 WET [2025/01/23 11:13:55 ET]
Table 'Orchis III' 6-max Seat #3 is the button
Seat 4: Arnautovi656 ($37.92 in chips) is sitting out
Seat 2: 3EPH ($126.57 in chips) 
Seat 3: gohome78 ($4.02 in chips) 
Seat 6: Dearic99 ($100 in chips) 
Dearic99: posts small blind $0.50
3EPH: posts big blind $1
*** HOLE CARDS ***
gohome78: folds 
Dearic99: raises $2 to $3
NoonTime1991 joins the table at seat #5 
3EPH: folds 
Uncalled bet ($2) returned to Dearic99
Dearic99 collected $2 from pot
Dearic99: doesn't show hand 
*** SUMMARY ***
Total pot $2 | Rake $0 
Seat 4: Arnautovi656
Seat 2: 3EPH (big blind) folded before Flop
Seat 3: gohome78 (button) folded before Flop (didn't bet)
Seat 6: Dearic99 (small blind) collected ($2)



PokerStars Hand #254515412757:  Hold'em No Limit ($0.50/$1.00 USD) - 2025/01/23 16:14:07 WET [2025/01/23 11:14:07 ET]
Table 'Orchis III' 6-max Seat #6 is the button
Seat 5: NoonTime1991 ($100 in chips) is sitting out
Seat 2: 3EPH ($125.57 in chips) 
Seat 3: gohome78 ($4.02 in chips) 
Seat 4: Arnautovi656 ($37.92 in chips) 
Seat 6: Dearic99 ($101 in chips) 
3EPH: posts small blind $0.50
gohome78: posts big blind $1
Arnautovi656: posts small & big blinds $1.50
NoonTime1991: sits out 
*** HOLE CARDS ***
Arnautovi656: checks 
value_ftw joins the table at seat #1 
Dearic99: folds 
3EPH: folds 
gohome78: raises $3.02 to $4.02 and is all-in
Arnautovi656: calls $3.02
*** FLOP *** [Ts Kh 4d]
*** TURN *** [Ts Kh 4d] [Jh]
*** RIVER *** [Ts Kh 4d Jh] [7s]
*** SHOW DOWN ***
gohome78: shows [8s As] (high card Ace)
Arnautovi656: shows [3d 5c] (high card King)
gohome78 cashed out the hand for $5.57 | Cash Out Fee $0.11
*** SUMMARY ***
Total pot $9.04 | Rake $0.45 
Board [Ts Kh 4d Jh 7s]
Seat 5: NoonTime1991
Seat 2: 3EPH (small blind) folded before Flop
Seat 3: gohome78 (big blind) showed [8s As] and won ($8.59) with high card Ace (pot not awarded as player cashed out)
Seat 4: Arnautovi656 showed [3d 5c] and lost with high card King
Seat 6: Dearic99 (button) folded before Flop (didn't bet)



PokerStars Hand #254515418586:  Hold'em No Limit ($0.50/$1.00 USD) - 2025/01/23 16:14:37 WET [2025/01/23 11:14:37 ET]
Table 'Orchis III' 6-max Seat #2 is the button
Seat 1: value_ftw ($100 in chips) is sitting out
Seat 5: NoonTime1991 ($100 in chips) is sitting out
Seat 2: 3EPH ($125.07 in chips) 
Seat 3: gohome78 ($5.57 in chips) 
Seat 4: Arnautovi656 ($33.40 in chips) 
Seat 6: Dearic99 ($101 in chips) 
gohome78: posts small blind $0.50
Arnautovi656: posts big blind $1
NoonTime1991: sits out 
value_ftw: sits out 
*** HOLE CARDS ***
Dearic99: raises $1.50 to $2.50
3EPH: folds 
gohome78: folds 
Arnautovi656: calls $1.50
*** FLOP *** [8c Jc 7c]
Arnautovi656: checks 
Dearic99: bets $2.61
Arnautovi656: calls $2.61
*** TURN *** [8c Jc 7c] [8s]
Arnautovi656: checks 
Dearic99: checks 
*** RIVER *** [8c Jc 7c 8s] [Ks]
Arnautovi656: checks 
Dearic99: checks 
*** SHOW DOWN ***
Arnautovi656: shows [6c 5h] (a pair of Eights)
Dearic99: shows [As Qc] (a pair of Eights - Ace kicker)
Dearic99 collected $10.18 from pot
*** SUMMARY ***
Total pot $10.72 | Rake $0.54 
Board [8c Jc 7c 8s Ks]
Seat 1: value_ftw
Seat 5: NoonTime1991
Seat 2: 3EPH (button) folded before Flop (didn't bet)
Seat 3: gohome78 (small blind) folded before Flop
Seat 4: Arnautovi656 (big blind) showed [6c 5h] and lost with a pair of Eights
Seat 6: Dearic99 showed [As Qc] and won ($10.18) with a pair of Eights



PokerStars Hand #254515426974:  Hold'em No Limit ($0.50/$1.00 USD) - 2025/01/23 16:15:20 WET [2025/01/23 11:15:20 ET]
Table 'Orchis III' 6-max Seat #3 is the button
Seat 1: value_ftw ($100 in chips) is sitting out
Seat 2: 3EPH ($125.07 in chips) 
Seat 3: gohome78 ($5.07 in chips) 
Seat 4: Arnautovi656 ($28.29 in chips) 
Seat 5: NoonTime1991 ($100 in chips) 
Seat 6: Dearic99 ($106.07 in chips) 
Arnautovi656: posts small blind $0.50
NoonTime1991: posts big blind $1
value_ftw: sits out 
*** HOLE CARDS ***
Dearic99: folds 
3EPH: folds 
gohome78: folds 
Arnautovi656: calls $0.50
NoonTime1991: checks 
*** FLOP *** [Ac 6c Qs]
Arnautovi656: bets $1
NoonTime1991: folds 
Uncalled bet ($1) returned to Arnautovi656
Arnautovi656 collected $1.90 from pot
*** SUMMARY ***
Total pot $2 | Rake $0.10 
Board [Ac 6c Qs]
Seat 1: value_ftw
Seat 2: 3EPH folded before Flop (didn't bet)
Seat 3: gohome78 (button) folded before Flop (didn't bet)
Seat 4: Arnautovi656 (small blind) collected ($1.90)
Seat 5: NoonTime1991 (big blind) folded on the Flop
Seat 6: Dearic99 folded before Flop (didn't bet)



PokerStars Hand #254515430738:  Hold'em No Limit ($0.50/$1.00 USD) - 2025/01/23 16:15:39 WET [2025/01/23 11:15:39 ET]
Table 'Orchis III' 6-max Seat #4 is the button
Seat 1: value_ftw ($100 in chips) is sitting out
Seat 2: 3EPH ($125.07 in chips) 
Seat 3: gohome78 ($5.07 in chips) 
Seat 4: Arnautovi656 ($29.19 in chips) 
Seat 5: NoonTime1991 ($100 in chips) 
Seat 6: Dearic99 ($106.07 in chips) 
NoonTime1991: posts small blind $0.50
Dearic99: posts big blind $1
value_ftw: sits out 
*** HOLE CARDS ***
3EPH: folds 
gohome78: folds 
Arnautovi656: raises $1 to $2
NoonTime1991: folds 
Dearic99: folds 
Uncalled bet ($1) returned to Arnautovi656
Arnautovi656 collected $2.50 from pot
*** SUMMARY ***
Total pot $2.50 | Rake $0 
Seat 1: value_ftw
Seat 2: 3EPH folded before Flop (didn't bet)
Seat 3: gohome78 folded before Flop (didn't bet)
Seat 4: Arnautovi656 (button) collected ($2.50)
Seat 5: NoonTime1991 (small blind) folded before Flop
Seat 6: Dearic99 (big blind) folded before Flop



PokerStars Hand #254515434172:  Hold'em No Limit ($0.50/$1.00 USD) - 2025/01/23 16:15:56 WET [2025/01/23 11:15:56 ET]
Table 'Orchis III' 6-max Seat #5 is the button
Seat 1: value_ftw ($100 in chips) 
Seat 2: 3EPH ($125.07 in chips) 
Seat 3: gohome78 ($5.07 in chips) 
Seat 4: Arnautovi656 ($30.69 in chips) 
Seat 5: NoonTime1991 ($100 in chips) 
Seat 6: Dearic99 ($105.07 in chips) 
Dearic99: posts small blind $0.50
value_ftw: posts big blind $1
*** HOLE CARDS ***
3EPH: folds 
gohome78: folds 
Arnautovi656: calls $1
NoonTime1991: raises $2.30 to $3.30
Dearic99: raises $8.60 to $11.90
value_ftw: folds 
Arnautovi656: folds 
NoonTime1991: calls $8.60
*** FLOP *** [Qd Qc 7s]
Dearic99: bets $6
NoonTime1991: folds 
Uncalled bet ($6) returned to Dearic99
Dearic99 collected $24.51 from pot
Dearic99: doesn't show hand 
*** SUMMARY ***
Total pot $25.80 | Rake $1.29 
Board [Qd Qc 7s]
Seat 1: value_ftw (big blind) folded before Flop
Seat 2: 3EPH folded before Flop (didn't bet)
Seat 3: gohome78 folded before Flop (didn't bet)
Seat 4: Arnautovi656 folded before Flop
Seat 5: NoonTime1991 (button) folded on the Flop
Seat 6: Dearic99 (small blind) collected ($24.51)



PokerStars Hand #254515444639:  Hold'em No Limit ($0.50/$1.00 USD) - 2025/01/23 16:16:50 WET [2025/01/23 11:16:50 ET]
Table 'Orchis III' 6-max Seat #6 is the button
Seat 1: value_ftw ($100 in chips) 
Seat 2: 3EPH ($125.07 in chips) 
Seat 3: gohome78 ($5.07 in chips) 
Seat 4: Arnautovi656 ($29.69 in chips) 
Seat 5: NoonTime1991 ($100 in chips) 
Seat 6: Dearic99 ($117.68 in chips) 
value_ftw: posts small blind $0.50
3EPH: posts big blind $1
*** HOLE CARDS ***
gohome78: raises $4.07 to $5.07 and is all-in
Arnautovi656: folds 
NoonTime1991: folds 
Dearic99: folds 
value_ftw: calls $4.57
3EPH: folds 
*** FLOP *** [Js 6d Ac]
*** TURN *** [Js 6d Ac] [7h]
*** RIVER *** [Js 6d Ac 7h] [Ks]
*** SHOW DOWN ***
value_ftw: shows [2h 2s] (a pair of Deuces)
gohome78: shows [9s 9d] (a pair of Nines)
gohome78 collected $10.58 from pot
*** SUMMARY ***
Total pot $11.14 | Rake $0.56 
Board [Js 6d Ac 7h Ks]
Seat 1: value_ftw (small blind) showed [2h 2s] and lost with a pair of Deuces
Seat 2: 3EPH (big blind) folded before Flop
Seat 3: gohome78 showed [9s 9d] and won ($10.58) with a pair of Nines
Seat 4: Arnautovi656 folded before Flop (didn't bet)
Seat 5: NoonTime1991 folded before Flop (didn't bet)
Seat 6: Dearic99 (button) folded before Flop (didn't bet)



PokerStars Hand #254515450648:  Hold'em No Limit ($0.50/$1.00 USD) - 2025/01/23 16:17:20 WET [2025/01/23 11:17:20 ET]
Table 'Orchis III' 6-max Seat #1 is the button
Seat 1: value_ftw ($100 in chips) 
Seat 2: 3EPH ($124.07 in chips) 
Seat 3: gohome78 ($10.58 in chips) 
Seat 4: Arnautovi656 ($29.69 in chips) 
Seat 5: NoonTime1991 ($100 in chips) 
Seat 6: Dearic99 ($117.68 in chips) 
3EPH: posts small blind $0.50
gohome78: posts big blind $1
*** HOLE CARDS ***
Arnautovi656: folds 
NoonTime1991: folds 
Dearic99: raises $1 to $2
Arnautovi656 leaves the table
value_ftw: raises $4.50 to $6.50
3EPH: folds 
gohome78: folds 
Evelexy1 joins the table at seat #4 
Dearic99: folds 
Uncalled bet ($4.50) returned to value_ftw
value_ftw collected $5.50 from pot
value_ftw: doesn't show hand 
*** SUMMARY ***
Total pot $5.50 | Rake $0 
Seat 1: value_ftw (button) collected ($5.50)
Seat 2: 3EPH (small blind) folded before Flop
Seat 3: gohome78 (big blind) folded before Flop
Seat 4: Arnautovi656 folded before Flop (didn't bet)
Seat 5: NoonTime1991 folded before Flop (didn't bet)
Seat 6: Dearic99 folded before Flop



PokerStars Hand #254515455712:  Hold'em No Limit ($0.50/$1.00 USD) - 2025/01/23 16:17:46 WET [2025/01/23 11:17:46 ET]
Table 'Orchis III' 6-max Seat #2 is the button
Seat 1: value_ftw ($103.50 in chips) 
Seat 2: 3EPH ($123.57 in chips) 
Seat 3: gohome78 ($9.58 in chips) 
Seat 4: Evelexy1 ($100 in chips) 
Seat 5: NoonTime1991 ($100 in chips) 
Seat 6: Dearic99 ($115.68 in chips) 
gohome78: posts small blind $0.50
Evelexy1: posts big blind $1
*** HOLE CARDS ***
NoonTime1991: folds 
Dearic99: folds 
value_ftw: folds 
3EPH: folds 
gohome78: folds 
Uncalled bet ($0.50) returned to Evelexy1
Evelexy1 collected $1 from pot
Evelexy1: doesn't show hand 
*** SUMMARY ***
Total pot $1 | Rake $0 
Seat 1: value_ftw folded before Flop (didn't bet)
Seat 2: 3EPH (button) folded before Flop (didn't bet)
Seat 3: gohome78 (small blind) folded before Flop
Seat 4: Evelexy1 (big blind) collected ($1)
Seat 5: NoonTime1991 folded before Flop (didn't bet)
Seat 6: Dearic99 folded before Flop (didn't bet)



PokerStars Hand #254515459453:  Hold'em No Limit ($0.50/$1.00 USD) - 2025/01/23 16:18:05 WET [2025/01/23 11:18:05 ET]
Table 'Orchis III' 6-max Seat #3 is the button
Seat 1: value_ftw ($103.50 in chips) 
Seat 2: 3EPH ($123.57 in chips) 
Seat 3: gohome78 ($9.08 in chips) 
Seat 4: Evelexy1 ($100.50 in chips) 
Seat 5: NoonTime1991 ($100 in chips) 
Seat 6: Dearic99 ($115.68 in chips) 
Evelexy1: posts small blind $0.50
NoonTime1991: posts big blind $1
*** HOLE CARDS ***
Dearic99: folds 
value_ftw: folds 
3EPH: folds 
gohome78: folds 
Evelexy1: folds 
Uncalled bet ($0.50) returned to NoonTime1991
NoonTime1991 collected $1 from pot
NoonTime1991: doesn't show hand 
*** SUMMARY ***
Total pot $1 | Rake $0 
Seat 1: value_ftw folded before Flop (didn't bet)
Seat 2: 3EPH folded before Flop (didn't bet)
Seat 3: gohome78 (button) folded before Flop (didn't bet)
Seat 4: Evelexy1 (small blind) folded before Flop
Seat 5: NoonTime1991 (big blind) collected ($1)
Seat 6: Dearic99 folded before Flop (didn't bet)



PokerStars Hand #254515461778:  Hold'em No Limit ($0.50/$1.00 USD) - 2025/01/23 16:18:17 WET [2025/01/23 11:18:17 ET]
Table 'Orchis III' 6-max Seat #4 is the button
Seat 1: value_ftw ($103.50 in chips) 
Seat 2: 3EPH ($123.57 in chips) 
Seat 3: gohome78 ($9.08 in chips) 
Seat 4: Evelexy1 ($100 in chips) 
Seat 5: NoonTime1991 ($100.50 in chips) 
Seat 6: Dearic99 ($115.68 in chips) 
NoonTime1991: posts small blind $0.50
Dearic99: posts big blind $1
*** HOLE CARDS ***
value_ftw: raises $1.20 to $2.20
3EPH: folds 
gohome78: folds 
Evelexy1: folds 
NoonTime1991: folds 
Dearic99: folds 
Uncalled bet ($1.20) returned to value_ftw
value_ftw collected $2.50 from pot
value_ftw: doesn't show hand 
*** SUMMARY ***
Total pot $2.50 | Rake $0 
Seat 1: value_ftw collected ($2.50)
Seat 2: 3EPH folded before Flop (didn't bet)
Seat 3: gohome78 folded before Flop (didn't bet)
Seat 4: Evelexy1 (button) folded before Flop (didn't bet)
Seat 5: NoonTime1991 (small blind) folded before Flop
Seat 6: Dearic99 (big blind) folded before Flop



PokerStars Hand #254515465079:  Hold'em No Limit ($0.50/$1.00 USD) - 2025/01/23 16:18:34 WET [2025/01/23 11:18:34 ET]
Table 'Orchis III' 6-max Seat #5 is the button
Seat 1: value_ftw ($105 in chips) is sitting out
Seat 2: 3EPH ($123.57 in chips) 
Seat 3: gohome78 ($9.08 in chips) 
Seat 4: Evelexy1 ($100 in chips) 
Seat 5: NoonTime1991 ($100 in chips) 
Seat 6: Dearic99 ($114.68 in chips) 
Dearic99: posts small blind $0.50
value_ftw: is sitting out 
3EPH: posts big blind $1
*** HOLE CARDS ***
value_ftw leaves the table
gohome78: folds 
Evelexy1: folds 
NoonTime1991: raises $2 to $3
Dearic99: raises $8.50 to $11.50
3EPH: folds 
NoonTime1991: raises $88.50 to $100 and is all-in
Dearic99: folds 
Uncalled bet ($88.50) returned to NoonTime1991
NoonTime1991 collected $24 from pot
NoonTime1991: doesn't show hand 
*** SUMMARY ***
Total pot $24 | Rake $0 
Seat 1: value_ftw
Seat 2: 3EPH (big blind) folded before Flop
Seat 3: gohome78 folded before Flop (didn't bet)
Seat 4: Evelexy1 folded before Flop (didn't bet)
Seat 5: NoonTime1991 (button) collected ($24)
Seat 6: Dearic99 (small blind) folded before Flop



PokerStars Hand #254515471552:  Hold'em No Limit ($0.50/$1.00 USD) - 2025/01/23 16:19:08 WET [2025/01/23 11:19:08 ET]
Table 'Orchis III' 6-max Seat #6 is the button
Seat 2: 3EPH ($122.57 in chips) 
Seat 3: gohome78 ($9.08 in chips) 
Seat 4: Evelexy1 ($100 in chips) 
Seat 5: NoonTime1991 ($112.50 in chips) 
Seat 6: Dearic99 ($103.18 in chips) 
3EPH: posts small blind $0.50
gohome78: posts big blind $1
*** HOLE CARDS ***
Evelexy1: folds 
NoonTime1991: folds 
Dearic99: folds 
3EPH: raises $2 to $3
gohome78: raises $6.08 to $9.08 and is all-in
3EPH: calls $6.08
*** FLOP *** [Ts As Kd]
*** TURN *** [Ts As Kd] [6h]
*** RIVER *** [Ts As Kd 6h] [8d]
*** SHOW DOWN ***
3EPH: shows [Ks Tc] (two pair, Kings and Tens)
gohome78: shows [Qc Ad] (a pair of Aces)
3EPH collected $17.25 from pot
gohome78 cashed out the hand for $10.59 | Cash Out Fee $0.22
*** SUMMARY ***
Total pot $18.16 | Rake $0.91 
Board [Ts As Kd 6h 8d]
Seat 2: 3EPH (small blind) showed [Ks Tc] and won ($17.25) with two pair, Kings and Tens
Seat 3: gohome78 (big blind) showed [Qc Ad] and lost with a pair of Aces (cashed out).
Seat 4: Evelexy1 folded before Flop (didn't bet)
Seat 5: NoonTime1991 folded before Flop (didn't bet)
Seat 6: Dearic99 (button) folded before Flop (didn't bet)



PokerStars Hand #254515479368:  Hold'em No Limit ($0.50/$1.00 USD) - 2025/01/23 16:19:49 WET [2025/01/23 11:19:49 ET]
Table 'Orchis III' 6-max Seat #2 is the button
Seat 2: 3EPH ($130.74 in chips) 
Seat 3: gohome78 ($10.59 in chips) 
Seat 4: Evelexy1 ($100 in chips) 
Seat 5: NoonTime1991 ($112.50 in chips) 
Seat 6: Dearic99 ($103.18 in chips) 
gohome78: posts small blind $0.50
Evelexy1: posts big blind $1
*** HOLE CARDS ***
NoonTime1991: raises $1 to $2
Dearic99: calls $2
3EPH: folds 
gohome78: folds 
Evelexy1: calls $1
*** FLOP *** [Kd 8d 6s]
Evelexy1: checks 
NoonTime1991: checks 
Dearic99: checks 
*** TURN *** [Kd 8d 6s] [Jc]
Evelexy1: checks 
NoonTime1991: checks 
Dearic99: checks 
*** RIVER *** [Kd 8d 6s Jc] [5s]
Evelexy1: checks 
NoonTime1991: checks 
Dearic99: checks 
*** SHOW DOWN ***
Evelexy1: shows [Tc Qs] (high card King)
NoonTime1991: shows [4d 4c] (a pair of Fours)
Dearic99: shows [4s 4h] (a pair of Fours)
NoonTime1991 collected $3.09 from pot
Dearic99 collected $3.09 from pot
*** SUMMARY ***
Total pot $6.50 | Rake $0.32 
Board [Kd 8d 6s Jc 5s]
Seat 2: 3EPH (button) folded before Flop (didn't bet)
Seat 3: gohome78 (small blind) folded before Flop
Seat 4: Evelexy1 (big blind) showed [Tc Qs] and lost with high card King
Seat 5: NoonTime1991 showed [4d 4c] and won ($3.09) with a pair of Fours
Seat 6: Dearic99 showed [4s 4h] and won ($3.09) with a pair of Fours



PokerStars Hand #254515488097:  Hold'em No Limit ($0.50/$1.00 USD) - 2025/01/23 16:20:34 WET [2025/01/23 11:20:34 ET]
Table 'Orchis III' 6-max Seat #4 is the button
Seat 2: 3EPH ($130.74 in chips) is sitting out
Seat 5: NoonTime1991 ($113.59 in chips) is sitting out
Seat 6: Dearic99 ($104.27 in chips) is sitting out
Seat 3: gohome78 ($10.09 in chips) 
Seat 4: Evelexy1 ($100 in chips) 
Evelexy1: posts small blind $0.50
NoonTime1991: is sitting out 
Dearic99: is sitting out 
3EPH: is sitting out 
Dearic99 leaves the table
gohome78: posts big blind $1
*** HOLE CARDS ***
Evelexy1: raises $1 to $2
gohome78: folds 
Uncalled bet ($1) returned to Evelexy1
3EPH leaves the table
Evelexy1 collected $2 from pot
Evelexy1: doesn't show hand 
*** SUMMARY ***
Total pot $2 | Rake $0 
Seat 2: 3EPH
Seat 5: NoonTime1991
Seat 6: Dearic99
Seat 3: gohome78 (big blind) folded before Flop
Seat 4: Evelexy1 (button) (small blind) collected ($2)



PokerStars Hand #254515489597:  Hold'em No Limit ($0.50/$1.00 USD) - 2025/01/23 16:20:42 WET [2025/01/23 11:20:42 ET]
Table 'Orchis III' 6-max Seat #3 is the button
Seat 5: NoonTime1991 ($113.59 in chips) is sitting out
Seat 3: gohome78 ($9.09 in chips) 
Seat 4: Evelexy1 ($101 in chips) 
gohome78: posts small blind $0.50
Evelexy1: posts big blind $1
*** HOLE CARDS ***
gohome78: raises $8.09 to $9.09 and is all-in
Evelexy1: folds 
Uncalled bet ($8.09) returned to gohome78
gohome78 collected $2 from pot
*** SUMMARY ***
Total pot $2 | Rake $0 
Seat 5: NoonTime1991
Seat 3: gohome78 (button) (small blind) collected ($2)
Seat 4: Evelexy1 (big blind) folded before Flop



PokerStars Hand #254515491050:  Hold'em No Limit ($0.50/$1.00 USD) - 2025/01/23 16:20:50 WET [2025/01/23 11:20:50 ET]
Table 'Orchis III' 6-max Seat #4 is the button
Seat 5: NoonTime1991 ($113.59 in chips) is sitting out
Seat 3: gohome78 ($10.09 in chips) 
Seat 4: Evelexy1 ($100 in chips) 
Evelexy1: posts small blind $0.50
gohome78: posts big blind $1
*** HOLE CARDS ***
Evelexy1: raises $1 to $2
gohome78: calls $1
*** FLOP *** [6s 2d 9h]
gohome78: checks 
Evelexy1: checks 
*** TURN *** [6s 2d 9h] [Qh]
gohome78: checks 
Evelexy1: bets $2.85
gohome78: folds 
Uncalled bet ($2.85) returned to Evelexy1
Evelexy1 collected $3.80 from pot
Evelexy1: doesn't show hand 
NoonTime1991 leaves the table
*** SUMMARY ***
Total pot $4 | Rake $0.20 
Board [6s 2d 9h Qh]
Seat 5: NoonTime1991
Seat 3: gohome78 (big blind) folded on the Turn
Seat 4: Evelexy1 (button) (small blind) collected ($3.80)



PokerStars Hand #254515493772:  Hold'em No Limit ($0.50/$1.00 USD) - 2025/01/23 16:21:04 WET [2025/01/23 11:21:04 ET]
Table 'Orchis III' 6-max Seat #3 is the button
Seat 3: gohome78 ($8.09 in chips) 
Seat 4: Evelexy1 ($101.80 in chips) 
gohome78: posts small blind $0.50
Evelexy1: posts big blind $1
*** HOLE CARDS ***
gohome78: folds 
Uncalled bet ($0.50) returned to Evelexy1
Evelexy1 collected $1 from pot
Evelexy1: doesn't show hand 
*** SUMMARY ***
Total pot $1 | Rake $0 
Seat 3: gohome78 (button) (small blind) folded before Flop
Seat 4: Evelexy1 (big blind) collected ($1)



PokerStars Hand #254515494844:  Hold'em No Limit ($0.50/$1.00 USD) - 2025/01/23 16:21:09 WET [2025/01/23 11:21:09 ET]
Table 'Orchis III' 6-max Seat #4 is the button
Seat 3: gohome78 ($7.59 in chips) 
Seat 4: Evelexy1 ($102.30 in chips) 
Evelexy1: posts small blind $0.50
gohome78: posts big blind $1
*** HOLE CARDS ***
Evelexy1: raises $101.30 to $102.30 and is all-in
gohome78: calls $6.59 and is all-in
Uncalled bet ($94.71) returned to Evelexy1
*** FLOP *** [5s Jh 7d]
*** TURN *** [5s Jh 7d] [Ah]
*** RIVER *** [5s Jh 7d Ah] [7c]
*** SHOW DOWN ***
gohome78: shows [8h As] (two pair, Aces and Sevens)
Evelexy1: shows [4s Ac] (two pair, Aces and Sevens)
gohome78 collected $7.21 from pot
Evelexy1 collected $7.21 from pot
*** SUMMARY ***
Total pot $15.18 | Rake $0.76 
Board [5s Jh 7d Ah 7c]
Seat 3: gohome78 (big blind) showed [8h As] and won ($7.21) with two pair, Aces and Sevens
Seat 4: Evelexy1 (button) (small blind) showed [4s Ac] and won ($7.21) with two pair, Aces and Sevens



PokerStars Hand #254515497799:  Hold'em No Limit ($0.50/$1.00 USD) - 2025/01/23 16:21:24 WET [2025/01/23 11:21:24 ET]
Table 'Orchis III' 6-max Seat #3 is the button
Seat 3: gohome78 ($7.21 in chips) 
Seat 4: Evelexy1 ($101.92 in chips) 
gohome78: posts small blind $0.50
Evelexy1: posts big blind $1
*** HOLE CARDS ***
gohome78: raises $6.21 to $7.21 and is all-in
Evelexy1: folds 
Uncalled bet ($6.21) returned to gohome78
gohome78 collected $2 from pot
*** SUMMARY ***
Total pot $2 | Rake $0 
Seat 3: gohome78 (button) (small blind) collected ($2)
Seat 4: Evelexy1 (big blind) folded before Flop



PokerStars Hand #254515499148:  Hold'em No Limit ($0.50/$1.00 USD) - 2025/01/23 16:21:32 WET [2025/01/23 11:21:32 ET]
Table 'Orchis III' 6-max Seat #4 is the button
Seat 3: gohome78 ($8.21 in chips) 
Seat 4: Evelexy1 ($100.92 in chips) 
Evelexy1: posts small blind $0.50
gohome78: posts big blind $1
*** HOLE CARDS ***
Evelexy1: folds 
Uncalled bet ($0.50) returned to gohome78
gohome78 collected $1 from pot
*** SUMMARY ***
Total pot $1 | Rake $0 
Seat 3: gohome78 (big blind) collected ($1)
Seat 4: Evelexy1 (button) (small blind) folded before Flop



PokerStars Hand #254515500274:  Hold'em No Limit ($0.50/$1.00 USD) - 2025/01/23 16:21:38 WET [2025/01/23 11:21:38 ET]
Table 'Orchis III' 6-max Seat #3 is the button
Seat 3: gohome78 ($8.71 in chips) 
Seat 4: Evelexy1 ($100.42 in chips) 
gohome78: posts small blind $0.50
Evelexy1: posts big blind $1
*** HOLE CARDS ***
gohome78: folds 
Uncalled bet ($0.50) returned to Evelexy1
Evelexy1 collected $1 from pot
Evelexy1: doesn't show hand 
*** SUMMARY ***
Total pot $1 | Rake $0 
Seat 3: gohome78 (button) (small blind) folded before Flop
Seat 4: Evelexy1 (big blind) collected ($1)



PokerStars Hand #254515501236:  Hold'em No Limit ($0.50/$1.00 USD) - 2025/01/23 16:21:42 WET [2025/01/23 11:21:42 ET]
Table 'Orchis III' 6-max Seat #4 is the button
Seat 3: gohome78 ($8.21 in chips) 
Seat 4: Evelexy1 ($100.92 in chips) 
Evelexy1: posts small blind $0.50
gohome78: posts big blind $1
*** HOLE CARDS ***
Evelexy1: raises $43.50 to $44.50
gohome78: folds 
Uncalled bet ($43.50) returned to Evelexy1
Evelexy1 collected $2 from pot
Evelexy1: doesn't show hand 
*** SUMMARY ***
Total pot $2 | Rake $0 
Seat 3: gohome78 (big blind) folded before Flop
Seat 4: Evelexy1 (button) (small blind) collected ($2)



PokerStars Hand #254515502745:  Hold'em No Limit ($0.50/$1.00 USD) - 2025/01/23 16:21:50 WET [2025/01/23 11:21:50 ET]
Table 'Orchis III' 6-max Seat #3 is the button
Seat 3: gohome78 ($7.21 in chips) 
Seat 4: Evelexy1 ($101.92 in chips) 
gohome78: posts small blind $0.50
Evelexy1: posts big blind $1
*** HOLE CARDS ***
gohome78: calls $0.50
Evelexy1: checks 
*** FLOP *** [5h 3s 9c]
Evelexy1: checks 
gohome78: checks 
*** TURN *** [5h 3s 9c] [Ac]
Evelexy1: checks 
gohome78: checks 
*** RIVER *** [5h 3s 9c Ac] [Jd]
Evelexy1: checks 
gohome78: checks 
*** SHOW DOWN ***
Evelexy1: shows [3h 8h] (a pair of Threes)
gohome78: mucks hand 
Evelexy1 collected $1.90 from pot
*** SUMMARY ***
Total pot $2 | Rake $0.10 
Board [5h 3s 9c Ac Jd]
Seat 3: gohome78 (button) (small blind) mucked
Seat 4: Evelexy1 (big blind) showed [3h 8h] and won ($1.90) with a pair of Threes



PokerStars Hand #254515506057:  Hold'em No Limit ($0.50/$1.00 USD) - 2025/01/23 16:22:08 WET [2025/01/23 11:22:08 ET]
Table 'Orchis III' 6-max Seat #4 is the button
Seat 3: gohome78 ($6.21 in chips) 
Seat 4: Evelexy1 ($102.82 in chips) 
Evelexy1: posts small blind $0.50
gohome78: posts big blind $1
*** HOLE CARDS ***
Evelexy1: folds 
Uncalled bet ($0.50) returned to gohome78
gohome78 collected $1 from pot
*** SUMMARY ***
Total pot $1 | Rake $0 
Seat 3: gohome78 (big blind) collected ($1)
Seat 4: Evelexy1 (button) (small blind) folded before Flop



PokerStars Hand #254515507167:  Hold'em No Limit ($0.50/$1.00 USD) - 2025/01/23 16:22:14 WET [2025/01/23 11:22:14 ET]
Table 'Orchis III' 6-max Seat #3 is the button
Seat 3: gohome78 ($6.71 in chips) 
Seat 4: Evelexy1 ($102.32 in chips) 
gohome78: posts small blind $0.50
Evelexy1: posts big blind $1
*** HOLE CARDS ***
gohome78: raises $5.71 to $6.71 and is all-in
Evelexy1: calls $5.71
*** FLOP *** [Qs Qd 5c]
*** TURN *** [Qs Qd 5c] [8s]
*** RIVER *** [Qs Qd 5c 8s] [3s]
*** SHOW DOWN ***
Evelexy1: shows [Jh Tc] (a pair of Queens)
gohome78: shows [Td Jd] (a pair of Queens)
Evelexy1 collected $6.38 from pot
gohome78 collected $6.37 from pot
*** SUMMARY ***
Total pot $13.42 | Rake $0.67 
Board [Qs Qd 5c 8s 3s]
Seat 3: gohome78 (button) (small blind) showed [Td Jd] and won ($6.37) with a pair of Queens
Seat 4: Evelexy1 (big blind) showed [Jh Tc] and won ($6.38) with a pair of Queens



PokerStars Hand #254515509721:  Hold'em No Limit ($0.50/$1.00 USD) - 2025/01/23 16:22:27 WET [2025/01/23 11:22:27 ET]
Table 'Orchis III' 6-max Seat #4 is the button
Seat 3: gohome78 ($6.37 in chips) 
Seat 4: Evelexy1 ($101.99 in chips) 
Evelexy1: posts small blind $0.50
gohome78: posts big blind $1
*** HOLE CARDS ***
Evelexy1: raises $7.50 to $8.50
gohome78: folds 
Uncalled bet ($7.50) returned to Evelexy1
Evelexy1 collected $2 from pot
Evelexy1: doesn't show hand 
*** SUMMARY ***
Total pot $2 | Rake $0 
Seat 3: gohome78 (big blind) folded before Flop
Seat 4: Evelexy1 (button) (small blind) collected ($2)



PokerStars Hand #254515511385:  Hold'em No Limit ($0.50/$1.00 USD) - 2025/01/23 16:22:35 WET [2025/01/23 11:22:35 ET]
Table 'Orchis III' 6-max Seat #3 is the button
Seat 3: gohome78 ($5.37 in chips) 
Seat 4: Evelexy1 ($102.99 in chips) 
gohome78: posts small blind $0.50
Evelexy1: posts big blind $1
*** HOLE CARDS ***
gohome78: raises $4.37 to $5.37 and is all-in
Evelexy1: folds 
Uncalled bet ($4.37) returned to gohome78
gohome78 collected $2 from pot
*** SUMMARY ***
Total pot $2 | Rake $0 
Seat 3: gohome78 (button) (small blind) collected ($2)
Seat 4: Evelexy1 (big blind) folded before Flop



PokerStars Hand #254515512709:  Hold'em No Limit ($0.50/$1.00 USD) - 2025/01/23 16:22:42 WET [2025/01/23 11:22:42 ET]
Table 'Orchis III' 6-max Seat #4 is the button
Seat 3: gohome78 ($6.37 in chips) 
Seat 4: Evelexy1 ($101.99 in chips) 
Evelexy1: posts small blind $0.50
gohome78: posts big blind $1
*** HOLE CARDS ***
Evelexy1: folds 
Uncalled bet ($0.50) returned to gohome78
gohome78 collected $1 from pot
*** SUMMARY ***
Total pot $1 | Rake $0 
Seat 3: gohome78 (big blind) collected ($1)
Seat 4: Evelexy1 (button) (small blind) folded before Flop



PokerStars Hand #254515513777:  Hold'em No Limit ($0.50/$1.00 USD) - 2025/01/23 16:22:48 WET [2025/01/23 11:22:48 ET]
Table 'Orchis III' 6-max Seat #3 is the button
Seat 3: gohome78 ($6.87 in chips) 
Seat 4: Evelexy1 ($101.49 in chips) 
gohome78: posts small blind $0.50
Evelexy1: posts big blind $1
*** HOLE CARDS ***
gohome78: calls $0.50
Evelexy1: raises $5.50 to $6.50
gohome78: folds 
Uncalled bet ($5.50) returned to Evelexy1
Evelexy1 collected $2 from pot
Evelexy1: doesn't show hand 
*** SUMMARY ***
Total pot $2 | Rake $0 
Seat 3: gohome78 (button) (small blind) folded before Flop
Seat 4: Evelexy1 (big blind) collected ($2)



PokerStars Hand #254515515611:  Hold'em No Limit ($0.50/$1.00 USD) - 2025/01/23 16:22:58 WET [2025/01/23 11:22:58 ET]
Table 'Orchis III' 6-max Seat #4 is the button
Seat 3: gohome78 ($5.87 in chips) 
Seat 4: Evelexy1 ($102.49 in chips) 
Evelexy1: posts small blind $0.50
gohome78: posts big blind $1
*** HOLE CARDS ***
Evelexy1: folds 
Uncalled bet ($0.50) returned to gohome78
gohome78 collected $1 from pot
*** SUMMARY ***
Total pot $1 | Rake $0 
Seat 3: gohome78 (big blind) collected ($1)
Seat 4: Evelexy1 (button) (small blind) folded before Flop



PokerStars Hand #254515516729:  Hold'em No Limit ($0.50/$1.00 USD) - 2025/01/23 16:23:03 WET [2025/01/23 11:23:03 ET]
Table 'Orchis III' 6-max Seat #3 is the button
Seat 3: gohome78 ($6.37 in chips) 
Seat 4: Evelexy1 ($101.99 in chips) 
gohome78: posts small blind $0.50
Evelexy1: posts big blind $1
*** HOLE CARDS ***
gohome78: folds 
Uncalled bet ($0.50) returned to Evelexy1
Evelexy1 collected $1 from pot
Evelexy1: doesn't show hand 
*** SUMMARY ***
Total pot $1 | Rake $0 
Seat 3: gohome78 (button) (small blind) folded before Flop
Seat 4: Evelexy1 (big blind) collected ($1)



