PokerStars Hand #254512483271:  Hold'em No Limit ($0.50/$1.00 USD) - 2025/01/23 10:24:18 WET [2025/01/23 5:24:18 ET]
Table 'Cannonia III' 6-max Seat #3 is the button
Seat 4: Supermegopro ($100 in chips) is sitting out
Seat 6: Tophu621 ($0 in chips) is sitting out
Seat 1: VahTang_89 ($100 in chips) 
Seat 2: steepfell ($100 in chips) 
Seat 3: Kreayshawn ($115.64 in chips) 
Seat 5: 3EPH ($100 in chips) 
3EPH: posts small blind $0.50
VahTang_89: posts big blind $1
*** HOLE CARDS ***
steepfell: folds 
Tophu621 leaves the table
Kreayshawn: folds 
3EPH: folds 
Uncalled bet ($0.50) returned to VahTang_89
VahTang_89 collected $1 from pot
VahTang_89: doesn't show hand 
*** SUMMARY ***
Total pot $1 | Rake $0 
Seat 4: Supermegopro
Seat 6: Tophu621
Seat 1: VahTang_89 (big blind) collected ($1)
Seat 2: steepfell folded before Flop (didn't bet)
Seat 3: Kreayshawn (button) folded before Flop (didn't bet)
Seat 5: 3EPH (small blind) folded before Flop



PokerStars Hand #254512484572:  Hold'em No Limit ($0.50/$1.00 USD) - 2025/01/23 10:24:31 WET [2025/01/23 5:24:31 ET]
Table 'Cannonia III' 6-max Seat #5 is the button
Seat 4: Supermegopro ($100 in chips) is sitting out
Seat 1: VahTang_89 ($100.50 in chips) 
Seat 2: steepfell ($100 in chips) 
Seat 3: Kreayshawn ($115.64 in chips) 
Seat 5: 3EPH ($100 in chips) 
VahTang_89: posts small blind $0.50
steepfell: posts big blind $1
Supermegopro: sits out 
*** HOLE CARDS ***
Kreayshawn: folds 
3EPH: raises $1.50 to $2.50
VahTang_89: raises $8.50 to $11
steepfell: folds 
3EPH: calls $8.50
*** FLOP *** [7d 9s 5h]
VahTang_89: checks 
3EPH: checks 
*** TURN *** [7d 9s 5h] [4c]
VahTang_89: checks 
ptolejmus joins the table at seat #6 
3EPH: checks 
*** RIVER *** [7d 9s 5h 4c] [6s]
VahTang_89: checks 
3EPH: bets $33
VahTang_89: folds 
Uncalled bet ($33) returned to 3EPH
3EPH collected $22 from pot
3EPH: doesn't show hand 
*** SUMMARY ***
Total pot $23 | Rake $1 
Board [7d 9s 5h 4c 6s]
Seat 4: Supermegopro
Seat 1: VahTang_89 (small blind) folded on the River
Seat 2: steepfell (big blind) folded before Flop
Seat 3: Kreayshawn folded before Flop (didn't bet)
Seat 5: 3EPH (button) collected ($22)



PokerStars Hand #254512492631:  Hold'em No Limit ($0.50/$1.00 USD) - 2025/01/23 10:25:51 WET [2025/01/23 5:25:51 ET]
Table 'Cannonia III' 6-max Seat #1 is the button
Seat 4: Supermegopro ($100 in chips) is sitting out
Seat 6: ptolejmus ($10 in chips) is sitting out
Seat 1: VahTang_89 ($100 in chips) 
Seat 2: steepfell ($100 in chips) 
Seat 3: Kreayshawn ($115.64 in chips) 
Seat 5: 3EPH ($111 in chips) 
steepfell: posts small blind $0.50
Kreayshawn: posts big blind $1
Supermegopro: sits out 
ptolejmus: sits out 
*** HOLE CARDS ***
3EPH: folds 
VahTang_89: raises $1.20 to $2.20
steepfell: folds 
Kreayshawn: folds 
Uncalled bet ($1.20) returned to VahTang_89
VahTang_89 collected $2.50 from pot
VahTang_89: doesn't show hand 
*** SUMMARY ***
Total pot $2.50 | Rake $0 
Seat 4: Supermegopro
Seat 6: ptolejmus
Seat 1: VahTang_89 (button) collected ($2.50)
Seat 2: steepfell (small blind) folded before Flop
Seat 3: Kreayshawn (big blind) folded before Flop
Seat 5: 3EPH folded before Flop (didn't bet)



PokerStars Hand #254512493950:  Hold'em No Limit ($0.50/$1.00 USD) - 2025/01/23 10:26:05 WET [2025/01/23 5:26:05 ET]
Table 'Cannonia III' 6-max Seat #2 is the button
Seat 6: ptolejmus ($10 in chips) is sitting out
Seat 1: VahTang_89 ($101.50 in chips) 
Seat 2: steepfell ($100 in chips) 
Seat 3: Kreayshawn ($114.64 in chips) 
Seat 4: Supermegopro ($100 in chips) 
Seat 5: 3EPH ($111 in chips) 
Kreayshawn: posts small blind $0.50
Supermegopro: posts big blind $1
ptolejmus: sits out 
*** HOLE CARDS ***
3EPH: folds 
VahTang_89: raises $1.20 to $2.20
steepfell: folds 
Kreayshawn: folds 
Supermegopro: folds 
Uncalled bet ($1.20) returned to VahTang_89
VahTang_89 collected $2.50 from pot
VahTang_89: doesn't show hand 
*** SUMMARY ***
Total pot $2.50 | Rake $0 
Seat 6: ptolejmus
Seat 1: VahTang_89 collected ($2.50)
Seat 2: steepfell (button) folded before Flop (didn't bet)
Seat 3: Kreayshawn (small blind) folded before Flop
Seat 4: Supermegopro (big blind) folded before Flop
Seat 5: 3EPH folded before Flop (didn't bet)



PokerStars Hand #254512495019:  Hold'em No Limit ($0.50/$1.00 USD) - 2025/01/23 10:26:16 WET [2025/01/23 5:26:16 ET]
Table 'Cannonia III' 6-max Seat #3 is the button
Seat 5: 3EPH ($111 in chips) is sitting out
Seat 1: VahTang_89 ($103 in chips) 
Seat 2: steepfell ($100 in chips) 
Seat 3: Kreayshawn ($114.14 in chips) 
Seat 4: Supermegopro ($100 in chips) 
Seat 6: ptolejmus ($10 in chips) 
Supermegopro: posts small blind $0.50
3EPH: is sitting out 
ptolejmus: posts big blind $1
*** HOLE CARDS ***
VahTang_89: folds 
steepfell: raises $1.50 to $2.50
3EPH leaves the table
Kreayshawn: folds 
Supermegopro: folds 
ptolejmus: calls $1.50
*** FLOP *** [3s Kd 3h]
ptolejmus: checks 
steepfell: bets $1.72
ptolejmus: folds 
Uncalled bet ($1.72) returned to steepfell
steepfell collected $5.22 from pot
steepfell: doesn't show hand 
*** SUMMARY ***
Total pot $5.50 | Rake $0.28 
Board [3s Kd 3h]
Seat 5: 3EPH
Seat 1: VahTang_89 folded before Flop (didn't bet)
Seat 2: steepfell collected ($5.22)
Seat 3: Kreayshawn (button) folded before Flop (didn't bet)
Seat 4: Supermegopro (small blind) folded before Flop
Seat 6: ptolejmus (big blind) folded on the Flop



