PokerStars Hand #254517943640:  Hold'em No Limit ($0.50/$1.00 USD) - 2025/01/23 19:29:06 WET [2025/01/23 14:29:06 ET]
Table 'Lesath IV' 6-max Seat #1 is the button
Seat 2: reiyser ($100 in chips) is sitting out
Seat 1: Poker9803 ($100 in chips) 
Seat 3: DannyKtr ($40.10 in chips) 
Seat 4: Unipoker11 ($100 in chips) 
Seat 5: Gfoer ($100 in chips) 
Seat 6: easy_sarcasm ($106.01 in chips) 
DannyKtr: posts small blind $0.50
Unipoker11: posts big blind $1
*** HOLE CARDS ***
Gfoer: folds 
easy_sarcasm: raises $2 to $3
Poker9803: folds 
DannyKtr: folds 
Unipoker11: raises $11 to $14
easy_sarcasm: calls $11
*** FLOP *** [Js As Jd]
Unipoker11: bets $6.77
easy_sarcasm: calls $6.77
*** TURN *** [Js As Jd] [Kd]
Unipoker11: bets $26.76
easy_sarcasm: calls $26.76
*** RIVER *** [Js As Jd Kd] [5d]
Unipoker11: bets $52.47 and is all-in
easy_sarcasm: folds 
Uncalled bet ($52.47) returned to Unipoker11
Unipoker11 collected $93.06 from pot
Unipoker11: doesn't show hand 
*** SUMMARY ***
Total pot $95.56 | Rake $2.50 
Board [Js As Jd Kd 5d]
Seat 2: reiyser
Seat 1: Poker9803 (button) folded before Flop (didn't bet)
Seat 3: DannyKtr (small blind) folded before Flop
Seat 4: Unipoker11 (big blind) collected ($93.06)
Seat 5: Gfoer folded before Flop (didn't bet)
Seat 6: easy_sarcasm folded on the River



PokerStars Hand #254517967282:  Hold'em No Limit ($0.50/$1.00 USD) - 2025/01/23 19:30:42 WET [2025/01/23 14:30:42 ET]
Table 'Lesath IV' 6-max Seat #3 is the button
Seat 2: reiyser ($100 in chips) is sitting out
Seat 1: Poker9803 ($100 in chips) 
Seat 3: DannyKtr ($39.60 in chips) 
Seat 4: Unipoker11 ($145.53 in chips) 
Seat 5: Gfoer ($100 in chips) 
Seat 6: easy_sarcasm ($100 in chips) 
Unipoker11: posts small blind $0.50
Gfoer: posts big blind $1
reiyser: sits out 
*** HOLE CARDS ***
easy_sarcasm: raises $2 to $3
Poker9803: folds 
DannyKtr: folds 
Unipoker11: folds 
Gfoer: calls $2
*** FLOP *** [Qc 9s 4d]
Gfoer: checks 
easy_sarcasm: bets $3.09
Gfoer: calls $3.09
*** TURN *** [Qc 9s 4d] [7s]
Gfoer: checks 
easy_sarcasm: bets $8
Gfoer: folds 
Uncalled bet ($8) returned to easy_sarcasm
easy_sarcasm collected $12.05 from pot
*** SUMMARY ***
Total pot $12.68 | Rake $0.63 
Board [Qc 9s 4d 7s]
Seat 2: reiyser
Seat 1: Poker9803 folded before Flop (didn't bet)
Seat 3: DannyKtr (button) folded before Flop (didn't bet)
Seat 4: Unipoker11 (small blind) folded before Flop
Seat 5: Gfoer (big blind) folded on the Turn
Seat 6: easy_sarcasm collected ($12.05)



PokerStars Hand #254517984164:  Hold'em No Limit ($0.50/$1.00 USD) - 2025/01/23 19:31:52 WET [2025/01/23 14:31:52 ET]
Table 'Lesath IV' 6-max Seat #4 is the button
Seat 2: reiyser ($100 in chips) is sitting out
Seat 1: Poker9803 ($100 in chips) 
Seat 3: DannyKtr ($39.60 in chips) 
Seat 4: Unipoker11 ($145.03 in chips) 
Seat 5: Gfoer ($100 in chips) 
Seat 6: easy_sarcasm ($105.96 in chips) 
Gfoer: posts small blind $0.50
easy_sarcasm: posts big blind $1
reiyser: sits out 
*** HOLE CARDS ***
Poker9803: raises $1 to $2
DannyKtr: folds 
Unipoker11: raises $5.50 to $7.50
Gfoer: folds 
easy_sarcasm: folds 
Poker9803: folds 
Uncalled bet ($5.50) returned to Unipoker11
Unipoker11 collected $5.50 from pot
Unipoker11: doesn't show hand 
*** SUMMARY ***
Total pot $5.50 | Rake $0 
Seat 2: reiyser
Seat 1: Poker9803 folded before Flop
Seat 3: DannyKtr folded before Flop (didn't bet)
Seat 4: Unipoker11 (button) collected ($5.50)
Seat 5: Gfoer (small blind) folded before Flop
Seat 6: easy_sarcasm (big blind) folded before Flop



PokerStars Hand #254517988790:  Hold'em No Limit ($0.50/$1.00 USD) - 2025/01/23 19:32:11 WET [2025/01/23 14:32:11 ET]
Table 'Lesath IV' 6-max Seat #5 is the button
Seat 2: reiyser ($100 in chips) is sitting out
Seat 1: Poker9803 ($100 in chips) 
Seat 3: DannyKtr ($39.60 in chips) 
Seat 4: Unipoker11 ($148.53 in chips) 
Seat 5: Gfoer ($100 in chips) 
Seat 6: easy_sarcasm ($104.96 in chips) 
easy_sarcasm: posts small blind $0.50
Poker9803: posts big blind $1
reiyser: sits out 
*** HOLE CARDS ***
DannyKtr: calls $1
Unipoker11: folds 
Gfoer: folds 
easy_sarcasm: folds 
Poker9803: checks 
*** FLOP *** [9s 5c 9h]
Poker9803: checks 
DannyKtr: checks 
*** TURN *** [9s 5c 9h] [Jh]
Poker9803: checks 
DannyKtr: checks 
*** RIVER *** [9s 5c 9h Jh] [8d]
Poker9803: bets $3.57
DannyKtr: calls $3.57
*** SHOW DOWN ***
Poker9803: shows [6d Kd] (a pair of Nines)
DannyKtr: shows [7c As] (a pair of Nines - Ace kicker)
DannyKtr collected $9.04 from pot
*** SUMMARY ***
Total pot $9.64 | Rake $0.60 
Board [9s 5c 9h Jh 8d]
Seat 2: reiyser
Seat 1: Poker9803 (big blind) showed [6d Kd] and lost with a pair of Nines
Seat 3: DannyKtr showed [7c As] and won ($9.04) with a pair of Nines
Seat 4: Unipoker11 folded before Flop (didn't bet)
Seat 5: Gfoer (button) folded before Flop (didn't bet)
Seat 6: easy_sarcasm (small blind) folded before Flop



PokerStars Hand #254517999493:  Hold'em No Limit ($0.50/$1.00 USD) - 2025/01/23 19:32:55 WET [2025/01/23 14:32:55 ET]
Table 'Lesath IV' 6-max Seat #6 is the button
Seat 1: Poker9803 ($100 in chips) 
Seat 2: reiyser ($100 in chips) 
Seat 3: DannyKtr ($44.07 in chips) 
Seat 4: Unipoker11 ($148.53 in chips) 
Seat 5: Gfoer ($100 in chips) 
Seat 6: easy_sarcasm ($104.46 in chips) 
Poker9803: posts small blind $0.50
reiyser: posts big blind $1
*** HOLE CARDS ***
DannyKtr: calls $1
Unipoker11: folds 
Gfoer: raises $3.50 to $4.50
easy_sarcasm: folds 
Poker9803: folds 
reiyser: folds 
DannyKtr: folds 
Uncalled bet ($3.50) returned to Gfoer
Gfoer collected $3.50 from pot
Gfoer: doesn't show hand 
*** SUMMARY ***
Total pot $3.50 | Rake $0 
Seat 1: Poker9803 (small blind) folded before Flop
Seat 2: reiyser (big blind) folded before Flop
Seat 3: DannyKtr folded before Flop
Seat 4: Unipoker11 folded before Flop (didn't bet)
Seat 5: Gfoer collected ($3.50)
Seat 6: easy_sarcasm (button) folded before Flop (didn't bet)



PokerStars Hand #254518004181:  Hold'em No Limit ($0.50/$1.00 USD) - 2025/01/23 19:33:14 WET [2025/01/23 14:33:14 ET]
Table 'Lesath IV' 6-max Seat #1 is the button
Seat 1: Poker9803 ($100 in chips) 
Seat 2: reiyser ($100 in chips) 
Seat 3: DannyKtr ($43.07 in chips) 
Seat 4: Unipoker11 ($148.53 in chips) 
Seat 5: Gfoer ($102.50 in chips) 
Seat 6: easy_sarcasm ($104.46 in chips) 
reiyser: posts small blind $0.50
DannyKtr: posts big blind $1
*** HOLE CARDS ***
Unipoker11: folds 
Gfoer: folds 
easy_sarcasm: folds 
Poker9803: folds 
reiyser: raises $1.80 to $2.80
DannyKtr: calls $1.80
*** FLOP *** [6s 5h 3c]
reiyser: checks 
DannyKtr: checks 
*** TURN *** [6s 5h 3c] [3s]
reiyser: bets $4.04
DannyKtr: calls $4.04
*** RIVER *** [6s 5h 3c 3s] [Kh]
reiyser: checks 
DannyKtr: bets $14
reiyser: folds 
Uncalled bet ($14) returned to DannyKtr
DannyKtr collected $12.83 from pot
*** SUMMARY ***
Total pot $13.68 | Rake $0.85 
Board [6s 5h 3c 3s Kh]
Seat 1: Poker9803 (button) folded before Flop (didn't bet)
Seat 2: reiyser (small blind) folded on the River
Seat 3: DannyKtr (big blind) collected ($12.83)
Seat 4: Unipoker11 folded before Flop (didn't bet)
Seat 5: Gfoer folded before Flop (didn't bet)
Seat 6: easy_sarcasm folded before Flop (didn't bet)



PokerStars Hand #254518015049:  Hold'em No Limit ($0.50/$1.00 USD) - 2025/01/23 19:33:59 WET [2025/01/23 14:33:59 ET]
Table 'Lesath IV' 6-max Seat #2 is the button
Seat 1: Poker9803 ($100 in chips) 
Seat 2: reiyser ($100 in chips) 
Seat 3: DannyKtr ($49.06 in chips) 
Seat 4: Unipoker11 ($148.53 in chips) 
Seat 5: Gfoer ($102.50 in chips) 
Seat 6: easy_sarcasm ($104.46 in chips) 
DannyKtr: posts small blind $0.50
Unipoker11: posts big blind $1
*** HOLE CARDS ***
Gfoer: folds 
easy_sarcasm: folds 
Poker9803: raises $1 to $2
reiyser: folds 
DannyKtr: folds 
Unipoker11: raises $10 to $12
Poker9803: folds 
Uncalled bet ($10) returned to Unipoker11
Unipoker11 collected $4.50 from pot
Unipoker11: doesn't show hand 
*** SUMMARY ***
Total pot $4.50 | Rake $0 
Seat 1: Poker9803 folded before Flop
Seat 2: reiyser (button) folded before Flop (didn't bet)
Seat 3: DannyKtr (small blind) folded before Flop
Seat 4: Unipoker11 (big blind) collected ($4.50)
Seat 5: Gfoer folded before Flop (didn't bet)
Seat 6: easy_sarcasm folded before Flop (didn't bet)



PokerStars Hand #254518023029:  Hold'em No Limit ($0.50/$1.00 USD) - 2025/01/23 19:34:31 WET [2025/01/23 14:34:31 ET]
Table 'Lesath IV' 6-max Seat #3 is the button
Seat 1: Poker9803 ($100 in chips) 
Seat 2: reiyser ($100 in chips) 
Seat 3: DannyKtr ($48.56 in chips) 
Seat 4: Unipoker11 ($151.03 in chips) 
Seat 5: Gfoer ($102.50 in chips) 
Seat 6: easy_sarcasm ($104.46 in chips) 
Unipoker11: posts small blind $0.50
Gfoer: posts big blind $1
*** HOLE CARDS ***
easy_sarcasm: raises $2 to $3
Poker9803: folds 
reiyser: folds 
DannyKtr: calls $3
Unipoker11: folds 
Gfoer: calls $2
*** FLOP *** [8h 7h 4s]
Gfoer: checks 
easy_sarcasm: checks 
DannyKtr: checks 
*** TURN *** [8h 7h 4s] [6h]
Gfoer: bets $2.66
easy_sarcasm: folds 
DannyKtr: raises $2.66 to $5.32
Gfoer: calls $2.66
*** RIVER *** [8h 7h 4s 6h] [6c]
Gfoer: checks 
DannyKtr: bets $40.24 and is all-in
Gfoer: folds 
Uncalled bet ($40.24) returned to DannyKtr
DannyKtr collected $18.88 from pot
*** SUMMARY ***
Total pot $20.14 | Rake $1.26 
Board [8h 7h 4s 6h 6c]
Seat 1: Poker9803 folded before Flop (didn't bet)
Seat 2: reiyser folded before Flop (didn't bet)
Seat 3: DannyKtr (button) collected ($18.88)
Seat 4: Unipoker11 (small blind) folded before Flop
Seat 5: Gfoer (big blind) folded on the River
Seat 6: easy_sarcasm folded on the Turn



PokerStars Hand #254518040200:  Hold'em No Limit ($0.50/$1.00 USD) - 2025/01/23 19:35:40 WET [2025/01/23 14:35:40 ET]
Table 'Lesath IV' 6-max Seat #4 is the button
Seat 1: Poker9803 ($100 in chips) 
Seat 2: reiyser ($100 in chips) 
Seat 3: DannyKtr ($59.12 in chips) 
Seat 4: Unipoker11 ($150.53 in chips) 
Seat 5: Gfoer ($100 in chips) 
Seat 6: easy_sarcasm ($101.46 in chips) 
Gfoer: posts small blind $0.50
easy_sarcasm: posts big blind $1
*** HOLE CARDS ***
Poker9803: folds 
reiyser: folds 
DannyKtr: calls $1
Unipoker11: raises $2.50 to $3.50
Gfoer: folds 
easy_sarcasm: folds 
DannyKtr: calls $2.50
*** FLOP *** [5d 4h Tc]
DannyKtr: checks 
Unipoker11: bets $2.67
DannyKtr: calls $2.67
*** TURN *** [5d 4h Tc] [3s]
DannyKtr: checks 
Unipoker11: checks 
*** RIVER *** [5d 4h Tc 3s] [2c]
DannyKtr: checks 
Unipoker11: checks 
*** SHOW DOWN ***
DannyKtr: shows [Th 7d] (a pair of Tens)
Unipoker11: shows [Qc Ts] (a pair of Tens - Queen kicker)
Unipoker11 collected $13.15 from pot
*** SUMMARY ***
Total pot $13.84 | Rake $0.69 
Board [5d 4h Tc 3s 2c]
Seat 1: Poker9803 folded before Flop (didn't bet)
Seat 2: reiyser folded before Flop (didn't bet)
Seat 3: DannyKtr showed [Th 7d] and lost with a pair of Tens
Seat 4: Unipoker11 (button) showed [Qc Ts] and won ($13.15) with a pair of Tens
Seat 5: Gfoer (small blind) folded before Flop
Seat 6: easy_sarcasm (big blind) folded before Flop



PokerStars Hand #254518049246:  Hold'em No Limit ($0.50/$1.00 USD) - 2025/01/23 19:36:17 WET [2025/01/23 14:36:17 ET]
Table 'Lesath IV' 6-max Seat #5 is the button
Seat 1: Poker9803 ($100 in chips) 
Seat 2: reiyser ($100 in chips) 
Seat 3: DannyKtr ($52.95 in chips) 
Seat 4: Unipoker11 ($157.51 in chips) 
Seat 5: Gfoer ($100 in chips) 
Seat 6: easy_sarcasm ($100.46 in chips) 
easy_sarcasm: posts small blind $0.50
Poker9803: posts big blind $1
*** HOLE CARDS ***
reiyser: raises $1.23 to $2.23
DannyKtr: folds 
Unipoker11: folds 
Gfoer: folds 
easy_sarcasm: raises $8.77 to $11
Poker9803: folds 
reiyser: raises $14 to $25
easy_sarcasm: folds 
Uncalled bet ($14) returned to reiyser
reiyser collected $23 from pot
reiyser: doesn't show hand 
*** SUMMARY ***
Total pot $23 | Rake $0 
Seat 1: Poker9803 (big blind) folded before Flop
Seat 2: reiyser collected ($23)
Seat 3: DannyKtr folded before Flop (didn't bet)
Seat 4: Unipoker11 folded before Flop (didn't bet)
Seat 5: Gfoer (button) folded before Flop (didn't bet)
Seat 6: easy_sarcasm (small blind) folded before Flop



PokerStars Hand #254518059602:  Hold'em No Limit ($0.50/$1.00 USD) - 2025/01/23 19:36:58 WET [2025/01/23 14:36:58 ET]
Table 'Lesath IV' 6-max Seat #6 is the button
Seat 1: Poker9803 ($100 in chips) 
Seat 2: reiyser ($112 in chips) 
Seat 3: DannyKtr ($52.95 in chips) 
Seat 4: Unipoker11 ($157.51 in chips) 
Seat 5: Gfoer ($100 in chips) 
Seat 6: easy_sarcasm ($100 in chips) 
Poker9803: posts small blind $0.50
reiyser: posts big blind $1
*** HOLE CARDS ***
DannyKtr: calls $1
Unipoker11: folds 
Gfoer: folds 
easy_sarcasm: raises $3.50 to $4.50
Poker9803: raises $13.50 to $18
reiyser: folds 
DannyKtr: folds 
easy_sarcasm: folds 
Uncalled bet ($13.50) returned to Poker9803
Poker9803 collected $11 from pot
Poker9803: doesn't show hand 
*** SUMMARY ***
Total pot $11 | Rake $0 
Seat 1: Poker9803 (small blind) collected ($11)
Seat 2: reiyser (big blind) folded before Flop
Seat 3: DannyKtr folded before Flop
Seat 4: Unipoker11 folded before Flop (didn't bet)
Seat 5: Gfoer folded before Flop (didn't bet)
Seat 6: easy_sarcasm (button) folded before Flop



PokerStars Hand #254518066265:  Hold'em No Limit ($0.50/$1.00 USD) - 2025/01/23 19:37:25 WET [2025/01/23 14:37:25 ET]
Table 'Lesath IV' 6-max Seat #1 is the button
Seat 1: Poker9803 ($106.50 in chips) 
Seat 2: reiyser ($111 in chips) 
Seat 3: DannyKtr ($51.95 in chips) 
Seat 4: Unipoker11 ($157.51 in chips) 
Seat 5: Gfoer ($100 in chips) 
Seat 6: easy_sarcasm ($100 in chips) 
reiyser: posts small blind $0.50
DannyKtr: posts big blind $1
*** HOLE CARDS ***
Unipoker11: raises $1 to $2
Gfoer: folds 
easy_sarcasm: folds 
Poker9803: folds 
reiyser: folds 
DannyKtr: folds 
Uncalled bet ($1) returned to Unipoker11
Unipoker11 collected $2.50 from pot
Unipoker11: doesn't show hand 
*** SUMMARY ***
Total pot $2.50 | Rake $0 
Seat 1: Poker9803 (button) folded before Flop (didn't bet)
Seat 2: reiyser (small blind) folded before Flop
Seat 3: DannyKtr (big blind) folded before Flop
Seat 4: Unipoker11 collected ($2.50)
Seat 5: Gfoer folded before Flop (didn't bet)
Seat 6: easy_sarcasm folded before Flop (didn't bet)



PokerStars Hand #254518069907:  Hold'em No Limit ($0.50/$1.00 USD) - 2025/01/23 19:37:40 WET [2025/01/23 14:37:40 ET]
Table 'Lesath IV' 6-max Seat #2 is the button
Seat 1: Poker9803 ($106.50 in chips) 
Seat 2: reiyser ($110.50 in chips) 
Seat 3: DannyKtr ($50.95 in chips) 
Seat 4: Unipoker11 ($159.01 in chips) 
Seat 5: Gfoer ($100 in chips) 
Seat 6: easy_sarcasm ($100 in chips) 
DannyKtr: posts small blind $0.50
Unipoker11: posts big blind $1
*** HOLE CARDS ***
Gfoer: folds 
easy_sarcasm: folds 
Poker9803: raises $1 to $2
reiyser: calls $2
DannyKtr: calls $1.50
Unipoker11: folds 
*** FLOP *** [Qc Qd 8c]
DannyKtr: checks 
Poker9803: bets $2.19
reiyser: folds 
DannyKtr: folds 
Uncalled bet ($2.19) returned to Poker9803
Poker9803 collected $6.65 from pot
Poker9803: doesn't show hand 
*** SUMMARY ***
Total pot $7 | Rake $0.35 
Board [Qc Qd 8c]
Seat 1: Poker9803 collected ($6.65)
Seat 2: reiyser (button) folded on the Flop
Seat 3: DannyKtr (small blind) folded on the Flop
Seat 4: Unipoker11 (big blind) folded before Flop
Seat 5: Gfoer folded before Flop (didn't bet)
Seat 6: easy_sarcasm folded before Flop (didn't bet)



PokerStars Hand #254518079393:  Hold'em No Limit ($0.50/$1.00 USD) - 2025/01/23 19:38:18 WET [2025/01/23 14:38:18 ET]
Table 'Lesath IV' 6-max Seat #3 is the button
Seat 1: Poker9803 ($111.15 in chips) 
Seat 2: reiyser ($108.50 in chips) 
Seat 3: DannyKtr ($48.95 in chips) 
Seat 4: Unipoker11 ($158.01 in chips) 
Seat 5: Gfoer ($100 in chips) 
Seat 6: easy_sarcasm ($100 in chips) 
Unipoker11: posts small blind $0.50
Gfoer: posts big blind $1
*** HOLE CARDS ***
easy_sarcasm: folds 
Poker9803: folds 
reiyser: folds 
DannyKtr: folds 
Unipoker11: raises $2 to $3
Gfoer: folds 
Uncalled bet ($2) returned to Unipoker11
Unipoker11 collected $2 from pot
Unipoker11: doesn't show hand 
*** SUMMARY ***
Total pot $2 | Rake $0 
Seat 1: Poker9803 folded before Flop (didn't bet)
Seat 2: reiyser folded before Flop (didn't bet)
Seat 3: DannyKtr (button) folded before Flop (didn't bet)
Seat 4: Unipoker11 (small blind) collected ($2)
Seat 5: Gfoer (big blind) folded before Flop
Seat 6: easy_sarcasm folded before Flop (didn't bet)



PokerStars Hand #254518085444:  Hold'em No Limit ($0.50/$1.00 USD) - 2025/01/23 19:38:43 WET [2025/01/23 14:38:43 ET]
Table 'Lesath IV' 6-max Seat #4 is the button
Seat 1: Poker9803 ($111.15 in chips) 
Seat 2: reiyser ($108.50 in chips) 
Seat 3: DannyKtr ($48.95 in chips) 
Seat 4: Unipoker11 ($159.01 in chips) 
Seat 5: Gfoer ($100 in chips) 
Seat 6: easy_sarcasm ($100 in chips) 
Gfoer: posts small blind $0.50
easy_sarcasm: posts big blind $1
*** HOLE CARDS ***
Poker9803: folds 
reiyser: folds 
DannyKtr: calls $1
Unipoker11: folds 
Gfoer: folds 
easy_sarcasm: checks 
*** FLOP *** [7d Ks 3d]
easy_sarcasm: checks 
DannyKtr: checks 
*** TURN *** [7d Ks 3d] [6h]
easy_sarcasm: bets $1.50
DannyKtr: calls $1.50
*** RIVER *** [7d Ks 3d 6h] [8s]
easy_sarcasm: checks 
DannyKtr: bets $10
easy_sarcasm: folds 
Uncalled bet ($10) returned to DannyKtr
DannyKtr collected $5.15 from pot
DannyKtr: doesn't show hand 
*** SUMMARY ***
Total pot $5.50 | Rake $0.35 
Board [7d Ks 3d 6h 8s]
Seat 1: Poker9803 folded before Flop (didn't bet)
Seat 2: reiyser folded before Flop (didn't bet)
Seat 3: DannyKtr collected ($5.15)
Seat 4: Unipoker11 (button) folded before Flop (didn't bet)
Seat 5: Gfoer (small blind) folded before Flop
Seat 6: easy_sarcasm (big blind) folded on the River



PokerStars Hand #254518094444:  Hold'em No Limit ($0.50/$1.00 USD) - 2025/01/23 19:39:19 WET [2025/01/23 14:39:19 ET]
Table 'Lesath IV' 6-max Seat #5 is the button
Seat 1: Poker9803 ($111.15 in chips) 
Seat 2: reiyser ($108.50 in chips) 
Seat 3: DannyKtr ($51.60 in chips) 
Seat 4: Unipoker11 ($159.01 in chips) 
Seat 5: Gfoer ($100 in chips) 
Seat 6: easy_sarcasm ($100 in chips) 
easy_sarcasm: posts small blind $0.50
Poker9803: posts big blind $1
*** HOLE CARDS ***
reiyser: folds 
DannyKtr: folds 
Unipoker11: folds 
Gfoer: raises $1 to $2
easy_sarcasm: folds 
Poker9803: calls $1
*** FLOP *** [9h 5h Qh]
Poker9803: checks 
Gfoer: checks 
*** TURN *** [9h 5h Qh] [Kd]
Poker9803: checks 
Gfoer: checks 
*** RIVER *** [9h 5h Qh Kd] [7d]
Poker9803: bets $1.41
Gfoer: calls $1.41
*** SHOW DOWN ***
Poker9803: shows [Qc 8d] (a pair of Queens)
Gfoer: shows [Qs Ah] (a pair of Queens - Ace kicker)
Gfoer collected $6.95 from pot
*** SUMMARY ***
Total pot $7.32 | Rake $0.37 
Board [9h 5h Qh Kd 7d]
Seat 1: Poker9803 (big blind) showed [Qc 8d] and lost with a pair of Queens
Seat 2: reiyser folded before Flop (didn't bet)
Seat 3: DannyKtr folded before Flop (didn't bet)
Seat 4: Unipoker11 folded before Flop (didn't bet)
Seat 5: Gfoer (button) showed [Qs Ah] and won ($6.95) with a pair of Queens
Seat 6: easy_sarcasm (small blind) folded before Flop



PokerStars Hand #254518105216:  Hold'em No Limit ($0.50/$1.00 USD) - 2025/01/23 19:40:02 WET [2025/01/23 14:40:02 ET]
Table 'Lesath IV' 6-max Seat #6 is the button
Seat 1: Poker9803 ($107.74 in chips) 
Seat 2: reiyser ($108.50 in chips) 
Seat 3: DannyKtr ($51.60 in chips) 
Seat 4: Unipoker11 ($159.01 in chips) 
Seat 5: Gfoer ($103.54 in chips) 
Seat 6: easy_sarcasm ($100 in chips) 
Poker9803: posts small blind $0.50
reiyser: posts big blind $1
*** HOLE CARDS ***
DannyKtr: calls $1
Unipoker11: folds 
Gfoer: folds 
easy_sarcasm: folds 
Poker9803: folds 
reiyser: checks 
*** FLOP *** [6d 8h 6h]
reiyser: checks 
DannyKtr: checks 
*** TURN *** [6d 8h 6h] [4h]
reiyser: bets $1.24
DannyKtr: raises $1.24 to $2.48
reiyser: calls $1.24
*** RIVER *** [6d 8h 6h 4h] [8s]
reiyser: checks 
DannyKtr: bets $22
reiyser: calls $22
*** SHOW DOWN ***
DannyKtr: shows [2c 6c] (a full house, Sixes full of Eights)
reiyser: shows [Ah 6s] (a full house, Sixes full of Eights)
reiyser collected $24.48 from pot
DannyKtr collected $24.17 from pot
*** SUMMARY ***
Total pot $51.46 | Rake $2.81 
Board [6d 8h 6h 4h 8s]
Seat 1: Poker9803 (small blind) folded before Flop
Seat 2: reiyser (big blind) showed [Ah 6s] and won ($24.48) with a full house, Sixes full of Eights
Seat 3: DannyKtr showed [2c 6c] and won ($24.17) with a full house, Sixes full of Eights
Seat 4: Unipoker11 folded before Flop (didn't bet)
Seat 5: Gfoer folded before Flop (didn't bet)
Seat 6: easy_sarcasm (button) folded before Flop (didn't bet)



PokerStars Hand #254518126592:  Hold'em No Limit ($0.50/$1.00 USD) - 2025/01/23 19:41:27 WET [2025/01/23 14:41:27 ET]
Table 'Lesath IV' 6-max Seat #1 is the button
Seat 1: Poker9803 ($107.24 in chips) 
Seat 2: reiyser ($107.50 in chips) 
Seat 3: DannyKtr ($50.29 in chips) 
Seat 4: Unipoker11 ($159.01 in chips) 
Seat 5: Gfoer ($103.54 in chips) 
Seat 6: easy_sarcasm ($100 in chips) 
reiyser: posts small blind $0.50
DannyKtr: posts big blind $1
*** HOLE CARDS ***
Unipoker11: folds 
Gfoer: raises $1.20 to $2.20
easy_sarcasm: folds 
Poker9803: folds 
reiyser: folds 
DannyKtr: folds 
Uncalled bet ($1.20) returned to Gfoer
Gfoer collected $2.50 from pot
Gfoer: doesn't show hand 
*** SUMMARY ***
Total pot $2.50 | Rake $0 
Seat 1: Poker9803 (button) folded before Flop (didn't bet)
Seat 2: reiyser (small blind) folded before Flop
Seat 3: DannyKtr (big blind) folded before Flop
Seat 4: Unipoker11 folded before Flop (didn't bet)
Seat 5: Gfoer collected ($2.50)
Seat 6: easy_sarcasm folded before Flop (didn't bet)



PokerStars Hand #254518130478:  Hold'em No Limit ($0.50/$1.00 USD) - 2025/01/23 19:41:42 WET [2025/01/23 14:41:42 ET]
Table 'Lesath IV' 6-max Seat #2 is the button
Seat 1: Poker9803 ($107.24 in chips) 
Seat 2: reiyser ($107 in chips) 
Seat 3: DannyKtr ($49.29 in chips) 
Seat 4: Unipoker11 ($159.01 in chips) 
Seat 5: Gfoer ($105.04 in chips) 
Seat 6: easy_sarcasm ($100 in chips) 
DannyKtr: posts small blind $0.50
Unipoker11: posts big blind $1
*** HOLE CARDS ***
Gfoer: folds 
easy_sarcasm: folds 
Poker9803: folds 
reiyser: raises $1.23 to $2.23
DannyKtr: calls $1.73
Unipoker11: calls $1.23
*** FLOP *** [Jc 3c 7h]
DannyKtr: checks 
Unipoker11: checks 
reiyser: bets $3.31
DannyKtr: calls $3.31
Unipoker11: folds 
*** TURN *** [Jc 3c 7h] [Js]
DannyKtr: checks 
reiyser: bets $9.61
DannyKtr: raises $9.61 to $19.22
reiyser: calls $9.61
*** RIVER *** [Jc 3c 7h Js] [8s]
DannyKtr: bets $24.53 and is all-in
reiyser: calls $24.53
*** SHOW DOWN ***
DannyKtr: shows [9h Jh] (three of a kind, Jacks)
reiyser: shows [Jd Ks] (three of a kind, Jacks - King kicker)
reiyser collected $98.31 from pot
*** SUMMARY ***
Total pot $100.81 | Rake $2.50 
Board [Jc 3c 7h Js 8s]
Seat 1: Poker9803 folded before Flop (didn't bet)
Seat 2: reiyser (button) showed [Jd Ks] and won ($98.31) with three of a kind, Jacks
Seat 3: DannyKtr (small blind) showed [9h Jh] and lost with three of a kind, Jacks
Seat 4: Unipoker11 (big blind) folded on the Flop
Seat 5: Gfoer folded before Flop (didn't bet)
Seat 6: easy_sarcasm folded before Flop (didn't bet)



PokerStars Hand #254518149040:  Hold'em No Limit ($0.50/$1.00 USD) - 2025/01/23 19:42:56 WET [2025/01/23 14:42:56 ET]
Table 'Lesath IV' 6-max Seat #4 is the button
Seat 3: DannyKtr ($0 in chips) is sitting out
Seat 1: Poker9803 ($107.24 in chips) 
Seat 2: reiyser ($156.02 in chips) 
Seat 4: Unipoker11 ($156.78 in chips) 
Seat 5: Gfoer ($105.04 in chips) 
Seat 6: easy_sarcasm ($100 in chips) 
Gfoer: posts small blind $0.50
easy_sarcasm: posts big blind $1
*** HOLE CARDS ***
Poker9803: folds 
reiyser: raises $1.23 to $2.23
Unipoker11: folds 
Gfoer: folds 
easy_sarcasm: folds 
Uncalled bet ($1.23) returned to reiyser
DannyKtr is disconnected 
reiyser collected $2.50 from pot
reiyser: doesn't show hand 
*** SUMMARY ***
Total pot $2.50 | Rake $0 
Seat 3: DannyKtr
Seat 1: Poker9803 folded before Flop (didn't bet)
Seat 2: reiyser collected ($2.50)
Seat 4: Unipoker11 (button) folded before Flop (didn't bet)
Seat 5: Gfoer (small blind) folded before Flop
Seat 6: easy_sarcasm (big blind) folded before Flop



PokerStars Hand #254518152403:  Hold'em No Limit ($0.50/$1.00 USD) - 2025/01/23 19:43:09 WET [2025/01/23 14:43:09 ET]
Table 'Lesath IV' 6-max Seat #5 is the button
Seat 1: Poker9803 ($107.24 in chips) is sitting out
Seat 3: DannyKtr ($0 in chips) is sitting out
Seat 2: reiyser ($157.52 in chips) 
Seat 4: Unipoker11 ($156.78 in chips) 
Seat 5: Gfoer ($104.54 in chips) 
Seat 6: easy_sarcasm ($100 in chips) 
easy_sarcasm: posts small blind $0.50
Poker9803: is sitting out 
reiyser: posts big blind $1
*** HOLE CARDS ***
Unipoker11: folds 
Poker9803 leaves the table
Gfoer: folds 
easy_sarcasm: folds 
Uncalled bet ($0.50) returned to reiyser
reiyser collected $1 from pot
reiyser: doesn't show hand 
*** SUMMARY ***
Total pot $1 | Rake $0 
Seat 1: Poker9803
Seat 3: DannyKtr
Seat 2: reiyser (big blind) collected ($1)
Seat 4: Unipoker11 folded before Flop (didn't bet)
Seat 5: Gfoer (button) folded before Flop (didn't bet)
Seat 6: easy_sarcasm (small blind) folded before Flop



PokerStars Hand #254518156336:  Hold'em No Limit ($0.50/$1.00 USD) - 2025/01/23 19:43:24 WET [2025/01/23 14:43:24 ET]
Table 'Lesath IV' 6-max Seat #6 is the button
Seat 3: DannyKtr ($0 in chips) is sitting out
Seat 2: reiyser ($158.02 in chips) 
Seat 4: Unipoker11 ($156.78 in chips) 
Seat 5: Gfoer ($104.54 in chips) 
Seat 6: easy_sarcasm ($100 in chips) 
reiyser: posts small blind $0.50
Unipoker11: posts big blind $1
*** HOLE CARDS ***
Gfoer: folds 
easy_sarcasm: folds 
reiyser: raises $1.80 to $2.80
Unipoker11: folds 
Uncalled bet ($1.80) returned to reiyser
reiyser collected $2 from pot
reiyser: doesn't show hand 
*** SUMMARY ***
Total pot $2 | Rake $0 
Seat 3: DannyKtr
Seat 2: reiyser (small blind) collected ($2)
Seat 4: Unipoker11 (big blind) folded before Flop
Seat 5: Gfoer folded before Flop (didn't bet)
Seat 6: easy_sarcasm (button) folded before Flop (didn't bet)



PokerStars Hand #254518167462:  Hold'em No Limit ($0.50/$1.00 USD) - 2025/01/23 19:44:08 WET [2025/01/23 14:44:08 ET]
Table 'Lesath IV' 6-max Seat #4 is the button
Seat 3: DannyKtr ($0 in chips) is sitting out
Seat 4: Unipoker11 ($155.78 in chips) 
Seat 5: Supermegopro ($100 in chips) 
Unipoker11: posts small blind $0.50
Supermegopro: posts big blind $1
*** HOLE CARDS ***
Unipoker11: folds 
Uncalled bet ($0.50) returned to Supermegopro
Supermegopro collected $1 from pot
Supermegopro: doesn't show hand 
*** SUMMARY ***
Total pot $1 | Rake $0 
Seat 3: DannyKtr
Seat 4: Unipoker11 (button) (small blind) folded before Flop
Seat 5: Supermegopro (big blind) collected ($1)



PokerStars Hand #254518169032:  Hold'em No Limit ($0.50/$1.00 USD) - 2025/01/23 19:44:14 WET [2025/01/23 14:44:14 ET]
Table 'Lesath IV' 6-max Seat #5 is the button
Seat 3: DannyKtr ($0 in chips) is sitting out
Seat 4: Unipoker11 ($155.28 in chips) 
Seat 5: Supermegopro ($100.50 in chips) 
Supermegopro: posts small blind $0.50
Unipoker11: posts big blind $1
*** HOLE CARDS ***
Supermegopro: raises $1.50 to $2.50
Unipoker11: raises $7.50 to $10
Supermegopro: calls $7.50
*** FLOP *** [7s 8s Jh]
Unipoker11: checks 
Supermegopro: checks 
*** TURN *** [7s 8s Jh] [3s]
Unipoker11: checks 
Supermegopro: bets $12.67
Unipoker11: calls $12.67
*** RIVER *** [7s 8s Jh 3s] [Js]
Unipoker11: checks 
Supermegopro: checks 
*** SHOW DOWN ***
Unipoker11: shows [Jd Kc] (three of a kind, Jacks)
Supermegopro: shows [Th Qs] (a flush, Queen high)
Supermegopro collected $44.34 from pot
*** SUMMARY ***
Total pot $45.34 | Rake $1 
Board [7s 8s Jh 3s Js]
Seat 3: DannyKtr
Seat 4: Unipoker11 (big blind) showed [Jd Kc] and lost with three of a kind, Jacks
Seat 5: Supermegopro (button) (small blind) showed [Th Qs] and won ($44.34) with a flush, Queen high



PokerStars Hand #254518183784:  Hold'em No Limit ($0.50/$1.00 USD) - 2025/01/23 19:45:11 WET [2025/01/23 14:45:11 ET]
Table 'Lesath IV' 6-max Seat #4 is the button
Seat 3: DannyKtr ($0 in chips) is sitting out
Seat 4: Unipoker11 ($132.61 in chips) 
Seat 5: Supermegopro ($122.17 in chips) 
Unipoker11: posts small blind $0.50
Supermegopro: posts big blind $1
*** HOLE CARDS ***
Unipoker11: folds 
Uncalled bet ($0.50) returned to Supermegopro
Supermegopro collected $1 from pot
Supermegopro: doesn't show hand 
*** SUMMARY ***
Total pot $1 | Rake $0 
Seat 3: DannyKtr
Seat 4: Unipoker11 (button) (small blind) folded before Flop
Seat 5: Supermegopro (big blind) collected ($1)



PokerStars Hand #254518237809:  Hold'em No Limit ($0.50/$1.00 USD) - 2025/01/23 19:48:37 WET [2025/01/23 14:48:37 ET]
Table 'Lesath IV' 6-max Seat #1 is the button
Seat 3: DannyKtr ($0 in chips) is sitting out
Seat 1: I TAKE IT 85 ($100 in chips) 
Seat 4: UnderC@t ($100 in chips) 
I TAKE IT 85: posts small blind $0.50
UnderC@t: posts big blind $1
*** HOLE CARDS ***
I TAKE IT 85: raises $1.50 to $2.50
UnderC@t: calls $1.50
*** FLOP *** [6h 4h Jh]
UnderC@t: checks 
I TAKE IT 85: bets $1.19
UnderC@t: folds 
Uncalled bet ($1.19) returned to I TAKE IT 85
I TAKE IT 85 collected $4.75 from pot
I TAKE IT 85: doesn't show hand 
*** SUMMARY ***
Total pot $5 | Rake $0.25 
Board [6h 4h Jh]
Seat 3: DannyKtr
Seat 1: I TAKE IT 85 (button) (small blind) collected ($4.75)
Seat 4: UnderC@t (big blind) folded on the Flop



PokerStars Hand #254518244269:  Hold'em No Limit ($0.50/$1.00 USD) - 2025/01/23 19:49:02 WET [2025/01/23 14:49:02 ET]
Table 'Lesath IV' 6-max Seat #4 is the button
Seat 3: DannyKtr ($0 in chips) is sitting out
Seat 1: I TAKE IT 85 ($102.25 in chips) 
Seat 4: UnderC@t ($100 in chips) 
UnderC@t: posts small blind $0.50
I TAKE IT 85: posts big blind $1
*** HOLE CARDS ***
UnderC@t: raises $1.50 to $2.50
worker0k joins the table at seat #6 
Marrceel joins the table at seat #5 
Marrceel is disconnected 
I TAKE IT 85: calls $1.50
*** FLOP *** [Qc 4s Jh]
DL1B joins the table at seat #2 
I TAKE IT 85: checks 
UnderC@t: bets $1.43
I TAKE IT 85: folds 
Uncalled bet ($1.43) returned to UnderC@t
UnderC@t collected $4.75 from pot
UnderC@t: doesn't show hand 
*** SUMMARY ***
Total pot $5 | Rake $0.25 
Board [Qc 4s Jh]
Seat 3: DannyKtr
Seat 1: I TAKE IT 85 (big blind) folded on the Flop
Seat 4: UnderC@t (button) (small blind) collected ($4.75)



PokerStars Hand #254518252415:  Hold'em No Limit ($0.50/$1.00 USD) - 2025/01/23 19:49:33 WET [2025/01/23 14:49:33 ET]
Table 'Lesath IV' 6-max Seat #1 is the button
Seat 2: DL1B ($100 in chips) is sitting out
Seat 3: DannyKtr ($0 in chips) is sitting out
Seat 6: worker0k ($100 in chips) is sitting out
Seat 1: I TAKE IT 85 ($100 in chips) 
Seat 4: UnderC@t ($102.25 in chips) 
Seat 5: Marrceel ($80 in chips) 
UnderC@t: posts small blind $0.50
Marrceel: posts big blind $1
worker0k: sits out 
*** HOLE CARDS ***
I TAKE IT 85: folds 
UnderC@t: raises $2 to $3
Marrceel: calls $2
*** FLOP *** [Ah 3d 3h]
UnderC@t: checks 
Marrceel: checks 
*** TURN *** [Ah 3d 3h] [4d]
UnderC@t: bets $1.71
Marrceel: calls $1.71
*** RIVER *** [Ah 3d 3h 4d] [7c]
UnderC@t: checks 
Marrceel: bets $4.48
UnderC@t: calls $4.48
*** SHOW DOWN ***
Marrceel: shows [Qs Js] (a pair of Threes)
UnderC@t: shows [5d As] (two pair, Aces and Threes)
UnderC@t collected $17.46 from pot
*** SUMMARY ***
Total pot $18.38 | Rake $0.92 
Board [Ah 3d 3h 4d 7c]
Seat 2: DL1B
Seat 3: DannyKtr
Seat 6: worker0k
Seat 1: I TAKE IT 85 (button) folded before Flop (didn't bet)
Seat 4: UnderC@t (small blind) showed [5d As] and won ($17.46) with two pair, Aces and Threes
Seat 5: Marrceel (big blind) showed [Qs Js] and lost with a pair of Threes



PokerStars Hand #254518261508:  Hold'em No Limit ($0.50/$1.00 USD) - 2025/01/23 19:50:07 WET [2025/01/23 14:50:07 ET]
Table 'Lesath IV' 6-max Seat #4 is the button
Seat 2: DL1B ($100 in chips) is sitting out
Seat 3: DannyKtr ($0 in chips) is sitting out
Seat 1: I TAKE IT 85 ($100 in chips) 
Seat 4: UnderC@t ($110.52 in chips) 
Seat 5: Marrceel ($70.81 in chips) 
Seat 6: worker0k ($100 in chips) 
Marrceel: posts small blind $0.50
worker0k: posts big blind $1
DL1B: sits out 
*** HOLE CARDS ***
I TAKE IT 85: folds 
UnderC@t: raises $1.50 to $2.50
Marrceel: folds 
worker0k: folds 
Uncalled bet ($1.50) returned to UnderC@t
UnderC@t collected $2.50 from pot
UnderC@t: doesn't show hand 
*** SUMMARY ***
Total pot $2.50 | Rake $0 
Seat 2: DL1B
Seat 3: DannyKtr
Seat 1: I TAKE IT 85 folded before Flop (didn't bet)
Seat 4: UnderC@t (button) collected ($2.50)
Seat 5: Marrceel (small blind) folded before Flop
Seat 6: worker0k (big blind) folded before Flop



PokerStars Hand #254518264830:  Hold'em No Limit ($0.50/$1.00 USD) - 2025/01/23 19:50:20 WET [2025/01/23 14:50:20 ET]
Table 'Lesath IV' 6-max Seat #5 is the button
Seat 1: I TAKE IT 85 ($100 in chips) is sitting out
Seat 3: DannyKtr ($0 in chips) is sitting out
Seat 2: DL1B ($100 in chips) 
Seat 4: UnderC@t ($112.02 in chips) 
Seat 5: Marrceel ($70.31 in chips) 
Seat 6: worker0k ($100 in chips) 
worker0k: posts small blind $0.50
I TAKE IT 85: is sitting out 
DL1B: posts big blind $1
*** HOLE CARDS ***
UnderC@t: folds 
Marrceel: calls $1
worker0k: folds 
DL1B: checks 
*** FLOP *** [Kh Qd 3h]
DL1B: checks 
Marrceel: checks 
*** TURN *** [Kh Qd 3h] [2d]
DL1B: checks 
Marrceel: checks 
*** RIVER *** [Kh Qd 3h 2d] [4d]
DL1B: checks 
Marrceel: checks 
*** SHOW DOWN ***
DL1B: shows [6d 2h] (a pair of Deuces)
Marrceel: mucks hand 
DL1B collected $2.38 from pot
*** SUMMARY ***
Total pot $2.50 | Rake $0.12 
Board [Kh Qd 3h 2d 4d]
Seat 1: I TAKE IT 85
Seat 3: DannyKtr
Seat 2: DL1B (big blind) showed [6d 2h] and won ($2.38) with a pair of Deuces
Seat 4: UnderC@t folded before Flop (didn't bet)
Seat 5: Marrceel (button) mucked
Seat 6: worker0k (small blind) folded before Flop



PokerStars Hand #254518272225:  Hold'em No Limit ($0.50/$1.00 USD) - 2025/01/23 19:50:48 WET [2025/01/23 14:50:48 ET]
Table 'Lesath IV' 6-max Seat #6 is the button
Seat 1: I TAKE IT 85 ($100 in chips) is sitting out
Seat 3: DannyKtr ($0 in chips) is sitting out
Seat 2: DL1B ($101.38 in chips) 
Seat 4: UnderC@t ($112.02 in chips) 
Seat 5: Marrceel ($69.31 in chips) 
Seat 6: worker0k ($100 in chips) 
DL1B: posts small blind $0.50
UnderC@t: posts big blind $1
*** HOLE CARDS ***
Marrceel: calls $1
worker0k: folds 
DL1B: folds 
UnderC@t: checks 
*** FLOP *** [Tc 9s 9h]
I TAKE IT 85 leaves the table
UnderC@t: checks 
Marrceel: checks 
*** TURN *** [Tc 9s 9h] [Td]
UnderC@t: checks 
Marrceel: checks 
*** RIVER *** [Tc 9s 9h Td] [3d]
UnderC@t: bets $4
reiyser joins the table at seat #1 
Marrceel: folds 
Uncalled bet ($4) returned to UnderC@t
UnderC@t collected $2.38 from pot
UnderC@t: doesn't show hand 
*** SUMMARY ***
Total pot $2.50 | Rake $0.12 
Board [Tc 9s 9h Td 3d]
Seat 1: I TAKE IT 85
Seat 3: DannyKtr
Seat 2: DL1B (small blind) folded before Flop
Seat 4: UnderC@t (big blind) collected ($2.38)
Seat 5: Marrceel folded on the River
Seat 6: worker0k (button) folded before Flop (didn't bet)



PokerStars Hand #254518279035:  Hold'em No Limit ($0.50/$1.00 USD) - 2025/01/23 19:51:14 WET [2025/01/23 14:51:14 ET]
Table 'Lesath IV' 6-max Seat #2 is the button
Seat 1: reiyser ($159.02 in chips) is sitting out
Seat 3: DannyKtr ($0 in chips) is sitting out
Seat 2: DL1B ($100.88 in chips) 
Seat 4: UnderC@t ($113.40 in chips) 
Seat 5: Marrceel ($68.31 in chips) 
Seat 6: worker0k ($100 in chips) 
UnderC@t: posts small blind $0.50
Marrceel: posts big blind $1
reiyser: sits out 
*** HOLE CARDS ***
worker0k: folds 
DL1B: raises $1.50 to $2.50
UnderC@t: folds 
Marrceel: calls $1.50
*** FLOP *** [Ks Js 2h]
Marrceel: checks 
DL1B: bets $3.97
Marrceel: folds 
Uncalled bet ($3.97) returned to DL1B
DL1B collected $5.22 from pot
DL1B: doesn't show hand 
*** SUMMARY ***
Total pot $5.50 | Rake $0.28 
Board [Ks Js 2h]
Seat 1: reiyser
Seat 3: DannyKtr
Seat 2: DL1B (button) collected ($5.22)
Seat 4: UnderC@t (small blind) folded before Flop
Seat 5: Marrceel (big blind) folded on the Flop
Seat 6: worker0k folded before Flop (didn't bet)



PokerStars Hand #254518284024:  Hold'em No Limit ($0.50/$1.00 USD) - 2025/01/23 19:51:32 WET [2025/01/23 14:51:32 ET]
Table 'Lesath IV' 6-max Seat #4 is the button
Seat 3: DannyKtr ($0 in chips) is sitting out
Seat 6: worker0k ($100 in chips) is sitting out
Seat 1: reiyser ($159.02 in chips) 
Seat 2: DL1B ($103.60 in chips) 
Seat 4: UnderC@t ($112.90 in chips) 
Seat 5: Marrceel ($65.81 in chips) 
Marrceel: posts small blind $0.50
worker0k: is sitting out 
reiyser: posts big blind $1
*** HOLE CARDS ***
worker0k leaves the table
DL1B: raises $1.50 to $2.50
UnderC@t: folds 
Marrceel: folds 
NISIY joins the table at seat #6 
reiyser: calls $1.50
*** FLOP *** [9s Js 8s]
reiyser: checks 
DL1B: checks 
*** TURN *** [9s Js 8s] [Th]
reiyser: checks 
DL1B: checks 
*** RIVER *** [9s Js 8s Th] [Jc]
reiyser: bets $1.51
DL1B: folds 
Uncalled bet ($1.51) returned to reiyser
reiyser collected $5.22 from pot
reiyser: doesn't show hand 
*** SUMMARY ***
Total pot $5.50 | Rake $0.28 
Board [9s Js 8s Th Jc]
Seat 3: DannyKtr
Seat 6: worker0k
Seat 1: reiyser (big blind) collected ($5.22)
Seat 2: DL1B folded on the River
Seat 4: UnderC@t (button) folded before Flop (didn't bet)
Seat 5: Marrceel (small blind) folded before Flop



PokerStars Hand #254518294937:  Hold'em No Limit ($0.50/$1.00 USD) - 2025/01/23 19:52:13 WET [2025/01/23 14:52:13 ET]
Table 'Lesath IV' 6-max Seat #5 is the button
Seat 3: DannyKtr ($0 in chips) is sitting out
Seat 6: NISIY ($100 in chips) is sitting out
Seat 1: reiyser ($161.74 in chips) 
Seat 2: DL1B ($101.10 in chips) 
Seat 4: UnderC@t ($112.90 in chips) 
Seat 5: Marrceel ($65.31 in chips) 
reiyser: posts small blind $0.50
DL1B: posts big blind $1
*** HOLE CARDS ***
UnderC@t: folds 
Marrceel: calls $1
reiyser: folds 
DL1B: raises $3.50 to $4.50
Marrceel: folds 
Uncalled bet ($3.50) returned to DL1B
DL1B collected $2.50 from pot
DL1B: doesn't show hand 
*** SUMMARY ***
Total pot $2.50 | Rake $0 
Seat 3: DannyKtr
Seat 6: NISIY
Seat 1: reiyser (small blind) folded before Flop
Seat 2: DL1B (big blind) collected ($2.50)
Seat 4: UnderC@t folded before Flop (didn't bet)
Seat 5: Marrceel (button) folded before Flop



PokerStars Hand #254518298416:  Hold'em No Limit ($0.50/$1.00 USD) - 2025/01/23 19:52:26 WET [2025/01/23 14:52:26 ET]
Table 'Lesath IV' 6-max Seat #1 is the button
Seat 3: DannyKtr ($0 in chips) is sitting out
Seat 6: NISIY ($100 in chips) is sitting out
Seat 1: reiyser ($161.24 in chips) 
Seat 2: DL1B ($102.60 in chips) 
Seat 4: UnderC@t ($112.90 in chips) 
Seat 5: Marrceel ($64.31 in chips) 
DL1B: posts small blind $0.50
UnderC@t: posts big blind $1
NISIY: sits out 
*** HOLE CARDS ***
Marrceel: calls $1
reiyser: folds 
DL1B: folds 
UnderC@t: checks 
*** FLOP *** [Td Ts Qs]
UnderC@t: bets $2
Marrceel: calls $2
*** TURN *** [Td Ts Qs] [5d]
UnderC@t: bets $3
Marrceel: calls $3
*** RIVER *** [Td Ts Qs 5d] [Jd]
UnderC@t: checks 
Marrceel: checks 
*** SHOW DOWN ***
UnderC@t: shows [7s 2s] (a pair of Tens)
Marrceel: shows [9s 4s] (a pair of Tens - Queen+Jack+Nine kicker)
Marrceel collected $11.72 from pot
DannyKtr leaves the table
*** SUMMARY ***
Total pot $12.50 | Rake $0.78 
Board [Td Ts Qs 5d Jd]
Seat 3: DannyKtr
Seat 6: NISIY
Seat 1: reiyser (button) folded before Flop (didn't bet)
Seat 2: DL1B (small blind) folded before Flop
Seat 4: UnderC@t (big blind) showed [7s 2s] and lost with a pair of Tens
Seat 5: Marrceel showed [9s 4s] and won ($11.72) with a pair of Tens



PokerStars Hand #254518308071:  Hold'em No Limit ($0.50/$1.00 USD) - 2025/01/23 19:53:02 WET [2025/01/23 14:53:02 ET]
Table 'Lesath IV' 6-max Seat #2 is the button
Seat 6: NISIY ($100 in chips) is sitting out
Seat 1: reiyser ($161.24 in chips) 
Seat 2: DL1B ($102.10 in chips) 
Seat 4: UnderC@t ($106.90 in chips) 
Seat 5: Marrceel ($70.03 in chips) 
UnderC@t: posts small blind $0.50
Marrceel: posts big blind $1
NISIY: sits out 
*** HOLE CARDS ***
Supermegopro joins the table at seat #3 
reiyser: folds 
DL1B: raises $1.50 to $2.50
UnderC@t: folds 
Marrceel: calls $1.50
*** FLOP *** [2h 7c Ts]
Marrceel: checks 
DL1B: bets $2.61
Marrceel: calls $2.61
*** TURN *** [2h 7c Ts] [8h]
Marrceel: checks 
DL1B: bets $7.74
Marrceel: raises $7.74 to $15.48
DL1B: folds 
Uncalled bet ($7.74) returned to Marrceel
Marrceel collected $24.95 from pot
*** SUMMARY ***
Total pot $26.20 | Rake $1.25 
Board [2h 7c Ts 8h]
Seat 6: NISIY
Seat 1: reiyser folded before Flop (didn't bet)
Seat 2: DL1B (button) folded on the Turn
Seat 4: UnderC@t (small blind) folded before Flop
Seat 5: Marrceel (big blind) collected ($24.95)



PokerStars Hand #254518315146:  Hold'em No Limit ($0.50/$1.00 USD) - 2025/01/23 19:53:29 WET [2025/01/23 14:53:29 ET]
Table 'Lesath IV' 6-max Seat #4 is the button
Seat 3: Supermegopro ($122.67 in chips) is sitting out
Seat 1: reiyser ($161.24 in chips) 
Seat 2: DL1B ($100 in chips) 
Seat 4: UnderC@t ($106.40 in chips) 
Seat 5: Marrceel ($82.13 in chips) 
Seat 6: NISIY ($100 in chips) 
Marrceel: posts small blind $0.50
NISIY: posts big blind $1
Supermegopro: sits out 
*** HOLE CARDS ***
reiyser: folds 
DL1B: folds 
UnderC@t: folds 
Marrceel: calls $0.50
NISIY: raises $4 to $5
Marrceel: folds 
Uncalled bet ($4) returned to NISIY
NISIY collected $2 from pot
NISIY: doesn't show hand 
*** SUMMARY ***
Total pot $2 | Rake $0 
Seat 3: Supermegopro
Seat 1: reiyser folded before Flop (didn't bet)
Seat 2: DL1B folded before Flop (didn't bet)
Seat 4: UnderC@t (button) folded before Flop (didn't bet)
Seat 5: Marrceel (small blind) folded before Flop
Seat 6: NISIY (big blind) collected ($2)



PokerStars Hand #254518318946:  Hold'em No Limit ($0.50/$1.00 USD) - 2025/01/23 19:53:42 WET [2025/01/23 14:53:42 ET]
Table 'Lesath IV' 6-max Seat #5 is the button
Seat 3: Supermegopro ($122.67 in chips) is sitting out
Seat 1: reiyser ($161.24 in chips) 
Seat 2: DL1B ($100 in chips) 
Seat 4: UnderC@t ($106.40 in chips) 
Seat 5: Marrceel ($81.13 in chips) 
Seat 6: NISIY ($101 in chips) 
NISIY: posts small blind $0.50
reiyser: posts big blind $1
Supermegopro: sits out 
*** HOLE CARDS ***
DL1B: folds 
UnderC@t: folds 
Marrceel: calls $1
NISIY: folds 
reiyser: checks 
*** FLOP *** [Qh 4h Kd]
reiyser: checks 
Marrceel: checks 
*** TURN *** [Qh 4h Kd] [Jc]
reiyser: checks 
Marrceel: checks 
*** RIVER *** [Qh 4h Kd Jc] [Qd]
reiyser: checks 
Marrceel: checks 
*** SHOW DOWN ***
reiyser: shows [2h 4c] (two pair, Queens and Fours)
Marrceel: mucks hand 
reiyser collected $2.38 from pot
*** SUMMARY ***
Total pot $2.50 | Rake $0.12 
Board [Qh 4h Kd Jc Qd]
Seat 3: Supermegopro
Seat 1: reiyser (big blind) showed [2h 4c] and won ($2.38) with two pair, Queens and Fours
Seat 2: DL1B folded before Flop (didn't bet)
Seat 4: UnderC@t folded before Flop (didn't bet)
Seat 5: Marrceel (button) mucked
Seat 6: NISIY (small blind) folded before Flop



PokerStars Hand #254518327801:  Hold'em No Limit ($0.50/$1.00 USD) - 2025/01/23 19:54:15 WET [2025/01/23 14:54:15 ET]
Table 'Lesath IV' 6-max Seat #6 is the button
Seat 3: Supermegopro ($122.67 in chips) is sitting out
Seat 1: reiyser ($162.62 in chips) 
Seat 2: DL1B ($100 in chips) 
Seat 4: UnderC@t ($106.40 in chips) 
Seat 5: Marrceel ($80.13 in chips) 
Seat 6: NISIY ($100.50 in chips) 
reiyser: posts small blind $0.50
DL1B: posts big blind $1
Supermegopro: sits out 
*** HOLE CARDS ***
UnderC@t: folds 
Marrceel: calls $1
NISIY: folds 
reiyser: raises $3 to $4
DL1B: folds 
Marrceel: calls $3
*** FLOP *** [9s 9c 7h]
reiyser: bets $2.48
Marrceel: folds 
Uncalled bet ($2.48) returned to reiyser
reiyser collected $8.55 from pot
reiyser: doesn't show hand 
*** SUMMARY ***
Total pot $9 | Rake $0.45 
Board [9s 9c 7h]
Seat 3: Supermegopro
Seat 1: reiyser (small blind) collected ($8.55)
Seat 2: DL1B (big blind) folded before Flop
Seat 4: UnderC@t folded before Flop (didn't bet)
Seat 5: Marrceel folded on the Flop
Seat 6: NISIY (button) folded before Flop (didn't bet)



PokerStars Hand #254518334012:  Hold'em No Limit ($0.50/$1.00 USD) - 2025/01/23 19:54:38 WET [2025/01/23 14:54:38 ET]
Table 'Lesath IV' 6-max Seat #1 is the button
Seat 1: reiyser ($167.17 in chips) 
Seat 2: DL1B ($100 in chips) 
Seat 3: Supermegopro ($122.67 in chips) 
Seat 4: UnderC@t ($106.40 in chips) 
Seat 5: Marrceel ($76.13 in chips) 
Seat 6: NISIY ($100.50 in chips) 
DL1B: posts small blind $0.50
Supermegopro: posts big blind $1
*** HOLE CARDS ***
UnderC@t: raises $1.50 to $2.50
Marrceel: calls $2.50
NISIY: folds 
reiyser: folds 
DL1B: folds 
Supermegopro: folds 
*** FLOP *** [Kd Td Tc]
UnderC@t: checks 
Marrceel: checks 
*** TURN *** [Kd Td Tc] [9s]
UnderC@t: checks 
Marrceel: checks 
*** RIVER *** [Kd Td Tc 9s] [7h]
UnderC@t: checks 
Marrceel: bets $6.18
UnderC@t: calls $6.18
*** SHOW DOWN ***
Marrceel: shows [Js Jc] (two pair, Jacks and Tens)
UnderC@t: mucks hand 
Marrceel collected $17.68 from pot
*** SUMMARY ***
Total pot $18.86 | Rake $1.18 
Board [Kd Td Tc 9s 7h]
Seat 1: reiyser (button) folded before Flop (didn't bet)
Seat 2: DL1B (small blind) folded before Flop
Seat 3: Supermegopro (big blind) folded before Flop
Seat 4: UnderC@t mucked
Seat 5: Marrceel showed [Js Jc] and won ($17.68) with two pair, Jacks and Tens
Seat 6: NISIY folded before Flop (didn't bet)



PokerStars Hand #254518343145:  Hold'em No Limit ($0.50/$1.00 USD) - 2025/01/23 19:55:12 WET [2025/01/23 14:55:12 ET]
Table 'Lesath IV' 6-max Seat #2 is the button
Seat 1: reiyser ($167.17 in chips) 
Seat 2: DL1B ($100 in chips) 
Seat 3: Supermegopro ($121.67 in chips) 
Seat 4: UnderC@t ($100 in chips) 
Seat 5: Marrceel ($85.13 in chips) 
Seat 6: NISIY ($100.50 in chips) 
Supermegopro: posts small blind $0.50
UnderC@t: posts big blind $1
*** HOLE CARDS ***
Marrceel: folds 
NISIY: folds 
reiyser: folds 
DL1B: folds 
Supermegopro: folds 
Uncalled bet ($0.50) returned to UnderC@t
UnderC@t collected $1 from pot
UnderC@t: doesn't show hand 
*** SUMMARY ***
Total pot $1 | Rake $0 
Seat 1: reiyser folded before Flop (didn't bet)
Seat 2: DL1B (button) folded before Flop (didn't bet)
Seat 3: Supermegopro (small blind) folded before Flop
Seat 4: UnderC@t (big blind) collected ($1)
Seat 5: Marrceel folded before Flop (didn't bet)
Seat 6: NISIY folded before Flop (didn't bet)



PokerStars Hand #254518345240:  Hold'em No Limit ($0.50/$1.00 USD) - 2025/01/23 19:55:21 WET [2025/01/23 14:55:21 ET]
Table 'Lesath IV' 6-max Seat #3 is the button
Seat 1: reiyser ($167.17 in chips) 
Seat 2: DL1B ($100 in chips) 
Seat 3: Supermegopro ($121.17 in chips) 
Seat 4: UnderC@t ($100.50 in chips) 
Seat 5: Marrceel ($85.13 in chips) 
Seat 6: NISIY ($100.50 in chips) 
UnderC@t: posts small blind $0.50
Marrceel: posts big blind $1
*** HOLE CARDS ***
NISIY: folds 
reiyser: folds 
DL1B: folds 
Supermegopro: folds 
UnderC@t: raises $2 to $3
Marrceel: folds 
Uncalled bet ($2) returned to UnderC@t
UnderC@t collected $2 from pot
UnderC@t: doesn't show hand 
*** SUMMARY ***
Total pot $2 | Rake $0 
Seat 1: reiyser folded before Flop (didn't bet)
Seat 2: DL1B folded before Flop (didn't bet)
Seat 3: Supermegopro (button) folded before Flop (didn't bet)
Seat 4: UnderC@t (small blind) collected ($2)
Seat 5: Marrceel (big blind) folded before Flop
Seat 6: NISIY folded before Flop (didn't bet)



PokerStars Hand #254518347153:  Hold'em No Limit ($0.50/$1.00 USD) - 2025/01/23 19:55:30 WET [2025/01/23 14:55:30 ET]
Table 'Lesath IV' 6-max Seat #4 is the button
Seat 1: reiyser ($167.17 in chips) 
Seat 2: DL1B ($100 in chips) 
Seat 3: Supermegopro ($121.17 in chips) 
Seat 4: UnderC@t ($101.50 in chips) 
Seat 5: Marrceel ($84.13 in chips) 
Seat 6: NISIY ($100.50 in chips) 
Marrceel: posts small blind $0.50
NISIY: posts big blind $1
*** HOLE CARDS ***
reiyser: folds 
DL1B: folds 
Supermegopro: folds 
UnderC@t: folds 
Marrceel: calls $0.50
NISIY: raises $4 to $5
Marrceel: folds 
Uncalled bet ($4) returned to NISIY
NISIY collected $2 from pot
NISIY: doesn't show hand 
*** SUMMARY ***
Total pot $2 | Rake $0 
Seat 1: reiyser folded before Flop (didn't bet)
Seat 2: DL1B folded before Flop (didn't bet)
Seat 3: Supermegopro folded before Flop (didn't bet)
Seat 4: UnderC@t (button) folded before Flop (didn't bet)
Seat 5: Marrceel (small blind) folded before Flop
Seat 6: NISIY (big blind) collected ($2)



PokerStars Hand #254518350228:  Hold'em No Limit ($0.50/$1.00 USD) - 2025/01/23 19:55:46 WET [2025/01/23 14:55:46 ET]
Table 'Lesath IV' 6-max Seat #5 is the button
Seat 1: reiyser ($167.17 in chips) 
Seat 2: DL1B ($100 in chips) 
Seat 3: Supermegopro ($121.17 in chips) 
Seat 4: UnderC@t ($101.50 in chips) 
Seat 5: Marrceel ($83.13 in chips) 
Seat 6: NISIY ($101.50 in chips) 
NISIY: posts small blind $0.50
reiyser: posts big blind $1
*** HOLE CARDS ***
DL1B: folds 
Supermegopro: raises $1.50 to $2.50
UnderC@t: folds 
Marrceel: folds 
NISIY: folds 
reiyser: calls $1.50
*** FLOP *** [6d 5s 3s]
reiyser: checks 
Supermegopro: checks 
*** TURN *** [6d 5s 3s] [Ah]
reiyser: checks 
Supermegopro: bets $1.72
reiyser: folds 
Uncalled bet ($1.72) returned to Supermegopro
Supermegopro collected $5.22 from pot
Supermegopro: doesn't show hand 
*** SUMMARY ***
Total pot $5.50 | Rake $0.28 
Board [6d 5s 3s Ah]
Seat 1: reiyser (big blind) folded on the Turn
Seat 2: DL1B folded before Flop (didn't bet)
Seat 3: Supermegopro collected ($5.22)
Seat 4: UnderC@t folded before Flop (didn't bet)
Seat 5: Marrceel (button) folded before Flop (didn't bet)
Seat 6: NISIY (small blind) folded before Flop



PokerStars Hand #254518357856:  Hold'em No Limit ($0.50/$1.00 USD) - 2025/01/23 19:56:23 WET [2025/01/23 14:56:23 ET]
Table 'Lesath IV' 6-max Seat #6 is the button
Seat 1: reiyser ($164.67 in chips) 
Seat 2: DL1B ($100 in chips) 
Seat 3: Supermegopro ($123.89 in chips) 
Seat 4: UnderC@t ($101.50 in chips) 
Seat 5: Marrceel ($83.13 in chips) 
Seat 6: NISIY ($101 in chips) 
reiyser: posts small blind $0.50
DL1B: posts big blind $1
*** HOLE CARDS ***
Supermegopro: folds 
UnderC@t: folds 
Marrceel: calls $1
NISIY: folds 
reiyser: folds 
DL1B: checks 
*** FLOP *** [5d 8d 7c]
DL1B: checks 
Marrceel: checks 
*** TURN *** [5d 8d 7c] [Kd]
DL1B: checks 
Marrceel: checks 
*** RIVER *** [5d 8d 7c Kd] [6s]
DL1B: bets $1.81
Marrceel: calls $1.81
*** SHOW DOWN ***
DL1B: shows [Tc 2s] (high card King)
Marrceel: shows [As 4c] (a straight, Four to Eight)
Marrceel collected $5.73 from pot
*** SUMMARY ***
Total pot $6.12 | Rake $0.39 
Board [5d 8d 7c Kd 6s]
Seat 1: reiyser (small blind) folded before Flop
Seat 2: DL1B (big blind) showed [Tc 2s] and lost with high card King
Seat 3: Supermegopro folded before Flop (didn't bet)
Seat 4: UnderC@t folded before Flop (didn't bet)
Seat 5: Marrceel showed [As 4c] and won ($5.73) with a straight, Four to Eight
Seat 6: NISIY (button) folded before Flop (didn't bet)



PokerStars Hand #254518363816:  Hold'em No Limit ($0.50/$1.00 USD) - 2025/01/23 19:56:52 WET [2025/01/23 14:56:52 ET]
Table 'Lesath IV' 6-max Seat #1 is the button
Seat 1: reiyser ($164.17 in chips) 
Seat 2: DL1B ($100 in chips) 
Seat 3: Supermegopro ($123.89 in chips) 
Seat 4: UnderC@t ($101.50 in chips) 
Seat 5: Marrceel ($86.05 in chips) 
Seat 6: NISIY ($101 in chips) 
DL1B: posts small blind $0.50
Supermegopro: posts big blind $1
*** HOLE CARDS ***
UnderC@t: folds 
Marrceel: calls $1
NISIY: raises $3 to $4
reiyser: raises $7 to $11
DL1B: folds 
Supermegopro: folds 
Marrceel: calls $10
NISIY: folds 
*** FLOP *** [6c 2h 6d]
Marrceel: checks 
reiyser: bets $13.58
Marrceel: raises $13.58 to $27.16
reiyser: raises $106.18 to $133.34
Marrceel: calls $47.89 and is all-in
Uncalled bet ($58.29) returned to reiyser
*** TURN *** [6c 2h 6d] [Ts]
*** RIVER *** [6c 2h 6d Ts] [5s]
*** SHOW DOWN ***
Marrceel: shows [Ad Kd] (a pair of Sixes)
reiyser: shows [Js Jc] (two pair, Jacks and Sixes)
reiyser collected $175.10 from pot
*** SUMMARY ***
Total pot $177.60 | Rake $2.50 
Board [6c 2h 6d Ts 5s]
Seat 1: reiyser (button) showed [Js Jc] and won ($175.10) with two pair, Jacks and Sixes
Seat 2: DL1B (small blind) folded before Flop
Seat 3: Supermegopro (big blind) folded before Flop
Seat 4: UnderC@t folded before Flop (didn't bet)
Seat 5: Marrceel showed [Ad Kd] and lost with a pair of Sixes
Seat 6: NISIY folded before Flop



PokerStars Hand #254518380585:  Hold'em No Limit ($0.50/$1.00 USD) - 2025/01/23 19:58:12 WET [2025/01/23 14:58:12 ET]
Table 'Lesath IV' 6-max Seat #2 is the button
Seat 5: Marrceel ($0 in chips) is sitting out
Seat 1: reiyser ($253.22 in chips) 
Seat 2: DL1B ($100 in chips) 
Seat 3: Supermegopro ($122.89 in chips) 
Seat 4: UnderC@t ($101.50 in chips) 
Seat 6: NISIY ($100 in chips) 
Supermegopro: posts small blind $0.50
UnderC@t: posts big blind $1
*** HOLE CARDS ***
NISIY: folds 
reiyser: folds 
DL1B: folds 
Supermegopro: raises $2 to $3
UnderC@t: folds 
Uncalled bet ($2) returned to Supermegopro
Supermegopro collected $2 from pot
Supermegopro: doesn't show hand 
*** SUMMARY ***
Total pot $2 | Rake $0 
Seat 5: Marrceel
Seat 1: reiyser folded before Flop (didn't bet)
Seat 2: DL1B (button) folded before Flop (didn't bet)
Seat 3: Supermegopro (small blind) collected ($2)
Seat 4: UnderC@t (big blind) folded before Flop
Seat 6: NISIY folded before Flop (didn't bet)



PokerStars Hand #254518383879:  Hold'em No Limit ($0.50/$1.00 USD) - 2025/01/23 19:58:28 WET [2025/01/23 14:58:28 ET]
Table 'Lesath IV' 6-max Seat #3 is the button
Seat 5: Marrceel ($0 in chips) is sitting out
Seat 1: reiyser ($253.22 in chips) 
Seat 2: DL1B ($100 in chips) 
Seat 3: Supermegopro ($123.89 in chips) 
Seat 4: UnderC@t ($100.50 in chips) 
Seat 6: NISIY ($100 in chips) 
UnderC@t: posts small blind $0.50
NISIY: posts big blind $1
*** HOLE CARDS ***
reiyser: folds 
DL1B: folds 
Supermegopro: folds 
UnderC@t: folds 
Uncalled bet ($0.50) returned to NISIY
NISIY collected $1 from pot
NISIY: doesn't show hand 
*** SUMMARY ***
Total pot $1 | Rake $0 
Seat 5: Marrceel
Seat 1: reiyser folded before Flop (didn't bet)
Seat 2: DL1B folded before Flop (didn't bet)
Seat 3: Supermegopro (button) folded before Flop (didn't bet)
Seat 4: UnderC@t (small blind) folded before Flop
Seat 6: NISIY (big blind) collected ($1)



PokerStars Hand #254518385365:  Hold'em No Limit ($0.50/$1.00 USD) - 2025/01/23 19:58:35 WET [2025/01/23 14:58:35 ET]
Table 'Lesath IV' 6-max Seat #4 is the button
Seat 5: Marrceel ($0 in chips) is sitting out
Seat 1: reiyser ($253.22 in chips) 
Seat 2: DL1B ($100 in chips) 
Seat 3: Supermegopro ($123.89 in chips) 
Seat 4: UnderC@t ($100 in chips) 
Seat 6: NISIY ($100.50 in chips) 
NISIY: posts small blind $0.50
reiyser: posts big blind $1
*** HOLE CARDS ***
DL1B: folds 
Supermegopro: folds 
UnderC@t: folds 
NISIY: raises $2 to $3
reiyser: folds 
Uncalled bet ($2) returned to NISIY
NISIY collected $2 from pot
NISIY: doesn't show hand 
*** SUMMARY ***
Total pot $2 | Rake $0 
Seat 5: Marrceel
Seat 1: reiyser (big blind) folded before Flop
Seat 2: DL1B folded before Flop (didn't bet)
Seat 3: Supermegopro folded before Flop (didn't bet)
Seat 4: UnderC@t (button) folded before Flop (didn't bet)
Seat 6: NISIY (small blind) collected ($2)



PokerStars Hand #254518388622:  Hold'em No Limit ($0.50/$1.00 USD) - 2025/01/23 19:58:51 WET [2025/01/23 14:58:51 ET]
Table 'Lesath IV' 6-max Seat #6 is the button
Seat 5: Marrceel ($0 in chips) is sitting out
Seat 1: reiyser ($252.22 in chips) 
Seat 2: DL1B ($100 in chips) 
Seat 3: Supermegopro ($123.89 in chips) 
Seat 4: UnderC@t ($100 in chips) 
Seat 6: NISIY ($101.50 in chips) 
reiyser: posts small blind $0.50
DL1B: posts big blind $1
*** HOLE CARDS ***
Supermegopro: folds 
UnderC@t: folds 
NISIY: folds 
reiyser: raises $1.80 to $2.80
DL1B: folds 
Uncalled bet ($1.80) returned to reiyser
reiyser collected $2 from pot
reiyser: doesn't show hand 
*** SUMMARY ***
Total pot $2 | Rake $0 
Seat 5: Marrceel
Seat 1: reiyser (small blind) collected ($2)
Seat 2: DL1B (big blind) folded before Flop
Seat 3: Supermegopro folded before Flop (didn't bet)
Seat 4: UnderC@t folded before Flop (didn't bet)
Seat 6: NISIY (button) folded before Flop (didn't bet)



PokerStars Hand #254518391037:  Hold'em No Limit ($0.50/$1.00 USD) - 2025/01/23 19:59:02 WET [2025/01/23 14:59:02 ET]
Table 'Lesath IV' 6-max Seat #1 is the button
Seat 5: Marrceel ($0 in chips) is sitting out
Seat 1: reiyser ($253.22 in chips) 
Seat 2: DL1B ($100 in chips) 
Seat 3: Supermegopro ($123.89 in chips) 
Seat 4: UnderC@t ($100 in chips) 
Seat 6: NISIY ($101.50 in chips) 
DL1B: posts small blind $0.50
Supermegopro: posts big blind $1
*** HOLE CARDS ***
UnderC@t: folds 
NISIY: raises $1.50 to $2.50
reiyser: folds 
DL1B: folds 
Supermegopro: folds 
Uncalled bet ($1.50) returned to NISIY
NISIY collected $2.50 from pot
NISIY: doesn't show hand 
*** SUMMARY ***
Total pot $2.50 | Rake $0 
Seat 5: Marrceel
Seat 1: reiyser (button) folded before Flop (didn't bet)
Seat 2: DL1B (small blind) folded before Flop
Seat 3: Supermegopro (big blind) folded before Flop
Seat 4: UnderC@t folded before Flop (didn't bet)
Seat 6: NISIY collected ($2.50)



PokerStars Hand #254518394014:  Hold'em No Limit ($0.50/$1.00 USD) - 2025/01/23 19:59:17 WET [2025/01/23 14:59:17 ET]
Table 'Lesath IV' 6-max Seat #2 is the button
Seat 5: Marrceel ($0 in chips) is sitting out
Seat 1: reiyser ($253.22 in chips) 
Seat 2: DL1B ($100 in chips) 
Seat 3: Supermegopro ($122.89 in chips) 
Seat 4: UnderC@t ($100 in chips) 
Seat 6: NISIY ($103 in chips) 
Supermegopro: posts small blind $0.50
UnderC@t: posts big blind $1
*** HOLE CARDS ***
NISIY: folds 
reiyser: raises $1.23 to $2.23
DL1B: folds 
Supermegopro: folds 
UnderC@t: folds 
Uncalled bet ($1.23) returned to reiyser
reiyser collected $2.50 from pot
reiyser: doesn't show hand 
*** SUMMARY ***
Total pot $2.50 | Rake $0 
Seat 5: Marrceel
Seat 1: reiyser collected ($2.50)
Seat 2: DL1B (button) folded before Flop (didn't bet)
Seat 3: Supermegopro (small blind) folded before Flop
Seat 4: UnderC@t (big blind) folded before Flop
Seat 6: NISIY folded before Flop (didn't bet)



PokerStars Hand #254518397856:  Hold'em No Limit ($0.50/$1.00 USD) - 2025/01/23 19:59:35 WET [2025/01/23 14:59:35 ET]
Table 'Lesath IV' 6-max Seat #3 is the button
Seat 5: Marrceel ($0 in chips) is sitting out
Seat 1: reiyser ($254.72 in chips) 
Seat 2: DL1B ($100 in chips) 
Seat 3: Supermegopro ($122.39 in chips) 
Seat 4: UnderC@t ($100 in chips) 
Seat 6: NISIY ($103 in chips) 
UnderC@t: posts small blind $0.50
NISIY: posts big blind $1
*** HOLE CARDS ***
reiyser: folds 
DL1B: folds 
Supermegopro: raises $2 to $3
UnderC@t: raises $8 to $11
NISIY: folds 
Supermegopro: calls $8
*** FLOP *** [5d Js Qh]
UnderC@t: checks 
Supermegopro: checks 
*** TURN *** [5d Js Qh] [Qs]
UnderC@t: bets $10.93
Supermegopro: folds 
Uncalled bet ($10.93) returned to UnderC@t
UnderC@t collected $21.85 from pot
UnderC@t: doesn't show hand 
*** SUMMARY ***
Total pot $23 | Rake $1.15 
Board [5d Js Qh Qs]
Seat 5: Marrceel
Seat 1: reiyser folded before Flop (didn't bet)
Seat 2: DL1B folded before Flop (didn't bet)
Seat 3: Supermegopro (button) folded on the Turn
Seat 4: UnderC@t (small blind) collected ($21.85)
Seat 6: NISIY (big blind) folded before Flop



