PokerStars Hand #254521225340:  Hold'em No Limit ($0.50/$1.00 USD) - 2025/01/23 22:42:30 WET [2025/01/23 17:42:30 ET]
Table 'Naef IV' 6-max Seat #4 is the button
Seat 1: UnRRRReal ($107.34 in chips) 
Seat 3: Supermegopro ($100 in chips) 
Seat 4: CEPTT ($109.10 in chips) 
UnRRRReal: posts small blind $0.50
Supermegopro: posts big blind $1
*** HOLE CARDS ***
CEPTT: raises $1.85 to $2.85
UnRRRReal: folds 
Supermegopro: folds 
Uncalled bet ($1.85) returned to CEPTT
CEPTT collected $2.50 from pot
CEPTT: doesn't show hand 
*** SUMMARY ***
Total pot $2.50 | Rake $0 
Seat 1: UnRRRReal (small blind) folded before Flop
Seat 3: Supermegopro (big blind) folded before Flop
Seat 4: CEPTT (button) collected ($2.50)



PokerStars Hand #254521228232:  Hold'em No Limit ($0.50/$1.00 USD) - 2025/01/23 22:42:40 WET [2025/01/23 17:42:40 ET]
Table 'Naef IV' 6-max Seat #1 is the button
Seat 1: UnRRRReal ($106.84 in chips) 
Seat 3: Supermegopro ($100 in chips) 
Seat 4: CEPTT ($110.60 in chips) 
Supermegopro: posts small blind $0.50
CEPTT: posts big blind $1
*** HOLE CARDS ***
UnRRRReal: folds 
Supermegopro: raises $2 to $3
CEPTT: folds 
Uncalled bet ($2) returned to Supermegopro
Supermegopro collected $2 from pot
Supermegopro: doesn't show hand 
*** SUMMARY ***
Total pot $2 | Rake $0 
Seat 1: UnRRRReal (button) folded before Flop (didn't bet)
Seat 3: Supermegopro (small blind) collected ($2)
Seat 4: CEPTT (big blind) folded before Flop



PokerStars Hand #254521231538:  Hold'em No Limit ($0.50/$1.00 USD) - 2025/01/23 22:42:52 WET [2025/01/23 17:42:52 ET]
Table 'Naef IV' 6-max Seat #3 is the button
Seat 1: UnRRRReal ($106.84 in chips) 
Seat 3: Supermegopro ($101 in chips) 
Seat 4: CEPTT ($109.60 in chips) 
CEPTT: posts small blind $0.50
UnRRRReal: posts big blind $1
*** HOLE CARDS ***
Supermegopro: folds 
CEPTT: raises $2 to $3
UnRRRReal: folds 
Uncalled bet ($2) returned to CEPTT
CEPTT collected $2 from pot
CEPTT: doesn't show hand 
*** SUMMARY ***
Total pot $2 | Rake $0 
Seat 1: UnRRRReal (big blind) folded before Flop
Seat 3: Supermegopro (button) folded before Flop (didn't bet)
Seat 4: CEPTT (small blind) collected ($2)



PokerStars Hand #254521234321:  Hold'em No Limit ($0.50/$1.00 USD) - 2025/01/23 22:43:03 WET [2025/01/23 17:43:03 ET]
Table 'Naef IV' 6-max Seat #4 is the button
Seat 1: UnRRRReal ($105.84 in chips) 
Seat 3: Supermegopro ($101 in chips) 
Seat 4: CEPTT ($110.60 in chips) 
UnRRRReal: posts small blind $0.50
Supermegopro: posts big blind $1
*** HOLE CARDS ***
CEPTT: folds 
UnRRRReal: raises $2 to $3
Supermegopro: calls $2
*** FLOP *** [8h 4s 8s]
UnRRRReal: checks 
Supermegopro: bets $3.80
UnRRRReal: folds 
Uncalled bet ($3.80) returned to Supermegopro
Supermegopro collected $5.70 from pot
Supermegopro: doesn't show hand 
*** SUMMARY ***
Total pot $6 | Rake $0.30 
Board [8h 4s 8s]
Seat 1: UnRRRReal (small blind) folded on the Flop
Seat 3: Supermegopro (big blind) collected ($5.70)
Seat 4: CEPTT (button) folded before Flop (didn't bet)



PokerStars Hand #254521240952:  Hold'em No Limit ($0.50/$1.00 USD) - 2025/01/23 22:43:27 WET [2025/01/23 17:43:27 ET]
Table 'Naef IV' 6-max Seat #1 is the button
Seat 1: UnRRRReal ($102.84 in chips) 
Seat 3: Supermegopro ($103.70 in chips) 
Seat 4: CEPTT ($110.60 in chips) 
Supermegopro: posts small blind $0.50
CEPTT: posts big blind $1
*** HOLE CARDS ***
UnRRRReal: raises $1.50 to $2.50
Supermegopro: folds 
CEPTT: folds 
Uncalled bet ($1.50) returned to UnRRRReal
UnRRRReal collected $2.50 from pot
UnRRRReal: doesn't show hand 
*** SUMMARY ***
Total pot $2.50 | Rake $0 
Seat 1: UnRRRReal (button) collected ($2.50)
Seat 3: Supermegopro (small blind) folded before Flop
Seat 4: CEPTT (big blind) folded before Flop



PokerStars Hand #254521243904:  Hold'em No Limit ($0.50/$1.00 USD) - 2025/01/23 22:43:38 WET [2025/01/23 17:43:38 ET]
Table 'Naef IV' 6-max Seat #3 is the button
Seat 1: UnRRRReal ($104.34 in chips) 
Seat 3: Supermegopro ($103.20 in chips) 
Seat 4: CEPTT ($109.60 in chips) 
CEPTT: posts small blind $0.50
UnRRRReal: posts big blind $1
*** HOLE CARDS ***
Supermegopro: raises $1.50 to $2.50
easy_sarcasm joins the table at seat #6 
DuMaa66 joins the table at seat #5 
nastja336 joins the table at seat #2 
CEPTT: folds 
UnRRRReal: folds 
Uncalled bet ($1.50) returned to Supermegopro
Supermegopro collected $2.50 from pot
Supermegopro: doesn't show hand 
*** SUMMARY ***
Total pot $2.50 | Rake $0 
Seat 1: UnRRRReal (big blind) folded before Flop
Seat 3: Supermegopro (button) collected ($2.50)
Seat 4: CEPTT (small blind) folded before Flop



PokerStars Hand #254521246748:  Hold'em No Limit ($0.50/$1.00 USD) - 2025/01/23 22:43:48 WET [2025/01/23 17:43:48 ET]
Table 'Naef IV' 6-max Seat #4 is the button
Seat 5: DuMaa66 ($100 in chips) is sitting out
Seat 6: easy_sarcasm ($100 in chips) is sitting out
Seat 1: UnRRRReal ($103.34 in chips) 
Seat 2: nastja336 ($100 in chips) 
Seat 3: Supermegopro ($104.70 in chips) 
Seat 4: CEPTT ($109.10 in chips) 
UnRRRReal: posts small blind $0.50
nastja336: posts big blind $1
*** HOLE CARDS ***
Supermegopro: raises $1.50 to $2.50
CEPTT: folds 
UnRRRReal: folds 
nastja336: folds 
Uncalled bet ($1.50) returned to Supermegopro
UnRRRReal leaves the table
Supermegopro collected $2.50 from pot
Supermegopro: doesn't show hand 
*** SUMMARY ***
Total pot $2.50 | Rake $0 
Seat 5: DuMaa66
Seat 6: easy_sarcasm
Seat 1: UnRRRReal (small blind) folded before Flop
Seat 2: nastja336 (big blind) folded before Flop
Seat 3: Supermegopro collected ($2.50)
Seat 4: CEPTT (button) folded before Flop (didn't bet)



PokerStars Hand #254521252647:  Hold'em No Limit ($0.50/$1.00 USD) - 2025/01/23 22:44:10 WET [2025/01/23 17:44:10 ET]
Table 'Naef IV' 6-max Seat #2 is the button
Seat 5: DuMaa66 ($100 in chips) is sitting out
Seat 6: easy_sarcasm ($100 in chips) is sitting out
Seat 2: nastja336 ($100 in chips) 
Seat 3: Supermegopro ($106.20 in chips) 
Seat 4: CEPTT ($109.10 in chips) 
Supermegopro: posts small blind $0.50
CEPTT: posts big blind $1
DuMaa66: sits out 
easy_sarcasm: sits out 
*** HOLE CARDS ***
JUANS2 joins the table at seat #1 
nastja336: folds 
Supermegopro: raises $2 to $3
CEPTT: calls $2
*** FLOP *** [Td Qs 4s]
Supermegopro: checks 
CEPTT: checks 
*** TURN *** [Td Qs 4s] [Kc]
Supermegopro: bets $8.55
CEPTT: folds 
Uncalled bet ($8.55) returned to Supermegopro
Supermegopro collected $5.70 from pot
Supermegopro: doesn't show hand 
*** SUMMARY ***
Total pot $6 | Rake $0.30 
Board [Td Qs 4s Kc]
Seat 5: DuMaa66
Seat 6: easy_sarcasm
Seat 2: nastja336 (button) folded before Flop (didn't bet)
Seat 3: Supermegopro (small blind) collected ($5.70)
Seat 4: CEPTT (big blind) folded on the Turn



PokerStars Hand #254521315888:  Hold'em No Limit ($0.50/$1.00 USD) - 2025/01/23 22:48:01 WET [2025/01/23 17:48:01 ET]
Table 'Naef IV' 6-max Seat #5 is the button
Seat 1: andutu34 ($100 in chips) is sitting out
Seat 6: nastja336 ($100 in chips) is sitting out
Seat 2: tintin641 ($102.70 in chips) 
Seat 3: Supermegopro ($117.92 in chips) 
Seat 4: boydst1 ($100 in chips) 
Seat 5: DuMaa66 ($100 in chips) 
tintin641: posts small blind $0.50
Supermegopro: posts big blind $1
boydst1: posts big blind $1
*** HOLE CARDS ***
boydst1: checks 
DuMaa66: raises $3 to $4
tintin641: folds 
Supermegopro: folds 
boydst1: calls $3
*** FLOP *** [2s 7h Ah]
boydst1: checks 
DuMaa66: bets $2.98
boydst1: calls $2.98
*** TURN *** [2s 7h Ah] [5s]
boydst1: checks 
DuMaa66: bets $11.02
boydst1: raises $12.02 to $23.04
DuMaa66: calls $12.02
*** RIVER *** [2s 7h Ah 5s] [4s]
boydst1: bets $30.27
DuMaa66: folds 
Uncalled bet ($30.27) returned to boydst1
boydst1 collected $60.54 from pot
boydst1: doesn't show hand 
*** SUMMARY ***
Total pot $61.54 | Rake $1 
Board [2s 7h Ah 5s 4s]
Seat 1: andutu34
Seat 6: nastja336
Seat 2: tintin641 (small blind) folded before Flop
Seat 3: Supermegopro (big blind) folded before Flop
Seat 4: boydst1 collected ($60.54)
Seat 5: DuMaa66 (button) folded on the River



PokerStars Hand #254521337417:  Hold'em No Limit ($0.50/$1.00 USD) - 2025/01/23 22:49:22 WET [2025/01/23 17:49:22 ET]
Table 'Naef IV' 6-max Seat #2 is the button
Seat 1: andutu34 ($100 in chips) is sitting out
Seat 6: nastja336 ($100 in chips) is sitting out
Seat 2: tintin641 ($102.20 in chips) 
Seat 3: Supermegopro ($116.92 in chips) 
Seat 4: boydst1 ($130.52 in chips) 
Seat 5: DuMaa66 ($100 in chips) 
Supermegopro: posts small blind $0.50
boydst1: posts big blind $1
nastja336: sits out 
andutu34: sits out 
*** HOLE CARDS ***
DuMaa66: raises $1.50 to $2.50
tintin641: folds 
Supermegopro: folds 
boydst1: calls $1.50
*** FLOP *** [Kh Qd 8d]
boydst1: checks 
DuMaa66: bets $1.72
boydst1: calls $1.72
*** TURN *** [Kh Qd 8d] [7c]
boydst1: checks 
DuMaa66: bets $10.61
boydst1: folds 
Uncalled bet ($10.61) returned to DuMaa66
DuMaa66 collected $8.49 from pot
DuMaa66: doesn't show hand 
*** SUMMARY ***
Total pot $8.94 | Rake $0.45 
Board [Kh Qd 8d 7c]
Seat 1: andutu34
Seat 6: nastja336
Seat 2: tintin641 (button) folded before Flop (didn't bet)
Seat 3: Supermegopro (small blind) folded before Flop
Seat 4: boydst1 (big blind) folded on the Turn
Seat 5: DuMaa66 collected ($8.49)



PokerStars Hand #254521351904:  Hold'em No Limit ($0.50/$1.00 USD) - 2025/01/23 22:50:15 WET [2025/01/23 17:50:15 ET]
Table 'Naef IV' 6-max Seat #3 is the button
Seat 1: andutu34 ($100 in chips) is sitting out
Seat 6: nastja336 ($100 in chips) is sitting out
Seat 2: tintin641 ($102.20 in chips) 
Seat 3: Supermegopro ($116.42 in chips) 
Seat 4: boydst1 ($126.30 in chips) 
Seat 5: DuMaa66 ($104.27 in chips) 
boydst1: posts small blind $0.50
DuMaa66: posts big blind $1
nastja336: sits out 
andutu34: sits out 
*** HOLE CARDS ***
tintin641: folds 
Supermegopro: folds 
boydst1: calls $0.50
DuMaa66: raises $3 to $4
boydst1: calls $3
*** FLOP *** [Ks 4c Jh]
boydst1: checks 
DuMaa66: bets $2.51
boydst1: calls $2.51
*** TURN *** [Ks 4c Jh] [2c]
boydst1: checks 
DuMaa66: bets $9.28
boydst1: calls $9.28
*** RIVER *** [Ks 4c Jh 2c] [9d]
boydst1: bets $15.29
DuMaa66: folds 
Uncalled bet ($15.29) returned to boydst1
boydst1 collected $30.58 from pot
boydst1: doesn't show hand 
*** SUMMARY ***
Total pot $31.58 | Rake $1 
Board [Ks 4c Jh 2c 9d]
Seat 1: andutu34
Seat 6: nastja336
Seat 2: tintin641 folded before Flop (didn't bet)
Seat 3: Supermegopro (button) folded before Flop (didn't bet)
Seat 4: boydst1 (small blind) collected ($30.58)
Seat 5: DuMaa66 (big blind) folded on the River



PokerStars Hand #254521372542:  Hold'em No Limit ($0.50/$1.00 USD) - 2025/01/23 22:51:32 WET [2025/01/23 17:51:32 ET]
Table 'Naef IV' 6-max Seat #4 is the button
Seat 1: andutu34 ($100 in chips) is sitting out
Seat 2: tintin641 ($102.20 in chips) 
Seat 3: Supermegopro ($116.42 in chips) 
Seat 4: boydst1 ($141.09 in chips) 
Seat 5: DuMaa66 ($100 in chips) 
Seat 6: nastja336 ($100 in chips) 
DuMaa66: posts small blind $0.50
nastja336: posts big blind $1
andutu34: sits out 
*** HOLE CARDS ***
tintin641: folds 
Supermegopro: folds 
boydst1: folds 
DuMaa66: folds 
Uncalled bet ($0.50) returned to nastja336
nastja336 collected $1 from pot
nastja336: doesn't show hand 
*** SUMMARY ***
Total pot $1 | Rake $0 
Seat 1: andutu34
Seat 2: tintin641 folded before Flop (didn't bet)
Seat 3: Supermegopro folded before Flop (didn't bet)
Seat 4: boydst1 (button) folded before Flop (didn't bet)
Seat 5: DuMaa66 (small blind) folded before Flop
Seat 6: nastja336 (big blind) collected ($1)



PokerStars Hand #254521375025:  Hold'em No Limit ($0.50/$1.00 USD) - 2025/01/23 22:51:41 WET [2025/01/23 17:51:41 ET]
Table 'Naef IV' 6-max Seat #5 is the button
Seat 1: andutu34 ($100 in chips) 
Seat 2: tintin641 ($102.20 in chips) 
Seat 3: Supermegopro ($116.42 in chips) 
Seat 4: boydst1 ($141.09 in chips) 
Seat 5: DuMaa66 ($100 in chips) 
Seat 6: nastja336 ($100.50 in chips) 
nastja336: posts small blind $0.50
andutu34: posts big blind $1
*** HOLE CARDS ***
tintin641: folds 
Supermegopro: folds 
boydst1: folds 
DuMaa66: raises $1.50 to $2.50
nastja336: folds 
andutu34: raises $10.50 to $13
DuMaa66: folds 
Uncalled bet ($10.50) returned to andutu34
nastja336 leaves the table
andutu34 collected $5.50 from pot
andutu34: doesn't show hand 
michasia joins the table at seat #6 
*** SUMMARY ***
Total pot $5.50 | Rake $0 
Seat 1: andutu34 (big blind) collected ($5.50)
Seat 2: tintin641 folded before Flop (didn't bet)
Seat 3: Supermegopro folded before Flop (didn't bet)
Seat 4: boydst1 folded before Flop (didn't bet)
Seat 5: DuMaa66 (button) folded before Flop
Seat 6: nastja336 (small blind) folded before Flop



PokerStars Hand #254521381217:  Hold'em No Limit ($0.50/$1.00 USD) - 2025/01/23 22:52:05 WET [2025/01/23 17:52:05 ET]
Table 'Naef IV' 6-max Seat #1 is the button
Seat 6: michasia ($100 in chips) is sitting out
Seat 1: andutu34 ($103 in chips) 
Seat 2: tintin641 ($102.20 in chips) 
Seat 3: Supermegopro ($116.42 in chips) 
Seat 4: boydst1 ($141.09 in chips) 
Seat 5: DuMaa66 ($100 in chips) 
tintin641: posts small blind $0.50
Supermegopro: posts big blind $1
michasia: sits out 
*** HOLE CARDS ***
boydst1: folds 
DuMaa66: folds 
andutu34: folds 
tintin641: folds 
Uncalled bet ($0.50) returned to Supermegopro
Supermegopro collected $1 from pot
Supermegopro: doesn't show hand 
*** SUMMARY ***
Total pot $1 | Rake $0 
Seat 6: michasia
Seat 1: andutu34 (button) folded before Flop (didn't bet)
Seat 2: tintin641 (small blind) folded before Flop
Seat 3: Supermegopro (big blind) collected ($1)
Seat 4: boydst1 folded before Flop (didn't bet)
Seat 5: DuMaa66 folded before Flop (didn't bet)



PokerStars Hand #254521385792:  Hold'em No Limit ($0.50/$1.00 USD) - 2025/01/23 22:52:22 WET [2025/01/23 17:52:22 ET]
Table 'Naef IV' 6-max Seat #2 is the button
Seat 6: michasia ($100 in chips) is sitting out
Seat 1: andutu34 ($103 in chips) 
Seat 2: tintin641 ($101.70 in chips) 
Seat 3: Supermegopro ($116.92 in chips) 
Seat 4: boydst1 ($141.09 in chips) 
Seat 5: DuMaa66 ($100 in chips) 
Supermegopro: posts small blind $0.50
boydst1: posts big blind $1
michasia: sits out 
*** HOLE CARDS ***
DuMaa66: raises $1.50 to $2.50
andutu34: folds 
tintin641: folds 
Supermegopro: calls $2
boydst1: calls $1.50
*** FLOP *** [Jc Jd Ad]
Supermegopro: checks 
boydst1: checks 
DuMaa66: bets $2.35
Supermegopro: folds 
boydst1: folds 
Uncalled bet ($2.35) returned to DuMaa66
DuMaa66 collected $7.12 from pot
DuMaa66: doesn't show hand 
*** SUMMARY ***
Total pot $7.50 | Rake $0.38 
Board [Jc Jd Ad]
Seat 6: michasia
Seat 1: andutu34 folded before Flop (didn't bet)
Seat 2: tintin641 (button) folded before Flop (didn't bet)
Seat 3: Supermegopro (small blind) folded on the Flop
Seat 4: boydst1 (big blind) folded on the Flop
Seat 5: DuMaa66 collected ($7.12)



PokerStars Hand #254521394821:  Hold'em No Limit ($0.50/$1.00 USD) - 2025/01/23 22:52:56 WET [2025/01/23 17:52:56 ET]
Table 'Naef IV' 6-max Seat #3 is the button
Seat 6: michasia ($100 in chips) is sitting out
Seat 1: andutu34 ($103 in chips) 
Seat 2: tintin641 ($101.70 in chips) 
Seat 3: Supermegopro ($114.42 in chips) 
Seat 4: boydst1 ($138.59 in chips) 
Seat 5: DuMaa66 ($104.62 in chips) 
boydst1: posts small blind $0.50
DuMaa66: posts big blind $1
michasia: sits out 
*** HOLE CARDS ***
andutu34: folds 
tintin641: folds 
Supermegopro: folds 
boydst1: folds 
Uncalled bet ($0.50) returned to DuMaa66
DuMaa66 collected $1 from pot
DuMaa66: doesn't show hand 
*** SUMMARY ***
Total pot $1 | Rake $0 
Seat 6: michasia
Seat 1: andutu34 folded before Flop (didn't bet)
Seat 2: tintin641 folded before Flop (didn't bet)
Seat 3: Supermegopro (button) folded before Flop (didn't bet)
Seat 4: boydst1 (small blind) folded before Flop
Seat 5: DuMaa66 (big blind) collected ($1)



PokerStars Hand #254521398511:  Hold'em No Limit ($0.50/$1.00 USD) - 2025/01/23 22:53:10 WET [2025/01/23 17:53:10 ET]
Table 'Naef IV' 6-max Seat #4 is the button
Seat 1: andutu34 ($103 in chips) 
Seat 2: tintin641 ($101.70 in chips) 
Seat 3: Supermegopro ($114.42 in chips) 
Seat 4: boydst1 ($138.09 in chips) 
Seat 5: DuMaa66 ($105.12 in chips) 
Seat 6: michasia ($100 in chips) 
DuMaa66: posts small blind $0.50
michasia: posts big blind $1
*** HOLE CARDS ***
andutu34: folds 
tintin641: folds 
Supermegopro: raises $1.50 to $2.50
boydst1: folds 
DuMaa66: folds 
michasia: raises $9.50 to $12
Supermegopro: folds 
Uncalled bet ($9.50) returned to michasia
michasia collected $5.50 from pot
michasia: doesn't show hand 
*** SUMMARY ***
Total pot $5.50 | Rake $0 
Seat 1: andutu34 folded before Flop (didn't bet)
Seat 2: tintin641 folded before Flop (didn't bet)
Seat 3: Supermegopro folded before Flop
Seat 4: boydst1 (button) folded before Flop (didn't bet)
Seat 5: DuMaa66 (small blind) folded before Flop
Seat 6: michasia (big blind) collected ($5.50)



PokerStars Hand #254521403672:  Hold'em No Limit ($0.50/$1.00 USD) - 2025/01/23 22:53:29 WET [2025/01/23 17:53:29 ET]
Table 'Naef IV' 6-max Seat #5 is the button
Seat 1: andutu34 ($103 in chips) 
Seat 2: tintin641 ($101.70 in chips) 
Seat 3: Supermegopro ($111.92 in chips) 
Seat 4: boydst1 ($138.09 in chips) 
Seat 5: DuMaa66 ($104.62 in chips) 
Seat 6: michasia ($103 in chips) 
michasia: posts small blind $0.50
andutu34: posts big blind $1
*** HOLE CARDS ***
tintin641: folds 
Supermegopro: folds 
boydst1: folds 
DuMaa66: raises $1.50 to $2.50
michasia: folds 
andutu34: calls $1.50
*** FLOP *** [6s Th Jh]
andutu34: checks 
DuMaa66: checks 
*** TURN *** [6s Th Jh] [3s]
andutu34: bets $7.83
DuMaa66: folds 
Uncalled bet ($7.83) returned to andutu34
andutu34 collected $5.22 from pot
andutu34: doesn't show hand 
*** SUMMARY ***
Total pot $5.50 | Rake $0.28 
Board [6s Th Jh 3s]
Seat 1: andutu34 (big blind) collected ($5.22)
Seat 2: tintin641 folded before Flop (didn't bet)
Seat 3: Supermegopro folded before Flop (didn't bet)
Seat 4: boydst1 folded before Flop (didn't bet)
Seat 5: DuMaa66 (button) folded on the Turn
Seat 6: michasia (small blind) folded before Flop



PokerStars Hand #254521420264:  Hold'em No Limit ($0.50/$1.00 USD) - 2025/01/23 22:54:33 WET [2025/01/23 17:54:33 ET]
Table 'Naef IV' 6-max Seat #6 is the button
Seat 1: andutu34 ($105.72 in chips) 
Seat 2: tintin641 ($101.70 in chips) 
Seat 3: Supermegopro ($111.92 in chips) 
Seat 4: boydst1 ($138.09 in chips) 
Seat 5: DuMaa66 ($102.12 in chips) 
Seat 6: michasia ($102.50 in chips) 
andutu34: posts small blind $0.50
tintin641: posts big blind $1
*** HOLE CARDS ***
Supermegopro: raises $1.50 to $2.50
boydst1: folds 
DuMaa66: folds 
michasia: folds 
andutu34: folds 
tintin641: folds 
Uncalled bet ($1.50) returned to Supermegopro
Supermegopro collected $2.50 from pot
Supermegopro: doesn't show hand 
*** SUMMARY ***
Total pot $2.50 | Rake $0 
Seat 1: andutu34 (small blind) folded before Flop
Seat 2: tintin641 (big blind) folded before Flop
Seat 3: Supermegopro collected ($2.50)
Seat 4: boydst1 folded before Flop (didn't bet)
Seat 5: DuMaa66 folded before Flop (didn't bet)
Seat 6: michasia (button) folded before Flop (didn't bet)



PokerStars Hand #254521426557:  Hold'em No Limit ($0.50/$1.00 USD) - 2025/01/23 22:54:56 WET [2025/01/23 17:54:56 ET]
Table 'Naef IV' 6-max Seat #1 is the button
Seat 1: andutu34 ($105.22 in chips) 
Seat 2: tintin641 ($100.70 in chips) 
Seat 3: Supermegopro ($113.42 in chips) 
Seat 4: boydst1 ($138.09 in chips) 
Seat 5: DuMaa66 ($102.12 in chips) 
Seat 6: michasia ($102.50 in chips) 
tintin641: posts small blind $0.50
Supermegopro: posts big blind $1
*** HOLE CARDS ***
boydst1: raises $1 to $2
DuMaa66: folds 
michasia: raises $4 to $6
andutu34: folds 
tintin641: folds 
Supermegopro: folds 
boydst1: calls $4
*** FLOP *** [9s 4h 8c]
boydst1: checks 
michasia: bets $4.23
boydst1: folds 
Uncalled bet ($4.23) returned to michasia
michasia collected $12.82 from pot
michasia: doesn't show hand 
*** SUMMARY ***
Total pot $13.50 | Rake $0.68 
Board [9s 4h 8c]
Seat 1: andutu34 (button) folded before Flop (didn't bet)
Seat 2: tintin641 (small blind) folded before Flop
Seat 3: Supermegopro (big blind) folded before Flop
Seat 4: boydst1 folded on the Flop
Seat 5: DuMaa66 folded before Flop (didn't bet)
Seat 6: michasia collected ($12.82)



PokerStars Hand #254521435519:  Hold'em No Limit ($0.50/$1.00 USD) - 2025/01/23 22:55:37 WET [2025/01/23 17:55:37 ET]
Table 'Naef IV' 6-max Seat #2 is the button
Seat 1: andutu34 ($105.22 in chips) 
Seat 2: tintin641 ($100.20 in chips) 
Seat 3: Supermegopro ($112.42 in chips) 
Seat 4: boydst1 ($132.09 in chips) 
Seat 5: DuMaa66 ($102.12 in chips) 
Seat 6: michasia ($109.32 in chips) 
Supermegopro: posts small blind $0.50
boydst1: posts big blind $1
*** HOLE CARDS ***
DuMaa66: folds 
michasia: folds 
andutu34: folds 
tintin641: folds 
Supermegopro: raises $1.50 to $2.50
boydst1: calls $1.50
*** FLOP *** [Jd Qc 6c]
Supermegopro: bets $1.57
boydst1: calls $1.57
*** TURN *** [Jd Qc 6c] [Jc]
Supermegopro: bets $1.93
boydst1: raises $5.80 to $7.73
Supermegopro: folds 
Uncalled bet ($5.80) returned to boydst1
boydst1 collected $11.40 from pot
boydst1: doesn't show hand 
*** SUMMARY ***
Total pot $12 | Rake $0.60 
Board [Jd Qc 6c Jc]
Seat 1: andutu34 folded before Flop (didn't bet)
Seat 2: tintin641 (button) folded before Flop (didn't bet)
Seat 3: Supermegopro (small blind) folded on the Turn
Seat 4: boydst1 (big blind) collected ($11.40)
Seat 5: DuMaa66 folded before Flop (didn't bet)
Seat 6: michasia folded before Flop (didn't bet)



PokerStars Hand #254521442420:  Hold'em No Limit ($0.50/$1.00 USD) - 2025/01/23 22:56:12 WET [2025/01/23 17:56:12 ET]
Table 'Naef IV' 6-max Seat #3 is the button
Seat 1: andutu34 ($105.22 in chips) 
Seat 2: tintin641 ($100.20 in chips) 
Seat 3: Supermegopro ($106.42 in chips) 
Seat 4: boydst1 ($137.49 in chips) 
Seat 5: DuMaa66 ($102.12 in chips) 
Seat 6: michasia ($109.32 in chips) 
boydst1: posts small blind $0.50
DuMaa66: posts big blind $1
*** HOLE CARDS ***
michasia: folds 
andutu34: folds 
tintin641: folds 
Supermegopro: raises $1.50 to $2.50
boydst1: folds 
DuMaa66: calls $1.50
*** FLOP *** [2s Qs Td]
DuMaa66: checks 
Supermegopro: checks 
*** TURN *** [2s Qs Td] [3s]
DuMaa66: bets $6.53
Supermegopro: folds 
Uncalled bet ($6.53) returned to DuMaa66
DuMaa66 collected $5.22 from pot
DuMaa66: doesn't show hand 
*** SUMMARY ***
Total pot $5.50 | Rake $0.28 
Board [2s Qs Td 3s]
Seat 1: andutu34 folded before Flop (didn't bet)
Seat 2: tintin641 folded before Flop (didn't bet)
Seat 3: Supermegopro (button) folded on the Turn
Seat 4: boydst1 (small blind) folded before Flop
Seat 5: DuMaa66 (big blind) collected ($5.22)
Seat 6: michasia folded before Flop (didn't bet)



PokerStars Hand #254521448307:  Hold'em No Limit ($0.50/$1.00 USD) - 2025/01/23 22:56:42 WET [2025/01/23 17:56:42 ET]
Table 'Naef IV' 6-max Seat #4 is the button
Seat 1: andutu34 ($105.22 in chips) 
Seat 2: tintin641 ($100.20 in chips) 
Seat 3: Supermegopro ($103.92 in chips) 
Seat 4: boydst1 ($136.99 in chips) 
Seat 5: DuMaa66 ($104.84 in chips) 
Seat 6: michasia ($109.32 in chips) 
DuMaa66: posts small blind $0.50
michasia: posts big blind $1
*** HOLE CARDS ***
andutu34: folds 
tintin641: folds 
Supermegopro: folds 
boydst1: folds 
DuMaa66: folds 
Uncalled bet ($0.50) returned to michasia
michasia collected $1 from pot
michasia: doesn't show hand 
*** SUMMARY ***
Total pot $1 | Rake $0 
Seat 1: andutu34 folded before Flop (didn't bet)
Seat 2: tintin641 folded before Flop (didn't bet)
Seat 3: Supermegopro folded before Flop (didn't bet)
Seat 4: boydst1 (button) folded before Flop (didn't bet)
Seat 5: DuMaa66 (small blind) folded before Flop
Seat 6: michasia (big blind) collected ($1)



PokerStars Hand #254521451396:  Hold'em No Limit ($0.50/$1.00 USD) - 2025/01/23 22:56:58 WET [2025/01/23 17:56:58 ET]
Table 'Naef IV' 6-max Seat #5 is the button
Seat 1: andutu34 ($105.22 in chips) is sitting out
Seat 2: tintin641 ($100.20 in chips) 
Seat 3: Supermegopro ($103.92 in chips) 
Seat 4: boydst1 ($136.99 in chips) 
Seat 5: DuMaa66 ($104.34 in chips) 
Seat 6: michasia ($109.82 in chips) 
michasia: posts small blind $0.50
andutu34: is sitting out 
tintin641: posts big blind $1
*** HOLE CARDS ***
andutu34 leaves the table
Supermegopro: raises $1.50 to $2.50
boydst1: folds 
DuMaa66: folds 
michasia: folds 
tintin641: folds 
Uncalled bet ($1.50) returned to Supermegopro
Supermegopro collected $2.50 from pot
Supermegopro: doesn't show hand 
Sadyhov V.V. joins the table at seat #1 
*** SUMMARY ***
Total pot $2.50 | Rake $0 
Seat 1: andutu34
Seat 2: tintin641 (big blind) folded before Flop
Seat 3: Supermegopro collected ($2.50)
Seat 4: boydst1 folded before Flop (didn't bet)
Seat 5: DuMaa66 (button) folded before Flop (didn't bet)
Seat 6: michasia (small blind) folded before Flop



PokerStars Hand #254521454069:  Hold'em No Limit ($0.50/$1.00 USD) - 2025/01/23 22:57:11 WET [2025/01/23 17:57:11 ET]
Table 'Naef IV' 6-max Seat #6 is the button
Seat 1: Sadyhov V.V. ($100 in chips) is sitting out
Seat 2: tintin641 ($100 in chips) 
Seat 3: Supermegopro ($105.42 in chips) 
Seat 4: boydst1 ($136.99 in chips) 
Seat 5: DuMaa66 ($104.34 in chips) 
Seat 6: michasia ($109.32 in chips) 
tintin641: posts small blind $0.50
Supermegopro: posts big blind $1
*** HOLE CARDS ***
boydst1: folds 
DuMaa66: raises $1.50 to $2.50
michasia: folds 
tintin641: folds 
Supermegopro: folds 
Uncalled bet ($1.50) returned to DuMaa66
DuMaa66 collected $2.50 from pot
DuMaa66: doesn't show hand 
*** SUMMARY ***
Total pot $2.50 | Rake $0 
Seat 1: Sadyhov V.V.
Seat 2: tintin641 (small blind) folded before Flop
Seat 3: Supermegopro (big blind) folded before Flop
Seat 4: boydst1 folded before Flop (didn't bet)
Seat 5: DuMaa66 collected ($2.50)
Seat 6: michasia (button) folded before Flop (didn't bet)



PokerStars Hand #254521456538:  Hold'em No Limit ($0.50/$1.00 USD) - 2025/01/23 22:57:24 WET [2025/01/23 17:57:24 ET]
Table 'Naef IV' 6-max Seat #2 is the button
Seat 1: Sadyhov V.V. ($100 in chips) is sitting out
Seat 2: tintin641 ($100 in chips) 
Seat 3: Supermegopro ($104.42 in chips) 
Seat 4: boydst1 ($136.99 in chips) 
Seat 5: DuMaa66 ($105.84 in chips) 
Seat 6: michasia ($109.32 in chips) 
Supermegopro: posts small blind $0.50
boydst1: posts big blind $1
Sadyhov V.V.: sits out 
*** HOLE CARDS ***
DuMaa66: raises $1.50 to $2.50
michasia: folds 
tintin641: folds 
Supermegopro: folds 
boydst1: calls $1.50
*** FLOP *** [6c Ah 7h]
boydst1: checks 
DuMaa66: bets $1.72
boydst1: calls $1.72
*** TURN *** [6c Ah 7h] [2s]
boydst1: checks 
DuMaa66: bets $10.61
boydst1: raises $10.61 to $21.22
DuMaa66: folds 
Uncalled bet ($10.61) returned to boydst1
boydst1 collected $28.65 from pot
boydst1: doesn't show hand 
*** SUMMARY ***
Total pot $30.16 | Rake $1.51 
Board [6c Ah 7h 2s]
Seat 1: Sadyhov V.V.
Seat 2: tintin641 (button) folded before Flop (didn't bet)
Seat 3: Supermegopro (small blind) folded before Flop
Seat 4: boydst1 (big blind) collected ($28.65)
Seat 5: DuMaa66 folded on the Turn
Seat 6: michasia folded before Flop (didn't bet)



PokerStars Hand #254521467095:  Hold'em No Limit ($0.50/$1.00 USD) - 2025/01/23 22:58:17 WET [2025/01/23 17:58:17 ET]
Table 'Naef IV' 6-max Seat #3 is the button
Seat 1: Sadyhov V.V. ($100 in chips) is sitting out
Seat 5: DuMaa66 ($100 in chips) is sitting out
Seat 2: tintin641 ($100 in chips) 
Seat 3: Supermegopro ($103.92 in chips) 
Seat 4: boydst1 ($150.81 in chips) 
Seat 6: michasia ($109.32 in chips) 
boydst1: posts small blind $0.50
DuMaa66: is sitting out 
michasia: posts big blind $1
Sadyhov V.V.: sits out 
*** HOLE CARDS ***
tintin641: folds 
DuMaa66 leaves the table
Supermegopro: raises $1.50 to $2.50
boydst1: calls $2
michasia: folds 
*** FLOP *** [5s Th Td]
boydst1: checks 
Supermegopro: bets $1.88
boydst1: calls $1.88
*** TURN *** [5s Th Td] [Jc]
Mr_Dick666 joins the table at seat #5 
boydst1: bets $4.64
Supermegopro: folds 
Uncalled bet ($4.64) returned to boydst1
boydst1 collected $9.27 from pot
boydst1: doesn't show hand 
*** SUMMARY ***
Total pot $9.76 | Rake $0.49 
Board [5s Th Td Jc]
Seat 1: Sadyhov V.V.
Seat 5: DuMaa66
Seat 2: tintin641 folded before Flop (didn't bet)
Seat 3: Supermegopro (button) folded on the Turn
Seat 4: boydst1 (small blind) collected ($9.27)
Seat 6: michasia (big blind) folded before Flop



PokerStars Hand #254521473912:  Hold'em No Limit ($0.50/$1.00 USD) - 2025/01/23 22:58:53 WET [2025/01/23 17:58:53 ET]
Table 'Naef IV' 6-max Seat #4 is the button
Seat 5: Mr_Dick666 ($100 in chips) is sitting out
Seat 1: Sadyhov V.V. ($100 in chips) 
Seat 2: tintin641 ($100 in chips) 
Seat 3: Supermegopro ($100 in chips) 
Seat 4: boydst1 ($155.70 in chips) 
Seat 6: michasia ($108.32 in chips) 
michasia: posts small blind $0.50
Sadyhov V.V.: posts big blind $1
*** HOLE CARDS ***
tintin641: folds 
Supermegopro: raises $1.50 to $2.50
boydst1: calls $2.50
michasia: folds 
Sadyhov V.V.: calls $1.50
*** FLOP *** [Jd 9d 5d]
Sadyhov V.V.: checks 
Supermegopro: checks 
boydst1: checks 
*** TURN *** [Jd 9d 5d] [8d]
Sadyhov V.V.: bets $4.18
Supermegopro: folds 
boydst1: folds 
Uncalled bet ($4.18) returned to Sadyhov V.V.
Sadyhov V.V. collected $7.60 from pot
Sadyhov V.V.: doesn't show hand 
*** SUMMARY ***
Total pot $8 | Rake $0.40 
Board [Jd 9d 5d 8d]
Seat 5: Mr_Dick666
Seat 1: Sadyhov V.V. (big blind) collected ($7.60)
Seat 2: tintin641 folded before Flop (didn't bet)
Seat 3: Supermegopro folded on the Turn
Seat 4: boydst1 (button) folded on the Turn
Seat 6: michasia (small blind) folded before Flop



PokerStars Hand #254521482167:  Hold'em No Limit ($0.50/$1.00 USD) - 2025/01/23 22:59:35 WET [2025/01/23 17:59:35 ET]
Table 'Naef IV' 6-max Seat #6 is the button
Seat 5: Mr_Dick666 ($100 in chips) is sitting out
Seat 1: Sadyhov V.V. ($105.10 in chips) 
Seat 2: tintin641 ($100 in chips) 
Seat 3: Supermegopro ($100 in chips) 
Seat 4: boydst1 ($153.20 in chips) 
Seat 6: michasia ($107.82 in chips) 
Sadyhov V.V.: posts small blind $0.50
tintin641: posts big blind $1
Mr_Dick666: sits out 
*** HOLE CARDS ***
Supermegopro: folds 
boydst1: folds 
michasia: folds 
Sadyhov V.V.: calls $0.50
tintin641: raises $3 to $4
Sadyhov V.V.: calls $3
*** FLOP *** [6s 7s As]
Sadyhov V.V.: checks 
tintin641: bets $2.51
Sadyhov V.V.: calls $2.51
*** TURN *** [6s 7s As] [5h]
Sadyhov V.V.: checks 
tintin641: checks 
*** RIVER *** [6s 7s As 5h] [9h]
Sadyhov V.V.: checks 
tintin641: checks 
*** SHOW DOWN ***
Sadyhov V.V.: shows [4d 4s] (a pair of Fours)
tintin641: shows [Tc 9c] (a pair of Nines)
tintin641 collected $12.37 from pot
*** SUMMARY ***
Total pot $13.02 | Rake $0.65 
Board [6s 7s As 5h 9h]
Seat 5: Mr_Dick666
Seat 1: Sadyhov V.V. (small blind) showed [4d 4s] and lost with a pair of Fours
Seat 2: tintin641 (big blind) showed [Tc 9c] and won ($12.37) with a pair of Nines
Seat 3: Supermegopro folded before Flop (didn't bet)
Seat 4: boydst1 folded before Flop (didn't bet)
Seat 6: michasia (button) folded before Flop (didn't bet)



