PokerStars Hand #254511109238:  Hold'em No Limit ($0.50/$1.00 USD) - 2025/01/23 5:34:48 WET [2025/01/23 0:34:48 ET]
Table 'Mirach IV' 6-max Seat #2 is the button
Seat 4: stevoooo34 ($0 in chips) is sitting out
Seat 1: philippians211 ($91.16 in chips) 
Seat 2: pr0tecto ($102.98 in chips) 
Seat 3: Xenicide ($110.78 in chips) 
Seat 5: 7bekon7 ($124.09 in chips) 
Seat 6: $triker_BLR ($100 in chips) 
Xenicide: posts small blind $0.50
7bekon7: posts big blind $1
*** HOLE CARDS ***
$triker_BLR: folds 
philippians211: folds 
pr0tecto: raises $2 to $3
Xenicide: folds 
7bekon7: calls $2
*** FLOP *** [8h 7c 9s]
7bekon7: checks 
pr0tecto: checks 
*** TURN *** [8h 7c 9s] [Qh]
7bekon7: bets $3.09
pr0tecto: folds 
Uncalled bet ($3.09) returned to 7bekon7
7bekon7 collected $6.18 from pot
7bekon7: doesn't show hand 
*** SUMMARY ***
Total pot $6.50 | Rake $0.32 
Board [8h 7c 9s Qh]
Seat 4: stevoooo34
Seat 1: philippians211 folded before Flop (didn't bet)
Seat 2: pr0tecto (button) folded on the Turn
Seat 3: Xenicide (small blind) folded before Flop
Seat 5: 7bekon7 (big blind) collected ($6.18)
Seat 6: $triker_BLR folded before Flop (didn't bet)



PokerStars Hand #254511114001:  Hold'em No Limit ($0.50/$1.00 USD) - 2025/01/23 5:35:45 WET [2025/01/23 0:35:45 ET]
Table 'Mirach IV' 6-max Seat #3 is the button
Seat 4: stevoooo34 ($0 in chips) is sitting out
Seat 1: philippians211 ($91.16 in chips) 
Seat 2: pr0tecto ($99.98 in chips) 
Seat 3: Xenicide ($110.28 in chips) 
Seat 5: 7bekon7 ($127.27 in chips) 
Seat 6: $triker_BLR ($100 in chips) 
7bekon7: posts small blind $0.50
$triker_BLR: posts big blind $1
*** HOLE CARDS ***
philippians211: folds 
pr0tecto: folds 
Xenicide: raises $1.25 to $2.25
7bekon7: folds 
$triker_BLR: folds 
Uncalled bet ($1.25) returned to Xenicide
Xenicide collected $2.50 from pot
*** SUMMARY ***
Total pot $2.50 | Rake $0 
Seat 4: stevoooo34
Seat 1: philippians211 folded before Flop (didn't bet)
Seat 2: pr0tecto folded before Flop (didn't bet)
Seat 3: Xenicide (button) collected ($2.50)
Seat 5: 7bekon7 (small blind) folded before Flop
Seat 6: $triker_BLR (big blind) folded before Flop



PokerStars Hand #254511115770:  Hold'em No Limit ($0.50/$1.00 USD) - 2025/01/23 5:36:08 WET [2025/01/23 0:36:08 ET]
Table 'Mirach IV' 6-max Seat #5 is the button
Seat 4: stevoooo34 ($0 in chips) is sitting out
Seat 1: philippians211 ($91.16 in chips) 
Seat 2: pr0tecto ($99.98 in chips) 
Seat 3: Xenicide ($111.78 in chips) 
Seat 5: 7bekon7 ($126.77 in chips) 
Seat 6: $triker_BLR ($100 in chips) 
$triker_BLR: posts small blind $0.50
philippians211: posts big blind $1
*** HOLE CARDS ***
pr0tecto: folds 
Xenicide: raises $1 to $2
7bekon7: folds 
$triker_BLR: raises $8.50 to $10.50
philippians211: folds 
Xenicide: folds 
Uncalled bet ($8.50) returned to $triker_BLR
$triker_BLR collected $5 from pot
$triker_BLR: doesn't show hand 
*** SUMMARY ***
Total pot $5 | Rake $0 
Seat 4: stevoooo34
Seat 1: philippians211 (big blind) folded before Flop
Seat 2: pr0tecto folded before Flop (didn't bet)
Seat 3: Xenicide folded before Flop
Seat 5: 7bekon7 (button) folded before Flop (didn't bet)
Seat 6: $triker_BLR (small blind) collected ($5)



PokerStars Hand #254511118563:  Hold'em No Limit ($0.50/$1.00 USD) - 2025/01/23 5:36:42 WET [2025/01/23 0:36:42 ET]
Table 'Mirach IV' 6-max Seat #6 is the button
Seat 4: stevoooo34 ($0 in chips) is sitting out
Seat 1: philippians211 ($90.16 in chips) 
Seat 2: pr0tecto ($99.98 in chips) 
Seat 3: Xenicide ($109.78 in chips) 
Seat 5: 7bekon7 ($126.77 in chips) 
Seat 6: $triker_BLR ($103 in chips) 
philippians211: posts small blind $0.50
pr0tecto: posts big blind $1
*** HOLE CARDS ***
Xenicide: raises $1 to $2
7bekon7: folds 
$triker_BLR: folds 
philippians211: calls $1.50
pr0tecto: folds 
*** FLOP *** [6s 7h Jc]
philippians211: checks 
Xenicide: bets $1.19
philippians211: calls $1.19
*** TURN *** [6s 7h Jc] [Qd]
philippians211: checks 
Xenicide: checks 
*** RIVER *** [6s 7h Jc Qd] [6c]
philippians211: bets $6
Xenicide: folds 
Uncalled bet ($6) returned to philippians211
philippians211 collected $7.01 from pot
*** SUMMARY ***
Total pot $7.38 | Rake $0.37 
Board [6s 7h Jc Qd 6c]
Seat 4: stevoooo34
Seat 1: philippians211 (small blind) collected ($7.01)
Seat 2: pr0tecto (big blind) folded before Flop
Seat 3: Xenicide folded on the River
Seat 5: 7bekon7 folded before Flop (didn't bet)
Seat 6: $triker_BLR (button) folded before Flop (didn't bet)



PokerStars Hand #254511122868:  Hold'em No Limit ($0.50/$1.00 USD) - 2025/01/23 5:37:35 WET [2025/01/23 0:37:35 ET]
Table 'Mirach IV' 6-max Seat #1 is the button
Seat 4: stevoooo34 ($0 in chips) is sitting out
Seat 1: philippians211 ($93.98 in chips) 
Seat 2: pr0tecto ($100 in chips) 
Seat 3: Xenicide ($106.59 in chips) 
Seat 5: 7bekon7 ($126.77 in chips) 
Seat 6: $triker_BLR ($103 in chips) 
pr0tecto: posts small blind $0.50
Xenicide: posts big blind $1
*** HOLE CARDS ***
7bekon7: folds 
$triker_BLR: folds 
philippians211: folds 
pr0tecto: folds 
Uncalled bet ($0.50) returned to Xenicide
Xenicide collected $1 from pot
*** SUMMARY ***
Total pot $1 | Rake $0 
Seat 4: stevoooo34
Seat 1: philippians211 (button) folded before Flop (didn't bet)
Seat 2: pr0tecto (small blind) folded before Flop
Seat 3: Xenicide (big blind) collected ($1)
Seat 5: 7bekon7 folded before Flop (didn't bet)
Seat 6: $triker_BLR folded before Flop (didn't bet)



PokerStars Hand #254511123865:  Hold'em No Limit ($0.50/$1.00 USD) - 2025/01/23 5:37:48 WET [2025/01/23 0:37:48 ET]
Table 'Mirach IV' 6-max Seat #2 is the button
Seat 4: stevoooo34 ($0 in chips) is sitting out
Seat 1: philippians211 ($93.98 in chips) 
Seat 2: pr0tecto ($99.50 in chips) 
Seat 3: Xenicide ($107.09 in chips) 
Seat 5: 7bekon7 ($126.77 in chips) 
Seat 6: $triker_BLR ($103 in chips) 
Xenicide: posts small blind $0.50
7bekon7: posts big blind $1
*** HOLE CARDS ***
$triker_BLR: raises $1.50 to $2.50
philippians211: folds 
pr0tecto: folds 
Xenicide: folds 
7bekon7: raises $6 to $8.50
stevoooo34 leaves the table
$triker_BLR: calls $6
*** FLOP *** [Jc Tc 9s]
7bekon7: bets $8.31
ptolejmus joins the table at seat #4 
$triker_BLR: raises $13.69 to $22
7bekon7: calls $13.69
*** TURN *** [Jc Tc 9s] [6h]
7bekon7: checks 
$triker_BLR: checks 
*** RIVER *** [Jc Tc 9s 6h] [2c]
7bekon7: checks 
$triker_BLR: checks 
*** SHOW DOWN ***
7bekon7: shows [As Ks] (high card Ace)
$triker_BLR: shows [Qh Qd] (a pair of Queens)
$triker_BLR collected $59 from pot
*** SUMMARY ***
Total pot $61.50 | Rake $2.50 
Board [Jc Tc 9s 6h 2c]
Seat 4: stevoooo34
Seat 1: philippians211 folded before Flop (didn't bet)
Seat 2: pr0tecto (button) folded before Flop (didn't bet)
Seat 3: Xenicide (small blind) folded before Flop
Seat 5: 7bekon7 (big blind) showed [As Ks] and lost with high card Ace
Seat 6: $triker_BLR showed [Qh Qd] and won ($59) with a pair of Queens



PokerStars Hand #254511135430:  Hold'em No Limit ($0.50/$1.00 USD) - 2025/01/23 5:40:10 WET [2025/01/23 0:40:10 ET]
Table 'Mirach IV' 6-max Seat #3 is the button
Seat 4: ptolejmus ($10 in chips) is sitting out
Seat 1: philippians211 ($93.98 in chips) 
Seat 2: pr0tecto ($99.50 in chips) 
Seat 3: Xenicide ($106.59 in chips) 
Seat 5: 7bekon7 ($100 in chips) 
Seat 6: $triker_BLR ($131.50 in chips) 
7bekon7: posts small blind $0.50
$triker_BLR: posts big blind $1
*** HOLE CARDS ***
philippians211: calls $1
pr0tecto: folds 
Xenicide: raises $3.50 to $4.50
7bekon7: folds 
$triker_BLR: folds 
philippians211: calls $3.50
*** FLOP *** [6h 5s 7c]
philippians211: checks 
Xenicide: checks 
*** TURN *** [6h 5s 7c] [8c]
philippians211: bets $4
Xenicide: folds 
Uncalled bet ($4) returned to philippians211
philippians211 collected $9.98 from pot
*** SUMMARY ***
Total pot $10.50 | Rake $0.52 
Board [6h 5s 7c 8c]
Seat 4: ptolejmus
Seat 1: philippians211 collected ($9.98)
Seat 2: pr0tecto folded before Flop (didn't bet)
Seat 3: Xenicide (button) folded on the Turn
Seat 5: 7bekon7 (small blind) folded before Flop
Seat 6: $triker_BLR (big blind) folded before Flop



PokerStars Hand #254511141278:  Hold'em No Limit ($0.50/$1.00 USD) - 2025/01/23 5:41:21 WET [2025/01/23 0:41:21 ET]
Table 'Mirach IV' 6-max Seat #5 is the button
Seat 4: ptolejmus ($10 in chips) is sitting out
Seat 1: philippians211 ($99.46 in chips) 
Seat 2: pr0tecto ($99.50 in chips) 
Seat 3: Xenicide ($102.09 in chips) 
Seat 5: 7bekon7 ($100 in chips) 
Seat 6: $triker_BLR ($130.50 in chips) 
$triker_BLR: posts small blind $0.50
philippians211: posts big blind $1
ptolejmus: sits out 
*** HOLE CARDS ***
pr0tecto: folds 
Xenicide: folds 
7bekon7: folds 
$triker_BLR: folds 
Uncalled bet ($0.50) returned to philippians211
philippians211 collected $1 from pot
*** SUMMARY ***
Total pot $1 | Rake $0 
Seat 4: ptolejmus
Seat 1: philippians211 (big blind) collected ($1)
Seat 2: pr0tecto folded before Flop (didn't bet)
Seat 3: Xenicide folded before Flop (didn't bet)
Seat 5: 7bekon7 (button) folded before Flop (didn't bet)
Seat 6: $triker_BLR (small blind) folded before Flop



PokerStars Hand #254511142034:  Hold'em No Limit ($0.50/$1.00 USD) - 2025/01/23 5:41:30 WET [2025/01/23 0:41:30 ET]
Table 'Mirach IV' 6-max Seat #6 is the button
Seat 4: ptolejmus ($10 in chips) is sitting out
Seat 1: philippians211 ($99.96 in chips) 
Seat 2: pr0tecto ($99.50 in chips) 
Seat 3: Xenicide ($102.09 in chips) 
Seat 5: 7bekon7 ($100 in chips) 
Seat 6: $triker_BLR ($130 in chips) 
philippians211: posts small blind $0.50
pr0tecto: posts big blind $1
ptolejmus: sits out 
*** HOLE CARDS ***
Xenicide: folds 
7bekon7: folds 
$triker_BLR: raises $1.50 to $2.50
philippians211: folds 
pr0tecto: folds 
Uncalled bet ($1.50) returned to $triker_BLR
$triker_BLR collected $2.50 from pot
$triker_BLR: doesn't show hand 
*** SUMMARY ***
Total pot $2.50 | Rake $0 
Seat 4: ptolejmus
Seat 1: philippians211 (small blind) folded before Flop
Seat 2: pr0tecto (big blind) folded before Flop
Seat 3: Xenicide folded before Flop (didn't bet)
Seat 5: 7bekon7 folded before Flop (didn't bet)
Seat 6: $triker_BLR (button) collected ($2.50)



PokerStars Hand #254511144527:  Hold'em No Limit ($0.50/$1.00 USD) - 2025/01/23 5:42:01 WET [2025/01/23 0:42:01 ET]
Table 'Mirach IV' 6-max Seat #1 is the button
Seat 4: ptolejmus ($10 in chips) is sitting out
Seat 1: philippians211 ($99.46 in chips) 
Seat 2: pr0tecto ($100 in chips) 
Seat 3: Xenicide ($102.09 in chips) 
Seat 5: 7bekon7 ($100 in chips) 
Seat 6: $triker_BLR ($131.50 in chips) 
pr0tecto: posts small blind $0.50
Xenicide: posts big blind $1
ptolejmus: sits out 
*** HOLE CARDS ***
7bekon7: folds 
$triker_BLR: raises $1.50 to $2.50
philippians211: calls $2.50
pr0tecto: folds 
Xenicide: folds 
*** FLOP *** [3s Td 8d]
$triker_BLR: bets $2.04
philippians211: folds 
Uncalled bet ($2.04) returned to $triker_BLR
$triker_BLR collected $6.18 from pot
$triker_BLR: doesn't show hand 
*** SUMMARY ***
Total pot $6.50 | Rake $0.32 
Board [3s Td 8d]
Seat 4: ptolejmus
Seat 1: philippians211 (button) folded on the Flop
Seat 2: pr0tecto (small blind) folded before Flop
Seat 3: Xenicide (big blind) folded before Flop
Seat 5: 7bekon7 folded before Flop (didn't bet)
Seat 6: $triker_BLR collected ($6.18)



PokerStars Hand #254511147570:  Hold'em No Limit ($0.50/$1.00 USD) - 2025/01/23 5:42:38 WET [2025/01/23 0:42:38 ET]
Table 'Mirach IV' 6-max Seat #2 is the button
Seat 1: philippians211 ($96.96 in chips) 
Seat 2: pr0tecto ($99.50 in chips) 
Seat 3: Xenicide ($101.09 in chips) 
Seat 4: ptolejmus ($10 in chips) 
Seat 5: 7bekon7 ($100 in chips) 
Seat 6: $triker_BLR ($135.18 in chips) 
Xenicide: posts small blind $0.50
ptolejmus: posts big blind $1
*** HOLE CARDS ***
7bekon7: folds 
$triker_BLR: folds 
philippians211: folds 
pr0tecto: folds 
Xenicide: folds 
Uncalled bet ($0.50) returned to ptolejmus
ptolejmus collected $1 from pot
*** SUMMARY ***
Total pot $1 | Rake $0 
Seat 1: philippians211 folded before Flop (didn't bet)
Seat 2: pr0tecto (button) folded before Flop (didn't bet)
Seat 3: Xenicide (small blind) folded before Flop
Seat 4: ptolejmus (big blind) collected ($1)
Seat 5: 7bekon7 folded before Flop (didn't bet)
Seat 6: $triker_BLR folded before Flop (didn't bet)



PokerStars Hand #254511148928:  Hold'em No Limit ($0.50/$1.00 USD) - 2025/01/23 5:42:55 WET [2025/01/23 0:42:55 ET]
Table 'Mirach IV' 6-max Seat #3 is the button
Seat 1: philippians211 ($96.96 in chips) 
Seat 2: pr0tecto ($99.50 in chips) 
Seat 3: Xenicide ($100.59 in chips) 
Seat 4: ptolejmus ($10.50 in chips) 
Seat 5: 7bekon7 ($100 in chips) 
Seat 6: $triker_BLR ($135.18 in chips) 
ptolejmus: posts small blind $0.50
7bekon7: posts big blind $1
*** HOLE CARDS ***
$triker_BLR: folds 
philippians211: raises $2 to $3
pr0tecto: raises $6 to $9
Xenicide: folds 
ptolejmus: folds 
7bekon7: folds 
philippians211: calls $6
*** FLOP *** [Ah Ac Jh]
philippians211: checks 
pr0tecto: bets $4.63
philippians211: calls $4.63
*** TURN *** [Ah Ac Jh] [4c]
philippians211: checks 
pr0tecto: checks 
*** RIVER *** [Ah Ac Jh 4c] [Qh]
philippians211: bets $14
pr0tecto: raises $71.87 to $85.87 and is all-in
philippians211: calls $69.33 and is all-in
Uncalled bet ($2.54) returned to pr0tecto
*** SHOW DOWN ***
pr0tecto: shows [Qs Qc] (a full house, Queens full of Aces)
philippians211: shows [9h 6h] (a flush, Ace high)
pr0tecto collected $192.92 from pot
*** SUMMARY ***
Total pot $195.42 | Rake $2.50 
Board [Ah Ac Jh 4c Qh]
Seat 1: philippians211 showed [9h 6h] and lost with a flush, Ace high
Seat 2: pr0tecto showed [Qs Qc] and won ($192.92) with a full house, Queens full of Aces
Seat 3: Xenicide (button) folded before Flop (didn't bet)
Seat 4: ptolejmus (small blind) folded before Flop
Seat 5: 7bekon7 (big blind) folded before Flop
Seat 6: $triker_BLR folded before Flop (didn't bet)



PokerStars Hand #254511157014:  Hold'em No Limit ($0.50/$1.00 USD) - 2025/01/23 5:44:35 WET [2025/01/23 0:44:35 ET]
Table 'Mirach IV' 6-max Seat #4 is the button
Seat 1: philippians211 ($0 in chips) is sitting out
Seat 2: pr0tecto ($195.46 in chips) 
Seat 3: Xenicide ($100.59 in chips) 
Seat 4: ptolejmus ($10 in chips) 
Seat 5: 7bekon7 ($100 in chips) 
Seat 6: $triker_BLR ($135.18 in chips) 
7bekon7: posts small blind $0.50
$triker_BLR: posts big blind $1
*** HOLE CARDS ***
pr0tecto: folds 
Xenicide: raises $1 to $2
philippians211 leaves the table
ptolejmus: folds 
7bekon7: folds 
$triker_BLR: calls $1
*** FLOP *** [Kd Ad 8c]
$triker_BLR: checks 
Xenicide: bets $1.07
$triker_BLR: calls $1.07
*** TURN *** [Kd Ad 8c] [4c]
$triker_BLR: checks 
Xenicide: checks 
*** RIVER *** [Kd Ad 8c 4c] [7s]
$triker_BLR: bets $1.58
Xenicide: calls $1.58
*** SHOW DOWN ***
$triker_BLR: shows [3h Kh] (a pair of Kings)
Xenicide: shows [Ks Td] (a pair of Kings - Ace+Ten kicker)
Xenicide collected $9.31 from pot
*** SUMMARY ***
Total pot $9.80 | Rake $0.49 
Board [Kd Ad 8c 4c 7s]
Seat 1: philippians211
Seat 2: pr0tecto folded before Flop (didn't bet)
Seat 3: Xenicide showed [Ks Td] and won ($9.31) with a pair of Kings
Seat 4: ptolejmus (button) folded before Flop (didn't bet)
Seat 5: 7bekon7 (small blind) folded before Flop
Seat 6: $triker_BLR (big blind) showed [3h Kh] and lost with a pair of Kings



PokerStars Hand #254511163145:  Hold'em No Limit ($0.50/$1.00 USD) - 2025/01/23 5:45:53 WET [2025/01/23 0:45:53 ET]
Table 'Mirach IV' 6-max Seat #6 is the button
Seat 2: pr0tecto ($195.46 in chips) is sitting out
Seat 3: Xenicide ($105.25 in chips) is sitting out
Seat 4: ptolejmus ($10 in chips) is sitting out
Seat 5: 7bekon7 ($100 in chips) 
Seat 6: $triker_BLR ($130.53 in chips) 
$triker_BLR: posts small blind $0.50
pr0tecto: is sitting out 
Xenicide: is sitting out 
ptolejmus: is sitting out 
7bekon7: posts big blind $1
*** HOLE CARDS ***
Xenicide leaves the table
pr0tecto leaves the table
ptolejmus leaves the table
$triker_BLR: raises $1.50 to $2.50
7bekon7: folds 
Uncalled bet ($1.50) returned to $triker_BLR
$triker_BLR collected $2 from pot
$triker_BLR: doesn't show hand 
*** SUMMARY ***
Total pot $2 | Rake $0 
Seat 2: pr0tecto
Seat 3: Xenicide
Seat 4: ptolejmus
Seat 5: 7bekon7 (big blind) folded before Flop
Seat 6: $triker_BLR (button) (small blind) collected ($2)



PokerStars Hand #254511164386:  Hold'em No Limit ($0.50/$1.00 USD) - 2025/01/23 5:46:08 WET [2025/01/23 0:46:08 ET]
Table 'Mirach IV' 6-max Seat #5 is the button
Seat 5: 7bekon7 ($100 in chips) 
Seat 6: $triker_BLR ($131.53 in chips) 
7bekon7: posts small blind $0.50
$triker_BLR: posts big blind $1
*** HOLE CARDS ***
7bekon7: raises $2 to $3
$triker_BLR: folds 
Uncalled bet ($2) returned to 7bekon7
7bekon7 collected $2 from pot
7bekon7: doesn't show hand 
*** SUMMARY ***
Total pot $2 | Rake $0 
Seat 5: 7bekon7 (button) (small blind) collected ($2)
Seat 6: $triker_BLR (big blind) folded before Flop



PokerStars Hand #254510953796:  Hold'em No Limit ($0.50/$1.00 USD) - 2025/01/23 5:03:25 WET [2025/01/23 0:03:25 ET]
Table 'Mirach IV' 6-max Seat #3 is the button
Seat 3: Xenicide ($100 in chips) 
Seat 4: stevoooo34 ($14.11 in chips) 
Xenicide: posts small blind $0.50
stevoooo34: posts big blind $1
*** HOLE CARDS ***
7bekon7 joins the table at seat #5 
Xenicide: raises $1.25 to $2.25
stevoooo34: raises $11.86 to $14.11 and is all-in
Xenicide: calls $11.86
*** FLOP *** [2c 7d 4c]
*** TURN *** [2c 7d 4c] [2d]
*** RIVER *** [2c 7d 4c 2d] [3h]
*** SHOW DOWN ***
stevoooo34: shows [As Jh] (a pair of Deuces)
Xenicide: shows [Th Ah] (a pair of Deuces - lower kicker)
stevoooo34 collected $27.22 from pot
*** SUMMARY ***
Total pot $28.22 | Rake $1 
Board [2c 7d 4c 2d 3h]
Seat 3: Xenicide (button) (small blind) showed [Th Ah] and lost with a pair of Deuces
Seat 4: stevoooo34 (big blind) showed [As Jh] and won ($27.22) with a pair of Deuces



PokerStars Hand #254510956151:  Hold'em No Limit ($0.50/$1.00 USD) - 2025/01/23 5:03:52 WET [2025/01/23 0:03:52 ET]
Table 'Mirach IV' 6-max Seat #3 is the button
Seat 3: Xenicide ($100 in chips) 
Seat 4: stevoooo34 ($27.22 in chips) 
Seat 5: 7bekon7 ($100 in chips) 
stevoooo34: posts small blind $0.50
7bekon7: posts big blind $1
*** HOLE CARDS ***
Xenicide: folds 
stevoooo34: calls $0.50
7bekon7: checks 
*** FLOP *** [6s 3h Jh]
stevoooo34: checks 
7bekon7: bets $1
stevoooo34: calls $1
*** TURN *** [6s 3h Jh] [3c]
stevoooo34: checks 
7bekon7: bets $2
stevoooo34: folds 
Uncalled bet ($2) returned to 7bekon7
7bekon7 collected $3.80 from pot
7bekon7: doesn't show hand 
*** SUMMARY ***
Total pot $4 | Rake $0.20 
Board [6s 3h Jh 3c]
Seat 3: Xenicide (button) folded before Flop (didn't bet)
Seat 4: stevoooo34 (small blind) folded on the Turn
Seat 5: 7bekon7 (big blind) collected ($3.80)



PokerStars Hand #254510958812:  Hold'em No Limit ($0.50/$1.00 USD) - 2025/01/23 5:04:24 WET [2025/01/23 0:04:24 ET]
Table 'Mirach IV' 6-max Seat #4 is the button
Seat 3: Xenicide ($100 in chips) 
Seat 4: stevoooo34 ($25.22 in chips) 
Seat 5: 7bekon7 ($101.80 in chips) 
7bekon7: posts small blind $0.50
Xenicide: posts big blind $1
*** HOLE CARDS ***
stevoooo34: calls $1
7bekon7: folds 
Xenicide: checks 
*** FLOP *** [6h 4c Qd]
Xenicide: checks 
stevoooo34: checks 
*** TURN *** [6h 4c Qd] [3d]
Xenicide: bets $1.31
stevoooo34: folds 
Uncalled bet ($1.31) returned to Xenicide
Xenicide collected $2.38 from pot
*** SUMMARY ***
Total pot $2.50 | Rake $0.12 
Board [6h 4c Qd 3d]
Seat 3: Xenicide (big blind) collected ($2.38)
Seat 4: stevoooo34 (button) folded on the Turn
Seat 5: 7bekon7 (small blind) folded before Flop



PokerStars Hand #254510962279:  Hold'em No Limit ($0.50/$1.00 USD) - 2025/01/23 5:05:05 WET [2025/01/23 0:05:05 ET]
Table 'Mirach IV' 6-max Seat #5 is the button
Seat 3: Xenicide ($101.38 in chips) 
Seat 4: stevoooo34 ($24.22 in chips) 
Seat 5: 7bekon7 ($101.30 in chips) 
Xenicide: posts small blind $0.50
stevoooo34: posts big blind $1
*** HOLE CARDS ***
7bekon7: folds 
Xenicide: raises $2.50 to $3.50
stevoooo34: calls $2.50
*** FLOP *** [Th Qc 4d]
Xenicide: checks 
stevoooo34: checks 
*** TURN *** [Th Qc 4d] [3d]
Xenicide: checks 
stevoooo34: checks 
*** RIVER *** [Th Qc 4d 3d] [8h]
Xenicide: checks 
stevoooo34: checks 
*** SHOW DOWN ***
Xenicide: shows [9s 7s] (high card Queen)
stevoooo34: shows [Kh 7h] (high card King)
stevoooo34 collected $6.65 from pot
*** SUMMARY ***
Total pot $7 | Rake $0.35 
Board [Th Qc 4d 3d 8h]
Seat 3: Xenicide (small blind) showed [9s 7s] and lost with high card Queen
Seat 4: stevoooo34 (big blind) showed [Kh 7h] and won ($6.65) with high card King
Seat 5: 7bekon7 (button) folded before Flop (didn't bet)



PokerStars Hand #254510965111:  Hold'em No Limit ($0.50/$1.00 USD) - 2025/01/23 5:05:38 WET [2025/01/23 0:05:38 ET]
Table 'Mirach IV' 6-max Seat #3 is the button
Seat 3: Xenicide ($100 in chips) 
Seat 4: stevoooo34 ($27.37 in chips) 
Seat 5: 7bekon7 ($101.30 in chips) 
stevoooo34: posts small blind $0.50
7bekon7: posts big blind $1
*** HOLE CARDS ***
Xenicide: folds 
stevoooo34: folds 
Uncalled bet ($0.50) returned to 7bekon7
7bekon7 collected $1 from pot
7bekon7: doesn't show hand 
*** SUMMARY ***
Total pot $1 | Rake $0 
Seat 3: Xenicide (button) folded before Flop (didn't bet)
Seat 4: stevoooo34 (small blind) folded before Flop
Seat 5: 7bekon7 (big blind) collected ($1)



PokerStars Hand #254510966538:  Hold'em No Limit ($0.50/$1.00 USD) - 2025/01/23 5:05:55 WET [2025/01/23 0:05:55 ET]
Table 'Mirach IV' 6-max Seat #4 is the button
Seat 3: Xenicide ($100 in chips) 
Seat 4: stevoooo34 ($26.87 in chips) 
Seat 5: 7bekon7 ($101.80 in chips) 
7bekon7: posts small blind $0.50
Xenicide: posts big blind $1
*** HOLE CARDS ***
stevoooo34: folds 
7bekon7: raises $2 to $3
Xenicide: calls $2
*** FLOP *** [2c 9d 5s]
7bekon7: checks 
Xenicide: bets $1.43
7bekon7: calls $1.43
*** TURN *** [2c 9d 5s] [7h]
7bekon7: checks 
Xenicide: checks 
*** RIVER *** [2c 9d 5s 7h] [Th]
7bekon7: bets $2.11
Xenicide: raises $2.11 to $4.22
7bekon7: calls $2.11
*** SHOW DOWN ***
Xenicide: shows [9c Qh] (a pair of Nines)
7bekon7: shows [Tc Ah] (a pair of Tens)
7bekon7 collected $16.44 from pot
*** SUMMARY ***
Total pot $17.30 | Rake $0.86 
Board [2c 9d 5s 7h Th]
Seat 3: Xenicide (big blind) showed [9c Qh] and lost with a pair of Nines
Seat 4: stevoooo34 (button) folded before Flop (didn't bet)
Seat 5: 7bekon7 (small blind) showed [Tc Ah] and won ($16.44) with a pair of Tens



PokerStars Hand #254510974392:  Hold'em No Limit ($0.50/$1.00 USD) - 2025/01/23 5:07:27 WET [2025/01/23 0:07:27 ET]
Table 'Mirach IV' 6-max Seat #5 is the button
Seat 3: Xenicide ($100 in chips) 
Seat 4: stevoooo34 ($26.87 in chips) 
Seat 5: 7bekon7 ($109.59 in chips) 
Xenicide: posts small blind $0.50
stevoooo34: posts big blind $1
*** HOLE CARDS ***
7bekon7: raises $1.50 to $2.50
Xenicide: folds 
stevoooo34: calls $1.50
*** FLOP *** [2s Qd Kc]
stevoooo34: checks 
7bekon7: bets $1.31
stevoooo34: folds 
Uncalled bet ($1.31) returned to 7bekon7
7bekon7 collected $5.22 from pot
7bekon7: doesn't show hand 
*** SUMMARY ***
Total pot $5.50 | Rake $0.28 
Board [2s Qd Kc]
Seat 3: Xenicide (small blind) folded before Flop
Seat 4: stevoooo34 (big blind) folded on the Flop
Seat 5: 7bekon7 (button) collected ($5.22)



PokerStars Hand #254510976876:  Hold'em No Limit ($0.50/$1.00 USD) - 2025/01/23 5:07:58 WET [2025/01/23 0:07:58 ET]
Table 'Mirach IV' 6-max Seat #3 is the button
Seat 3: Xenicide ($100 in chips) 
Seat 4: stevoooo34 ($24.37 in chips) 
Seat 5: 7bekon7 ($112.31 in chips) 
stevoooo34: posts small blind $0.50
7bekon7: posts big blind $1
*** HOLE CARDS ***
Xenicide: folds 
stevoooo34: folds 
Uncalled bet ($0.50) returned to 7bekon7
7bekon7 collected $1 from pot
7bekon7: doesn't show hand 
*** SUMMARY ***
Total pot $1 | Rake $0 
Seat 3: Xenicide (button) folded before Flop (didn't bet)
Seat 4: stevoooo34 (small blind) folded before Flop
Seat 5: 7bekon7 (big blind) collected ($1)



PokerStars Hand #254510977476:  Hold'em No Limit ($0.50/$1.00 USD) - 2025/01/23 5:08:04 WET [2025/01/23 0:08:04 ET]
Table 'Mirach IV' 6-max Seat #4 is the button
Seat 3: Xenicide ($100 in chips) 
Seat 4: stevoooo34 ($23.87 in chips) 
Seat 5: 7bekon7 ($112.81 in chips) 
7bekon7: posts small blind $0.50
Xenicide: posts big blind $1
*** HOLE CARDS ***
stevoooo34: folds 
7bekon7: raises $2 to $3
Xenicide: calls $2
*** FLOP *** [6h 6s 4d]
7bekon7: checks 
Xenicide: bets $1.43
7bekon7: calls $1.43
*** TURN *** [6h 6s 4d] [8h]
7bekon7: checks 
Xenicide: bets $8.42
7bekon7: folds 
Uncalled bet ($8.42) returned to Xenicide
Xenicide collected $8.42 from pot
*** SUMMARY ***
Total pot $8.86 | Rake $0.44 
Board [6h 6s 4d 8h]
Seat 3: Xenicide (big blind) collected ($8.42)
Seat 4: stevoooo34 (button) folded before Flop (didn't bet)
Seat 5: 7bekon7 (small blind) folded on the Turn



PokerStars Hand #254510982929:  Hold'em No Limit ($0.50/$1.00 USD) - 2025/01/23 5:09:09 WET [2025/01/23 0:09:09 ET]
Table 'Mirach IV' 6-max Seat #5 is the button
Seat 3: Xenicide ($103.99 in chips) 
Seat 4: stevoooo34 ($23.87 in chips) 
Seat 5: 7bekon7 ($108.38 in chips) 
Xenicide: posts small blind $0.50
stevoooo34: posts big blind $1
*** HOLE CARDS ***
7bekon7: folds 
Xenicide: raises $2.50 to $3.50
stevoooo34: folds 
Uncalled bet ($2.50) returned to Xenicide
Xenicide collected $2 from pot
Xenicide: doesn't show hand 
*** SUMMARY ***
Total pot $2 | Rake $0 
Seat 3: Xenicide (small blind) collected ($2)
Seat 4: stevoooo34 (big blind) folded before Flop
Seat 5: 7bekon7 (button) folded before Flop (didn't bet)



PokerStars Hand #254510984082:  Hold'em No Limit ($0.50/$1.00 USD) - 2025/01/23 5:09:23 WET [2025/01/23 0:09:23 ET]
Table 'Mirach IV' 6-max Seat #3 is the button
Seat 3: Xenicide ($104.99 in chips) 
Seat 4: stevoooo34 ($22.87 in chips) 
Seat 5: 7bekon7 ($108.38 in chips) 
stevoooo34: posts small blind $0.50
7bekon7: posts big blind $1
*** HOLE CARDS ***
Xenicide: folds 
stevoooo34: calls $0.50
7bekon7: checks 
*** FLOP *** [Kc Qd Ks]
stevoooo34: bets $1
7bekon7: folds 
Uncalled bet ($1) returned to stevoooo34
stevoooo34 collected $1.90 from pot
*** SUMMARY ***
Total pot $2 | Rake $0.10 
Board [Kc Qd Ks]
Seat 3: Xenicide (button) folded before Flop (didn't bet)
Seat 4: stevoooo34 (small blind) collected ($1.90)
Seat 5: 7bekon7 (big blind) folded on the Flop



PokerStars Hand #254510986215:  Hold'em No Limit ($0.50/$1.00 USD) - 2025/01/23 5:09:49 WET [2025/01/23 0:09:49 ET]
Table 'Mirach IV' 6-max Seat #4 is the button
Seat 3: Xenicide ($104.99 in chips) 
Seat 4: stevoooo34 ($23.77 in chips) 
Seat 5: 7bekon7 ($107.38 in chips) 
7bekon7: posts small blind $0.50
Xenicide: posts big blind $1
*** HOLE CARDS ***
stevoooo34: folds 
7bekon7: raises $2 to $3
Xenicide: folds 
Uncalled bet ($2) returned to 7bekon7
7bekon7 collected $2 from pot
7bekon7: doesn't show hand 
*** SUMMARY ***
Total pot $2 | Rake $0 
Seat 3: Xenicide (big blind) folded before Flop
Seat 4: stevoooo34 (button) folded before Flop (didn't bet)
Seat 5: 7bekon7 (small blind) collected ($2)



PokerStars Hand #254510987081:  Hold'em No Limit ($0.50/$1.00 USD) - 2025/01/23 5:09:59 WET [2025/01/23 0:09:59 ET]
Table 'Mirach IV' 6-max Seat #5 is the button
Seat 3: Xenicide ($103.99 in chips) 
Seat 4: stevoooo34 ($23.77 in chips) 
Seat 5: 7bekon7 ($108.38 in chips) 
Xenicide: posts small blind $0.50
stevoooo34: posts big blind $1
*** HOLE CARDS ***
7bekon7: folds 
Xenicide: raises $2.50 to $3.50
stevoooo34: folds 
Uncalled bet ($2.50) returned to Xenicide
Xenicide collected $2 from pot
*** SUMMARY ***
Total pot $2 | Rake $0 
Seat 3: Xenicide (small blind) collected ($2)
Seat 4: stevoooo34 (big blind) folded before Flop
Seat 5: 7bekon7 (button) folded before Flop (didn't bet)



PokerStars Hand #254510988594:  Hold'em No Limit ($0.50/$1.00 USD) - 2025/01/23 5:10:19 WET [2025/01/23 0:10:19 ET]
Table 'Mirach IV' 6-max Seat #3 is the button
Seat 3: Xenicide ($104.99 in chips) 
Seat 4: stevoooo34 ($22.77 in chips) 
Seat 5: 7bekon7 ($108.38 in chips) 
stevoooo34: posts small blind $0.50
7bekon7: posts big blind $1
*** HOLE CARDS ***
Xenicide: folds 
stevoooo34: calls $0.50
7bekon7: checks 
*** FLOP *** [Ts 3c Kh]
stevoooo34: bets $1
7bekon7: folds 
Uncalled bet ($1) returned to stevoooo34
stevoooo34 collected $1.90 from pot
*** SUMMARY ***
Total pot $2 | Rake $0.10 
Board [Ts 3c Kh]
Seat 3: Xenicide (button) folded before Flop (didn't bet)
Seat 4: stevoooo34 (small blind) collected ($1.90)
Seat 5: 7bekon7 (big blind) folded on the Flop



PokerStars Hand #254510990128:  Hold'em No Limit ($0.50/$1.00 USD) - 2025/01/23 5:10:37 WET [2025/01/23 0:10:37 ET]
Table 'Mirach IV' 6-max Seat #4 is the button
Seat 3: Xenicide ($104.99 in chips) 
Seat 4: stevoooo34 ($23.67 in chips) 
Seat 5: 7bekon7 ($107.38 in chips) 
7bekon7: posts small blind $0.50
Xenicide: posts big blind $1
*** HOLE CARDS ***
stevoooo34: folds 
7bekon7: folds 
Uncalled bet ($0.50) returned to Xenicide
Xenicide collected $1 from pot
*** SUMMARY ***
Total pot $1 | Rake $0 
Seat 3: Xenicide (big blind) collected ($1)
Seat 4: stevoooo34 (button) folded before Flop (didn't bet)
Seat 5: 7bekon7 (small blind) folded before Flop



PokerStars Hand #254510990953:  Hold'em No Limit ($0.50/$1.00 USD) - 2025/01/23 5:10:47 WET [2025/01/23 0:10:47 ET]
Table 'Mirach IV' 6-max Seat #5 is the button
Seat 3: Xenicide ($105.49 in chips) 
Seat 4: stevoooo34 ($23.67 in chips) 
Seat 5: 7bekon7 ($106.88 in chips) 
Xenicide: posts small blind $0.50
stevoooo34: posts big blind $1
*** HOLE CARDS ***
7bekon7: raises $1.50 to $2.50
Xenicide: folds 
stevoooo34: folds 
Uncalled bet ($1.50) returned to 7bekon7
7bekon7 collected $2.50 from pot
7bekon7: doesn't show hand 
*** SUMMARY ***
Total pot $2.50 | Rake $0 
Seat 3: Xenicide (small blind) folded before Flop
Seat 4: stevoooo34 (big blind) folded before Flop
Seat 5: 7bekon7 (button) collected ($2.50)



PokerStars Hand #254510991842:  Hold'em No Limit ($0.50/$1.00 USD) - 2025/01/23 5:10:57 WET [2025/01/23 0:10:57 ET]
Table 'Mirach IV' 6-max Seat #3 is the button
Seat 3: Xenicide ($104.99 in chips) 
Seat 4: stevoooo34 ($22.67 in chips) 
Seat 5: 7bekon7 ($108.38 in chips) 
stevoooo34: posts small blind $0.50
7bekon7: posts big blind $1
*** HOLE CARDS ***
Xenicide: folds 
stevoooo34: calls $0.50
7bekon7: checks 
*** FLOP *** [6d Qd Qc]
stevoooo34: checks 
7bekon7: checks 
*** TURN *** [6d Qd Qc] [3s]
stevoooo34: checks 
7bekon7: bets $1
stevoooo34: folds 
Uncalled bet ($1) returned to 7bekon7
7bekon7 collected $1.90 from pot
7bekon7: doesn't show hand 
*** SUMMARY ***
Total pot $2 | Rake $0.10 
Board [6d Qd Qc 3s]
Seat 3: Xenicide (button) folded before Flop (didn't bet)
Seat 4: stevoooo34 (small blind) folded on the Turn
Seat 5: 7bekon7 (big blind) collected ($1.90)



PokerStars Hand #254510995762:  Hold'em No Limit ($0.50/$1.00 USD) - 2025/01/23 5:11:44 WET [2025/01/23 0:11:44 ET]
Table 'Mirach IV' 6-max Seat #4 is the button
Seat 3: Xenicide ($104.99 in chips) 
Seat 4: stevoooo34 ($21.67 in chips) 
Seat 5: 7bekon7 ($109.28 in chips) 
7bekon7: posts small blind $0.50
Xenicide: posts big blind $1
*** HOLE CARDS ***
stevoooo34: folds 
7bekon7: calls $0.50
Xenicide: checks 
*** FLOP *** [8s Jd Th]
7bekon7: checks 
Xenicide: checks 
*** TURN *** [8s Jd Th] [6h]
7bekon7: checks 
Xenicide: checks 
*** RIVER *** [8s Jd Th 6h] [8h]
7bekon7: checks 
Xenicide: checks 
*** SHOW DOWN ***
7bekon7: shows [6c 5d] (two pair, Eights and Sixes)
Xenicide: mucks hand 
7bekon7 collected $1.90 from pot
*** SUMMARY ***
Total pot $2 | Rake $0.10 
Board [8s Jd Th 6h 8h]
Seat 3: Xenicide (big blind) mucked
Seat 4: stevoooo34 (button) folded before Flop (didn't bet)
Seat 5: 7bekon7 (small blind) showed [6c 5d] and won ($1.90) with two pair, Eights and Sixes



PokerStars Hand #254511002305:  Hold'em No Limit ($0.50/$1.00 USD) - 2025/01/23 5:13:03 WET [2025/01/23 0:13:03 ET]
Table 'Mirach IV' 6-max Seat #5 is the button
Seat 3: Xenicide ($103.99 in chips) 
Seat 4: stevoooo34 ($21.67 in chips) 
Seat 5: 7bekon7 ($110.18 in chips) 
Xenicide: posts small blind $0.50
stevoooo34: posts big blind $1
*** HOLE CARDS ***
7bekon7: raises $1.50 to $2.50
Xenicide: folds 
stevoooo34: calls $1.50
*** FLOP *** [3s Ah Jc]
stevoooo34: checks 
7bekon7: checks 
*** TURN *** [3s Ah Jc] [Ad]
philippians211 joins the table at seat #1 
philippians211 is disconnected 
stevoooo34: bets $2.61
7bekon7: calls $2.61
*** RIVER *** [3s Ah Jc Ad] [3d]
stevoooo34: checks 
pr0tecto joins the table at seat #2 
7bekon7: checks 
*** SHOW DOWN ***
stevoooo34: shows [8h 8d] (two pair, Aces and Eights)
7bekon7: shows [Th Ts] (two pair, Aces and Tens)
7bekon7 collected $10.18 from pot
*** SUMMARY ***
Total pot $10.72 | Rake $0.54 
Board [3s Ah Jc Ad 3d]
Seat 3: Xenicide (small blind) folded before Flop
Seat 4: stevoooo34 (big blind) showed [8h 8d] and lost with two pair, Aces and Eights
Seat 5: 7bekon7 (button) showed [Th Ts] and won ($10.18) with two pair, Aces and Tens



PokerStars Hand #254511005003:  Hold'em No Limit ($0.50/$1.00 USD) - 2025/01/23 5:13:36 WET [2025/01/23 0:13:36 ET]
Table 'Mirach IV' 6-max Seat #3 is the button
Seat 1: philippians211 ($35.70 in chips) is sitting out
Seat 2: pr0tecto ($100 in chips) is sitting out
Seat 3: Xenicide ($103.49 in chips) 
Seat 4: stevoooo34 ($16.56 in chips) 
Seat 5: 7bekon7 ($115.25 in chips) 
stevoooo34: posts small blind $0.50
7bekon7: posts big blind $1
philippians211: sits out 
pr0tecto: sits out 
*** HOLE CARDS ***
$triker_BLR joins the table at seat #6 
Xenicide: raises $1.25 to $2.25
stevoooo34: calls $1.75
7bekon7: calls $1.25
*** FLOP *** [7s 8h 3s]
stevoooo34: checks 
7bekon7: checks 
Xenicide: checks 
*** TURN *** [7s 8h 3s] [Td]
stevoooo34: bets $3
7bekon7: raises $3.10 to $6.10
Xenicide: folds 
stevoooo34: calls $3.10
*** RIVER *** [7s 8h 3s Td] [7h]
stevoooo34: checks 
7bekon7: bets $2.25
stevoooo34: calls $2.25
*** SHOW DOWN ***
7bekon7: shows [9s Tc] (two pair, Tens and Sevens)
stevoooo34: mucks hand 
7bekon7 collected $22.45 from pot
*** SUMMARY ***
Total pot $23.45 | Rake $1 
Board [7s 8h 3s Td 7h]
Seat 1: philippians211
Seat 2: pr0tecto
Seat 3: Xenicide (button) folded on the Turn
Seat 4: stevoooo34 (small blind) mucked
Seat 5: 7bekon7 (big blind) showed [9s Tc] and won ($22.45) with two pair, Tens and Sevens



PokerStars Hand #254511012363:  Hold'em No Limit ($0.50/$1.00 USD) - 2025/01/23 5:15:06 WET [2025/01/23 0:15:06 ET]
Table 'Mirach IV' 6-max Seat #4 is the button
Seat 2: pr0tecto ($100 in chips) is sitting out
Seat 1: philippians211 ($35.70 in chips) 
Seat 3: Xenicide ($101.24 in chips) 
Seat 4: stevoooo34 ($5.96 in chips) 
Seat 5: 7bekon7 ($127.10 in chips) 
Seat 6: $triker_BLR ($100 in chips) 
7bekon7: posts small blind $0.50
$triker_BLR: posts big blind $1
philippians211: posts big blind $1
pr0tecto: sits out 
*** HOLE CARDS ***
philippians211: checks 
Xenicide: folds 
stevoooo34: folds 
7bekon7: folds 
$triker_BLR: raises $4 to $5
philippians211: calls $4
*** FLOP *** [Ks 2s 4s]
$triker_BLR: bets $2.50
philippians211: raises $11.50 to $14
$triker_BLR: folds 
Uncalled bet ($11.50) returned to philippians211
philippians211 collected $14.72 from pot
*** SUMMARY ***
Total pot $15.50 | Rake $0.78 
Board [Ks 2s 4s]
Seat 2: pr0tecto
Seat 1: philippians211 collected ($14.72)
Seat 3: Xenicide folded before Flop (didn't bet)
Seat 4: stevoooo34 (button) folded before Flop (didn't bet)
Seat 5: 7bekon7 (small blind) folded before Flop
Seat 6: $triker_BLR (big blind) folded on the Flop



PokerStars Hand #254511017267:  Hold'em No Limit ($0.50/$1.00 USD) - 2025/01/23 5:16:04 WET [2025/01/23 0:16:04 ET]
Table 'Mirach IV' 6-max Seat #5 is the button
Seat 2: pr0tecto ($100 in chips) is sitting out
Seat 1: philippians211 ($42.92 in chips) 
Seat 3: Xenicide ($101.24 in chips) 
Seat 4: stevoooo34 ($5.96 in chips) 
Seat 5: 7bekon7 ($126.60 in chips) 
Seat 6: $triker_BLR ($100 in chips) 
$triker_BLR: posts small blind $0.50
philippians211: posts big blind $1
pr0tecto: sits out 
*** HOLE CARDS ***
Xenicide: folds 
stevoooo34: folds 
7bekon7: folds 
$triker_BLR: folds 
Uncalled bet ($0.50) returned to philippians211
philippians211 collected $1 from pot
*** SUMMARY ***
Total pot $1 | Rake $0 
Seat 2: pr0tecto
Seat 1: philippians211 (big blind) collected ($1)
Seat 3: Xenicide folded before Flop (didn't bet)
Seat 4: stevoooo34 folded before Flop (didn't bet)
Seat 5: 7bekon7 (button) folded before Flop (didn't bet)
Seat 6: $triker_BLR (small blind) folded before Flop



PokerStars Hand #254511019110:  Hold'em No Limit ($0.50/$1.00 USD) - 2025/01/23 5:16:27 WET [2025/01/23 0:16:27 ET]
Table 'Mirach IV' 6-max Seat #6 is the button
Seat 1: philippians211 ($43.42 in chips) 
Seat 2: pr0tecto ($100 in chips) 
Seat 3: Xenicide ($101.24 in chips) 
Seat 4: stevoooo34 ($5.96 in chips) 
Seat 5: 7bekon7 ($126.60 in chips) 
Seat 6: $triker_BLR ($100 in chips) 
philippians211: posts small blind $0.50
pr0tecto: posts big blind $1
*** HOLE CARDS ***
Xenicide: raises $1 to $2
stevoooo34: folds 
7bekon7: folds 
$triker_BLR: folds 
philippians211: folds 
pr0tecto: folds 
Uncalled bet ($1) returned to Xenicide
Xenicide collected $2.50 from pot
*** SUMMARY ***
Total pot $2.50 | Rake $0 
Seat 1: philippians211 (small blind) folded before Flop
Seat 2: pr0tecto (big blind) folded before Flop
Seat 3: Xenicide collected ($2.50)
Seat 4: stevoooo34 folded before Flop (didn't bet)
Seat 5: 7bekon7 folded before Flop (didn't bet)
Seat 6: $triker_BLR (button) folded before Flop (didn't bet)



PokerStars Hand #254511022533:  Hold'em No Limit ($0.50/$1.00 USD) - 2025/01/23 5:17:09 WET [2025/01/23 0:17:09 ET]
Table 'Mirach IV' 6-max Seat #1 is the button
Seat 1: philippians211 ($42.92 in chips) 
Seat 2: pr0tecto ($99 in chips) 
Seat 3: Xenicide ($102.74 in chips) 
Seat 4: stevoooo34 ($5.96 in chips) 
Seat 5: 7bekon7 ($126.60 in chips) 
Seat 6: $triker_BLR ($100 in chips) 
pr0tecto: posts small blind $0.50
Xenicide: posts big blind $1
*** HOLE CARDS ***
stevoooo34: folds 
7bekon7: folds 
$triker_BLR: folds 
philippians211: folds 
pr0tecto: folds 
Uncalled bet ($0.50) returned to Xenicide
Xenicide collected $1 from pot
*** SUMMARY ***
Total pot $1 | Rake $0 
Seat 1: philippians211 (button) folded before Flop (didn't bet)
Seat 2: pr0tecto (small blind) folded before Flop
Seat 3: Xenicide (big blind) collected ($1)
Seat 4: stevoooo34 folded before Flop (didn't bet)
Seat 5: 7bekon7 folded before Flop (didn't bet)
Seat 6: $triker_BLR folded before Flop (didn't bet)



PokerStars Hand #254511023660:  Hold'em No Limit ($0.50/$1.00 USD) - 2025/01/23 5:17:22 WET [2025/01/23 0:17:22 ET]
Table 'Mirach IV' 6-max Seat #2 is the button
Seat 1: philippians211 ($42.92 in chips) 
Seat 2: pr0tecto ($100 in chips) 
Seat 3: Xenicide ($103.24 in chips) 
Seat 4: stevoooo34 ($5.96 in chips) 
Seat 5: 7bekon7 ($126.60 in chips) 
Seat 6: $triker_BLR ($100 in chips) 
Xenicide: posts small blind $0.50
stevoooo34: posts big blind $1
*** HOLE CARDS ***
7bekon7: folds 
$triker_BLR: folds 
philippians211: folds 
pr0tecto: folds 
Xenicide: raises $2.50 to $3.50
stevoooo34: raises $2.46 to $5.96 and is all-in
Xenicide: calls $2.46
*** FLOP *** [7h 3d Kh]
*** TURN *** [7h 3d Kh] [2s]
*** RIVER *** [7h 3d Kh 2s] [6s]
*** SHOW DOWN ***
Xenicide: shows [Ah Tc] (high card Ace)
stevoooo34: shows [Ks As] (a pair of Kings)
stevoooo34 collected $11.32 from pot
*** SUMMARY ***
Total pot $11.92 | Rake $0.60 
Board [7h 3d Kh 2s 6s]
Seat 1: philippians211 folded before Flop (didn't bet)
Seat 2: pr0tecto (button) folded before Flop (didn't bet)
Seat 3: Xenicide (small blind) showed [Ah Tc] and lost with high card Ace
Seat 4: stevoooo34 (big blind) showed [Ks As] and won ($11.32) with a pair of Kings
Seat 5: 7bekon7 folded before Flop (didn't bet)
Seat 6: $triker_BLR folded before Flop (didn't bet)



PokerStars Hand #254511027093:  Hold'em No Limit ($0.50/$1.00 USD) - 2025/01/23 5:18:02 WET [2025/01/23 0:18:02 ET]
Table 'Mirach IV' 6-max Seat #3 is the button
Seat 1: philippians211 ($42.92 in chips) 
Seat 2: pr0tecto ($100 in chips) 
Seat 3: Xenicide ($100 in chips) 
Seat 4: stevoooo34 ($11.32 in chips) 
Seat 5: 7bekon7 ($126.60 in chips) 
Seat 6: $triker_BLR ($100 in chips) 
stevoooo34: posts small blind $0.50
7bekon7: posts big blind $1
*** HOLE CARDS ***
$triker_BLR: folds 
philippians211: folds 
pr0tecto: folds 
Xenicide: folds 
stevoooo34: calls $0.50
7bekon7: checks 
*** FLOP *** [Kd 3h Qd]
stevoooo34: checks 
7bekon7: bets $1.43
stevoooo34: calls $1.43
*** TURN *** [Kd 3h Qd] [6h]
stevoooo34: checks 
7bekon7: bets $3.47
stevoooo34: calls $3.47
*** RIVER *** [Kd 3h Qd 6h] [2h]
stevoooo34: checks 
7bekon7: bets $5.61
stevoooo34: folds 
Uncalled bet ($5.61) returned to 7bekon7
7bekon7 collected $11.21 from pot
7bekon7: doesn't show hand 
*** SUMMARY ***
Total pot $11.80 | Rake $0.59 
Board [Kd 3h Qd 6h 2h]
Seat 1: philippians211 folded before Flop (didn't bet)
Seat 2: pr0tecto folded before Flop (didn't bet)
Seat 3: Xenicide (button) folded before Flop (didn't bet)
Seat 4: stevoooo34 (small blind) folded on the River
Seat 5: 7bekon7 (big blind) collected ($11.21)
Seat 6: $triker_BLR folded before Flop (didn't bet)



PokerStars Hand #254511032646:  Hold'em No Limit ($0.50/$1.00 USD) - 2025/01/23 5:19:10 WET [2025/01/23 0:19:10 ET]
Table 'Mirach IV' 6-max Seat #4 is the button
Seat 1: philippians211 ($42.92 in chips) 
Seat 2: pr0tecto ($100 in chips) 
Seat 3: Xenicide ($100 in chips) 
Seat 4: stevoooo34 ($5.42 in chips) 
Seat 5: 7bekon7 ($131.91 in chips) 
Seat 6: $triker_BLR ($100 in chips) 
7bekon7: posts small blind $0.50
$triker_BLR: posts big blind $1
*** HOLE CARDS ***
philippians211: folds 
pr0tecto: folds 
Xenicide: folds 
stevoooo34: folds 
7bekon7: raises $2 to $3
$triker_BLR: raises $6 to $9
7bekon7: folds 
Uncalled bet ($6) returned to $triker_BLR
$triker_BLR collected $6 from pot
$triker_BLR: doesn't show hand 
*** SUMMARY ***
Total pot $6 | Rake $0 
Seat 1: philippians211 folded before Flop (didn't bet)
Seat 2: pr0tecto folded before Flop (didn't bet)
Seat 3: Xenicide folded before Flop (didn't bet)
Seat 4: stevoooo34 (button) folded before Flop (didn't bet)
Seat 5: 7bekon7 (small blind) folded before Flop
Seat 6: $triker_BLR (big blind) collected ($6)



PokerStars Hand #254511037471:  Hold'em No Limit ($0.50/$1.00 USD) - 2025/01/23 5:20:08 WET [2025/01/23 0:20:08 ET]
Table 'Mirach IV' 6-max Seat #5 is the button
Seat 1: philippians211 ($42.92 in chips) 
Seat 2: pr0tecto ($100 in chips) 
Seat 3: Xenicide ($100 in chips) 
Seat 4: stevoooo34 ($5.42 in chips) 
Seat 5: 7bekon7 ($128.91 in chips) 
Seat 6: $triker_BLR ($103 in chips) 
$triker_BLR: posts small blind $0.50
philippians211: posts big blind $1
*** HOLE CARDS ***
pr0tecto: folds 
Xenicide: folds 
stevoooo34: folds 
7bekon7: raises $2 to $3
$triker_BLR: folds 
philippians211: calls $2
*** FLOP *** [Js 5c Jh]
philippians211: checks 
7bekon7: bets $1.55
philippians211: folds 
Uncalled bet ($1.55) returned to 7bekon7
7bekon7 collected $6.18 from pot
7bekon7: doesn't show hand 
*** SUMMARY ***
Total pot $6.50 | Rake $0.32 
Board [Js 5c Jh]
Seat 1: philippians211 (big blind) folded on the Flop
Seat 2: pr0tecto folded before Flop (didn't bet)
Seat 3: Xenicide folded before Flop (didn't bet)
Seat 4: stevoooo34 folded before Flop (didn't bet)
Seat 5: 7bekon7 (button) collected ($6.18)
Seat 6: $triker_BLR (small blind) folded before Flop



PokerStars Hand #254511040644:  Hold'em No Limit ($0.50/$1.00 USD) - 2025/01/23 5:20:46 WET [2025/01/23 0:20:46 ET]
Table 'Mirach IV' 6-max Seat #6 is the button
Seat 1: philippians211 ($39.92 in chips) 
Seat 2: pr0tecto ($100 in chips) 
Seat 3: Xenicide ($100 in chips) 
Seat 4: stevoooo34 ($5.42 in chips) 
Seat 5: 7bekon7 ($132.09 in chips) 
Seat 6: $triker_BLR ($102.50 in chips) 
philippians211: posts small blind $0.50
pr0tecto: posts big blind $1
*** HOLE CARDS ***
Xenicide: folds 
stevoooo34: folds 
7bekon7: folds 
$triker_BLR: raises $1.20 to $2.20
philippians211: folds 
pr0tecto: folds 
Uncalled bet ($1.20) returned to $triker_BLR
$triker_BLR collected $2.50 from pot
$triker_BLR: doesn't show hand 
*** SUMMARY ***
Total pot $2.50 | Rake $0 
Seat 1: philippians211 (small blind) folded before Flop
Seat 2: pr0tecto (big blind) folded before Flop
Seat 3: Xenicide folded before Flop (didn't bet)
Seat 4: stevoooo34 folded before Flop (didn't bet)
Seat 5: 7bekon7 folded before Flop (didn't bet)
Seat 6: $triker_BLR (button) collected ($2.50)



PokerStars Hand #254511042389:  Hold'em No Limit ($0.50/$1.00 USD) - 2025/01/23 5:21:07 WET [2025/01/23 0:21:07 ET]
Table 'Mirach IV' 6-max Seat #1 is the button
Seat 1: philippians211 ($39.42 in chips) 
Seat 2: pr0tecto ($99 in chips) 
Seat 3: Xenicide ($100 in chips) 
Seat 4: stevoooo34 ($5.42 in chips) 
Seat 5: 7bekon7 ($132.09 in chips) 
Seat 6: $triker_BLR ($104 in chips) 
pr0tecto: posts small blind $0.50
Xenicide: posts big blind $1
*** HOLE CARDS ***
stevoooo34: calls $1
7bekon7: folds 
$triker_BLR: folds 
philippians211: folds 
pr0tecto: folds 
Xenicide: checks 
*** FLOP *** [Qs 4h Kc]
Xenicide: checks 
stevoooo34: checks 
*** TURN *** [Qs 4h Kc] [8c]
Xenicide: bets $99 and is all-in
stevoooo34: folds 
Uncalled bet ($99) returned to Xenicide
Xenicide collected $2.38 from pot
Xenicide: doesn't show hand 
*** SUMMARY ***
Total pot $2.50 | Rake $0.12 
Board [Qs 4h Kc 8c]
Seat 1: philippians211 (button) folded before Flop (didn't bet)
Seat 2: pr0tecto (small blind) folded before Flop
Seat 3: Xenicide (big blind) collected ($2.38)
Seat 4: stevoooo34 folded on the Turn
Seat 5: 7bekon7 folded before Flop (didn't bet)
Seat 6: $triker_BLR folded before Flop (didn't bet)



PokerStars Hand #254511045593:  Hold'em No Limit ($0.50/$1.00 USD) - 2025/01/23 5:21:47 WET [2025/01/23 0:21:47 ET]
Table 'Mirach IV' 6-max Seat #2 is the button
Seat 1: philippians211 ($39.42 in chips) 
Seat 2: pr0tecto ($100 in chips) 
Seat 3: Xenicide ($101.38 in chips) 
Seat 4: stevoooo34 ($4.42 in chips) 
Seat 5: 7bekon7 ($132.09 in chips) 
Seat 6: $triker_BLR ($104 in chips) 
Xenicide: posts small blind $0.50
stevoooo34: posts big blind $1
*** HOLE CARDS ***
7bekon7: folds 
$triker_BLR: folds 
philippians211: folds 
pr0tecto: folds 
Xenicide: folds 
Uncalled bet ($0.50) returned to stevoooo34
stevoooo34 collected $1 from pot
*** SUMMARY ***
Total pot $1 | Rake $0 
Seat 1: philippians211 folded before Flop (didn't bet)
Seat 2: pr0tecto (button) folded before Flop (didn't bet)
Seat 3: Xenicide (small blind) folded before Flop
Seat 4: stevoooo34 (big blind) collected ($1)
Seat 5: 7bekon7 folded before Flop (didn't bet)
Seat 6: $triker_BLR folded before Flop (didn't bet)



PokerStars Hand #254511046827:  Hold'em No Limit ($0.50/$1.00 USD) - 2025/01/23 5:22:02 WET [2025/01/23 0:22:02 ET]
Table 'Mirach IV' 6-max Seat #3 is the button
Seat 1: philippians211 ($39.42 in chips) 
Seat 2: pr0tecto ($100 in chips) 
Seat 3: Xenicide ($100.88 in chips) 
Seat 4: stevoooo34 ($4.92 in chips) 
Seat 5: 7bekon7 ($132.09 in chips) 
Seat 6: $triker_BLR ($104 in chips) 
stevoooo34: posts small blind $0.50
7bekon7: posts big blind $1
*** HOLE CARDS ***
$triker_BLR: raises $1.50 to $2.50
philippians211: calls $2.50
pr0tecto: folds 
Xenicide: folds 
stevoooo34: folds 
7bekon7: folds 
*** FLOP *** [2s Ah 7h]
$triker_BLR: bets $2.04
philippians211: calls $2.04
*** TURN *** [2s Ah 7h] [Qs]
$triker_BLR: checks 
philippians211: bets $3
$triker_BLR: calls $3
*** RIVER *** [2s Ah 7h Qs] [Jc]
$triker_BLR: checks 
philippians211: bets $9
$triker_BLR: folds 
Uncalled bet ($9) returned to philippians211
philippians211 collected $15.75 from pot
*** SUMMARY ***
Total pot $16.58 | Rake $0.83 
Board [2s Ah 7h Qs Jc]
Seat 1: philippians211 collected ($15.75)
Seat 2: pr0tecto folded before Flop (didn't bet)
Seat 3: Xenicide (button) folded before Flop (didn't bet)
Seat 4: stevoooo34 (small blind) folded before Flop
Seat 5: 7bekon7 (big blind) folded before Flop
Seat 6: $triker_BLR folded on the River



PokerStars Hand #254511054758:  Hold'em No Limit ($0.50/$1.00 USD) - 2025/01/23 5:23:37 WET [2025/01/23 0:23:37 ET]
Table 'Mirach IV' 6-max Seat #4 is the button
Seat 1: philippians211 ($47.63 in chips) 
Seat 2: pr0tecto ($100 in chips) 
Seat 3: Xenicide ($100.88 in chips) 
Seat 4: stevoooo34 ($4.42 in chips) 
Seat 5: 7bekon7 ($131.09 in chips) 
Seat 6: $triker_BLR ($100 in chips) 
7bekon7: posts small blind $0.50
$triker_BLR: posts big blind $1
*** HOLE CARDS ***
philippians211: raises $1 to $2
pr0tecto: folds 
Xenicide: folds 
stevoooo34: folds 
7bekon7: folds 
$triker_BLR: folds 
Uncalled bet ($1) returned to philippians211
philippians211 collected $2.50 from pot
*** SUMMARY ***
Total pot $2.50 | Rake $0 
Seat 1: philippians211 collected ($2.50)
Seat 2: pr0tecto folded before Flop (didn't bet)
Seat 3: Xenicide folded before Flop (didn't bet)
Seat 4: stevoooo34 (button) folded before Flop (didn't bet)
Seat 5: 7bekon7 (small blind) folded before Flop
Seat 6: $triker_BLR (big blind) folded before Flop



PokerStars Hand #254511056003:  Hold'em No Limit ($0.50/$1.00 USD) - 2025/01/23 5:23:53 WET [2025/01/23 0:23:53 ET]
Table 'Mirach IV' 6-max Seat #5 is the button
Seat 1: philippians211 ($49.13 in chips) 
Seat 2: pr0tecto ($100 in chips) 
Seat 3: Xenicide ($100.88 in chips) 
Seat 4: stevoooo34 ($4.42 in chips) 
Seat 5: 7bekon7 ($130.59 in chips) 
Seat 6: $triker_BLR ($100 in chips) 
$triker_BLR: posts small blind $0.50
philippians211: posts big blind $1
*** HOLE CARDS ***
pr0tecto: folds 
Xenicide: raises $1 to $2
stevoooo34: folds 
7bekon7: folds 
$triker_BLR: folds 
philippians211: calls $1
*** FLOP *** [Kc 7c Qs]
philippians211: checks 
Xenicide: bets $1.50
philippians211: calls $1.50
*** TURN *** [Kc 7c Qs] [As]
philippians211: checks 
Xenicide: checks 
*** RIVER *** [Kc 7c Qs As] [Jc]
philippians211: checks 
Xenicide: bets $3.92
philippians211: calls $3.92
*** SHOW DOWN ***
Xenicide: shows [Tc Kh] (a straight, Ten to Ace)
philippians211: mucks hand 
Xenicide collected $14.57 from pot
*** SUMMARY ***
Total pot $15.34 | Rake $0.77 
Board [Kc 7c Qs As Jc]
Seat 1: philippians211 (big blind) mucked
Seat 2: pr0tecto folded before Flop (didn't bet)
Seat 3: Xenicide showed [Tc Kh] and won ($14.57) with a straight, Ten to Ace
Seat 4: stevoooo34 folded before Flop (didn't bet)
Seat 5: 7bekon7 (button) folded before Flop (didn't bet)
Seat 6: $triker_BLR (small blind) folded before Flop



PokerStars Hand #254511062214:  Hold'em No Limit ($0.50/$1.00 USD) - 2025/01/23 5:25:09 WET [2025/01/23 0:25:09 ET]
Table 'Mirach IV' 6-max Seat #6 is the button
Seat 1: philippians211 ($41.71 in chips) 
Seat 2: pr0tecto ($100 in chips) 
Seat 3: Xenicide ($108.03 in chips) 
Seat 4: stevoooo34 ($4.42 in chips) 
Seat 5: 7bekon7 ($130.59 in chips) 
Seat 6: $triker_BLR ($100 in chips) 
philippians211: posts small blind $0.50
pr0tecto: posts big blind $1
*** HOLE CARDS ***
Xenicide: folds 
stevoooo34: folds 
7bekon7: folds 
$triker_BLR: raises $1.20 to $2.20
philippians211: calls $1.70
pr0tecto: raises $11.30 to $13.50
$triker_BLR: folds 
philippians211: calls $11.30
*** FLOP *** [Ts 9c 7c]
philippians211: checks 
pr0tecto: bets $86.50 and is all-in
philippians211: calls $28.21 and is all-in
Uncalled bet ($58.29) returned to pr0tecto
*** TURN *** [Ts 9c 7c] [3s]
*** RIVER *** [Ts 9c 7c 3s] [5h]
*** SHOW DOWN ***
philippians211: shows [Qd 9h] (a pair of Nines)
pr0tecto: shows [Js Qs] (high card Queen)
philippians211 collected $83.12 from pot
*** SUMMARY ***
Total pot $85.62 | Rake $2.50 
Board [Ts 9c 7c 3s 5h]
Seat 1: philippians211 (small blind) showed [Qd 9h] and won ($83.12) with a pair of Nines
Seat 2: pr0tecto (big blind) showed [Js Qs] and lost with high card Queen
Seat 3: Xenicide folded before Flop (didn't bet)
Seat 4: stevoooo34 folded before Flop (didn't bet)
Seat 5: 7bekon7 folded before Flop (didn't bet)
Seat 6: $triker_BLR (button) folded before Flop



PokerStars Hand #254511068817:  Hold'em No Limit ($0.50/$1.00 USD) - 2025/01/23 5:26:29 WET [2025/01/23 0:26:29 ET]
Table 'Mirach IV' 6-max Seat #1 is the button
Seat 1: philippians211 ($83.12 in chips) 
Seat 2: pr0tecto ($100 in chips) 
Seat 3: Xenicide ($108.03 in chips) 
Seat 4: stevoooo34 ($4.42 in chips) 
Seat 5: 7bekon7 ($130.59 in chips) 
Seat 6: $triker_BLR ($100 in chips) 
pr0tecto: posts small blind $0.50
Xenicide: posts big blind $1
*** HOLE CARDS ***
stevoooo34: folds 
7bekon7: folds 
$triker_BLR: folds 
philippians211: calls $1
pr0tecto: folds 
Xenicide: checks 
*** FLOP *** [4s Ks Qc]
Xenicide: checks 
philippians211: bets $2
Xenicide: folds 
Uncalled bet ($2) returned to philippians211
philippians211 collected $2.38 from pot
*** SUMMARY ***
Total pot $2.50 | Rake $0.12 
Board [4s Ks Qc]
Seat 1: philippians211 (button) collected ($2.38)
Seat 2: pr0tecto (small blind) folded before Flop
Seat 3: Xenicide (big blind) folded on the Flop
Seat 4: stevoooo34 folded before Flop (didn't bet)
Seat 5: 7bekon7 folded before Flop (didn't bet)
Seat 6: $triker_BLR folded before Flop (didn't bet)



PokerStars Hand #254511071211:  Hold'em No Limit ($0.50/$1.00 USD) - 2025/01/23 5:26:59 WET [2025/01/23 0:26:59 ET]
Table 'Mirach IV' 6-max Seat #2 is the button
Seat 1: philippians211 ($84.50 in chips) 
Seat 2: pr0tecto ($99.50 in chips) 
Seat 3: Xenicide ($107.03 in chips) 
Seat 4: stevoooo34 ($4.42 in chips) 
Seat 5: 7bekon7 ($130.59 in chips) 
Seat 6: $triker_BLR ($100 in chips) 
Xenicide: posts small blind $0.50
stevoooo34: posts big blind $1
*** HOLE CARDS ***
7bekon7: folds 
$triker_BLR: folds 
philippians211: folds 
pr0tecto: folds 
Xenicide: raises $8 to $9
stevoooo34: folds 
Uncalled bet ($8) returned to Xenicide
Xenicide collected $2 from pot
*** SUMMARY ***
Total pot $2 | Rake $0 
Seat 1: philippians211 folded before Flop (didn't bet)
Seat 2: pr0tecto (button) folded before Flop (didn't bet)
Seat 3: Xenicide (small blind) collected ($2)
Seat 4: stevoooo34 (big blind) folded before Flop
Seat 5: 7bekon7 folded before Flop (didn't bet)
Seat 6: $triker_BLR folded before Flop (didn't bet)



PokerStars Hand #254511073508:  Hold'em No Limit ($0.50/$1.00 USD) - 2025/01/23 5:27:28 WET [2025/01/23 0:27:28 ET]
Table 'Mirach IV' 6-max Seat #3 is the button
Seat 1: philippians211 ($84.50 in chips) 
Seat 2: pr0tecto ($99.50 in chips) 
Seat 3: Xenicide ($108.03 in chips) 
Seat 4: stevoooo34 ($3.42 in chips) 
Seat 5: 7bekon7 ($130.59 in chips) 
Seat 6: $triker_BLR ($100 in chips) 
stevoooo34: posts small blind $0.50
7bekon7: posts big blind $1
*** HOLE CARDS ***
$triker_BLR: folds 
philippians211: calls $1
pr0tecto: folds 
Xenicide: raises $3.50 to $4.50
stevoooo34: calls $2.92 and is all-in
7bekon7: folds 
philippians211: calls $3.50
*** FLOP *** [Qh 6h 3c]
philippians211: checks 
Xenicide: bets $6.38
philippians211: folds 
Uncalled bet ($6.38) returned to Xenicide
*** TURN *** [Qh 6h 3c] [Th]
*** RIVER *** [Qh 6h 3c Th] [2d]
*** SHOW DOWN ***
Xenicide: shows [Qs Kd] (a pair of Queens)
Xenicide collected $2.05 from side pot
stevoooo34: shows [9h Td] (a pair of Tens)
Xenicide collected $10.70 from main pot
*** SUMMARY ***
Total pot $13.42 Main pot $10.70. Side pot $2.05. | Rake $0.67 
Board [Qh 6h 3c Th 2d]
Seat 1: philippians211 folded on the Flop
Seat 2: pr0tecto folded before Flop (didn't bet)
Seat 3: Xenicide (button) showed [Qs Kd] and won ($12.75) with a pair of Queens
Seat 4: stevoooo34 (small blind) showed [9h Td] and lost with a pair of Tens
Seat 5: 7bekon7 (big blind) folded before Flop
Seat 6: $triker_BLR folded before Flop (didn't bet)



PokerStars Hand #254511077277:  Hold'em No Limit ($0.50/$1.00 USD) - 2025/01/23 5:28:14 WET [2025/01/23 0:28:14 ET]
Table 'Mirach IV' 6-max Seat #5 is the button
Seat 4: stevoooo34 ($0 in chips) is sitting out
Seat 1: philippians211 ($80 in chips) 
Seat 2: pr0tecto ($99.50 in chips) 
Seat 3: Xenicide ($116.28 in chips) 
Seat 5: 7bekon7 ($129.59 in chips) 
Seat 6: $triker_BLR ($100 in chips) 
$triker_BLR: posts small blind $0.50
philippians211: posts big blind $1
*** HOLE CARDS ***
pr0tecto: raises $1.10 to $2.10
stevoooo34 is disconnected 
Xenicide: folds 
7bekon7: calls $2.10
$triker_BLR: folds 
philippians211: raises $1.10 to $3.20
pr0tecto: calls $1.10
7bekon7: calls $1.10
*** FLOP *** [2h 3h 2c]
philippians211: bets $3
pr0tecto: calls $3
7bekon7: raises $4.65 to $7.65
philippians211: raises $8.65 to $16.30
pr0tecto: folds 
7bekon7: calls $8.65
*** TURN *** [2h 3h 2c] [6h]
philippians211: checks 
7bekon7: checks 
*** RIVER *** [2h 3h 2c 6h] [Tc]
philippians211: bets $5
7bekon7: calls $5
*** SHOW DOWN ***
philippians211: shows [Qs Qh] (two pair, Queens and Deuces)
7bekon7: mucks hand 
philippians211 collected $53.20 from pot
*** SUMMARY ***
Total pot $55.70 | Rake $2.50 
Board [2h 3h 2c 6h Tc]
Seat 4: stevoooo34
Seat 1: philippians211 (big blind) showed [Qs Qh] and won ($53.20) with two pair, Queens and Deuces
Seat 2: pr0tecto folded on the Flop
Seat 3: Xenicide folded before Flop (didn't bet)
Seat 5: 7bekon7 (button) mucked
Seat 6: $triker_BLR (small blind) folded before Flop



PokerStars Hand #254511084703:  Hold'em No Limit ($0.50/$1.00 USD) - 2025/01/23 5:29:45 WET [2025/01/23 0:29:45 ET]
Table 'Mirach IV' 6-max Seat #6 is the button
Seat 4: stevoooo34 ($0 in chips) is sitting out
Seat 1: philippians211 ($108.70 in chips) 
Seat 2: pr0tecto ($100 in chips) 
Seat 3: Xenicide ($116.28 in chips) 
Seat 5: 7bekon7 ($105.09 in chips) 
Seat 6: $triker_BLR ($100 in chips) 
philippians211: posts small blind $0.50
pr0tecto: posts big blind $1
*** HOLE CARDS ***
Xenicide: folds 
7bekon7: raises $1.50 to $2.50
$triker_BLR: folds 
philippians211: calls $2
pr0tecto: folds 
*** FLOP *** [Jc Qs 3s]
philippians211: checks 
7bekon7: bets $4.28
philippians211: calls $4.28
*** TURN *** [Jc Qs 3s] [2c]
philippians211: checks 
7bekon7: bets $6.92
philippians211: folds 
Uncalled bet ($6.92) returned to 7bekon7
7bekon7 collected $13.83 from pot
7bekon7: doesn't show hand 
*** SUMMARY ***
Total pot $14.56 | Rake $0.73 
Board [Jc Qs 3s 2c]
Seat 4: stevoooo34
Seat 1: philippians211 (small blind) folded on the Turn
Seat 2: pr0tecto (big blind) folded before Flop
Seat 3: Xenicide folded before Flop (didn't bet)
Seat 5: 7bekon7 collected ($13.83)
Seat 6: $triker_BLR (button) folded before Flop (didn't bet)



PokerStars Hand #254511088651:  Hold'em No Limit ($0.50/$1.00 USD) - 2025/01/23 5:30:33 WET [2025/01/23 0:30:33 ET]
Table 'Mirach IV' 6-max Seat #1 is the button
Seat 4: stevoooo34 ($0 in chips) is sitting out
Seat 1: philippians211 ($101.92 in chips) 
Seat 2: pr0tecto ($99 in chips) 
Seat 3: Xenicide ($116.28 in chips) 
Seat 5: 7bekon7 ($112.14 in chips) 
Seat 6: $triker_BLR ($100 in chips) 
pr0tecto: posts small blind $0.50
Xenicide: posts big blind $1
*** HOLE CARDS ***
7bekon7: folds 
$triker_BLR: folds 
philippians211: folds 
pr0tecto: raises $1.24 to $2.24
Xenicide: folds 
Uncalled bet ($1.24) returned to pr0tecto
pr0tecto collected $2 from pot
pr0tecto: doesn't show hand 
*** SUMMARY ***
Total pot $2 | Rake $0 
Seat 4: stevoooo34
Seat 1: philippians211 (button) folded before Flop (didn't bet)
Seat 2: pr0tecto (small blind) collected ($2)
Seat 3: Xenicide (big blind) folded before Flop
Seat 5: 7bekon7 folded before Flop (didn't bet)
Seat 6: $triker_BLR folded before Flop (didn't bet)



PokerStars Hand #254511090970:  Hold'em No Limit ($0.50/$1.00 USD) - 2025/01/23 5:31:02 WET [2025/01/23 0:31:02 ET]
Table 'Mirach IV' 6-max Seat #2 is the button
Seat 4: stevoooo34 ($0 in chips) is sitting out
Seat 1: philippians211 ($101.92 in chips) 
Seat 2: pr0tecto ($100 in chips) 
Seat 3: Xenicide ($115.28 in chips) 
Seat 5: 7bekon7 ($112.14 in chips) 
Seat 6: $triker_BLR ($100 in chips) 
Xenicide: posts small blind $0.50
7bekon7: posts big blind $1
*** HOLE CARDS ***
$triker_BLR: folds 
philippians211: calls $1
pr0tecto: folds 
Xenicide: calls $0.50
7bekon7: raises $4 to $5
philippians211: calls $4
Xenicide: calls $4
*** FLOP *** [3d Jh Ac]
Xenicide: checks 
7bekon7: bets $3.56
philippians211: calls $3.56
Xenicide: folds 
*** TURN *** [3d Jh Ac] [9c]
7bekon7: checks 
philippians211: checks 
*** RIVER *** [3d Jh Ac 9c] [2d]
7bekon7: bets $15.76
philippians211: folds 
Uncalled bet ($15.76) returned to 7bekon7
7bekon7 collected $21.01 from pot
7bekon7: doesn't show hand 
*** SUMMARY ***
Total pot $22.12 | Rake $1.11 
Board [3d Jh Ac 9c 2d]
Seat 4: stevoooo34
Seat 1: philippians211 folded on the River
Seat 2: pr0tecto (button) folded before Flop (didn't bet)
Seat 3: Xenicide (small blind) folded on the Flop
Seat 5: 7bekon7 (big blind) collected ($21.01)
Seat 6: $triker_BLR folded before Flop (didn't bet)



PokerStars Hand #254511098818:  Hold'em No Limit ($0.50/$1.00 USD) - 2025/01/23 5:32:39 WET [2025/01/23 0:32:39 ET]
Table 'Mirach IV' 6-max Seat #3 is the button
Seat 4: stevoooo34 ($0 in chips) is sitting out
Seat 1: philippians211 ($93.36 in chips) 
Seat 2: pr0tecto ($100 in chips) 
Seat 3: Xenicide ($110.28 in chips) 
Seat 5: 7bekon7 ($124.59 in chips) 
Seat 6: $triker_BLR ($100 in chips) 
7bekon7: posts small blind $0.50
$triker_BLR: posts big blind $1
*** HOLE CARDS ***
philippians211: calls $1
pr0tecto: raises $3.50 to $4.50
Xenicide: folds 
7bekon7: folds 
$triker_BLR: folds 
philippians211: calls $3.50
*** FLOP *** [5d Kc 9c]
philippians211: checks 
pr0tecto: bets $3.29
philippians211: folds 
Uncalled bet ($3.29) returned to pr0tecto
pr0tecto collected $9.98 from pot
pr0tecto: doesn't show hand 
*** SUMMARY ***
Total pot $10.50 | Rake $0.52 
Board [5d Kc 9c]
Seat 4: stevoooo34
Seat 1: philippians211 folded on the Flop
Seat 2: pr0tecto collected ($9.98)
Seat 3: Xenicide (button) folded before Flop (didn't bet)
Seat 5: 7bekon7 (small blind) folded before Flop
Seat 6: $triker_BLR (big blind) folded before Flop



PokerStars Hand #254511101960:  Hold'em No Limit ($0.50/$1.00 USD) - 2025/01/23 5:33:18 WET [2025/01/23 0:33:18 ET]
Table 'Mirach IV' 6-max Seat #5 is the button
Seat 4: stevoooo34 ($0 in chips) is sitting out
Seat 1: philippians211 ($88.86 in chips) 
Seat 2: pr0tecto ($105.48 in chips) 
Seat 3: Xenicide ($110.28 in chips) 
Seat 5: 7bekon7 ($124.09 in chips) 
Seat 6: $triker_BLR ($100 in chips) 
$triker_BLR: posts small blind $0.50
philippians211: posts big blind $1
*** HOLE CARDS ***
pr0tecto: folds 
Xenicide: folds 
7bekon7: folds 
$triker_BLR: folds 
Uncalled bet ($0.50) returned to philippians211
philippians211 collected $1 from pot
*** SUMMARY ***
Total pot $1 | Rake $0 
Seat 4: stevoooo34
Seat 1: philippians211 (big blind) collected ($1)
Seat 2: pr0tecto folded before Flop (didn't bet)
Seat 3: Xenicide folded before Flop (didn't bet)
Seat 5: 7bekon7 (button) folded before Flop (didn't bet)
Seat 6: $triker_BLR (small blind) folded before Flop



PokerStars Hand #254511102798:  Hold'em No Limit ($0.50/$1.00 USD) - 2025/01/23 5:33:28 WET [2025/01/23 0:33:28 ET]
Table 'Mirach IV' 6-max Seat #6 is the button
Seat 4: stevoooo34 ($0 in chips) is sitting out
Seat 1: philippians211 ($89.36 in chips) 
Seat 2: pr0tecto ($105.48 in chips) 
Seat 3: Xenicide ($110.28 in chips) 
Seat 5: 7bekon7 ($124.09 in chips) 
Seat 6: $triker_BLR ($100 in chips) 
philippians211: posts small blind $0.50
pr0tecto: posts big blind $1
*** HOLE CARDS ***
Xenicide: folds 
7bekon7: folds 
$triker_BLR: folds 
philippians211: raises $1 to $2
pr0tecto: calls $1
*** FLOP *** [Td Ad 9s]
philippians211: checks 
pr0tecto: checks 
*** TURN *** [Td Ad 9s] [Tc]
philippians211: checks 
pr0tecto: checks 
*** RIVER *** [Td Ad 9s Tc] [7d]
philippians211: bets $10
pr0tecto: folds 
Uncalled bet ($10) returned to philippians211
philippians211 collected $3.80 from pot
*** SUMMARY ***
Total pot $4 | Rake $0.20 
Board [Td Ad 9s Tc 7d]
Seat 4: stevoooo34
Seat 1: philippians211 (small blind) collected ($3.80)
Seat 2: pr0tecto (big blind) folded on the River
Seat 3: Xenicide folded before Flop (didn't bet)
Seat 5: 7bekon7 folded before Flop (didn't bet)
Seat 6: $triker_BLR (button) folded before Flop (didn't bet)



PokerStars Hand #254511108123:  Hold'em No Limit ($0.50/$1.00 USD) - 2025/01/23 5:34:34 WET [2025/01/23 0:34:34 ET]
Table 'Mirach IV' 6-max Seat #1 is the button
Seat 4: stevoooo34 ($0 in chips) is sitting out
Seat 1: philippians211 ($91.16 in chips) 
Seat 2: pr0tecto ($103.48 in chips) 
Seat 3: Xenicide ($110.28 in chips) 
Seat 5: 7bekon7 ($124.09 in chips) 
Seat 6: $triker_BLR ($100 in chips) 
pr0tecto: posts small blind $0.50
Xenicide: posts big blind $1
*** HOLE CARDS ***
7bekon7: folds 
$triker_BLR: folds 
philippians211: folds 
pr0tecto: folds 
Uncalled bet ($0.50) returned to Xenicide
Xenicide collected $1 from pot
*** SUMMARY ***
Total pot $1 | Rake $0 
Seat 4: stevoooo34
Seat 1: philippians211 (button) folded before Flop (didn't bet)
Seat 2: pr0tecto (small blind) folded before Flop
Seat 3: Xenicide (big blind) collected ($1)
Seat 5: 7bekon7 folded before Flop (didn't bet)
Seat 6: $triker_BLR folded before Flop (didn't bet)



