PokerStars Hand #254514290957:  Hold'em No Limit ($0.50/$1.00 USD) - 2025/01/23 14:26:00 WET [2025/01/23 9:26:00 ET]
Table 'Scania IV' 6-max Seat #6 is the button
Seat 1: joaquin612 ($104.68 in chips) 
Seat 2: MaikonAll ($100 in chips) 
Seat 3: Bessie0009 ($18.09 in chips) 
Seat 4: Mr_Dick666 ($105 in chips) 
Seat 5: Espada Fish ($100 in chips) 
Seat 6: fedor0f ($100 in chips) 
joaquin612: posts small blind $0.50
MaikonAll: posts big blind $1
*** HOLE CARDS ***
Bessie0009: calls $1
Mr_Dick666: folds 
Espada Fish: folds 
fedor0f: folds 
joaquin612: calls $0.50
MaikonAll: checks 
*** FLOP *** [9s Qh 5s]
joaquin612: checks 
MaikonAll: checks 
Bessie0009: bets $2.85
joaquin612: folds 
MaikonAll: folds 
Uncalled bet ($2.85) returned to Bessie0009
Bessie0009 collected $2.85 from pot
*** SUMMARY ***
Total pot $3 | Rake $0.15 
Board [9s Qh 5s]
Seat 1: joaquin612 (small blind) folded on the Flop
Seat 2: MaikonAll (big blind) folded on the Flop
Seat 3: Bessie0009 collected ($2.85)
Seat 4: Mr_Dick666 folded before Flop (didn't bet)
Seat 5: Espada Fish folded before Flop (didn't bet)
Seat 6: fedor0f (button) folded before Flop (didn't bet)



PokerStars Hand #254514295815:  Hold'em No Limit ($0.50/$1.00 USD) - 2025/01/23 14:26:31 WET [2025/01/23 9:26:31 ET]
Table 'Scania IV' 6-max Seat #1 is the button
Seat 1: joaquin612 ($103.68 in chips) 
Seat 2: MaikonAll ($100 in chips) 
Seat 3: Bessie0009 ($19.94 in chips) 
Seat 4: Mr_Dick666 ($105 in chips) 
Seat 5: Espada Fish ($100 in chips) 
Seat 6: fedor0f ($100 in chips) 
MaikonAll: posts small blind $0.50
Bessie0009: posts big blind $1
*** HOLE CARDS ***
Mr_Dick666: folds 
Espada Fish: folds 
fedor0f: folds 
joaquin612: folds 
MaikonAll: folds 
Uncalled bet ($0.50) returned to Bessie0009
Bessie0009 collected $1 from pot
*** SUMMARY ***
Total pot $1 | Rake $0 
Seat 1: joaquin612 (button) folded before Flop (didn't bet)
Seat 2: MaikonAll (small blind) folded before Flop
Seat 3: Bessie0009 (big blind) collected ($1)
Seat 4: Mr_Dick666 folded before Flop (didn't bet)
Seat 5: Espada Fish folded before Flop (didn't bet)
Seat 6: fedor0f folded before Flop (didn't bet)



PokerStars Hand #254514298781:  Hold'em No Limit ($0.50/$1.00 USD) - 2025/01/23 14:26:49 WET [2025/01/23 9:26:49 ET]
Table 'Scania IV' 6-max Seat #2 is the button
Seat 4: Mr_Dick666 ($105 in chips) is sitting out
Seat 1: joaquin612 ($103.68 in chips) 
Seat 2: MaikonAll ($100 in chips) 
Seat 3: Bessie0009 ($20.44 in chips) 
Seat 5: Espada Fish ($100 in chips) 
Seat 6: fedor0f ($100 in chips) 
Bessie0009: posts small blind $0.50
Mr_Dick666: is sitting out 
Espada Fish: posts big blind $1
*** HOLE CARDS ***
Mr_Dick666 leaves the table
fedor0f: folds 
joaquin612: folds 
MaikonAll: raises $1.50 to $2.50
Bessie0009: calls $2
Espada Fish: folds 
*** FLOP *** [8c 3c 2c]
Bessie0009: checks 
MaikonAll: checks 
*** TURN *** [8c 3c 2c] [4h]
Bessie0009: bets $5.70
MaikonAll: folds 
Uncalled bet ($5.70) returned to Bessie0009
Bessie0009 collected $5.70 from pot
*** SUMMARY ***
Total pot $6 | Rake $0.30 
Board [8c 3c 2c 4h]
Seat 4: Mr_Dick666
Seat 1: joaquin612 folded before Flop (didn't bet)
Seat 2: MaikonAll (button) folded on the Turn
Seat 3: Bessie0009 (small blind) collected ($5.70)
Seat 5: Espada Fish (big blind) folded before Flop
Seat 6: fedor0f folded before Flop (didn't bet)



PokerStars Hand #254514303189:  Hold'em No Limit ($0.50/$1.00 USD) - 2025/01/23 14:27:17 WET [2025/01/23 9:27:17 ET]
Table 'Scania IV' 6-max Seat #3 is the button
Seat 1: joaquin612 ($103.68 in chips) 
Seat 2: MaikonAll ($100 in chips) 
Seat 3: Bessie0009 ($23.64 in chips) 
Seat 5: Espada Fish ($100 in chips) 
Seat 6: fedor0f ($100 in chips) 
Espada Fish: posts small blind $0.50
fedor0f: posts big blind $1
*** HOLE CARDS ***
joaquin612: folds 
MaikonAll: folds 
Bessie0009: calls $1
value_ftw joins the table at seat #4 
Espada Fish: folds 
fedor0f: checks 
*** FLOP *** [3c 5c Tc]
fedor0f: checks 
Bessie0009: bets $2.38
fedor0f: calls $2.38
*** TURN *** [3c 5c Tc] [5s]
fedor0f: checks 
Bessie0009: checks 
*** RIVER *** [3c 5c Tc 5s] [7h]
fedor0f: checks 
Bessie0009: bets $6.90
fedor0f: folds 
Uncalled bet ($6.90) returned to Bessie0009
Bessie0009 collected $6.90 from pot
*** SUMMARY ***
Total pot $7.26 | Rake $0.36 
Board [3c 5c Tc 5s 7h]
Seat 1: joaquin612 folded before Flop (didn't bet)
Seat 2: MaikonAll folded before Flop (didn't bet)
Seat 3: Bessie0009 (button) collected ($6.90)
Seat 5: Espada Fish (small blind) folded before Flop
Seat 6: fedor0f (big blind) folded on the River



PokerStars Hand #254514315959:  Hold'em No Limit ($0.50/$1.00 USD) - 2025/01/23 14:28:36 WET [2025/01/23 9:28:36 ET]
Table 'Scania IV' 6-max Seat #5 is the button
Seat 4: value_ftw ($100 in chips) is sitting out
Seat 1: joaquin612 ($103.68 in chips) 
Seat 2: MaikonAll ($100 in chips) 
Seat 3: Bessie0009 ($27.16 in chips) 
Seat 5: Espada Fish ($100 in chips) 
Seat 6: fedor0f ($100 in chips) 
fedor0f: posts small blind $0.50
joaquin612: posts big blind $1
value_ftw: sits out 
*** HOLE CARDS ***
MaikonAll: folds 
Bessie0009: folds 
Espada Fish: folds 
fedor0f: folds 
Uncalled bet ($0.50) returned to joaquin612
joaquin612 collected $1 from pot
joaquin612: doesn't show hand 
*** SUMMARY ***
Total pot $1 | Rake $0 
Seat 4: value_ftw
Seat 1: joaquin612 (big blind) collected ($1)
Seat 2: MaikonAll folded before Flop (didn't bet)
Seat 3: Bessie0009 folded before Flop (didn't bet)
Seat 5: Espada Fish (button) folded before Flop (didn't bet)
Seat 6: fedor0f (small blind) folded before Flop



PokerStars Hand #254514317070:  Hold'em No Limit ($0.50/$1.00 USD) - 2025/01/23 14:28:43 WET [2025/01/23 9:28:43 ET]
Table 'Scania IV' 6-max Seat #6 is the button
Seat 4: value_ftw ($100 in chips) is sitting out
Seat 1: joaquin612 ($104.18 in chips) 
Seat 2: MaikonAll ($100 in chips) 
Seat 3: Bessie0009 ($27.16 in chips) 
Seat 5: Espada Fish ($100 in chips) 
Seat 6: fedor0f ($100 in chips) 
joaquin612: posts small blind $0.50
MaikonAll: posts big blind $1
value_ftw: sits out 
*** HOLE CARDS ***
Bessie0009: calls $1
Espada Fish: folds 
fedor0f: folds 
joaquin612: calls $0.50
MaikonAll: raises $5 to $6
Bessie0009: folds 
joaquin612: folds 
Uncalled bet ($5) returned to MaikonAll
MaikonAll collected $3 from pot
MaikonAll: doesn't show hand 
*** SUMMARY ***
Total pot $3 | Rake $0 
Seat 4: value_ftw
Seat 1: joaquin612 (small blind) folded before Flop
Seat 2: MaikonAll (big blind) collected ($3)
Seat 3: Bessie0009 folded before Flop
Seat 5: Espada Fish folded before Flop (didn't bet)
Seat 6: fedor0f (button) folded before Flop (didn't bet)



PokerStars Hand #254514322790:  Hold'em No Limit ($0.50/$1.00 USD) - 2025/01/23 14:29:19 WET [2025/01/23 9:29:19 ET]
Table 'Scania IV' 6-max Seat #1 is the button
Seat 4: value_ftw ($100 in chips) is sitting out
Seat 1: joaquin612 ($103.18 in chips) 
Seat 2: MaikonAll ($102 in chips) 
Seat 3: Bessie0009 ($26.16 in chips) 
Seat 5: Espada Fish ($100 in chips) 
Seat 6: fedor0f ($100 in chips) 
MaikonAll: posts small blind $0.50
Bessie0009: posts big blind $1
value_ftw: sits out 
*** HOLE CARDS ***
Espada Fish: folds 
fedor0f: raises $1.20 to $2.20
joaquin612: folds 
MaikonAll: folds 
Bessie0009: calls $1.20
*** FLOP *** [Td 3d 6d]
Bessie0009: checks 
fedor0f: checks 
*** TURN *** [Td 3d 6d] [3h]
Bessie0009: checks 
fedor0f: checks 
*** RIVER *** [Td 3d 6d 3h] [4c]
Bessie0009: checks 
fedor0f: checks 
*** SHOW DOWN ***
Bessie0009: shows [9c 8c] (a pair of Threes)
fedor0f: shows [8s As] (a pair of Threes - Ace kicker)
fedor0f collected $4.66 from pot
*** SUMMARY ***
Total pot $4.90 | Rake $0.24 
Board [Td 3d 6d 3h 4c]
Seat 4: value_ftw
Seat 1: joaquin612 (button) folded before Flop (didn't bet)
Seat 2: MaikonAll (small blind) folded before Flop
Seat 3: Bessie0009 (big blind) showed [9c 8c] and lost with a pair of Threes
Seat 5: Espada Fish folded before Flop (didn't bet)
Seat 6: fedor0f showed [8s As] and won ($4.66) with a pair of Threes



PokerStars Hand #254514330115:  Hold'em No Limit ($0.50/$1.00 USD) - 2025/01/23 14:30:05 WET [2025/01/23 9:30:05 ET]
Table 'Scania IV' 6-max Seat #2 is the button
Seat 1: joaquin612 ($103.18 in chips) 
Seat 2: MaikonAll ($101.50 in chips) 
Seat 3: Bessie0009 ($23.96 in chips) 
Seat 4: value_ftw ($100 in chips) 
Seat 5: Espada Fish ($100 in chips) 
Seat 6: fedor0f ($102.46 in chips) 
Bessie0009: posts small blind $0.50
value_ftw: posts big blind $1
*** HOLE CARDS ***
Espada Fish: folds 
fedor0f: raises $1 to $2
joaquin612: folds 
MaikonAll: raises $5 to $7
Bessie0009: folds 
value_ftw: folds 
fedor0f: folds 
Uncalled bet ($5) returned to MaikonAll
MaikonAll collected $5.50 from pot
MaikonAll: doesn't show hand 
*** SUMMARY ***
Total pot $5.50 | Rake $0 
Seat 1: joaquin612 folded before Flop (didn't bet)
Seat 2: MaikonAll (button) collected ($5.50)
Seat 3: Bessie0009 (small blind) folded before Flop
Seat 4: value_ftw (big blind) folded before Flop
Seat 5: Espada Fish folded before Flop (didn't bet)
Seat 6: fedor0f folded before Flop



PokerStars Hand #254514334319:  Hold'em No Limit ($0.50/$1.00 USD) - 2025/01/23 14:30:32 WET [2025/01/23 9:30:32 ET]
Table 'Scania IV' 6-max Seat #3 is the button
Seat 1: joaquin612 ($103.18 in chips) 
Seat 2: MaikonAll ($105 in chips) 
Seat 3: Bessie0009 ($23.46 in chips) 
Seat 4: value_ftw ($100 in chips) 
Seat 5: Espada Fish ($100 in chips) 
Seat 6: fedor0f ($100.46 in chips) 
value_ftw: posts small blind $0.50
Espada Fish: posts big blind $1
*** HOLE CARDS ***
fedor0f: raises $1 to $2
joaquin612: folds 
MaikonAll: folds 
Bessie0009: folds 
value_ftw: folds 
Espada Fish: raises $10 to $12
fedor0f: calls $10
*** FLOP *** [Kc 8s Qc]
Espada Fish: bets $7.68
fedor0f: calls $7.68
*** TURN *** [Kc 8s Qc] [4d]
Espada Fish: bets $28.40
fedor0f: calls $28.40
*** RIVER *** [Kc 8s Qc 4d] [Ts]
Espada Fish: bets $51.92 and is all-in
fedor0f: calls $51.92
*** SHOW DOWN ***
Espada Fish: shows [Kh Ac] (a pair of Kings)
fedor0f: shows [Ks Kd] (three of a kind, Kings)
fedor0f collected $198 from pot
*** SUMMARY ***
Total pot $200.50 | Rake $2.50 
Board [Kc 8s Qc 4d Ts]
Seat 1: joaquin612 folded before Flop (didn't bet)
Seat 2: MaikonAll folded before Flop (didn't bet)
Seat 3: Bessie0009 (button) folded before Flop (didn't bet)
Seat 4: value_ftw (small blind) folded before Flop
Seat 5: Espada Fish (big blind) showed [Kh Ac] and lost with a pair of Kings
Seat 6: fedor0f showed [Ks Kd] and won ($198) with three of a kind, Kings



PokerStars Hand #254514349675:  Hold'em No Limit ($0.50/$1.00 USD) - 2025/01/23 14:32:09 WET [2025/01/23 9:32:09 ET]
Table 'Scania IV' 6-max Seat #4 is the button
Seat 1: joaquin612 ($103.18 in chips) 
Seat 2: MaikonAll ($105 in chips) 
Seat 3: Bessie0009 ($23.46 in chips) 
Seat 4: value_ftw ($100 in chips) 
Seat 5: Espada Fish ($100 in chips) 
Seat 6: fedor0f ($198.46 in chips) 
Espada Fish: posts small blind $0.50
fedor0f: posts big blind $1
*** HOLE CARDS ***
joaquin612: folds 
MaikonAll: raises $1.30 to $2.30
Bessie0009: folds 
value_ftw: folds 
Espada Fish: folds 
fedor0f: folds 
Uncalled bet ($1.30) returned to MaikonAll
MaikonAll collected $2.50 from pot
MaikonAll: doesn't show hand 
*** SUMMARY ***
Total pot $2.50 | Rake $0 
Seat 1: joaquin612 folded before Flop (didn't bet)
Seat 2: MaikonAll collected ($2.50)
Seat 3: Bessie0009 folded before Flop (didn't bet)
Seat 4: value_ftw (button) folded before Flop (didn't bet)
Seat 5: Espada Fish (small blind) folded before Flop
Seat 6: fedor0f (big blind) folded before Flop



PokerStars Hand #254514352976:  Hold'em No Limit ($0.50/$1.00 USD) - 2025/01/23 14:32:29 WET [2025/01/23 9:32:29 ET]
Table 'Scania IV' 6-max Seat #5 is the button
Seat 1: joaquin612 ($103.18 in chips) 
Seat 2: MaikonAll ($106.50 in chips) 
Seat 3: Bessie0009 ($23.46 in chips) 
Seat 4: value_ftw ($100 in chips) 
Seat 5: Espada Fish ($100 in chips) 
Seat 6: fedor0f ($197.46 in chips) 
fedor0f: posts small blind $0.50
joaquin612: posts big blind $1
*** HOLE CARDS ***
MaikonAll: folds 
Bessie0009: folds 
value_ftw: folds 
Espada Fish: folds 
fedor0f: raises $2 to $3
joaquin612: calls $2
*** FLOP *** [5s Kc 7h]
fedor0f: bets $1.88
joaquin612: folds 
Uncalled bet ($1.88) returned to fedor0f
fedor0f collected $5.70 from pot
fedor0f: doesn't show hand 
*** SUMMARY ***
Total pot $6 | Rake $0.30 
Board [5s Kc 7h]
Seat 1: joaquin612 (big blind) folded on the Flop
Seat 2: MaikonAll folded before Flop (didn't bet)
Seat 3: Bessie0009 folded before Flop (didn't bet)
Seat 4: value_ftw folded before Flop (didn't bet)
Seat 5: Espada Fish (button) folded before Flop (didn't bet)
Seat 6: fedor0f (small blind) collected ($5.70)



PokerStars Hand #254514357678:  Hold'em No Limit ($0.50/$1.00 USD) - 2025/01/23 14:32:58 WET [2025/01/23 9:32:58 ET]
Table 'Scania IV' 6-max Seat #6 is the button
Seat 1: joaquin612 ($100.18 in chips) 
Seat 2: MaikonAll ($106.50 in chips) 
Seat 3: Bessie0009 ($23.46 in chips) 
Seat 4: value_ftw ($100 in chips) 
Seat 5: Espada Fish ($100 in chips) 
Seat 6: fedor0f ($200.16 in chips) 
joaquin612: posts small blind $0.50
MaikonAll: posts big blind $1
*** HOLE CARDS ***
Bessie0009: folds 
value_ftw: raises $1.20 to $2.20
Espada Fish: folds 
fedor0f: folds 
joaquin612: folds 
MaikonAll: folds 
Uncalled bet ($1.20) returned to value_ftw
value_ftw collected $2.50 from pot
value_ftw: doesn't show hand 
*** SUMMARY ***
Total pot $2.50 | Rake $0 
Seat 1: joaquin612 (small blind) folded before Flop
Seat 2: MaikonAll (big blind) folded before Flop
Seat 3: Bessie0009 folded before Flop (didn't bet)
Seat 4: value_ftw collected ($2.50)
Seat 5: Espada Fish folded before Flop (didn't bet)
Seat 6: fedor0f (button) folded before Flop (didn't bet)



PokerStars Hand #254514364550:  Hold'em No Limit ($0.50/$1.00 USD) - 2025/01/23 14:33:41 WET [2025/01/23 9:33:41 ET]
Table 'Scania IV' 6-max Seat #1 is the button
Seat 1: joaquin612 ($100 in chips) 
Seat 2: MaikonAll ($105.50 in chips) 
Seat 3: Bessie0009 ($23.46 in chips) 
Seat 4: value_ftw ($101.50 in chips) 
Seat 5: Espada Fish ($100 in chips) 
Seat 6: fedor0f ($200.16 in chips) 
MaikonAll: posts small blind $0.50
Bessie0009: posts big blind $1
*** HOLE CARDS ***
value_ftw: folds 
Espada Fish: raises $1.20 to $2.20
fedor0f: folds 
joaquin612: folds 
MaikonAll: raises $8.80 to $11
Bessie0009: folds 
Espada Fish: folds 
Uncalled bet ($8.80) returned to MaikonAll
MaikonAll collected $5.40 from pot
MaikonAll: doesn't show hand 
*** SUMMARY ***
Total pot $5.40 | Rake $0 
Seat 1: joaquin612 (button) folded before Flop (didn't bet)
Seat 2: MaikonAll (small blind) collected ($5.40)
Seat 3: Bessie0009 (big blind) folded before Flop
Seat 4: value_ftw folded before Flop (didn't bet)
Seat 5: Espada Fish folded before Flop
Seat 6: fedor0f folded before Flop (didn't bet)



PokerStars Hand #254514370225:  Hold'em No Limit ($0.50/$1.00 USD) - 2025/01/23 14:34:17 WET [2025/01/23 9:34:17 ET]
Table 'Scania IV' 6-max Seat #2 is the button
Seat 1: joaquin612 ($100 in chips) 
Seat 2: MaikonAll ($108.70 in chips) 
Seat 3: Bessie0009 ($22.46 in chips) 
Seat 4: value_ftw ($101.50 in chips) 
Seat 5: Espada Fish ($100 in chips) 
Seat 6: fedor0f ($200.16 in chips) 
Bessie0009: posts small blind $0.50
value_ftw: posts big blind $1
*** HOLE CARDS ***
Espada Fish: folds 
fedor0f: folds 
joaquin612: folds 
MaikonAll: raises $1.50 to $2.50
Bessie0009: calls $2
value_ftw: folds 
*** FLOP *** [5c Qh 5h]
Bessie0009: checks 
MaikonAll: bets $1.43
Bessie0009: folds 
Uncalled bet ($1.43) returned to MaikonAll
MaikonAll collected $5.70 from pot
MaikonAll: doesn't show hand 
*** SUMMARY ***
Total pot $6 | Rake $0.30 
Board [5c Qh 5h]
Seat 1: joaquin612 folded before Flop (didn't bet)
Seat 2: MaikonAll (button) collected ($5.70)
Seat 3: Bessie0009 (small blind) folded on the Flop
Seat 4: value_ftw (big blind) folded before Flop
Seat 5: Espada Fish folded before Flop (didn't bet)
Seat 6: fedor0f folded before Flop (didn't bet)



PokerStars Hand #254514375644:  Hold'em No Limit ($0.50/$1.00 USD) - 2025/01/23 14:34:50 WET [2025/01/23 9:34:50 ET]
Table 'Scania IV' 6-max Seat #3 is the button
Seat 1: joaquin612 ($100 in chips) 
Seat 2: MaikonAll ($111.90 in chips) 
Seat 3: Bessie0009 ($19.96 in chips) 
Seat 4: value_ftw ($100.50 in chips) 
Seat 5: Espada Fish ($100 in chips) 
Seat 6: fedor0f ($200.16 in chips) 
value_ftw: posts small blind $0.50
Espada Fish: posts big blind $1
*** HOLE CARDS ***
fedor0f: folds 
joaquin612: folds 
MaikonAll: folds 
Bessie0009: raises $2.50 to $3.50
value_ftw: folds 
Espada Fish: calls $2.50
*** FLOP *** [Tc 4d 3c]
Espada Fish: checks 
Bessie0009: bets $7.12
Espada Fish: folds 
Uncalled bet ($7.12) returned to Bessie0009
Bessie0009 collected $7.12 from pot
*** SUMMARY ***
Total pot $7.50 | Rake $0.38 
Board [Tc 4d 3c]
Seat 1: joaquin612 folded before Flop (didn't bet)
Seat 2: MaikonAll folded before Flop (didn't bet)
Seat 3: Bessie0009 (button) collected ($7.12)
Seat 4: value_ftw (small blind) folded before Flop
Seat 5: Espada Fish (big blind) folded on the Flop
Seat 6: fedor0f folded before Flop (didn't bet)



PokerStars Hand #254514386838:  Hold'em No Limit ($0.50/$1.00 USD) - 2025/01/23 14:35:58 WET [2025/01/23 9:35:58 ET]
Table 'Scania IV' 6-max Seat #4 is the button
Seat 1: joaquin612 ($100 in chips) 
Seat 2: MaikonAll ($111.90 in chips) 
Seat 3: Bessie0009 ($23.58 in chips) 
Seat 4: value_ftw ($100 in chips) 
Seat 5: Espada Fish ($100 in chips) 
Seat 6: fedor0f ($200.16 in chips) 
Espada Fish: posts small blind $0.50
fedor0f: posts big blind $1
*** HOLE CARDS ***
joaquin612: folds 
MaikonAll: folds 
Bessie0009: raises $2.50 to $3.50
value_ftw: folds 
Espada Fish: folds 
fedor0f: folds 
Uncalled bet ($2.50) returned to Bessie0009
Bessie0009 collected $2.50 from pot
*** SUMMARY ***
Total pot $2.50 | Rake $0 
Seat 1: joaquin612 folded before Flop (didn't bet)
Seat 2: MaikonAll folded before Flop (didn't bet)
Seat 3: Bessie0009 collected ($2.50)
Seat 4: value_ftw (button) folded before Flop (didn't bet)
Seat 5: Espada Fish (small blind) folded before Flop
Seat 6: fedor0f (big blind) folded before Flop



PokerStars Hand #254514389621:  Hold'em No Limit ($0.50/$1.00 USD) - 2025/01/23 14:36:15 WET [2025/01/23 9:36:15 ET]
Table 'Scania IV' 6-max Seat #5 is the button
Seat 1: joaquin612 ($100 in chips) 
Seat 2: MaikonAll ($111.90 in chips) 
Seat 3: Bessie0009 ($25.08 in chips) 
Seat 4: value_ftw ($100 in chips) 
Seat 5: Espada Fish ($100 in chips) 
Seat 6: fedor0f ($199.16 in chips) 
fedor0f: posts small blind $0.50
joaquin612: posts big blind $1
*** HOLE CARDS ***
MaikonAll: folds 
Bessie0009: folds 
value_ftw: folds 
Espada Fish: folds 
fedor0f: raises $2 to $3
joaquin612: calls $2
*** FLOP *** [Ts 3c 6h]
fedor0f: bets $1.71
joaquin612: calls $1.71
*** TURN *** [Ts 3c 6h] [Ad]
fedor0f: checks 
joaquin612: checks 
*** RIVER *** [Ts 3c 6h Ad] [Jc]
fedor0f: checks 
joaquin612: checks 
*** SHOW DOWN ***
fedor0f: shows [Qh Th] (a pair of Tens)
joaquin612: shows [9s Jh] (a pair of Jacks)
joaquin612 collected $8.95 from pot
*** SUMMARY ***
Total pot $9.42 | Rake $0.47 
Board [Ts 3c 6h Ad Jc]
Seat 1: joaquin612 (big blind) showed [9s Jh] and won ($8.95) with a pair of Jacks
Seat 2: MaikonAll folded before Flop (didn't bet)
Seat 3: Bessie0009 folded before Flop (didn't bet)
Seat 4: value_ftw folded before Flop (didn't bet)
Seat 5: Espada Fish (button) folded before Flop (didn't bet)
Seat 6: fedor0f (small blind) showed [Qh Th] and lost with a pair of Tens



PokerStars Hand #254514400477:  Hold'em No Limit ($0.50/$1.00 USD) - 2025/01/23 14:37:21 WET [2025/01/23 9:37:21 ET]
Table 'Scania IV' 6-max Seat #6 is the button
Seat 1: joaquin612 ($104.24 in chips) 
Seat 2: MaikonAll ($111.90 in chips) 
Seat 3: Bessie0009 ($25.08 in chips) 
Seat 4: value_ftw ($100 in chips) 
Seat 5: Espada Fish ($100 in chips) 
Seat 6: fedor0f ($194.45 in chips) 
joaquin612: posts small blind $0.50
MaikonAll: posts big blind $1
*** HOLE CARDS ***
Bessie0009: folds 
value_ftw: raises $1.20 to $2.20
Espada Fish: folds 
fedor0f: raises $4.40 to $6.60
joaquin612: folds 
MaikonAll: folds 
value_ftw: folds 
Uncalled bet ($4.40) returned to fedor0f
fedor0f collected $5.90 from pot
fedor0f: doesn't show hand 
*** SUMMARY ***
Total pot $5.90 | Rake $0 
Seat 1: joaquin612 (small blind) folded before Flop
Seat 2: MaikonAll (big blind) folded before Flop
Seat 3: Bessie0009 folded before Flop (didn't bet)
Seat 4: value_ftw folded before Flop
Seat 5: Espada Fish folded before Flop (didn't bet)
Seat 6: fedor0f (button) collected ($5.90)



PokerStars Hand #254514403835:  Hold'em No Limit ($0.50/$1.00 USD) - 2025/01/23 14:37:41 WET [2025/01/23 9:37:41 ET]
Table 'Scania IV' 6-max Seat #1 is the button
Seat 1: joaquin612 ($103.74 in chips) 
Seat 2: MaikonAll ($110.90 in chips) 
Seat 3: Bessie0009 ($25.08 in chips) 
Seat 4: value_ftw ($100 in chips) 
Seat 5: Espada Fish ($100 in chips) 
Seat 6: fedor0f ($198.15 in chips) 
MaikonAll: posts small blind $0.50
Bessie0009: posts big blind $1
*** HOLE CARDS ***
value_ftw: raises $1.20 to $2.20
Espada Fish: folds 
fedor0f: folds 
joaquin612: folds 
MaikonAll: folds 
Bessie0009: folds 
Uncalled bet ($1.20) returned to value_ftw
value_ftw collected $2.50 from pot
value_ftw: doesn't show hand 
*** SUMMARY ***
Total pot $2.50 | Rake $0 
Seat 1: joaquin612 (button) folded before Flop (didn't bet)
Seat 2: MaikonAll (small blind) folded before Flop
Seat 3: Bessie0009 (big blind) folded before Flop
Seat 4: value_ftw collected ($2.50)
Seat 5: Espada Fish folded before Flop (didn't bet)
Seat 6: fedor0f folded before Flop (didn't bet)



PokerStars Hand #254514409342:  Hold'em No Limit ($0.50/$1.00 USD) - 2025/01/23 14:38:14 WET [2025/01/23 9:38:14 ET]
Table 'Scania IV' 6-max Seat #2 is the button
Seat 1: joaquin612 ($103.74 in chips) 
Seat 2: MaikonAll ($110.40 in chips) 
Seat 3: Bessie0009 ($24.08 in chips) 
Seat 4: value_ftw ($101.50 in chips) 
Seat 5: Espada Fish ($100 in chips) 
Seat 6: fedor0f ($198.15 in chips) 
Bessie0009: posts small blind $0.50
value_ftw: posts big blind $1
*** HOLE CARDS ***
Espada Fish: folds 
fedor0f: folds 
joaquin612: raises $1.50 to $2.50
MaikonAll: folds 
Bessie0009: folds 
value_ftw: folds 
Uncalled bet ($1.50) returned to joaquin612
joaquin612 collected $2.50 from pot
joaquin612: doesn't show hand 
*** SUMMARY ***
Total pot $2.50 | Rake $0 
Seat 1: joaquin612 collected ($2.50)
Seat 2: MaikonAll (button) folded before Flop (didn't bet)
Seat 3: Bessie0009 (small blind) folded before Flop
Seat 4: value_ftw (big blind) folded before Flop
Seat 5: Espada Fish folded before Flop (didn't bet)
Seat 6: fedor0f folded before Flop (didn't bet)



PokerStars Hand #254514412884:  Hold'em No Limit ($0.50/$1.00 USD) - 2025/01/23 14:38:36 WET [2025/01/23 9:38:36 ET]
Table 'Scania IV' 6-max Seat #3 is the button
Seat 1: joaquin612 ($105.24 in chips) 
Seat 2: MaikonAll ($110.40 in chips) 
Seat 3: Bessie0009 ($23.58 in chips) 
Seat 4: value_ftw ($100.50 in chips) 
Seat 5: Espada Fish ($100 in chips) 
Seat 6: fedor0f ($198.15 in chips) 
value_ftw: posts small blind $0.50
Espada Fish: posts big blind $1
*** HOLE CARDS ***
fedor0f: raises $1 to $2
joaquin612: folds 
MaikonAll: folds 
Bessie0009: raises $5.50 to $7.50
value_ftw: folds 
Espada Fish: folds 
fedor0f: folds 
Uncalled bet ($5.50) returned to Bessie0009
Bessie0009 collected $5.50 from pot
*** SUMMARY ***
Total pot $5.50 | Rake $0 
Seat 1: joaquin612 folded before Flop (didn't bet)
Seat 2: MaikonAll folded before Flop (didn't bet)
Seat 3: Bessie0009 (button) collected ($5.50)
Seat 4: value_ftw (small blind) folded before Flop
Seat 5: Espada Fish (big blind) folded before Flop
Seat 6: fedor0f folded before Flop



PokerStars Hand #254514415405:  Hold'em No Limit ($0.50/$1.00 USD) - 2025/01/23 14:38:51 WET [2025/01/23 9:38:51 ET]
Table 'Scania IV' 6-max Seat #4 is the button
Seat 1: joaquin612 ($105.24 in chips) 
Seat 2: MaikonAll ($110.40 in chips) 
Seat 3: Bessie0009 ($27.08 in chips) 
Seat 4: value_ftw ($100 in chips) 
Seat 5: Espada Fish ($100 in chips) 
Seat 6: fedor0f ($196.15 in chips) 
Espada Fish: posts small blind $0.50
fedor0f: posts big blind $1
*** HOLE CARDS ***
joaquin612: folds 
MaikonAll: folds 
Bessie0009: calls $1
value_ftw: folds 
Espada Fish: folds 
fedor0f: checks 
*** FLOP *** [Ts 6c 7s]
fedor0f: checks 
Bessie0009: checks 
*** TURN *** [Ts 6c 7s] [9d]
fedor0f: checks 
Bessie0009: bets $2.38
fedor0f: calls $2.38
*** RIVER *** [Ts 6c 7s 9d] [Qc]
fedor0f: checks 
Bessie0009: checks 
*** SHOW DOWN ***
fedor0f: shows [6d 2h] (a pair of Sixes)
Bessie0009: shows [Kh Qd] (a pair of Queens)
Bessie0009 collected $6.90 from pot
*** SUMMARY ***
Total pot $7.26 | Rake $0.36 
Board [Ts 6c 7s 9d Qc]
Seat 1: joaquin612 folded before Flop (didn't bet)
Seat 2: MaikonAll folded before Flop (didn't bet)
Seat 3: Bessie0009 showed [Kh Qd] and won ($6.90) with a pair of Queens
Seat 4: value_ftw (button) folded before Flop (didn't bet)
Seat 5: Espada Fish (small blind) folded before Flop
Seat 6: fedor0f (big blind) showed [6d 2h] and lost with a pair of Sixes



PokerStars Hand #254514425065:  Hold'em No Limit ($0.50/$1.00 USD) - 2025/01/23 14:39:50 WET [2025/01/23 9:39:50 ET]
Table 'Scania IV' 6-max Seat #5 is the button
Seat 1: joaquin612 ($105.24 in chips) 
Seat 2: MaikonAll ($110.40 in chips) 
Seat 3: Bessie0009 ($30.60 in chips) 
Seat 4: value_ftw ($100 in chips) 
Seat 5: Espada Fish ($100 in chips) 
Seat 6: fedor0f ($192.77 in chips) 
fedor0f: posts small blind $0.50
joaquin612: posts big blind $1
*** HOLE CARDS ***
MaikonAll: folds 
Bessie0009: folds 
value_ftw: folds 
Espada Fish: raises $1.50 to $2.50
fedor0f: folds 
joaquin612: raises $8.50 to $11
Espada Fish: calls $8.50
*** FLOP *** [5c 8s As]
joaquin612: bets $8.50
Espada Fish: folds 
Uncalled bet ($8.50) returned to joaquin612
joaquin612 collected $21.38 from pot
joaquin612: doesn't show hand 
*** SUMMARY ***
Total pot $22.50 | Rake $1.12 
Board [5c 8s As]
Seat 1: joaquin612 (big blind) collected ($21.38)
Seat 2: MaikonAll folded before Flop (didn't bet)
Seat 3: Bessie0009 folded before Flop (didn't bet)
Seat 4: value_ftw folded before Flop (didn't bet)
Seat 5: Espada Fish (button) folded on the Flop
Seat 6: fedor0f (small blind) folded before Flop



PokerStars Hand #254514432669:  Hold'em No Limit ($0.50/$1.00 USD) - 2025/01/23 14:40:37 WET [2025/01/23 9:40:37 ET]
Table 'Scania IV' 6-max Seat #6 is the button
Seat 1: joaquin612 ($115.62 in chips) 
Seat 2: MaikonAll ($110.40 in chips) 
Seat 3: Bessie0009 ($30.60 in chips) 
Seat 4: value_ftw ($100 in chips) 
Seat 5: Espada Fish ($100 in chips) 
Seat 6: fedor0f ($192.27 in chips) 
joaquin612: posts small blind $0.50
MaikonAll: posts big blind $1
*** HOLE CARDS ***
Bessie0009: folds 
value_ftw: folds 
Espada Fish: folds 
fedor0f: folds 
joaquin612: raises $2 to $3
MaikonAll: calls $2
*** FLOP *** [9s 2h Ac]
joaquin612: checks 
MaikonAll: checks 
*** TURN *** [9s 2h Ac] [Qc]
joaquin612: checks 
MaikonAll: checks 
*** RIVER *** [9s 2h Ac Qc] [Jd]
joaquin612: bets $8.55
MaikonAll: calls $8.55
*** SHOW DOWN ***
joaquin612: shows [8c 7d] (high card Ace)
MaikonAll: shows [7c 9c] (a pair of Nines)
MaikonAll collected $21.94 from pot
*** SUMMARY ***
Total pot $23.10 | Rake $1.16 
Board [9s 2h Ac Qc Jd]
Seat 1: joaquin612 (small blind) showed [8c 7d] and lost with high card Ace
Seat 2: MaikonAll (big blind) showed [7c 9c] and won ($21.94) with a pair of Nines
Seat 3: Bessie0009 folded before Flop (didn't bet)
Seat 4: value_ftw folded before Flop (didn't bet)
Seat 5: Espada Fish folded before Flop (didn't bet)
Seat 6: fedor0f (button) folded before Flop (didn't bet)



PokerStars Hand #254514453984:  Hold'em No Limit ($0.50/$1.00 USD) - 2025/01/23 14:42:45 WET [2025/01/23 9:42:45 ET]
Table 'Scania IV' 6-max Seat #1 is the button
Seat 1: joaquin612 ($104.07 in chips) 
Seat 2: MaikonAll ($120.79 in chips) 
Seat 3: Bessie0009 ($30.60 in chips) 
Seat 4: value_ftw ($100 in chips) 
Seat 5: Espada Fish ($100 in chips) 
Seat 6: fedor0f ($192.27 in chips) 
MaikonAll: posts small blind $0.50
Bessie0009: posts big blind $1
*** HOLE CARDS ***
value_ftw: folds 
Espada Fish: folds 
fedor0f: raises $1.20 to $2.20
joaquin612: folds 
Bessie0009 is disconnected 
MaikonAll: folds 
Bessie0009: folds 
Uncalled bet ($1.20) returned to fedor0f
fedor0f collected $2.50 from pot
fedor0f: doesn't show hand 
*** SUMMARY ***
Total pot $2.50 | Rake $0 
Seat 1: joaquin612 (button) folded before Flop (didn't bet)
Seat 2: MaikonAll (small blind) folded before Flop
Seat 3: Bessie0009 (big blind) folded before Flop
Seat 4: value_ftw folded before Flop (didn't bet)
Seat 5: Espada Fish folded before Flop (didn't bet)
Seat 6: fedor0f collected ($2.50)



PokerStars Hand #254514457782:  Hold'em No Limit ($0.50/$1.00 USD) - 2025/01/23 14:43:07 WET [2025/01/23 9:43:07 ET]
Table 'Scania IV' 6-max Seat #2 is the button
Seat 4: value_ftw ($100 in chips) is sitting out
Seat 1: joaquin612 ($104.07 in chips) 
Seat 2: MaikonAll ($120.29 in chips) 
Seat 3: Bessie0009 ($29.60 in chips) 
Seat 5: Espada Fish ($100 in chips) 
Seat 6: fedor0f ($193.77 in chips) 
Bessie0009: posts small blind $0.50
value_ftw: is sitting out 
Espada Fish: posts big blind $1
*** HOLE CARDS ***
fedor0f: folds 
joaquin612: folds 
value_ftw leaves the table
MaikonAll: folds 
Mr_Dick666 joins the table at seat #4 
Bessie0009: folds 
Uncalled bet ($0.50) returned to Espada Fish
Espada Fish collected $1 from pot
Espada Fish: doesn't show hand 
*** SUMMARY ***
Total pot $1 | Rake $0 
Seat 4: value_ftw
Seat 1: joaquin612 folded before Flop (didn't bet)
Seat 2: MaikonAll (button) folded before Flop (didn't bet)
Seat 3: Bessie0009 (small blind) folded before Flop
Seat 5: Espada Fish (big blind) collected ($1)
Seat 6: fedor0f folded before Flop (didn't bet)



PokerStars Hand #254514461303:  Hold'em No Limit ($0.50/$1.00 USD) - 2025/01/23 14:43:28 WET [2025/01/23 9:43:28 ET]
Table 'Scania IV' 6-max Seat #3 is the button
Seat 4: Mr_Dick666 ($105 in chips) is sitting out
Seat 1: joaquin612 ($104.07 in chips) 
Seat 2: MaikonAll ($120.29 in chips) 
Seat 3: Bessie0009 ($29.10 in chips) 
Seat 5: Espada Fish ($100.50 in chips) 
Seat 6: fedor0f ($193.77 in chips) 
Espada Fish: posts small blind $0.50
fedor0f: posts big blind $1
*** HOLE CARDS ***
joaquin612: folds 
MaikonAll: folds 
Bessie0009: raises $2.50 to $3.50
Espada Fish: folds 
fedor0f: calls $2.50
*** FLOP *** [Kh 6c 3d]
fedor0f: checks 
Bessie0009: bets $7.12
fedor0f: folds 
Uncalled bet ($7.12) returned to Bessie0009
Bessie0009 collected $7.12 from pot
*** SUMMARY ***
Total pot $7.50 | Rake $0.38 
Board [Kh 6c 3d]
Seat 4: Mr_Dick666
Seat 1: joaquin612 folded before Flop (didn't bet)
Seat 2: MaikonAll folded before Flop (didn't bet)
Seat 3: Bessie0009 (button) collected ($7.12)
Seat 5: Espada Fish (small blind) folded before Flop
Seat 6: fedor0f (big blind) folded on the Flop



PokerStars Hand #254514468014:  Hold'em No Limit ($0.50/$1.00 USD) - 2025/01/23 14:44:08 WET [2025/01/23 9:44:08 ET]
Table 'Scania IV' 6-max Seat #5 is the button
Seat 4: Mr_Dick666 ($105 in chips) is sitting out
Seat 1: joaquin612 ($104.07 in chips) 
Seat 2: MaikonAll ($120.29 in chips) 
Seat 3: Bessie0009 ($32.72 in chips) 
Seat 5: Espada Fish ($100 in chips) 
Seat 6: fedor0f ($190.27 in chips) 
fedor0f: posts small blind $0.50
joaquin612: posts big blind $1
Mr_Dick666: sits out 
*** HOLE CARDS ***
MaikonAll: raises $1.30 to $2.30
Bessie0009: folds 
Espada Fish: folds 
fedor0f: folds 
joaquin612: folds 
Uncalled bet ($1.30) returned to MaikonAll
MaikonAll collected $2.50 from pot
MaikonAll: doesn't show hand 
*** SUMMARY ***
Total pot $2.50 | Rake $0 
Seat 4: Mr_Dick666
Seat 1: joaquin612 (big blind) folded before Flop
Seat 2: MaikonAll collected ($2.50)
Seat 3: Bessie0009 folded before Flop (didn't bet)
Seat 5: Espada Fish (button) folded before Flop (didn't bet)
Seat 6: fedor0f (small blind) folded before Flop



PokerStars Hand #254514470814:  Hold'em No Limit ($0.50/$1.00 USD) - 2025/01/23 14:44:25 WET [2025/01/23 9:44:25 ET]
Table 'Scania IV' 6-max Seat #6 is the button
Seat 4: Mr_Dick666 ($105 in chips) is sitting out
Seat 1: joaquin612 ($103.07 in chips) 
Seat 2: MaikonAll ($121.79 in chips) 
Seat 3: Bessie0009 ($32.72 in chips) 
Seat 5: Espada Fish ($100 in chips) 
Seat 6: fedor0f ($189.77 in chips) 
joaquin612: posts small blind $0.50
MaikonAll: posts big blind $1
Mr_Dick666: sits out 
*** HOLE CARDS ***
Bessie0009: folds 
Espada Fish: folds 
fedor0f: raises $1.20 to $2.20
joaquin612: folds 
MaikonAll: folds 
Uncalled bet ($1.20) returned to fedor0f
fedor0f collected $2.50 from pot
fedor0f: doesn't show hand 
*** SUMMARY ***
Total pot $2.50 | Rake $0 
Seat 4: Mr_Dick666
Seat 1: joaquin612 (small blind) folded before Flop
Seat 2: MaikonAll (big blind) folded before Flop
Seat 3: Bessie0009 folded before Flop (didn't bet)
Seat 5: Espada Fish folded before Flop (didn't bet)
Seat 6: fedor0f (button) collected ($2.50)



PokerStars Hand #254514474095:  Hold'em No Limit ($0.50/$1.00 USD) - 2025/01/23 14:44:44 WET [2025/01/23 9:44:44 ET]
Table 'Scania IV' 6-max Seat #1 is the button
Seat 4: Mr_Dick666 ($105 in chips) is sitting out
Seat 1: joaquin612 ($102.57 in chips) 
Seat 2: MaikonAll ($120.79 in chips) 
Seat 3: Bessie0009 ($32.72 in chips) 
Seat 5: Espada Fish ($100 in chips) 
Seat 6: fedor0f ($191.27 in chips) 
MaikonAll: posts small blind $0.50
Bessie0009: posts big blind $1
Mr_Dick666: sits out 
*** HOLE CARDS ***
Espada Fish: folds 
fedor0f: raises $1.20 to $2.20
joaquin612: folds 
MaikonAll: folds 
Bessie0009: folds 
Uncalled bet ($1.20) returned to fedor0f
fedor0f collected $2.50 from pot
fedor0f: doesn't show hand 
*** SUMMARY ***
Total pot $2.50 | Rake $0 
Seat 4: Mr_Dick666
Seat 1: joaquin612 (button) folded before Flop (didn't bet)
Seat 2: MaikonAll (small blind) folded before Flop
Seat 3: Bessie0009 (big blind) folded before Flop
Seat 5: Espada Fish folded before Flop (didn't bet)
Seat 6: fedor0f collected ($2.50)



PokerStars Hand #254514479136:  Hold'em No Limit ($0.50/$1.00 USD) - 2025/01/23 14:45:14 WET [2025/01/23 9:45:14 ET]
Table 'Scania IV' 6-max Seat #2 is the button
Seat 1: joaquin612 ($102.57 in chips) 
Seat 2: MaikonAll ($120.29 in chips) 
Seat 3: Bessie0009 ($31.72 in chips) 
Seat 4: Mr_Dick666 ($105 in chips) 
Seat 5: Espada Fish ($100 in chips) 
Seat 6: fedor0f ($192.77 in chips) 
Bessie0009: posts small blind $0.50
Mr_Dick666: posts big blind $1
*** HOLE CARDS ***
Espada Fish: folds 
fedor0f: folds 
joaquin612: folds 
MaikonAll: raises $1.50 to $2.50
Bessie0009: raises $6 to $8.50
Mr_Dick666: folds 
MaikonAll: folds 
Uncalled bet ($6) returned to Bessie0009
Bessie0009 collected $6 from pot
*** SUMMARY ***
Total pot $6 | Rake $0 
Seat 1: joaquin612 folded before Flop (didn't bet)
Seat 2: MaikonAll (button) folded before Flop
Seat 3: Bessie0009 (small blind) collected ($6)
Seat 4: Mr_Dick666 (big blind) folded before Flop
Seat 5: Espada Fish folded before Flop (didn't bet)
Seat 6: fedor0f folded before Flop (didn't bet)



PokerStars Hand #254514528314:  Hold'em No Limit ($0.50/$1.00 USD) - 2025/01/23 14:50:05 WET [2025/01/23 9:50:05 ET]
Table 'Scania IV' 6-max Seat #1 is the button
Seat 1: joaquin612 ($101.07 in chips) 
Seat 2: MaikonAll ($109.93 in chips) 
Seat 3: Bessie0009 ($31.72 in chips) 
Seat 4: Mr_Dick666 ($116.67 in chips) 
Seat 5: Espada Fish ($100 in chips) 
Seat 6: fedor0f ($190.26 in chips) 
MaikonAll: posts small blind $0.50
Bessie0009: posts big blind $1
*** HOLE CARDS ***
Mr_Dick666: folds 
Espada Fish: folds 
fedor0f: raises $1.20 to $2.20
joaquin612: folds 
MaikonAll: raises $8.80 to $11
Bessie0009: folds 
fedor0f: folds 
Uncalled bet ($8.80) returned to MaikonAll
MaikonAll collected $5.40 from pot
MaikonAll: doesn't show hand 
*** SUMMARY ***
Total pot $5.40 | Rake $0 
Seat 1: joaquin612 (button) folded before Flop (didn't bet)
Seat 2: MaikonAll (small blind) collected ($5.40)
Seat 3: Bessie0009 (big blind) folded before Flop
Seat 4: Mr_Dick666 folded before Flop (didn't bet)
Seat 5: Espada Fish folded before Flop (didn't bet)
Seat 6: fedor0f folded before Flop



PokerStars Hand #254514531416:  Hold'em No Limit ($0.50/$1.00 USD) - 2025/01/23 14:50:24 WET [2025/01/23 9:50:24 ET]
Table 'Scania IV' 6-max Seat #2 is the button
Seat 4: Mr_Dick666 ($116.67 in chips) is sitting out
Seat 1: joaquin612 ($101.07 in chips) 
Seat 2: MaikonAll ($113.13 in chips) 
Seat 3: Bessie0009 ($30.72 in chips) 
Seat 5: Espada Fish ($100 in chips) 
Seat 6: fedor0f ($188.06 in chips) 
Bessie0009: posts small blind $0.50
Mr_Dick666: is sitting out 
Espada Fish: posts big blind $1
*** HOLE CARDS ***
fedor0f: folds 
joaquin612: folds 
MaikonAll: folds 
Bessie0009: raises $2 to $3
Espada Fish: raises $7 to $10
Bessie0009: calls $7
*** FLOP *** [As Ah Ac]
Bessie0009: checks 
Espada Fish: bets $4.50
Bessie0009: raises $16.22 to $20.72 and is all-in
Espada Fish: folds 
Uncalled bet ($16.22) returned to Bessie0009
Bessie0009 collected $27.55 from pot
*** SUMMARY ***
Total pot $29 | Rake $1.45 
Board [As Ah Ac]
Seat 4: Mr_Dick666
Seat 1: joaquin612 folded before Flop (didn't bet)
Seat 2: MaikonAll (button) folded before Flop (didn't bet)
Seat 3: Bessie0009 (small blind) collected ($27.55)
Seat 5: Espada Fish (big blind) folded on the Flop
Seat 6: fedor0f folded before Flop (didn't bet)



PokerStars Hand #254514539745:  Hold'em No Limit ($0.50/$1.00 USD) - 2025/01/23 14:51:12 WET [2025/01/23 9:51:12 ET]
Table 'Scania IV' 6-max Seat #3 is the button
Seat 4: Mr_Dick666 ($116.67 in chips) is sitting out
Seat 6: fedor0f ($188.06 in chips) is sitting out
Seat 1: joaquin612 ($101.07 in chips) 
Seat 2: MaikonAll ($113.13 in chips) 
Seat 3: Bessie0009 ($43.77 in chips) 
Seat 5: Espada Fish ($100 in chips) 
Espada Fish: posts small blind $0.50
fedor0f: is sitting out 
joaquin612: posts big blind $1
*** HOLE CARDS ***
MaikonAll has timed out
MaikonAll: folds 
Bessie0009: calls $1
Espada Fish: folds 
joaquin612: checks 
*** FLOP *** [4d 8h 7h]
joaquin612: checks 
Bessie0009: bets $2.38
joaquin612: folds 
Uncalled bet ($2.38) returned to Bessie0009
Bessie0009 collected $2.38 from pot
*** SUMMARY ***
Total pot $2.50 | Rake $0.12 
Board [4d 8h 7h]
Seat 4: Mr_Dick666
Seat 6: fedor0f
Seat 1: joaquin612 (big blind) folded on the Flop
Seat 2: MaikonAll folded before Flop (didn't bet)
Seat 3: Bessie0009 (button) collected ($2.38)
Seat 5: Espada Fish (small blind) folded before Flop



PokerStars Hand #254514544259:  Hold'em No Limit ($0.50/$1.00 USD) - 2025/01/23 14:51:39 WET [2025/01/23 9:51:39 ET]
Table 'Scania IV' 6-max Seat #5 is the button
Seat 4: Mr_Dick666 ($116.67 in chips) is sitting out
Seat 6: fedor0f ($188.06 in chips) is sitting out
Seat 1: joaquin612 ($100.07 in chips) 
Seat 2: MaikonAll ($113.13 in chips) 
Seat 3: Bessie0009 ($45.15 in chips) 
Seat 5: Espada Fish ($100 in chips) 
joaquin612: posts small blind $0.50
MaikonAll: posts big blind $1
Mr_Dick666: sits out 
*** HOLE CARDS ***
Bessie0009: calls $1
Espada Fish: raises $2.50 to $3.50
joaquin612: folds 
MaikonAll: folds 
Bessie0009: calls $2.50
*** FLOP *** [4d 8h 9d]
Bessie0009: checks 
Espada Fish: checks 
*** TURN *** [4d 8h 9d] [Qc]
Bessie0009: checks 
Espada Fish: bets $7.50
Bessie0009: folds 
Uncalled bet ($7.50) returned to Espada Fish
Espada Fish collected $8.08 from pot
Espada Fish: doesn't show hand 
*** SUMMARY ***
Total pot $8.50 | Rake $0.42 
Board [4d 8h 9d Qc]
Seat 4: Mr_Dick666
Seat 6: fedor0f
Seat 1: joaquin612 (small blind) folded before Flop
Seat 2: MaikonAll (big blind) folded before Flop
Seat 3: Bessie0009 folded on the Turn
Seat 5: Espada Fish (button) collected ($8.08)



PokerStars Hand #254514550948:  Hold'em No Limit ($0.50/$1.00 USD) - 2025/01/23 14:52:18 WET [2025/01/23 9:52:18 ET]
Table 'Scania IV' 6-max Seat #1 is the button
Seat 4: Mr_Dick666 ($116.67 in chips) is sitting out
Seat 6: fedor0f ($188.06 in chips) is sitting out
Seat 1: joaquin612 ($100 in chips) 
Seat 2: MaikonAll ($112.13 in chips) 
Seat 3: Bessie0009 ($41.65 in chips) 
Seat 5: Espada Fish ($104.58 in chips) 
MaikonAll: posts small blind $0.50
Bessie0009: posts big blind $1
Mr_Dick666: sits out 
fedor0f: sits out 
*** HOLE CARDS ***
Espada Fish: folds 
joaquin612: folds 
MaikonAll: raises $2 to $3
Bessie0009: calls $2
*** FLOP *** [5s Qs 5c]
MaikonAll: checks 
Bessie0009: bets $5.70
MaikonAll: folds 
Uncalled bet ($5.70) returned to Bessie0009
Bessie0009 collected $5.70 from pot
*** SUMMARY ***
Total pot $6 | Rake $0.30 
Board [5s Qs 5c]
Seat 4: Mr_Dick666
Seat 6: fedor0f
Seat 1: joaquin612 (button) folded before Flop (didn't bet)
Seat 2: MaikonAll (small blind) folded on the Flop
Seat 3: Bessie0009 (big blind) collected ($5.70)
Seat 5: Espada Fish folded before Flop (didn't bet)



PokerStars Hand #254514558125:  Hold'em No Limit ($0.50/$1.00 USD) - 2025/01/23 14:53:00 WET [2025/01/23 9:53:00 ET]
Table 'Scania IV' 6-max Seat #2 is the button
Seat 6: fedor0f ($188.06 in chips) is sitting out
Seat 1: joaquin612 ($100 in chips) 
Seat 2: MaikonAll ($109.13 in chips) 
Seat 3: Bessie0009 ($44.35 in chips) 
Seat 4: Mr_Dick666 ($116.67 in chips) 
Seat 5: Espada Fish ($104.58 in chips) 
Bessie0009: posts small blind $0.50
Mr_Dick666: posts big blind $1
fedor0f: sits out 
*** HOLE CARDS ***
Espada Fish: folds 
joaquin612: folds 
MaikonAll: raises $1.50 to $2.50
Bessie0009: calls $2
Mr_Dick666: folds 
*** FLOP *** [3d Kc 5d]
Bessie0009: checks 
MaikonAll: bets $1.43
Bessie0009: calls $1.43
*** TURN *** [3d Kc 5d] [Qh]
Bessie0009: checks 
MaikonAll: bets $6.32
Bessie0009: folds 
Uncalled bet ($6.32) returned to MaikonAll
MaikonAll collected $8.42 from pot
MaikonAll: doesn't show hand 
*** SUMMARY ***
Total pot $8.86 | Rake $0.44 
Board [3d Kc 5d Qh]
Seat 6: fedor0f
Seat 1: joaquin612 folded before Flop (didn't bet)
Seat 2: MaikonAll (button) collected ($8.42)
Seat 3: Bessie0009 (small blind) folded on the Turn
Seat 4: Mr_Dick666 (big blind) folded before Flop
Seat 5: Espada Fish folded before Flop (didn't bet)



PokerStars Hand #254514566994:  Hold'em No Limit ($0.50/$1.00 USD) - 2025/01/23 14:53:52 WET [2025/01/23 9:53:52 ET]
Table 'Scania IV' 6-max Seat #3 is the button
Seat 6: fedor0f ($188.06 in chips) is sitting out
Seat 1: joaquin612 ($100 in chips) 
Seat 2: MaikonAll ($113.62 in chips) 
Seat 3: Bessie0009 ($40.42 in chips) 
Seat 4: Mr_Dick666 ($115.67 in chips) 
Seat 5: Espada Fish ($104.58 in chips) 
Mr_Dick666: posts small blind $0.50
Espada Fish: posts big blind $1
fedor0f: sits out 
*** HOLE CARDS ***
joaquin612: folds 
MaikonAll: folds 
Bessie0009: raises $2.50 to $3.50
Mr_Dick666: folds 
Espada Fish: folds 
Uncalled bet ($2.50) returned to Bessie0009
Bessie0009 collected $2.50 from pot
*** SUMMARY ***
Total pot $2.50 | Rake $0 
Seat 6: fedor0f
Seat 1: joaquin612 folded before Flop (didn't bet)
Seat 2: MaikonAll folded before Flop (didn't bet)
Seat 3: Bessie0009 (button) collected ($2.50)
Seat 4: Mr_Dick666 (small blind) folded before Flop
Seat 5: Espada Fish (big blind) folded before Flop



PokerStars Hand #254514569760:  Hold'em No Limit ($0.50/$1.00 USD) - 2025/01/23 14:54:08 WET [2025/01/23 9:54:08 ET]
Table 'Scania IV' 6-max Seat #4 is the button
Seat 1: joaquin612 ($100 in chips) 
Seat 2: MaikonAll ($113.62 in chips) 
Seat 3: Bessie0009 ($41.92 in chips) 
Seat 4: Mr_Dick666 ($115.17 in chips) 
Seat 5: Espada Fish ($103.58 in chips) 
Seat 6: fedor0f ($188.06 in chips) 
Espada Fish: posts small blind $0.50
fedor0f: posts big blind $1
*** HOLE CARDS ***
joaquin612: folds 
MaikonAll: folds 
Bessie0009: calls $1
Mr_Dick666: raises $2.50 to $3.50
Espada Fish: folds 
fedor0f: folds 
Bessie0009: calls $2.50
*** FLOP *** [7c 6h 2h]
Bessie0009: checks 
Mr_Dick666: checks 
*** TURN *** [7c 6h 2h] [Jh]
Bessie0009: checks 
Mr_Dick666: bets $2.67
Bessie0009: calls $2.67
*** RIVER *** [7c 6h 2h Jh] [6d]
Bessie0009: checks 
Mr_Dick666: checks 
*** SHOW DOWN ***
Bessie0009: shows [8d 9h] (a pair of Sixes)
Mr_Dick666: shows [Qc Tc] (a pair of Sixes - Queen kicker)
Mr_Dick666 collected $13.15 from pot
*** SUMMARY ***
Total pot $13.84 | Rake $0.69 
Board [7c 6h 2h Jh 6d]
Seat 1: joaquin612 folded before Flop (didn't bet)
Seat 2: MaikonAll folded before Flop (didn't bet)
Seat 3: Bessie0009 showed [8d 9h] and lost with a pair of Sixes
Seat 4: Mr_Dick666 (button) showed [Qc Tc] and won ($13.15) with a pair of Sixes
Seat 5: Espada Fish (small blind) folded before Flop
Seat 6: fedor0f (big blind) folded before Flop



PokerStars Hand #254514577811:  Hold'em No Limit ($0.50/$1.00 USD) - 2025/01/23 14:54:56 WET [2025/01/23 9:54:56 ET]
Table 'Scania IV' 6-max Seat #5 is the button
Seat 1: joaquin612 ($100 in chips) 
Seat 2: MaikonAll ($113.62 in chips) 
Seat 3: Bessie0009 ($35.75 in chips) 
Seat 4: Mr_Dick666 ($122.15 in chips) 
Seat 5: Espada Fish ($103.08 in chips) 
Seat 6: fedor0f ($187.06 in chips) 
fedor0f: posts small blind $0.50
joaquin612: posts big blind $1
*** HOLE CARDS ***
MaikonAll: folds 
Bessie0009: raises $2.50 to $3.50
Mr_Dick666: folds 
Espada Fish: raises $5.50 to $9
fedor0f: folds 
joaquin612: folds 
Bessie0009: calls $5.50
*** FLOP *** [4h 8s 6s]
Bessie0009: checks 
Espada Fish: checks 
*** TURN *** [4h 8s 6s] [Jd]
Bessie0009: bets $18.52
Espada Fish: folds 
Uncalled bet ($18.52) returned to Bessie0009
Bessie0009 collected $18.52 from pot
*** SUMMARY ***
Total pot $19.50 | Rake $0.98 
Board [4h 8s 6s Jd]
Seat 1: joaquin612 (big blind) folded before Flop
Seat 2: MaikonAll folded before Flop (didn't bet)
Seat 3: Bessie0009 collected ($18.52)
Seat 4: Mr_Dick666 folded before Flop (didn't bet)
Seat 5: Espada Fish (button) folded on the Turn
Seat 6: fedor0f (small blind) folded before Flop



PokerStars Hand #254514586219:  Hold'em No Limit ($0.50/$1.00 USD) - 2025/01/23 14:55:53 WET [2025/01/23 9:55:53 ET]
Table 'Scania IV' 6-max Seat #6 is the button
Seat 1: joaquin612 ($100 in chips) 
Seat 2: MaikonAll ($113.62 in chips) 
Seat 3: Bessie0009 ($45.27 in chips) 
Seat 4: Mr_Dick666 ($122.15 in chips) 
Seat 5: Espada Fish ($100 in chips) 
Seat 6: fedor0f ($186.56 in chips) 
joaquin612: posts small blind $0.50
MaikonAll: posts big blind $1
*** HOLE CARDS ***
Bessie0009: folds 
Mr_Dick666: folds 
Espada Fish: folds 
fedor0f: raises $1.20 to $2.20
joaquin612: folds 
MaikonAll: folds 
Uncalled bet ($1.20) returned to fedor0f
fedor0f collected $2.50 from pot
fedor0f: doesn't show hand 
*** SUMMARY ***
Total pot $2.50 | Rake $0 
Seat 1: joaquin612 (small blind) folded before Flop
Seat 2: MaikonAll (big blind) folded before Flop
Seat 3: Bessie0009 folded before Flop (didn't bet)
Seat 4: Mr_Dick666 folded before Flop (didn't bet)
Seat 5: Espada Fish folded before Flop (didn't bet)
Seat 6: fedor0f (button) collected ($2.50)



PokerStars Hand #254514588224:  Hold'em No Limit ($0.50/$1.00 USD) - 2025/01/23 14:56:07 WET [2025/01/23 9:56:07 ET]
Table 'Scania IV' 6-max Seat #1 is the button
Seat 1: joaquin612 ($100 in chips) 
Seat 2: MaikonAll ($112.62 in chips) 
Seat 3: Bessie0009 ($45.27 in chips) 
Seat 4: Mr_Dick666 ($122.15 in chips) 
Seat 5: Espada Fish ($100 in chips) 
Seat 6: fedor0f ($188.06 in chips) 
MaikonAll: posts small blind $0.50
Bessie0009: posts big blind $1
*** HOLE CARDS ***
Mr_Dick666: folds 
Espada Fish: folds 
fedor0f: raises $1.20 to $2.20
joaquin612: folds 
MaikonAll: folds 
Bessie0009: calls $1.20
*** FLOP *** [3h Jc 9h]
Bessie0009: checks 
fedor0f: checks 
*** TURN *** [3h Jc 9h] [Kd]
Bessie0009: bets $4.66
fedor0f: calls $4.66
*** RIVER *** [3h Jc 9h Kd] [6d]
Bessie0009: checks 
fedor0f: checks 
*** SHOW DOWN ***
Bessie0009: shows [Qs 7c] (high card King)
fedor0f: shows [9c Qc] (a pair of Nines)
fedor0f collected $13.51 from pot
*** SUMMARY ***
Total pot $14.22 | Rake $0.71 
Board [3h Jc 9h Kd 6d]
Seat 1: joaquin612 (button) folded before Flop (didn't bet)
Seat 2: MaikonAll (small blind) folded before Flop
Seat 3: Bessie0009 (big blind) showed [Qs 7c] and lost with high card King
Seat 4: Mr_Dick666 folded before Flop (didn't bet)
Seat 5: Espada Fish folded before Flop (didn't bet)
Seat 6: fedor0f showed [9c Qc] and won ($13.51) with a pair of Nines



PokerStars Hand #254514596082:  Hold'em No Limit ($0.50/$1.00 USD) - 2025/01/23 14:57:06 WET [2025/01/23 9:57:06 ET]
Table 'Scania IV' 6-max Seat #2 is the button
Seat 1: joaquin612 ($100 in chips) 
Seat 2: MaikonAll ($112.12 in chips) 
Seat 3: Bessie0009 ($38.41 in chips) 
Seat 4: Mr_Dick666 ($122.15 in chips) 
Seat 5: Espada Fish ($100 in chips) 
Seat 6: fedor0f ($194.71 in chips) 
Bessie0009: posts small blind $0.50
Mr_Dick666: posts big blind $1
*** HOLE CARDS ***
Espada Fish: folds 
fedor0f: folds 
joaquin612: folds 
MaikonAll: folds 
Bessie0009: folds 
Uncalled bet ($0.50) returned to Mr_Dick666
Mr_Dick666 collected $1 from pot
Mr_Dick666: doesn't show hand 
*** SUMMARY ***
Total pot $1 | Rake $0 
Seat 1: joaquin612 folded before Flop (didn't bet)
Seat 2: MaikonAll (button) folded before Flop (didn't bet)
Seat 3: Bessie0009 (small blind) folded before Flop
Seat 4: Mr_Dick666 (big blind) collected ($1)
Seat 5: Espada Fish folded before Flop (didn't bet)
Seat 6: fedor0f folded before Flop (didn't bet)



PokerStars Hand #254514597183:  Hold'em No Limit ($0.50/$1.00 USD) - 2025/01/23 14:57:14 WET [2025/01/23 9:57:14 ET]
Table 'Scania IV' 6-max Seat #3 is the button
Seat 1: joaquin612 ($100 in chips) 
Seat 2: MaikonAll ($112.12 in chips) 
Seat 3: Bessie0009 ($37.91 in chips) 
Seat 4: Mr_Dick666 ($122.65 in chips) 
Seat 5: Espada Fish ($100 in chips) 
Seat 6: fedor0f ($194.71 in chips) 
Mr_Dick666: posts small blind $0.50
Espada Fish: posts big blind $1
*** HOLE CARDS ***
fedor0f: folds 
joaquin612: folds 
MaikonAll: folds 
Bessie0009: raises $2.50 to $3.50
Mr_Dick666: folds 
Espada Fish: folds 
Uncalled bet ($2.50) returned to Bessie0009
Bessie0009 collected $2.50 from pot
*** SUMMARY ***
Total pot $2.50 | Rake $0 
Seat 1: joaquin612 folded before Flop (didn't bet)
Seat 2: MaikonAll folded before Flop (didn't bet)
Seat 3: Bessie0009 (button) collected ($2.50)
Seat 4: Mr_Dick666 (small blind) folded before Flop
Seat 5: Espada Fish (big blind) folded before Flop
Seat 6: fedor0f folded before Flop (didn't bet)



PokerStars Hand #254514599797:  Hold'em No Limit ($0.50/$1.00 USD) - 2025/01/23 14:57:33 WET [2025/01/23 9:57:33 ET]
Table 'Scania IV' 6-max Seat #4 is the button
Seat 1: joaquin612 ($100 in chips) 
Seat 2: MaikonAll ($112.12 in chips) 
Seat 3: Bessie0009 ($39.41 in chips) 
Seat 4: Mr_Dick666 ($122.15 in chips) 
Seat 5: Espada Fish ($100 in chips) 
Seat 6: fedor0f ($194.71 in chips) 
Espada Fish: posts small blind $0.50
fedor0f: posts big blind $1
*** HOLE CARDS ***
joaquin612: folds 
MaikonAll: raises $1.30 to $2.30
Bessie0009: folds 
Mr_Dick666: folds 
Espada Fish: raises $8.70 to $11
fedor0f: folds 
MaikonAll: folds 
Uncalled bet ($8.70) returned to Espada Fish
Espada Fish collected $5.60 from pot
Espada Fish: doesn't show hand 
*** SUMMARY ***
Total pot $5.60 | Rake $0 
Seat 1: joaquin612 folded before Flop (didn't bet)
Seat 2: MaikonAll folded before Flop
Seat 3: Bessie0009 folded before Flop (didn't bet)
Seat 4: Mr_Dick666 (button) folded before Flop (didn't bet)
Seat 5: Espada Fish (small blind) collected ($5.60)
Seat 6: fedor0f (big blind) folded before Flop



PokerStars Hand #254514606353:  Hold'em No Limit ($0.50/$1.00 USD) - 2025/01/23 14:58:22 WET [2025/01/23 9:58:22 ET]
Table 'Scania IV' 6-max Seat #5 is the button
Seat 1: joaquin612 ($100 in chips) 
Seat 2: MaikonAll ($109.82 in chips) 
Seat 3: Bessie0009 ($39.41 in chips) 
Seat 4: Mr_Dick666 ($122.15 in chips) 
Seat 5: Espada Fish ($103.30 in chips) 
Seat 6: fedor0f ($193.71 in chips) 
fedor0f: posts small blind $0.50
joaquin612: posts big blind $1
*** HOLE CARDS ***
MaikonAll: raises $1.30 to $2.30
Bessie0009: folds 
Mr_Dick666: folds 
Espada Fish: folds 
fedor0f: folds 
joaquin612: folds 
Uncalled bet ($1.30) returned to MaikonAll
MaikonAll collected $2.50 from pot
MaikonAll: doesn't show hand 
*** SUMMARY ***
Total pot $2.50 | Rake $0 
Seat 1: joaquin612 (big blind) folded before Flop
Seat 2: MaikonAll collected ($2.50)
Seat 3: Bessie0009 folded before Flop (didn't bet)
Seat 4: Mr_Dick666 folded before Flop (didn't bet)
Seat 5: Espada Fish (button) folded before Flop (didn't bet)
Seat 6: fedor0f (small blind) folded before Flop



PokerStars Hand #254514609882:  Hold'em No Limit ($0.50/$1.00 USD) - 2025/01/23 14:58:48 WET [2025/01/23 9:58:48 ET]
Table 'Scania IV' 6-max Seat #6 is the button
Seat 1: joaquin612 ($100 in chips) 
Seat 2: MaikonAll ($111.32 in chips) 
Seat 3: Bessie0009 ($39.41 in chips) 
Seat 4: Mr_Dick666 ($122.15 in chips) 
Seat 5: Espada Fish ($103.30 in chips) 
Seat 6: fedor0f ($193.21 in chips) 
joaquin612: posts small blind $0.50
MaikonAll: posts big blind $1
*** HOLE CARDS ***
Bessie0009: folds 
Mr_Dick666: folds 
Espada Fish: raises $1.20 to $2.20
fedor0f: raises $4.40 to $6.60
joaquin612: folds 
MaikonAll: folds 
Espada Fish: folds 
Uncalled bet ($4.40) returned to fedor0f
fedor0f collected $5.90 from pot
fedor0f: doesn't show hand 
*** SUMMARY ***
Total pot $5.90 | Rake $0 
Seat 1: joaquin612 (small blind) folded before Flop
Seat 2: MaikonAll (big blind) folded before Flop
Seat 3: Bessie0009 folded before Flop (didn't bet)
Seat 4: Mr_Dick666 folded before Flop (didn't bet)
Seat 5: Espada Fish folded before Flop
Seat 6: fedor0f (button) collected ($5.90)



PokerStars Hand #254514613903:  Hold'em No Limit ($0.50/$1.00 USD) - 2025/01/23 14:59:18 WET [2025/01/23 9:59:18 ET]
Table 'Scania IV' 6-max Seat #1 is the button
Seat 1: joaquin612 ($100 in chips) 
Seat 2: MaikonAll ($110.32 in chips) 
Seat 3: Bessie0009 ($39.41 in chips) 
Seat 4: Mr_Dick666 ($122.15 in chips) 
Seat 5: Espada Fish ($101.10 in chips) 
Seat 6: fedor0f ($196.91 in chips) 
MaikonAll: posts small blind $0.50
Bessie0009: posts big blind $1
*** HOLE CARDS ***
Mr_Dick666: raises $1 to $2
Espada Fish: folds 
fedor0f: folds 
joaquin612: folds 
MaikonAll: folds 
Bessie0009: calls $1
*** FLOP *** [Ks 4s 2s]
Bessie0009: checks 
Mr_Dick666: bets $1.41
Bessie0009: folds 
Uncalled bet ($1.41) returned to Mr_Dick666
Mr_Dick666 collected $4.28 from pot
Mr_Dick666: doesn't show hand 
*** SUMMARY ***
Total pot $4.50 | Rake $0.22 
Board [Ks 4s 2s]
Seat 1: joaquin612 (button) folded before Flop (didn't bet)
Seat 2: MaikonAll (small blind) folded before Flop
Seat 3: Bessie0009 (big blind) folded on the Flop
Seat 4: Mr_Dick666 collected ($4.28)
Seat 5: Espada Fish folded before Flop (didn't bet)
Seat 6: fedor0f folded before Flop (didn't bet)



PokerStars Hand #254514617604:  Hold'em No Limit ($0.50/$1.00 USD) - 2025/01/23 14:59:44 WET [2025/01/23 9:59:44 ET]
Table 'Scania IV' 6-max Seat #2 is the button
Seat 1: joaquin612 ($100 in chips) 
Seat 2: MaikonAll ($109.82 in chips) 
Seat 3: Bessie0009 ($37.41 in chips) 
Seat 4: Mr_Dick666 ($124.43 in chips) 
Seat 5: Espada Fish ($101.10 in chips) 
Seat 6: fedor0f ($196.91 in chips) 
Bessie0009: posts small blind $0.50
Mr_Dick666: posts big blind $1
*** HOLE CARDS ***
Espada Fish: folds 
fedor0f: folds 
joaquin612: folds 
MaikonAll: folds 
Bessie0009: raises $2 to $3
Mr_Dick666: calls $2
*** FLOP *** [7h 4c Kc]
Bessie0009: checks 
Mr_Dick666: checks 
*** TURN *** [7h 4c Kc] [6s]
Bessie0009: bets $5.70
Mr_Dick666: folds 
Uncalled bet ($5.70) returned to Bessie0009
Bessie0009 collected $5.70 from pot
*** SUMMARY ***
Total pot $6 | Rake $0.30 
Board [7h 4c Kc 6s]
Seat 1: joaquin612 folded before Flop (didn't bet)
Seat 2: MaikonAll (button) folded before Flop (didn't bet)
Seat 3: Bessie0009 (small blind) collected ($5.70)
Seat 4: Mr_Dick666 (big blind) folded on the Turn
Seat 5: Espada Fish folded before Flop (didn't bet)
Seat 6: fedor0f folded before Flop (didn't bet)



PokerStars Hand #254514621768:  Hold'em No Limit ($0.50/$1.00 USD) - 2025/01/23 15:00:15 WET [2025/01/23 10:00:15 ET]
Table 'Scania IV' 6-max Seat #3 is the button
Seat 1: joaquin612 ($100 in chips) 
Seat 2: MaikonAll ($109.82 in chips) 
Seat 3: Bessie0009 ($40.11 in chips) 
Seat 4: Mr_Dick666 ($121.43 in chips) 
Seat 5: Espada Fish ($101.10 in chips) 
Seat 6: fedor0f ($196.91 in chips) 
Mr_Dick666: posts small blind $0.50
Espada Fish: posts big blind $1
*** HOLE CARDS ***
fedor0f: folds 
joaquin612: folds 
MaikonAll: folds 
Bessie0009: folds 
Mr_Dick666: folds 
Uncalled bet ($0.50) returned to Espada Fish
Espada Fish collected $1 from pot
Espada Fish: doesn't show hand 
*** SUMMARY ***
Total pot $1 | Rake $0 
Seat 1: joaquin612 folded before Flop (didn't bet)
Seat 2: MaikonAll folded before Flop (didn't bet)
Seat 3: Bessie0009 (button) folded before Flop (didn't bet)
Seat 4: Mr_Dick666 (small blind) folded before Flop
Seat 5: Espada Fish (big blind) collected ($1)
Seat 6: fedor0f folded before Flop (didn't bet)



PokerStars Hand #254514623932:  Hold'em No Limit ($0.50/$1.00 USD) - 2025/01/23 15:00:31 WET [2025/01/23 10:00:31 ET]
Table 'Scania IV' 6-max Seat #4 is the button
Seat 6: fedor0f ($196.91 in chips) is sitting out
Seat 1: joaquin612 ($100 in chips) 
Seat 2: MaikonAll ($109.82 in chips) 
Seat 3: Bessie0009 ($40.11 in chips) 
Seat 4: Mr_Dick666 ($120.93 in chips) 
Seat 5: Espada Fish ($101.60 in chips) 
Espada Fish: posts small blind $0.50
fedor0f: is sitting out 
joaquin612: posts big blind $1
*** HOLE CARDS ***
fedor0f leaves the table
MaikonAll: folds 
Bessie0009: folds 
tintin641 joins the table at seat #6 
Mr_Dick666: folds 
Espada Fish: folds 
Uncalled bet ($0.50) returned to joaquin612
joaquin612 collected $1 from pot
joaquin612: doesn't show hand 
*** SUMMARY ***
Total pot $1 | Rake $0 
Seat 6: fedor0f
Seat 1: joaquin612 (big blind) collected ($1)
Seat 2: MaikonAll folded before Flop (didn't bet)
Seat 3: Bessie0009 folded before Flop (didn't bet)
Seat 4: Mr_Dick666 (button) folded before Flop (didn't bet)
Seat 5: Espada Fish (small blind) folded before Flop



PokerStars Hand #254514627664:  Hold'em No Limit ($0.50/$1.00 USD) - 2025/01/23 15:00:57 WET [2025/01/23 10:00:57 ET]
Table 'Scania IV' 6-max Seat #5 is the button
Seat 6: tintin641 ($100 in chips) is sitting out
Seat 1: joaquin612 ($100.50 in chips) 
Seat 2: MaikonAll ($109.82 in chips) 
Seat 3: Bessie0009 ($40.11 in chips) 
Seat 4: Mr_Dick666 ($120.93 in chips) 
Seat 5: Espada Fish ($101.10 in chips) 
joaquin612: posts small blind $0.50
MaikonAll: posts big blind $1
*** HOLE CARDS ***
Bessie0009: calls $1
Mr_Dick666: folds 
Espada Fish: raises $2.50 to $3.50
joaquin612: folds 
MaikonAll: folds 
Bessie0009: calls $2.50
*** FLOP *** [3h 5c 4c]
Bessie0009: checks 
Espada Fish: bets $4.04
Bessie0009: folds 
Uncalled bet ($4.04) returned to Espada Fish
Espada Fish collected $8.08 from pot
Espada Fish: doesn't show hand 
*** SUMMARY ***
Total pot $8.50 | Rake $0.42 
Board [3h 5c 4c]
Seat 6: tintin641
Seat 1: joaquin612 (small blind) folded before Flop
Seat 2: MaikonAll (big blind) folded before Flop
Seat 3: Bessie0009 folded on the Flop
Seat 4: Mr_Dick666 folded before Flop (didn't bet)
Seat 5: Espada Fish (button) collected ($8.08)



PokerStars Hand #254514632712:  Hold'em No Limit ($0.50/$1.00 USD) - 2025/01/23 15:01:29 WET [2025/01/23 10:01:29 ET]
Table 'Scania IV' 6-max Seat #1 is the button
Seat 6: tintin641 ($100 in chips) is sitting out
Seat 1: joaquin612 ($100 in chips) 
Seat 2: MaikonAll ($108.82 in chips) 
Seat 3: Bessie0009 ($36.61 in chips) 
Seat 4: Mr_Dick666 ($120.93 in chips) 
Seat 5: Espada Fish ($105.68 in chips) 
MaikonAll: posts small blind $0.50
Bessie0009: posts big blind $1
tintin641: sits out 
*** HOLE CARDS ***
Mr_Dick666: folds 
Espada Fish: folds 
joaquin612: raises $1.50 to $2.50
MaikonAll: folds 
Bessie0009: folds 
Uncalled bet ($1.50) returned to joaquin612
joaquin612 collected $2.50 from pot
joaquin612: doesn't show hand 
*** SUMMARY ***
Total pot $2.50 | Rake $0 
Seat 6: tintin641
Seat 1: joaquin612 (button) collected ($2.50)
Seat 2: MaikonAll (small blind) folded before Flop
Seat 3: Bessie0009 (big blind) folded before Flop
Seat 4: Mr_Dick666 folded before Flop (didn't bet)
Seat 5: Espada Fish folded before Flop (didn't bet)



PokerStars Hand #254514636882:  Hold'em No Limit ($0.50/$1.00 USD) - 2025/01/23 15:01:54 WET [2025/01/23 10:01:54 ET]
Table 'Scania IV' 6-max Seat #2 is the button
Seat 6: tintin641 ($100 in chips) is sitting out
Seat 1: joaquin612 ($101.50 in chips) 
Seat 2: MaikonAll ($108.32 in chips) 
Seat 3: Bessie0009 ($35.61 in chips) 
Seat 4: Mr_Dick666 ($120.93 in chips) 
Seat 5: Espada Fish ($105.68 in chips) 
Bessie0009: posts small blind $0.50
Mr_Dick666: posts big blind $1
tintin641: sits out 
*** HOLE CARDS ***
Espada Fish: folds 
joaquin612: folds 
MaikonAll: raises $1.50 to $2.50
Bessie0009: calls $2
Mr_Dick666: calls $1.50
*** FLOP *** [9d Qc 6h]
Bessie0009: checks 
Mr_Dick666: checks 
MaikonAll: checks 
*** TURN *** [9d Qc 6h] [6d]
Bessie0009: bets $7.12
Mr_Dick666: calls $7.12
MaikonAll: folds 
*** RIVER *** [9d Qc 6h 6d] [6c]
Bessie0009: bets $20.65
Mr_Dick666: folds 
Uncalled bet ($20.65) returned to Bessie0009
Bessie0009 collected $20.65 from pot
*** SUMMARY ***
Total pot $21.74 | Rake $1.09 
Board [9d Qc 6h 6d 6c]
Seat 6: tintin641
Seat 1: joaquin612 folded before Flop (didn't bet)
Seat 2: MaikonAll (button) folded on the Turn
Seat 3: Bessie0009 (small blind) collected ($20.65)
Seat 4: Mr_Dick666 (big blind) folded on the River
Seat 5: Espada Fish folded before Flop (didn't bet)



PokerStars Hand #254514646802:  Hold'em No Limit ($0.50/$1.00 USD) - 2025/01/23 15:02:54 WET [2025/01/23 10:02:54 ET]
Table 'Scania IV' 6-max Seat #3 is the button
Seat 6: tintin641 ($100 in chips) is sitting out
Seat 1: joaquin612 ($101.50 in chips) 
Seat 2: MaikonAll ($105.82 in chips) 
Seat 3: Bessie0009 ($46.64 in chips) 
Seat 4: Mr_Dick666 ($111.31 in chips) 
Seat 5: Espada Fish ($105.68 in chips) 
Mr_Dick666: posts small blind $0.50
Espada Fish: posts big blind $1
tintin641: sits out 
*** HOLE CARDS ***
joaquin612: folds 
MaikonAll: folds 
Bessie0009: folds 
Mr_Dick666: folds 
Uncalled bet ($0.50) returned to Espada Fish
Espada Fish collected $1 from pot
Espada Fish: doesn't show hand 
*** SUMMARY ***
Total pot $1 | Rake $0 
Seat 6: tintin641
Seat 1: joaquin612 folded before Flop (didn't bet)
Seat 2: MaikonAll folded before Flop (didn't bet)
Seat 3: Bessie0009 (button) folded before Flop (didn't bet)
Seat 4: Mr_Dick666 (small blind) folded before Flop
Seat 5: Espada Fish (big blind) collected ($1)



PokerStars Hand #254514648726:  Hold'em No Limit ($0.50/$1.00 USD) - 2025/01/23 15:03:05 WET [2025/01/23 10:03:05 ET]
Table 'Scania IV' 6-max Seat #4 is the button
Seat 1: joaquin612 ($101.50 in chips) 
Seat 2: MaikonAll ($105.82 in chips) 
Seat 3: Bessie0009 ($46.64 in chips) 
Seat 4: Mr_Dick666 ($110.81 in chips) 
Seat 5: Espada Fish ($106.18 in chips) 
Seat 6: tintin641 ($100 in chips) 
Espada Fish: posts small blind $0.50
tintin641: posts big blind $1
*** HOLE CARDS ***
joaquin612: folds 
MaikonAll: folds 
Bessie0009: raises $2.50 to $3.50
Mr_Dick666: folds 
Espada Fish: folds 
tintin641: folds 
Uncalled bet ($2.50) returned to Bessie0009
Bessie0009 collected $2.50 from pot
*** SUMMARY ***
Total pot $2.50 | Rake $0 
Seat 1: joaquin612 folded before Flop (didn't bet)
Seat 2: MaikonAll folded before Flop (didn't bet)
Seat 3: Bessie0009 collected ($2.50)
Seat 4: Mr_Dick666 (button) folded before Flop (didn't bet)
Seat 5: Espada Fish (small blind) folded before Flop
Seat 6: tintin641 (big blind) folded before Flop



PokerStars Hand #254514651230:  Hold'em No Limit ($0.50/$1.00 USD) - 2025/01/23 15:03:20 WET [2025/01/23 10:03:20 ET]
Table 'Scania IV' 6-max Seat #5 is the button
Seat 1: joaquin612 ($101.50 in chips) 
Seat 2: MaikonAll ($105.82 in chips) 
Seat 3: Bessie0009 ($48.14 in chips) 
Seat 4: Mr_Dick666 ($110.81 in chips) 
Seat 5: Espada Fish ($105.68 in chips) 
Seat 6: tintin641 ($100 in chips) 
tintin641: posts small blind $0.50
joaquin612: posts big blind $1
*** HOLE CARDS ***
MaikonAll: folds 
Bessie0009: folds 
Mr_Dick666: folds 
Espada Fish: raises $1.50 to $2.50
tintin641: folds 
joaquin612: folds 
Uncalled bet ($1.50) returned to Espada Fish
Espada Fish collected $2.50 from pot
Espada Fish: doesn't show hand 
*** SUMMARY ***
Total pot $2.50 | Rake $0 
Seat 1: joaquin612 (big blind) folded before Flop
Seat 2: MaikonAll folded before Flop (didn't bet)
Seat 3: Bessie0009 folded before Flop (didn't bet)
Seat 4: Mr_Dick666 folded before Flop (didn't bet)
Seat 5: Espada Fish (button) collected ($2.50)
Seat 6: tintin641 (small blind) folded before Flop



PokerStars Hand #254514654940:  Hold'em No Limit ($0.50/$1.00 USD) - 2025/01/23 15:03:41 WET [2025/01/23 10:03:41 ET]
Table 'Scania IV' 6-max Seat #6 is the button
Seat 1: joaquin612 ($100.50 in chips) 
Seat 2: MaikonAll ($105.82 in chips) 
Seat 3: Bessie0009 ($48.14 in chips) 
Seat 4: Mr_Dick666 ($110.81 in chips) 
Seat 5: Espada Fish ($107.18 in chips) 
Seat 6: tintin641 ($100 in chips) 
joaquin612: posts small blind $0.50
MaikonAll: posts big blind $1
*** HOLE CARDS ***
Bessie0009: folds 
Mr_Dick666: folds 
Espada Fish: folds 
tintin641: raises $1.50 to $2.50
joaquin612: folds 
MaikonAll: folds 
Uncalled bet ($1.50) returned to tintin641
tintin641 collected $2.50 from pot
tintin641: doesn't show hand 
*** SUMMARY ***
Total pot $2.50 | Rake $0 
Seat 1: joaquin612 (small blind) folded before Flop
Seat 2: MaikonAll (big blind) folded before Flop
Seat 3: Bessie0009 folded before Flop (didn't bet)
Seat 4: Mr_Dick666 folded before Flop (didn't bet)
Seat 5: Espada Fish folded before Flop (didn't bet)
Seat 6: tintin641 (button) collected ($2.50)



PokerStars Hand #254514659410:  Hold'em No Limit ($0.50/$1.00 USD) - 2025/01/23 15:04:08 WET [2025/01/23 10:04:08 ET]
Table 'Scania IV' 6-max Seat #1 is the button
Seat 1: joaquin612 ($100 in chips) 
Seat 2: MaikonAll ($104.82 in chips) 
Seat 3: Bessie0009 ($48.14 in chips) 
Seat 4: Mr_Dick666 ($110.81 in chips) 
Seat 5: Espada Fish ($107.18 in chips) 
Seat 6: tintin641 ($101.50 in chips) 
MaikonAll: posts small blind $0.50
Bessie0009: posts big blind $1
*** HOLE CARDS ***
Mr_Dick666: folds 
Espada Fish: folds 
tintin641: folds 
joaquin612: folds 
MaikonAll: raises $2 to $3
Bessie0009: calls $2
*** FLOP *** [8s Jd Ah]
MaikonAll: bets $1.43
Bessie0009: calls $1.43
*** TURN *** [8s Jd Ah] [4s]
MaikonAll: bets $6.32
Bessie0009: calls $6.32
*** RIVER *** [8s Jd Ah 4s] [2h]
MaikonAll: bets $15.30
Bessie0009: folds 
Uncalled bet ($15.30) returned to MaikonAll
MaikonAll collected $20.42 from pot
MaikonAll: doesn't show hand 
*** SUMMARY ***
Total pot $21.50 | Rake $1.08 
Board [8s Jd Ah 4s 2h]
Seat 1: joaquin612 (button) folded before Flop (didn't bet)
Seat 2: MaikonAll (small blind) collected ($20.42)
Seat 3: Bessie0009 (big blind) folded on the River
Seat 4: Mr_Dick666 folded before Flop (didn't bet)
Seat 5: Espada Fish folded before Flop (didn't bet)
Seat 6: tintin641 folded before Flop (didn't bet)



PokerStars Hand #254514677380:  Hold'em No Limit ($0.50/$1.00 USD) - 2025/01/23 15:05:52 WET [2025/01/23 10:05:52 ET]
Table 'Scania IV' 6-max Seat #2 is the button
Seat 1: joaquin612 ($100 in chips) 
Seat 2: MaikonAll ($114.49 in chips) 
Seat 3: Bessie0009 ($37.39 in chips) 
Seat 4: Mr_Dick666 ($110.81 in chips) 
Seat 5: Espada Fish ($107.18 in chips) 
Seat 6: tintin641 ($101.50 in chips) 
Bessie0009: posts small blind $0.50
Mr_Dick666: posts big blind $1
*** HOLE CARDS ***
Espada Fish: folds 
tintin641: folds 
joaquin612: folds 
MaikonAll: raises $1.50 to $2.50
Bessie0009: calls $2
Mr_Dick666: folds 
*** FLOP *** [9c Qh Ad]
Bessie0009: checks 
MaikonAll: bets $1.43
Bessie0009: raises $8.56 to $9.99
MaikonAll: folds 
Uncalled bet ($8.56) returned to Bessie0009
Bessie0009 collected $8.42 from pot
*** SUMMARY ***
Total pot $8.86 | Rake $0.44 
Board [9c Qh Ad]
Seat 1: joaquin612 folded before Flop (didn't bet)
Seat 2: MaikonAll (button) folded on the Flop
Seat 3: Bessie0009 (small blind) collected ($8.42)
Seat 4: Mr_Dick666 (big blind) folded before Flop
Seat 5: Espada Fish folded before Flop (didn't bet)
Seat 6: tintin641 folded before Flop (didn't bet)



PokerStars Hand #254514683301:  Hold'em No Limit ($0.50/$1.00 USD) - 2025/01/23 15:06:27 WET [2025/01/23 10:06:27 ET]
Table 'Scania IV' 6-max Seat #3 is the button
Seat 1: joaquin612 ($100 in chips) 
Seat 2: MaikonAll ($110.56 in chips) 
Seat 3: Bessie0009 ($41.88 in chips) 
Seat 4: Mr_Dick666 ($109.81 in chips) 
Seat 5: Espada Fish ($107.18 in chips) 
Seat 6: tintin641 ($101.50 in chips) 
Mr_Dick666: posts small blind $0.50
Espada Fish: posts big blind $1
*** HOLE CARDS ***
tintin641: raises $1.50 to $2.50
joaquin612: folds 
MaikonAll: folds 
Bessie0009: calls $2.50
Mr_Dick666: folds 
Espada Fish: folds 
*** FLOP *** [9d Js Qh]
tintin641: checks 
Bessie0009: bets $6.18
tintin641: calls $6.18
*** TURN *** [9d Js Qh] [Kc]
tintin641: checks 
Bessie0009: bets $8.96
Espada Fish is disconnected 
tintin641: folds 
Uncalled bet ($8.96) returned to Bessie0009
Bessie0009 collected $17.92 from pot
*** SUMMARY ***
Total pot $18.86 | Rake $0.94 
Board [9d Js Qh Kc]
Seat 1: joaquin612 folded before Flop (didn't bet)
Seat 2: MaikonAll folded before Flop (didn't bet)
Seat 3: Bessie0009 (button) collected ($17.92)
Seat 4: Mr_Dick666 (small blind) folded before Flop
Seat 5: Espada Fish (big blind) folded before Flop
Seat 6: tintin641 folded on the Turn



PokerStars Hand #254514692687:  Hold'em No Limit ($0.50/$1.00 USD) - 2025/01/23 15:07:22 WET [2025/01/23 10:07:22 ET]
Table 'Scania IV' 6-max Seat #4 is the button
Seat 1: joaquin612 ($100 in chips) 
Seat 2: MaikonAll ($110.56 in chips) 
Seat 3: Bessie0009 ($51.12 in chips) 
Seat 4: Mr_Dick666 ($109.31 in chips) 
Seat 5: Espada Fish ($106.18 in chips) 
Seat 6: tintin641 ($100 in chips) 
Espada Fish: posts small blind $0.50
tintin641: posts big blind $1
*** HOLE CARDS ***
joaquin612: folds 
joaquin612 leaves the table
MaikonAll: raises $1.30 to $2.30
Bessie0009: folds 
Mr_Dick666: folds 
Espada Fish: folds 
tintin641: calls $1.30
*** FLOP *** [6h Jc 7h]
tintin641: checks 
MaikonAll: bets $3.63
tintin641: folds 
Uncalled bet ($3.63) returned to MaikonAll
MaikonAll collected $4.84 from pot
MaikonAll: doesn't show hand 
*** SUMMARY ***
Total pot $5.10 | Rake $0.26 
Board [6h Jc 7h]
Seat 1: joaquin612 folded before Flop (didn't bet)
Seat 2: MaikonAll collected ($4.84)
Seat 3: Bessie0009 folded before Flop (didn't bet)
Seat 4: Mr_Dick666 (button) folded before Flop (didn't bet)
Seat 5: Espada Fish (small blind) folded before Flop
Seat 6: tintin641 (big blind) folded on the Flop



PokerStars Hand #254514699459:  Hold'em No Limit ($0.50/$1.00 USD) - 2025/01/23 15:08:01 WET [2025/01/23 10:08:01 ET]
Table 'Scania IV' 6-max Seat #5 is the button
Seat 2: MaikonAll ($113.10 in chips) 
Seat 3: Bessie0009 ($51.12 in chips) 
Seat 4: Mr_Dick666 ($109.31 in chips) 
Seat 5: Espada Fish ($105.68 in chips) 
Seat 6: tintin641 ($100 in chips) 
tintin641: posts small blind $0.50
MaikonAll: posts big blind $1
*** HOLE CARDS ***
Bessie0009: folds 
Mr_Dick666: folds 
Espada Fish: raises $1.50 to $2.50
tintin641: raises $8.50 to $11
MaikonAll: folds 
Espada Fish: folds 
Uncalled bet ($8.50) returned to tintin641
tintin641 collected $6 from pot
tintin641: doesn't show hand 
*** SUMMARY ***
Total pot $6 | Rake $0 
Seat 2: MaikonAll (big blind) folded before Flop
Seat 3: Bessie0009 folded before Flop (didn't bet)
Seat 4: Mr_Dick666 folded before Flop (didn't bet)
Seat 5: Espada Fish (button) folded before Flop
Seat 6: tintin641 (small blind) collected ($6)



PokerStars Hand #254514702982:  Hold'em No Limit ($0.50/$1.00 USD) - 2025/01/23 15:08:22 WET [2025/01/23 10:08:22 ET]
Table 'Scania IV' 6-max Seat #6 is the button
Seat 2: MaikonAll ($112.10 in chips) 
Seat 3: Bessie0009 ($51.12 in chips) 
Seat 4: Mr_Dick666 ($109.31 in chips) 
Seat 5: Espada Fish ($103.18 in chips) 
Seat 6: tintin641 ($103.50 in chips) 
MaikonAll: posts small blind $0.50
Bessie0009: posts big blind $1
*** HOLE CARDS ***
Mr_Dick666: folds 
Espada Fish: folds 
tintin641: raises $1.50 to $2.50
GuigaMan joins the table at seat #1 
MaikonAll: folds 
Bessie0009: calls $1.50
*** FLOP *** [5c Kh 9s]
Bessie0009: checks 
tintin641: bets $1.72
Bessie0009: calls $1.72
*** TURN *** [5c Kh 9s] [4s]
Bessie0009: checks 
tintin641: bets $12.74
Bessie0009: folds 
Uncalled bet ($12.74) returned to tintin641
tintin641 collected $8.49 from pot
tintin641: doesn't show hand 
*** SUMMARY ***
Total pot $8.94 | Rake $0.45 
Board [5c Kh 9s 4s]
Seat 2: MaikonAll (small blind) folded before Flop
Seat 3: Bessie0009 (big blind) folded on the Turn
Seat 4: Mr_Dick666 folded before Flop (didn't bet)
Seat 5: Espada Fish folded before Flop (didn't bet)
Seat 6: tintin641 (button) collected ($8.49)



PokerStars Hand #254514713612:  Hold'em No Limit ($0.50/$1.00 USD) - 2025/01/23 15:09:24 WET [2025/01/23 10:09:24 ET]
Table 'Scania IV' 6-max Seat #2 is the button
Seat 1: GuigaMan ($100 in chips) is sitting out
Seat 2: MaikonAll ($111.60 in chips) 
Seat 3: Bessie0009 ($46.90 in chips) 
Seat 4: Mr_Dick666 ($109.31 in chips) 
Seat 5: Espada Fish ($103.18 in chips) 
Seat 6: tintin641 ($107.77 in chips) 
Bessie0009: posts small blind $0.50
Mr_Dick666: posts big blind $1
GuigaMan: sits out 
*** HOLE CARDS ***
Espada Fish: folds 
tintin641: folds 
MaikonAll: raises $1.50 to $2.50
Bessie0009: folds 
Mr_Dick666: calls $1.50
*** FLOP *** [6s Qs 6h]
Mr_Dick666: checks 
MaikonAll: bets $1.30
Mr_Dick666: raises $4.20 to $5.50
MaikonAll: folds 
Uncalled bet ($4.20) returned to Mr_Dick666
Mr_Dick666 collected $7.70 from pot
Mr_Dick666: doesn't show hand 
*** SUMMARY ***
Total pot $8.10 | Rake $0.40 
Board [6s Qs 6h]
Seat 1: GuigaMan
Seat 2: MaikonAll (button) folded on the Flop
Seat 3: Bessie0009 (small blind) folded before Flop
Seat 4: Mr_Dick666 (big blind) collected ($7.70)
Seat 5: Espada Fish folded before Flop (didn't bet)
Seat 6: tintin641 folded before Flop (didn't bet)



PokerStars Hand #254514723408:  Hold'em No Limit ($0.50/$1.00 USD) - 2025/01/23 15:10:22 WET [2025/01/23 10:10:22 ET]
Table 'Scania IV' 6-max Seat #3 is the button
Seat 1: GuigaMan ($100 in chips) is sitting out
Seat 2: MaikonAll ($107.80 in chips) 
Seat 3: Bessie0009 ($46.40 in chips) 
Seat 4: Mr_Dick666 ($113.21 in chips) 
Seat 5: Espada Fish ($103.18 in chips) 
Seat 6: tintin641 ($107.77 in chips) 
Mr_Dick666: posts small blind $0.50
Espada Fish: posts big blind $1
GuigaMan: sits out 
*** HOLE CARDS ***
tintin641: folds 
MaikonAll: folds 
Bessie0009: raises $2.50 to $3.50
Mr_Dick666: folds 
Espada Fish: calls $2.50
*** FLOP *** [Qs Ad 8h]
Espada Fish: checks 
Bessie0009: bets $7.12
Espada Fish: calls $7.12
*** TURN *** [Qs Ad 8h] [4c]
Espada Fish: checks 
Bessie0009: checks 
*** RIVER *** [Qs Ad 8h 4c] [2d]
Espada Fish: bets $12.39
Bessie0009: folds 
Uncalled bet ($12.39) returned to Espada Fish
Espada Fish collected $20.65 from pot
Espada Fish: doesn't show hand 
*** SUMMARY ***
Total pot $21.74 | Rake $1.09 
Board [Qs Ad 8h 4c 2d]
Seat 1: GuigaMan
Seat 2: MaikonAll folded before Flop (didn't bet)
Seat 3: Bessie0009 (button) folded on the River
Seat 4: Mr_Dick666 (small blind) folded before Flop
Seat 5: Espada Fish (big blind) collected ($20.65)
Seat 6: tintin641 folded before Flop (didn't bet)



PokerStars Hand #254514737061:  Hold'em No Limit ($0.50/$1.00 USD) - 2025/01/23 15:11:42 WET [2025/01/23 10:11:42 ET]
Table 'Scania IV' 6-max Seat #4 is the button
Seat 1: GuigaMan ($100 in chips) is sitting out
Seat 2: MaikonAll ($107.80 in chips) 
Seat 3: Bessie0009 ($35.78 in chips) 
Seat 4: Mr_Dick666 ($112.71 in chips) 
Seat 5: Espada Fish ($113.21 in chips) 
Seat 6: tintin641 ($107.77 in chips) 
Espada Fish: posts small blind $0.50
tintin641: posts big blind $1
GuigaMan: sits out 
*** HOLE CARDS ***
MaikonAll: folds 
Bessie0009: folds 
Mr_Dick666: folds 
Espada Fish: folds 
Uncalled bet ($0.50) returned to tintin641
tintin641 collected $1 from pot
tintin641: doesn't show hand 
*** SUMMARY ***
Total pot $1 | Rake $0 
Seat 1: GuigaMan
Seat 2: MaikonAll folded before Flop (didn't bet)
Seat 3: Bessie0009 folded before Flop (didn't bet)
Seat 4: Mr_Dick666 (button) folded before Flop (didn't bet)
Seat 5: Espada Fish (small blind) folded before Flop
Seat 6: tintin641 (big blind) collected ($1)



PokerStars Hand #254514738910:  Hold'em No Limit ($0.50/$1.00 USD) - 2025/01/23 15:11:53 WET [2025/01/23 10:11:53 ET]
Table 'Scania IV' 6-max Seat #5 is the button
Seat 1: GuigaMan ($100 in chips) 
Seat 2: MaikonAll ($107.80 in chips) 
Seat 3: Bessie0009 ($35.78 in chips) 
Seat 4: Mr_Dick666 ($112.71 in chips) 
Seat 5: Espada Fish ($112.71 in chips) 
Seat 6: tintin641 ($108.27 in chips) 
tintin641: posts small blind $0.50
GuigaMan: posts big blind $1
*** HOLE CARDS ***
MaikonAll: folds 
Bessie0009: calls $1
Mr_Dick666: folds 
Espada Fish: folds 
tintin641: calls $0.50
GuigaMan: checks 
*** FLOP *** [3s Jd 5s]
tintin641: checks 
GuigaMan: checks 
Bessie0009: bets $2.85
tintin641: folds 
GuigaMan: folds 
Uncalled bet ($2.85) returned to Bessie0009
Bessie0009 collected $2.85 from pot
*** SUMMARY ***
Total pot $3 | Rake $0.15 
Board [3s Jd 5s]
Seat 1: GuigaMan (big blind) folded on the Flop
Seat 2: MaikonAll folded before Flop (didn't bet)
Seat 3: Bessie0009 collected ($2.85)
Seat 4: Mr_Dick666 folded before Flop (didn't bet)
Seat 5: Espada Fish (button) folded before Flop (didn't bet)
Seat 6: tintin641 (small blind) folded on the Flop



PokerStars Hand #254514747676:  Hold'em No Limit ($0.50/$1.00 USD) - 2025/01/23 15:12:44 WET [2025/01/23 10:12:44 ET]
Table 'Scania IV' 6-max Seat #6 is the button
Seat 1: GuigaMan ($100 in chips) 
Seat 2: MaikonAll ($107.80 in chips) 
Seat 3: Bessie0009 ($37.63 in chips) 
Seat 4: Mr_Dick666 ($112.71 in chips) 
Seat 5: Espada Fish ($112.71 in chips) 
Seat 6: tintin641 ($107.27 in chips) 
GuigaMan: posts small blind $0.50
MaikonAll: posts big blind $1
*** HOLE CARDS ***
Bessie0009: calls $1
Mr_Dick666: folds 
Espada Fish: folds 
tintin641: folds 
GuigaMan: raises $4 to $5
MaikonAll: folds 
Bessie0009: calls $4
*** FLOP *** [7s 8s 7c]
GuigaMan: checks 
Bessie0009: bets $10.45
GuigaMan: folds 
Uncalled bet ($10.45) returned to Bessie0009
Bessie0009 collected $10.45 from pot
*** SUMMARY ***
Total pot $11 | Rake $0.55 
Board [7s 8s 7c]
Seat 1: GuigaMan (small blind) folded on the Flop
Seat 2: MaikonAll (big blind) folded before Flop
Seat 3: Bessie0009 collected ($10.45)
Seat 4: Mr_Dick666 folded before Flop (didn't bet)
Seat 5: Espada Fish folded before Flop (didn't bet)
Seat 6: tintin641 (button) folded before Flop (didn't bet)



PokerStars Hand #254514756878:  Hold'em No Limit ($0.50/$1.00 USD) - 2025/01/23 15:13:38 WET [2025/01/23 10:13:38 ET]
Table 'Scania IV' 6-max Seat #1 is the button
Seat 1: GuigaMan ($100 in chips) 
Seat 2: MaikonAll ($106.80 in chips) 
Seat 3: Bessie0009 ($43.08 in chips) 
Seat 4: Mr_Dick666 ($112.71 in chips) 
Seat 5: Espada Fish ($112.71 in chips) 
Seat 6: tintin641 ($107.27 in chips) 
MaikonAll: posts small blind $0.50
Bessie0009: posts big blind $1
*** HOLE CARDS ***
Mr_Dick666: folds 
Espada Fish: folds 
tintin641: folds 
GuigaMan: folds 
MaikonAll: folds 
Uncalled bet ($0.50) returned to Bessie0009
Bessie0009 collected $1 from pot
*** SUMMARY ***
Total pot $1 | Rake $0 
Seat 1: GuigaMan (button) folded before Flop (didn't bet)
Seat 2: MaikonAll (small blind) folded before Flop
Seat 3: Bessie0009 (big blind) collected ($1)
Seat 4: Mr_Dick666 folded before Flop (didn't bet)
Seat 5: Espada Fish folded before Flop (didn't bet)
Seat 6: tintin641 folded before Flop (didn't bet)



PokerStars Hand #254514759233:  Hold'em No Limit ($0.50/$1.00 USD) - 2025/01/23 15:13:52 WET [2025/01/23 10:13:52 ET]
Table 'Scania IV' 6-max Seat #2 is the button
Seat 1: GuigaMan ($100 in chips) 
Seat 2: MaikonAll ($106.30 in chips) 
Seat 3: Bessie0009 ($43.58 in chips) 
Seat 4: Mr_Dick666 ($112.71 in chips) 
Seat 5: Espada Fish ($112.71 in chips) 
Seat 6: tintin641 ($107.27 in chips) 
Bessie0009: posts small blind $0.50
Mr_Dick666: posts big blind $1
*** HOLE CARDS ***
Espada Fish: folds 
tintin641: folds 
GuigaMan: folds 
MaikonAll: raises $1.50 to $2.50
Bessie0009: calls $2
Mr_Dick666: folds 
*** FLOP *** [Ts 5c 2s]
Bessie0009: checks 
MaikonAll: bets $1.43
Bessie0009: raises $8.56 to $9.99
MaikonAll: folds 
Uncalled bet ($8.56) returned to Bessie0009
Bessie0009 collected $8.42 from pot
*** SUMMARY ***
Total pot $8.86 | Rake $0.44 
Board [Ts 5c 2s]
Seat 1: GuigaMan folded before Flop (didn't bet)
Seat 2: MaikonAll (button) folded on the Flop
Seat 3: Bessie0009 (small blind) collected ($8.42)
Seat 4: Mr_Dick666 (big blind) folded before Flop
Seat 5: Espada Fish folded before Flop (didn't bet)
Seat 6: tintin641 folded before Flop (didn't bet)



PokerStars Hand #254514765418:  Hold'em No Limit ($0.50/$1.00 USD) - 2025/01/23 15:14:29 WET [2025/01/23 10:14:29 ET]
Table 'Scania IV' 6-max Seat #3 is the button
Seat 1: GuigaMan ($100 in chips) 
Seat 2: MaikonAll ($102.37 in chips) 
Seat 3: Bessie0009 ($48.07 in chips) 
Seat 4: Mr_Dick666 ($111.71 in chips) 
Seat 5: Espada Fish ($112.71 in chips) 
Seat 6: tintin641 ($107.27 in chips) 
Mr_Dick666: posts small blind $0.50
Espada Fish: posts big blind $1
*** HOLE CARDS ***
tintin641: folds 
GuigaMan: raises $1.20 to $2.20
MaikonAll: folds 
Bessie0009: folds 
Mr_Dick666: folds 
Espada Fish: calls $1.20
*** FLOP *** [Qd 5h Kh]
Espada Fish: checks 
GuigaMan: bets $3.50
Espada Fish: folds 
Uncalled bet ($3.50) returned to GuigaMan
GuigaMan collected $4.66 from pot
*** SUMMARY ***
Total pot $4.90 | Rake $0.24 
Board [Qd 5h Kh]
Seat 1: GuigaMan collected ($4.66)
Seat 2: MaikonAll folded before Flop (didn't bet)
Seat 3: Bessie0009 (button) folded before Flop (didn't bet)
Seat 4: Mr_Dick666 (small blind) folded before Flop
Seat 5: Espada Fish (big blind) folded on the Flop
Seat 6: tintin641 folded before Flop (didn't bet)



PokerStars Hand #254514769850:  Hold'em No Limit ($0.50/$1.00 USD) - 2025/01/23 15:14:54 WET [2025/01/23 10:14:54 ET]
Table 'Scania IV' 6-max Seat #4 is the button
Seat 1: GuigaMan ($102.46 in chips) 
Seat 2: MaikonAll ($102.37 in chips) 
Seat 3: Bessie0009 ($48.07 in chips) 
Seat 4: Mr_Dick666 ($111.21 in chips) 
Seat 5: Espada Fish ($110.51 in chips) 
Seat 6: tintin641 ($107.27 in chips) 
Espada Fish: posts small blind $0.50
tintin641: posts big blind $1
*** HOLE CARDS ***
GuigaMan: folds 
MaikonAll: folds 
Bessie0009: calls $1
Mr_Dick666: raises $2.50 to $3.50
Espada Fish: folds 
tintin641: folds 
Bessie0009: calls $2.50
*** FLOP *** [Ad Ah 7s]
Bessie0009: checks 
Mr_Dick666: checks 
*** TURN *** [Ad Ah 7s] [Qc]
Bessie0009: checks 
Mr_Dick666: bets $2.67
Bessie0009: calls $2.67
*** RIVER *** [Ad Ah 7s Qc] [5d]
Bessie0009: checks 
Mr_Dick666: bets $8.68
Bessie0009: folds 
Uncalled bet ($8.68) returned to Mr_Dick666
Mr_Dick666 collected $13.15 from pot
Mr_Dick666: doesn't show hand 
*** SUMMARY ***
Total pot $13.84 | Rake $0.69 
Board [Ad Ah 7s Qc 5d]
Seat 1: GuigaMan folded before Flop (didn't bet)
Seat 2: MaikonAll folded before Flop (didn't bet)
Seat 3: Bessie0009 folded on the River
Seat 4: Mr_Dick666 (button) collected ($13.15)
Seat 5: Espada Fish (small blind) folded before Flop
Seat 6: tintin641 (big blind) folded before Flop



PokerStars Hand #254514779926:  Hold'em No Limit ($0.50/$1.00 USD) - 2025/01/23 15:15:51 WET [2025/01/23 10:15:51 ET]
Table 'Scania IV' 6-max Seat #5 is the button
Seat 1: GuigaMan ($102.46 in chips) 
Seat 2: MaikonAll ($102.37 in chips) 
Seat 3: Bessie0009 ($41.90 in chips) 
Seat 4: Mr_Dick666 ($118.19 in chips) 
Seat 5: Espada Fish ($110.01 in chips) 
Seat 6: tintin641 ($106.27 in chips) 
tintin641: posts small blind $0.50
GuigaMan: posts big blind $1
*** HOLE CARDS ***
MaikonAll: folds 
Bessie0009: folds 
Mr_Dick666: folds 
Espada Fish: raises $1.50 to $2.50
tintin641: folds 
GuigaMan: folds 
Uncalled bet ($1.50) returned to Espada Fish
Espada Fish collected $2.50 from pot
Espada Fish: doesn't show hand 
*** SUMMARY ***
Total pot $2.50 | Rake $0 
Seat 1: GuigaMan (big blind) folded before Flop
Seat 2: MaikonAll folded before Flop (didn't bet)
Seat 3: Bessie0009 folded before Flop (didn't bet)
Seat 4: Mr_Dick666 folded before Flop (didn't bet)
Seat 5: Espada Fish (button) collected ($2.50)
Seat 6: tintin641 (small blind) folded before Flop



PokerStars Hand #254514782800:  Hold'em No Limit ($0.50/$1.00 USD) - 2025/01/23 15:16:07 WET [2025/01/23 10:16:07 ET]
Table 'Scania IV' 6-max Seat #6 is the button
Seat 1: GuigaMan ($101.46 in chips) 
Seat 2: MaikonAll ($102.37 in chips) 
Seat 3: Bessie0009 ($41.90 in chips) 
Seat 4: Mr_Dick666 ($118.19 in chips) 
Seat 5: Espada Fish ($111.51 in chips) 
Seat 6: tintin641 ($105.77 in chips) 
GuigaMan: posts small blind $0.50
MaikonAll: posts big blind $1
*** HOLE CARDS ***
Bessie0009: folds 
Mr_Dick666: folds 
Espada Fish: folds 
tintin641: raises $1.50 to $2.50
GuigaMan: folds 
MaikonAll: folds 
Uncalled bet ($1.50) returned to tintin641
tintin641 collected $2.50 from pot
tintin641: doesn't show hand 
*** SUMMARY ***
Total pot $2.50 | Rake $0 
Seat 1: GuigaMan (small blind) folded before Flop
Seat 2: MaikonAll (big blind) folded before Flop
Seat 3: Bessie0009 folded before Flop (didn't bet)
Seat 4: Mr_Dick666 folded before Flop (didn't bet)
Seat 5: Espada Fish folded before Flop (didn't bet)
Seat 6: tintin641 (button) collected ($2.50)



PokerStars Hand #254514785624:  Hold'em No Limit ($0.50/$1.00 USD) - 2025/01/23 15:16:23 WET [2025/01/23 10:16:23 ET]
Table 'Scania IV' 6-max Seat #1 is the button
Seat 1: GuigaMan ($100.96 in chips) 
Seat 2: MaikonAll ($101.37 in chips) 
Seat 3: Bessie0009 ($41.90 in chips) 
Seat 4: Mr_Dick666 ($118.19 in chips) 
Seat 5: Espada Fish ($111.51 in chips) 
Seat 6: tintin641 ($107.27 in chips) 
MaikonAll: posts small blind $0.50
Bessie0009: posts big blind $1
*** HOLE CARDS ***
Mr_Dick666: folds 
Espada Fish: folds 
tintin641: raises $1.50 to $2.50
GuigaMan: folds 
MaikonAll: folds 
Bessie0009: calls $1.50
*** FLOP *** [9h 3c 5c]
Bessie0009: checks 
tintin641: checks 
*** TURN *** [9h 3c 5c] [Tc]
Bessie0009: bets $5.22
tintin641: folds 
Uncalled bet ($5.22) returned to Bessie0009
Bessie0009 collected $5.22 from pot
*** SUMMARY ***
Total pot $5.50 | Rake $0.28 
Board [9h 3c 5c Tc]
Seat 1: GuigaMan (button) folded before Flop (didn't bet)
Seat 2: MaikonAll (small blind) folded before Flop
Seat 3: Bessie0009 (big blind) collected ($5.22)
Seat 4: Mr_Dick666 folded before Flop (didn't bet)
Seat 5: Espada Fish folded before Flop (didn't bet)
Seat 6: tintin641 folded on the Turn



PokerStars Hand #254514792374:  Hold'em No Limit ($0.50/$1.00 USD) - 2025/01/23 15:17:00 WET [2025/01/23 10:17:00 ET]
Table 'Scania IV' 6-max Seat #2 is the button
Seat 1: GuigaMan ($100.96 in chips) 
Seat 2: MaikonAll ($100.87 in chips) 
Seat 3: Bessie0009 ($44.62 in chips) 
Seat 4: Mr_Dick666 ($118.19 in chips) 
Seat 5: Espada Fish ($111.51 in chips) 
Seat 6: tintin641 ($104.77 in chips) 
Bessie0009: posts small blind $0.50
Mr_Dick666: posts big blind $1
*** HOLE CARDS ***
Espada Fish: folds 
tintin641: folds 
GuigaMan: raises $1 to $2
MaikonAll: folds 
Bessie0009: calls $1.50
Mr_Dick666: raises $12 to $14
GuigaMan: folds 
Bessie0009: folds 
Uncalled bet ($12) returned to Mr_Dick666
Mr_Dick666 collected $6 from pot
Mr_Dick666: doesn't show hand 
*** SUMMARY ***
Total pot $6 | Rake $0 
Seat 1: GuigaMan folded before Flop
Seat 2: MaikonAll (button) folded before Flop (didn't bet)
Seat 3: Bessie0009 (small blind) folded before Flop
Seat 4: Mr_Dick666 (big blind) collected ($6)
Seat 5: Espada Fish folded before Flop (didn't bet)
Seat 6: tintin641 folded before Flop (didn't bet)



PokerStars Hand #254514797295:  Hold'em No Limit ($0.50/$1.00 USD) - 2025/01/23 15:17:28 WET [2025/01/23 10:17:28 ET]
Table 'Scania IV' 6-max Seat #3 is the button
Seat 1: GuigaMan ($100 in chips) 
Seat 2: MaikonAll ($100.87 in chips) 
Seat 3: Bessie0009 ($42.62 in chips) 
Seat 4: Mr_Dick666 ($122.19 in chips) 
Seat 5: Espada Fish ($111.51 in chips) 
Seat 6: tintin641 ($104.77 in chips) 
Mr_Dick666: posts small blind $0.50
Espada Fish: posts big blind $1
*** HOLE CARDS ***
tintin641: folds 
GuigaMan: folds 
MaikonAll: raises $1.30 to $2.30
Bessie0009: folds 
Mr_Dick666: folds 
Espada Fish: folds 
Uncalled bet ($1.30) returned to MaikonAll
MaikonAll collected $2.50 from pot
MaikonAll: doesn't show hand 
*** SUMMARY ***
Total pot $2.50 | Rake $0 
Seat 1: GuigaMan folded before Flop (didn't bet)
Seat 2: MaikonAll collected ($2.50)
Seat 3: Bessie0009 (button) folded before Flop (didn't bet)
Seat 4: Mr_Dick666 (small blind) folded before Flop
Seat 5: Espada Fish (big blind) folded before Flop
Seat 6: tintin641 folded before Flop (didn't bet)



PokerStars Hand #254514800738:  Hold'em No Limit ($0.50/$1.00 USD) - 2025/01/23 15:17:48 WET [2025/01/23 10:17:48 ET]
Table 'Scania IV' 6-max Seat #4 is the button
Seat 1: GuigaMan ($100 in chips) 
Seat 2: MaikonAll ($102.37 in chips) 
Seat 3: Bessie0009 ($42.62 in chips) 
Seat 4: Mr_Dick666 ($121.69 in chips) 
Seat 5: Espada Fish ($110.51 in chips) 
Seat 6: tintin641 ($104.77 in chips) 
Espada Fish: posts small blind $0.50
tintin641: posts big blind $1
*** HOLE CARDS ***
GuigaMan: folds 
MaikonAll: folds 
Bessie0009: folds 
Mr_Dick666: folds 
Espada Fish: raises $2 to $3
tintin641: raises $7 to $10
Espada Fish: folds 
Uncalled bet ($7) returned to tintin641
tintin641 collected $6 from pot
tintin641: doesn't show hand 
*** SUMMARY ***
Total pot $6 | Rake $0 
Seat 1: GuigaMan folded before Flop (didn't bet)
Seat 2: MaikonAll folded before Flop (didn't bet)
Seat 3: Bessie0009 folded before Flop (didn't bet)
Seat 4: Mr_Dick666 (button) folded before Flop (didn't bet)
Seat 5: Espada Fish (small blind) folded before Flop
Seat 6: tintin641 (big blind) collected ($6)



PokerStars Hand #254514807788:  Hold'em No Limit ($0.50/$1.00 USD) - 2025/01/23 15:18:27 WET [2025/01/23 10:18:27 ET]
Table 'Scania IV' 6-max Seat #5 is the button
Seat 1: GuigaMan ($100 in chips) 
Seat 2: MaikonAll ($102.37 in chips) 
Seat 3: Bessie0009 ($42.62 in chips) 
Seat 4: Mr_Dick666 ($121.69 in chips) 
Seat 5: Espada Fish ($107.51 in chips) 
Seat 6: tintin641 ($107.77 in chips) 
tintin641: posts small blind $0.50
GuigaMan: posts big blind $1
*** HOLE CARDS ***
MaikonAll: folds 
Bessie0009: folds 
Mr_Dick666: raises $1.50 to $2.50
Espada Fish: folds 
tintin641: folds 
GuigaMan: calls $1.50
*** FLOP *** [Ks 4s 2h]
GuigaMan: checks 
Mr_Dick666: bets $1.72
GuigaMan: calls $1.72
*** TURN *** [Ks 4s 2h] [7d]
GuigaMan: checks 
Mr_Dick666: bets $14.86
GuigaMan: folds 
Uncalled bet ($14.86) returned to Mr_Dick666
Mr_Dick666 collected $8.49 from pot
Mr_Dick666: doesn't show hand 
*** SUMMARY ***
Total pot $8.94 | Rake $0.45 
Board [Ks 4s 2h 7d]
Seat 1: GuigaMan (big blind) folded on the Turn
Seat 2: MaikonAll folded before Flop (didn't bet)
Seat 3: Bessie0009 folded before Flop (didn't bet)
Seat 4: Mr_Dick666 collected ($8.49)
Seat 5: Espada Fish (button) folded before Flop (didn't bet)
Seat 6: tintin641 (small blind) folded before Flop



PokerStars Hand #254514815812:  Hold'em No Limit ($0.50/$1.00 USD) - 2025/01/23 15:19:12 WET [2025/01/23 10:19:12 ET]
Table 'Scania IV' 6-max Seat #6 is the button
Seat 1: GuigaMan ($100 in chips) 
Seat 2: MaikonAll ($102.37 in chips) 
Seat 3: Bessie0009 ($42.62 in chips) 
Seat 4: Mr_Dick666 ($125.96 in chips) 
Seat 5: Espada Fish ($107.51 in chips) 
Seat 6: tintin641 ($107.27 in chips) 
GuigaMan: posts small blind $0.50
MaikonAll: posts big blind $1
*** HOLE CARDS ***
Bessie0009: folds 
Mr_Dick666: folds 
Espada Fish is disconnected 
Espada Fish is connected 
Espada Fish: raises $1.20 to $2.20
tintin641: folds 
GuigaMan: folds 
MaikonAll: folds 
Uncalled bet ($1.20) returned to Espada Fish
Espada Fish collected $2.50 from pot
Espada Fish: doesn't show hand 
*** SUMMARY ***
Total pot $2.50 | Rake $0 
Seat 1: GuigaMan (small blind) folded before Flop
Seat 2: MaikonAll (big blind) folded before Flop
Seat 3: Bessie0009 folded before Flop (didn't bet)
Seat 4: Mr_Dick666 folded before Flop (didn't bet)
Seat 5: Espada Fish collected ($2.50)
Seat 6: tintin641 (button) folded before Flop (didn't bet)



PokerStars Hand #254514820623:  Hold'em No Limit ($0.50/$1.00 USD) - 2025/01/23 15:19:39 WET [2025/01/23 10:19:39 ET]
Table 'Scania IV' 6-max Seat #1 is the button
Seat 1: GuigaMan ($100 in chips) 
Seat 2: MaikonAll ($101.37 in chips) 
Seat 3: Bessie0009 ($42.62 in chips) 
Seat 4: Mr_Dick666 ($125.96 in chips) 
Seat 5: Espada Fish ($109.01 in chips) 
Seat 6: tintin641 ($107.27 in chips) 
MaikonAll: posts small blind $0.50
Bessie0009: posts big blind $1
*** HOLE CARDS ***
Mr_Dick666: raises $1 to $2
Espada Fish: folds 
tintin641: folds 
GuigaMan: folds 
MaikonAll: raises $9 to $11
Bessie0009: folds 
Mr_Dick666: folds 
Uncalled bet ($9) returned to MaikonAll
MaikonAll collected $5 from pot
MaikonAll: doesn't show hand 
*** SUMMARY ***
Total pot $5 | Rake $0 
Seat 1: GuigaMan (button) folded before Flop (didn't bet)
Seat 2: MaikonAll (small blind) collected ($5)
Seat 3: Bessie0009 (big blind) folded before Flop
Seat 4: Mr_Dick666 folded before Flop
Seat 5: Espada Fish folded before Flop (didn't bet)
Seat 6: tintin641 folded before Flop (didn't bet)



PokerStars Hand #254514825327:  Hold'em No Limit ($0.50/$1.00 USD) - 2025/01/23 15:20:05 WET [2025/01/23 10:20:05 ET]
Table 'Scania IV' 6-max Seat #2 is the button
Seat 1: GuigaMan ($100 in chips) 
Seat 2: MaikonAll ($104.37 in chips) 
Seat 3: Bessie0009 ($41.62 in chips) 
Seat 4: Mr_Dick666 ($123.96 in chips) 
Seat 5: Espada Fish ($109.01 in chips) 
Seat 6: tintin641 ($107.27 in chips) 
Bessie0009: posts small blind $0.50
Mr_Dick666: posts big blind $1
*** HOLE CARDS ***
Espada Fish: folds 
tintin641: folds 
GuigaMan: folds 
MaikonAll: raises $1.50 to $2.50
Bessie0009: raises $6 to $8.50
Mr_Dick666: raises $12.50 to $21
MaikonAll: folds 
Bessie0009: calls $12.50
*** FLOP *** [Ts 6h 3s]
Bessie0009: bets $20.62 and is all-in
Mr_Dick666: calls $20.62
*** TURN *** [Ts 6h 3s] [Qs]
*** RIVER *** [Ts 6h 3s Qs] [7d]
*** SHOW DOWN ***
Bessie0009: shows [2d 2s] (a pair of Deuces)
Mr_Dick666: shows [Ks As] (a flush, Ace high)
Mr_Dick666 collected $83.24 from pot
*** SUMMARY ***
Total pot $85.74 | Rake $2.50 
Board [Ts 6h 3s Qs 7d]
Seat 1: GuigaMan folded before Flop (didn't bet)
Seat 2: MaikonAll (button) folded before Flop
Seat 3: Bessie0009 (small blind) showed [2d 2s] and lost with a pair of Deuces
Seat 4: Mr_Dick666 (big blind) showed [Ks As] and won ($83.24) with a flush, Ace high
Seat 5: Espada Fish folded before Flop (didn't bet)
Seat 6: tintin641 folded before Flop (didn't bet)



PokerStars Hand #254514832639:  Hold'em No Limit ($0.50/$1.00 USD) - 2025/01/23 15:20:45 WET [2025/01/23 10:20:45 ET]
Table 'Scania IV' 6-max Seat #4 is the button
Seat 3: Bessie0009 ($0 in chips) is sitting out
Seat 1: GuigaMan ($100 in chips) 
Seat 2: MaikonAll ($101.87 in chips) 
Seat 4: Mr_Dick666 ($165.58 in chips) 
Seat 5: Espada Fish ($109.01 in chips) 
Seat 6: tintin641 ($107.27 in chips) 
Espada Fish: posts small blind $0.50
tintin641: posts big blind $1
*** HOLE CARDS ***
GuigaMan: folds 
MaikonAll: folds 
Mr_Dick666: raises $1.50 to $2.50
Bessie0009 leaves the table
Espada Fish: folds 
tintin641: folds 
Uncalled bet ($1.50) returned to Mr_Dick666
Mr_Dick666 collected $2.50 from pot
Mr_Dick666: doesn't show hand 
*** SUMMARY ***
Total pot $2.50 | Rake $0 
Seat 3: Bessie0009
Seat 1: GuigaMan folded before Flop (didn't bet)
Seat 2: MaikonAll folded before Flop (didn't bet)
Seat 4: Mr_Dick666 (button) collected ($2.50)
Seat 5: Espada Fish (small blind) folded before Flop
Seat 6: tintin641 (big blind) folded before Flop



PokerStars Hand #254514836834:  Hold'em No Limit ($0.50/$1.00 USD) - 2025/01/23 15:21:08 WET [2025/01/23 10:21:08 ET]
Table 'Scania IV' 6-max Seat #5 is the button
Seat 1: GuigaMan ($100 in chips) 
Seat 2: MaikonAll ($101.87 in chips) 
Seat 4: Mr_Dick666 ($167.08 in chips) 
Seat 5: Espada Fish ($108.51 in chips) 
Seat 6: tintin641 ($106.27 in chips) 
tintin641: posts small blind $0.50
GuigaMan: posts big blind $1
*** HOLE CARDS ***
MaikonAll: folds 
Mr_Dick666: raises $1.50 to $2.50
Espada Fish: folds 
tintin641: folds 
GuigaMan: folds 
Uncalled bet ($1.50) returned to Mr_Dick666
Mr_Dick666 collected $2.50 from pot
Mr_Dick666: doesn't show hand 
*** SUMMARY ***
Total pot $2.50 | Rake $0 
Seat 1: GuigaMan (big blind) folded before Flop
Seat 2: MaikonAll folded before Flop (didn't bet)
Seat 4: Mr_Dick666 collected ($2.50)
Seat 5: Espada Fish (button) folded before Flop (didn't bet)
Seat 6: tintin641 (small blind) folded before Flop



PokerStars Hand #254514840752:  Hold'em No Limit ($0.50/$1.00 USD) - 2025/01/23 15:21:30 WET [2025/01/23 10:21:30 ET]
Table 'Scania IV' 6-max Seat #6 is the button
Seat 1: GuigaMan ($100 in chips) 
Seat 2: MaikonAll ($101.87 in chips) 
Seat 4: Mr_Dick666 ($168.58 in chips) 
Seat 5: Espada Fish ($108.51 in chips) 
Seat 6: tintin641 ($105.77 in chips) 
GuigaMan: posts small blind $0.50
MaikonAll: posts big blind $1
*** HOLE CARDS ***
Mr_Dick666: folds 
Espada Fish: folds 
tintin641: raises $1.50 to $2.50
GuigaMan: raises $8.50 to $11
MaikonAll: folds 
tintin641: folds 
Uncalled bet ($8.50) returned to GuigaMan
GuigaMan collected $6 from pot
MrVern9177 joins the table at seat #3 
MrVern9177 is disconnected 
*** SUMMARY ***
Total pot $6 | Rake $0 
Seat 1: GuigaMan (small blind) collected ($6)
Seat 2: MaikonAll (big blind) folded before Flop
Seat 4: Mr_Dick666 folded before Flop (didn't bet)
Seat 5: Espada Fish folded before Flop (didn't bet)
Seat 6: tintin641 (button) folded before Flop



PokerStars Hand #254514844738:  Hold'em No Limit ($0.50/$1.00 USD) - 2025/01/23 15:21:52 WET [2025/01/23 10:21:52 ET]
Table 'Scania IV' 6-max Seat #1 is the button
Seat 1: GuigaMan ($103.50 in chips) 
Seat 2: MaikonAll ($100.87 in chips) 
Seat 3: MrVern9177 ($100 in chips) 
Seat 4: Mr_Dick666 ($168.58 in chips) 
Seat 5: Espada Fish ($108.51 in chips) 
Seat 6: tintin641 ($103.27 in chips) 
MaikonAll: posts small blind $0.50
MrVern9177: posts big blind $1
*** HOLE CARDS ***
Mr_Dick666: folds 
Espada Fish: folds 
tintin641: folds 
GuigaMan: folds 
MaikonAll: folds 
Uncalled bet ($0.50) returned to MrVern9177
MrVern9177 collected $1 from pot
*** SUMMARY ***
Total pot $1 | Rake $0 
Seat 1: GuigaMan (button) folded before Flop (didn't bet)
Seat 2: MaikonAll (small blind) folded before Flop
Seat 3: MrVern9177 (big blind) collected ($1)
Seat 4: Mr_Dick666 folded before Flop (didn't bet)
Seat 5: Espada Fish folded before Flop (didn't bet)
Seat 6: tintin641 folded before Flop (didn't bet)



PokerStars Hand #254514846854:  Hold'em No Limit ($0.50/$1.00 USD) - 2025/01/23 15:22:04 WET [2025/01/23 10:22:04 ET]
Table 'Scania IV' 6-max Seat #2 is the button
Seat 1: GuigaMan ($103.50 in chips) 
Seat 2: MaikonAll ($100.37 in chips) 
Seat 3: MrVern9177 ($100.50 in chips) 
Seat 4: Mr_Dick666 ($168.58 in chips) 
Seat 5: Espada Fish ($108.51 in chips) 
Seat 6: tintin641 ($103.27 in chips) 
MrVern9177: posts small blind $0.50
Mr_Dick666: posts big blind $1
*** HOLE CARDS ***
Espada Fish: folds 
tintin641: folds 
GuigaMan: raises $1.50 to $2.50
MaikonAll: folds 
MrVern9177: calls $2
Mr_Dick666: folds 
*** FLOP *** [8c 2s Kh]
MrVern9177: checks 
GuigaMan: bets $1.71
MrVern9177: folds 
Uncalled bet ($1.71) returned to GuigaMan
GuigaMan collected $5.70 from pot
*** SUMMARY ***
Total pot $6 | Rake $0.30 
Board [8c 2s Kh]
Seat 1: GuigaMan collected ($5.70)
Seat 2: MaikonAll (button) folded before Flop (didn't bet)
Seat 3: MrVern9177 (small blind) folded on the Flop
Seat 4: Mr_Dick666 (big blind) folded before Flop
Seat 5: Espada Fish folded before Flop (didn't bet)
Seat 6: tintin641 folded before Flop (didn't bet)



PokerStars Hand #254514851219:  Hold'em No Limit ($0.50/$1.00 USD) - 2025/01/23 15:22:28 WET [2025/01/23 10:22:28 ET]
Table 'Scania IV' 6-max Seat #3 is the button
Seat 1: GuigaMan ($106.70 in chips) 
Seat 2: MaikonAll ($100.37 in chips) 
Seat 3: MrVern9177 ($98 in chips) 
Seat 4: Mr_Dick666 ($167.58 in chips) 
Seat 5: Espada Fish ($108.51 in chips) 
Seat 6: tintin641 ($103.27 in chips) 
Mr_Dick666: posts small blind $0.50
Espada Fish: posts big blind $1
*** HOLE CARDS ***
tintin641: folds 
GuigaMan: folds 
MaikonAll: folds 
MrVern9177: folds 
Mr_Dick666: raises $2 to $3
Espada Fish: calls $2
*** FLOP *** [6h 8s 9h]
Mr_Dick666: checks 
Espada Fish: bets $2.85
Mr_Dick666: calls $2.85
*** TURN *** [6h 8s 9h] [3s]
Mr_Dick666: checks 
Espada Fish: bets $14.79
Mr_Dick666: folds 
Uncalled bet ($14.79) returned to Espada Fish
Espada Fish collected $11.12 from pot
Espada Fish: doesn't show hand 
*** SUMMARY ***
Total pot $11.70 | Rake $0.58 
Board [6h 8s 9h 3s]
Seat 1: GuigaMan folded before Flop (didn't bet)
Seat 2: MaikonAll folded before Flop (didn't bet)
Seat 3: MrVern9177 (button) folded before Flop (didn't bet)
Seat 4: Mr_Dick666 (small blind) folded on the Turn
Seat 5: Espada Fish (big blind) collected ($11.12)
Seat 6: tintin641 folded before Flop (didn't bet)



PokerStars Hand #254514864084:  Hold'em No Limit ($0.50/$1.00 USD) - 2025/01/23 15:23:39 WET [2025/01/23 10:23:39 ET]
Table 'Scania IV' 6-max Seat #4 is the button
Seat 1: GuigaMan ($106.70 in chips) 
Seat 2: MaikonAll ($100.37 in chips) 
Seat 3: MrVern9177 ($98 in chips) 
Seat 4: Mr_Dick666 ($161.73 in chips) 
Seat 5: Espada Fish ($113.78 in chips) 
Seat 6: tintin641 ($103.27 in chips) 
Espada Fish: posts small blind $0.50
tintin641: posts big blind $1
*** HOLE CARDS ***
GuigaMan: raises $1.20 to $2.20
MaikonAll: folds 
MrVern9177: folds 
Mr_Dick666: folds 
Espada Fish: folds 
tintin641: folds 
Uncalled bet ($1.20) returned to GuigaMan
GuigaMan collected $2.50 from pot
*** SUMMARY ***
Total pot $2.50 | Rake $0 
Seat 1: GuigaMan collected ($2.50)
Seat 2: MaikonAll folded before Flop (didn't bet)
Seat 3: MrVern9177 folded before Flop (didn't bet)
Seat 4: Mr_Dick666 (button) folded before Flop (didn't bet)
Seat 5: Espada Fish (small blind) folded before Flop
Seat 6: tintin641 (big blind) folded before Flop



PokerStars Hand #254514867795:  Hold'em No Limit ($0.50/$1.00 USD) - 2025/01/23 15:23:59 WET [2025/01/23 10:23:59 ET]
Table 'Scania IV' 6-max Seat #5 is the button
Seat 1: GuigaMan ($108.20 in chips) 
Seat 2: MaikonAll ($100.37 in chips) 
Seat 3: MrVern9177 ($98 in chips) 
Seat 4: Mr_Dick666 ($161.73 in chips) 
Seat 5: Espada Fish ($113.28 in chips) 
Seat 6: tintin641 ($102.27 in chips) 
tintin641: posts small blind $0.50
GuigaMan: posts big blind $1
*** HOLE CARDS ***
MaikonAll: folds 
MrVern9177: folds 
Mr_Dick666: folds 
Espada Fish: folds 
tintin641: folds 
Uncalled bet ($0.50) returned to GuigaMan
GuigaMan collected $1 from pot
*** SUMMARY ***
Total pot $1 | Rake $0 
Seat 1: GuigaMan (big blind) collected ($1)
Seat 2: MaikonAll folded before Flop (didn't bet)
Seat 3: MrVern9177 folded before Flop (didn't bet)
Seat 4: Mr_Dick666 folded before Flop (didn't bet)
Seat 5: Espada Fish (button) folded before Flop (didn't bet)
Seat 6: tintin641 (small blind) folded before Flop



PokerStars Hand #254514870719:  Hold'em No Limit ($0.50/$1.00 USD) - 2025/01/23 15:24:15 WET [2025/01/23 10:24:15 ET]
Table 'Scania IV' 6-max Seat #6 is the button
Seat 1: GuigaMan ($108.70 in chips) 
Seat 2: MaikonAll ($100.37 in chips) 
Seat 3: MrVern9177 ($98 in chips) 
Seat 4: Mr_Dick666 ($161.73 in chips) 
Seat 5: Espada Fish ($113.28 in chips) 
Seat 6: tintin641 ($101.77 in chips) 
GuigaMan: posts small blind $0.50
MaikonAll: posts big blind $1
*** HOLE CARDS ***
MrVern9177: folds 
Mr_Dick666: raises $1 to $2
Espada Fish: folds 
tintin641: raises $5 to $7
GuigaMan: folds 
MaikonAll: folds 
Mr_Dick666: folds 
Uncalled bet ($5) returned to tintin641
tintin641 collected $5.50 from pot
tintin641: doesn't show hand 
*** SUMMARY ***
Total pot $5.50 | Rake $0 
Seat 1: GuigaMan (small blind) folded before Flop
Seat 2: MaikonAll (big blind) folded before Flop
Seat 3: MrVern9177 folded before Flop (didn't bet)
Seat 4: Mr_Dick666 folded before Flop
Seat 5: Espada Fish folded before Flop (didn't bet)
Seat 6: tintin641 (button) collected ($5.50)



PokerStars Hand #254514874863:  Hold'em No Limit ($0.50/$1.00 USD) - 2025/01/23 15:24:38 WET [2025/01/23 10:24:38 ET]
Table 'Scania IV' 6-max Seat #1 is the button
Seat 1: GuigaMan ($108.20 in chips) 
Seat 2: MaikonAll ($100 in chips) 
Seat 3: MrVern9177 ($98 in chips) 
Seat 4: Mr_Dick666 ($159.73 in chips) 
Seat 5: Espada Fish ($113.28 in chips) 
Seat 6: tintin641 ($105.27 in chips) 
MaikonAll: posts small blind $0.50
MrVern9177: posts big blind $1
*** HOLE CARDS ***
Mr_Dick666: folds 
Espada Fish: folds 
tintin641: folds 
GuigaMan: folds 
MaikonAll: raises $2 to $3
MrVern9177: folds 
Uncalled bet ($2) returned to MaikonAll
MaikonAll collected $2 from pot
MaikonAll: doesn't show hand 
*** SUMMARY ***
Total pot $2 | Rake $0 
Seat 1: GuigaMan (button) folded before Flop (didn't bet)
Seat 2: MaikonAll (small blind) collected ($2)
Seat 3: MrVern9177 (big blind) folded before Flop
Seat 4: Mr_Dick666 folded before Flop (didn't bet)
Seat 5: Espada Fish folded before Flop (didn't bet)
Seat 6: tintin641 folded before Flop (didn't bet)



PokerStars Hand #254514879081:  Hold'em No Limit ($0.50/$1.00 USD) - 2025/01/23 15:25:00 WET [2025/01/23 10:25:00 ET]
Table 'Scania IV' 6-max Seat #2 is the button
Seat 4: Mr_Dick666 ($159.73 in chips) is sitting out
Seat 1: GuigaMan ($108.20 in chips) 
Seat 2: MaikonAll ($101 in chips) 
Seat 3: MrVern9177 ($97 in chips) 
Seat 5: Espada Fish ($113.28 in chips) 
Seat 6: tintin641 ($105.27 in chips) 
MrVern9177: posts small blind $0.50
Mr_Dick666: is sitting out 
Espada Fish: posts big blind $1
*** HOLE CARDS ***
tintin641: folds 
GuigaMan: folds 
MaikonAll: folds 
MrVern9177: calls $0.50
Espada Fish: checks 
*** FLOP *** [8h 3d Jh]
MrVern9177: bets $2
Espada Fish: folds 
Uncalled bet ($2) returned to MrVern9177
MrVern9177 collected $1.90 from pot
*** SUMMARY ***
Total pot $2 | Rake $0.10 
Board [8h 3d Jh]
Seat 4: Mr_Dick666
Seat 1: GuigaMan folded before Flop (didn't bet)
Seat 2: MaikonAll (button) folded before Flop (didn't bet)
Seat 3: MrVern9177 (small blind) collected ($1.90)
Seat 5: Espada Fish (big blind) folded on the Flop
Seat 6: tintin641 folded before Flop (didn't bet)



PokerStars Hand #254514885747:  Hold'em No Limit ($0.50/$1.00 USD) - 2025/01/23 15:25:36 WET [2025/01/23 10:25:36 ET]
Table 'Scania IV' 6-max Seat #3 is the button
Seat 4: Mr_Dick666 ($159.73 in chips) is sitting out
Seat 1: GuigaMan ($108.20 in chips) 
Seat 2: MaikonAll ($101 in chips) 
Seat 3: MrVern9177 ($97.90 in chips) 
Seat 5: Espada Fish ($112.28 in chips) 
Seat 6: tintin641 ($105.27 in chips) 
Espada Fish: posts small blind $0.50
tintin641: posts big blind $1
*** HOLE CARDS ***
GuigaMan: folds 
MaikonAll: folds 
MrVern9177: calls $1
Espada Fish: folds 
tintin641: raises $4 to $5
MrVern9177: folds 
Uncalled bet ($4) returned to tintin641
tintin641 collected $2.50 from pot
tintin641: doesn't show hand 
*** SUMMARY ***
Total pot $2.50 | Rake $0 
Seat 4: Mr_Dick666
Seat 1: GuigaMan folded before Flop (didn't bet)
Seat 2: MaikonAll folded before Flop (didn't bet)
Seat 3: MrVern9177 (button) folded before Flop
Seat 5: Espada Fish (small blind) folded before Flop
Seat 6: tintin641 (big blind) collected ($2.50)



PokerStars Hand #254514890145:  Hold'em No Limit ($0.50/$1.00 USD) - 2025/01/23 15:26:00 WET [2025/01/23 10:26:00 ET]
Table 'Scania IV' 6-max Seat #5 is the button
Seat 4: Mr_Dick666 ($159.73 in chips) is sitting out
Seat 1: GuigaMan ($108.20 in chips) 
Seat 2: MaikonAll ($101 in chips) 
Seat 3: MrVern9177 ($96.90 in chips) 
Seat 5: Espada Fish ($111.78 in chips) 
Seat 6: tintin641 ($106.77 in chips) 
tintin641: posts small blind $0.50
GuigaMan: posts big blind $1
Mr_Dick666: sits out 
*** HOLE CARDS ***
MaikonAll: folds 
MrVern9177: folds 
Espada Fish: folds 
tintin641: folds 
Uncalled bet ($0.50) returned to GuigaMan
GuigaMan collected $1 from pot
*** SUMMARY ***
Total pot $1 | Rake $0 
Seat 4: Mr_Dick666
Seat 1: GuigaMan (big blind) collected ($1)
Seat 2: MaikonAll folded before Flop (didn't bet)
Seat 3: MrVern9177 folded before Flop (didn't bet)
Seat 5: Espada Fish (button) folded before Flop (didn't bet)
Seat 6: tintin641 (small blind) folded before Flop



PokerStars Hand #254514893348:  Hold'em No Limit ($0.50/$1.00 USD) - 2025/01/23 15:26:18 WET [2025/01/23 10:26:18 ET]
Table 'Scania IV' 6-max Seat #6 is the button
Seat 4: Mr_Dick666 ($159.73 in chips) is sitting out
Seat 1: GuigaMan ($108.70 in chips) 
Seat 2: MaikonAll ($101 in chips) 
Seat 3: MrVern9177 ($96.90 in chips) 
Seat 5: Espada Fish ($111.78 in chips) 
Seat 6: tintin641 ($106.27 in chips) 
GuigaMan: posts small blind $0.50
MaikonAll: posts big blind $1
Mr_Dick666: sits out 
*** HOLE CARDS ***
MrVern9177: calls $1
Espada Fish: folds 
tintin641: folds 
GuigaMan: folds 
MaikonAll: checks 
*** FLOP *** [Ac Qh 8h]
MaikonAll: checks 
MrVern9177: checks 
*** TURN *** [Ac Qh 8h] [Tc]
MaikonAll: bets $1.19
MrVern9177: raises $2.19 to $3.38
MaikonAll: calls $2.19
*** RIVER *** [Ac Qh 8h Tc] [8c]
MaikonAll: checks 
MrVern9177: bets $5
MaikonAll: folds 
Uncalled bet ($5) returned to MrVern9177
MrVern9177 collected $8.80 from pot
*** SUMMARY ***
Total pot $9.26 | Rake $0.46 
Board [Ac Qh 8h Tc 8c]
Seat 4: Mr_Dick666
Seat 1: GuigaMan (small blind) folded before Flop
Seat 2: MaikonAll (big blind) folded on the River
Seat 3: MrVern9177 collected ($8.80)
Seat 5: Espada Fish folded before Flop (didn't bet)
Seat 6: tintin641 (button) folded before Flop (didn't bet)



PokerStars Hand #254514909613:  Hold'em No Limit ($0.50/$1.00 USD) - 2025/01/23 15:27:45 WET [2025/01/23 10:27:45 ET]
Table 'Scania IV' 6-max Seat #1 is the button
Seat 4: Mr_Dick666 ($159.73 in chips) is sitting out
Seat 1: GuigaMan ($108.20 in chips) 
Seat 2: MaikonAll ($100 in chips) 
Seat 3: MrVern9177 ($101.32 in chips) 
Seat 5: Espada Fish ($111.78 in chips) 
Seat 6: tintin641 ($106.27 in chips) 
MaikonAll: posts small blind $0.50
MrVern9177: posts big blind $1
Mr_Dick666: sits out 
*** HOLE CARDS ***
Espada Fish: folds 
tintin641: folds 
GuigaMan: folds 
MaikonAll: folds 
Uncalled bet ($0.50) returned to MrVern9177
MrVern9177 collected $1 from pot
*** SUMMARY ***
Total pot $1 | Rake $0 
Seat 4: Mr_Dick666
Seat 1: GuigaMan (button) folded before Flop (didn't bet)
Seat 2: MaikonAll (small blind) folded before Flop
Seat 3: MrVern9177 (big blind) collected ($1)
Seat 5: Espada Fish folded before Flop (didn't bet)
Seat 6: tintin641 folded before Flop (didn't bet)



PokerStars Hand #254514911529:  Hold'em No Limit ($0.50/$1.00 USD) - 2025/01/23 15:27:56 WET [2025/01/23 10:27:56 ET]
Table 'Scania IV' 6-max Seat #2 is the button
Seat 1: GuigaMan ($108.20 in chips) 
Seat 2: MaikonAll ($100 in chips) 
Seat 3: MrVern9177 ($101.82 in chips) 
Seat 4: Mr_Dick666 ($159.73 in chips) 
Seat 5: Espada Fish ($111.78 in chips) 
Seat 6: tintin641 ($106.27 in chips) 
MrVern9177: posts small blind $0.50
Mr_Dick666: posts big blind $1
*** HOLE CARDS ***
Espada Fish: folds 
tintin641: folds 
GuigaMan: folds 
MaikonAll: folds 
MrVern9177: calls $0.50
Mr_Dick666: checks 
*** FLOP *** [6c Ks As]
MrVern9177: checks 
Mr_Dick666: checks 
*** TURN *** [6c Ks As] [Tc]
MrVern9177: bets $2
Mr_Dick666: folds 
Uncalled bet ($2) returned to MrVern9177
MrVern9177 collected $1.90 from pot
*** SUMMARY ***
Total pot $2 | Rake $0.10 
Board [6c Ks As Tc]
Seat 1: GuigaMan folded before Flop (didn't bet)
Seat 2: MaikonAll (button) folded before Flop (didn't bet)
Seat 3: MrVern9177 (small blind) collected ($1.90)
Seat 4: Mr_Dick666 (big blind) folded on the Turn
Seat 5: Espada Fish folded before Flop (didn't bet)
Seat 6: tintin641 folded before Flop (didn't bet)



PokerStars Hand #254514916834:  Hold'em No Limit ($0.50/$1.00 USD) - 2025/01/23 15:28:25 WET [2025/01/23 10:28:25 ET]
Table 'Scania IV' 6-max Seat #3 is the button
Seat 1: GuigaMan ($108.20 in chips) 
Seat 2: MaikonAll ($100 in chips) 
Seat 3: MrVern9177 ($102.72 in chips) 
Seat 4: Mr_Dick666 ($158.73 in chips) 
Seat 5: Espada Fish ($111.78 in chips) 
Seat 6: tintin641 ($106.27 in chips) 
Mr_Dick666: posts small blind $0.50
Espada Fish: posts big blind $1
*** HOLE CARDS ***
tintin641: folds 
GuigaMan: folds 
MaikonAll: folds 
MrVern9177: calls $1
Mr_Dick666: raises $3 to $4
Espada Fish: folds 
MrVern9177: folds 
Uncalled bet ($3) returned to Mr_Dick666
Mr_Dick666 collected $3 from pot
Mr_Dick666: doesn't show hand 
*** SUMMARY ***
Total pot $3 | Rake $0 
Seat 1: GuigaMan folded before Flop (didn't bet)
Seat 2: MaikonAll folded before Flop (didn't bet)
Seat 3: MrVern9177 (button) folded before Flop
Seat 4: Mr_Dick666 (small blind) collected ($3)
Seat 5: Espada Fish (big blind) folded before Flop
Seat 6: tintin641 folded before Flop (didn't bet)



PokerStars Hand #254514919675:  Hold'em No Limit ($0.50/$1.00 USD) - 2025/01/23 15:28:40 WET [2025/01/23 10:28:40 ET]
Table 'Scania IV' 6-max Seat #4 is the button
Seat 1: GuigaMan ($108.20 in chips) 
Seat 2: MaikonAll ($100 in chips) 
Seat 3: MrVern9177 ($101.72 in chips) 
Seat 4: Mr_Dick666 ($160.73 in chips) 
Seat 5: Espada Fish ($110.78 in chips) 
Seat 6: tintin641 ($106.27 in chips) 
Espada Fish: posts small blind $0.50
tintin641: posts big blind $1
*** HOLE CARDS ***
GuigaMan: folds 
MaikonAll: folds 
MrVern9177: calls $1
Mr_Dick666: folds 
Espada Fish: folds 
tintin641: checks 
*** FLOP *** [6d 9s Jh]
tintin641: checks 
MrVern9177: bets $2
tintin641: calls $2
*** TURN *** [6d 9s Jh] [5s]
tintin641: checks 
MrVern9177: bets $5
tintin641: calls $5
*** RIVER *** [6d 9s Jh 5s] [Js]
tintin641: checks 
MrVern9177: checks 
*** SHOW DOWN ***
tintin641: shows [9h 7s] (two pair, Jacks and Nines)
MrVern9177: mucks hand 
tintin641 collected $15.68 from pot
*** SUMMARY ***
Total pot $16.50 | Rake $0.82 
Board [6d 9s Jh 5s Js]
Seat 1: GuigaMan folded before Flop (didn't bet)
Seat 2: MaikonAll folded before Flop (didn't bet)
Seat 3: MrVern9177 mucked
Seat 4: Mr_Dick666 (button) folded before Flop (didn't bet)
Seat 5: Espada Fish (small blind) folded before Flop
Seat 6: tintin641 (big blind) showed [9h 7s] and won ($15.68) with two pair, Jacks and Nines



PokerStars Hand #254514930283:  Hold'em No Limit ($0.50/$1.00 USD) - 2025/01/23 15:29:38 WET [2025/01/23 10:29:38 ET]
Table 'Scania IV' 6-max Seat #5 is the button
Seat 1: GuigaMan ($108.20 in chips) 
Seat 2: MaikonAll ($100 in chips) 
Seat 3: MrVern9177 ($93.72 in chips) 
Seat 4: Mr_Dick666 ($160.73 in chips) 
Seat 5: Espada Fish ($110.28 in chips) 
Seat 6: tintin641 ($113.95 in chips) 
tintin641: posts small blind $0.50
GuigaMan: posts big blind $1
*** HOLE CARDS ***
MaikonAll: folds 
MrVern9177: folds 
Mr_Dick666: raises $1.50 to $2.50
Espada Fish: folds 
tintin641: folds 
GuigaMan: folds 
Uncalled bet ($1.50) returned to Mr_Dick666
Mr_Dick666 collected $2.50 from pot
Mr_Dick666: doesn't show hand 
*** SUMMARY ***
Total pot $2.50 | Rake $0 
Seat 1: GuigaMan (big blind) folded before Flop
Seat 2: MaikonAll folded before Flop (didn't bet)
Seat 3: MrVern9177 folded before Flop (didn't bet)
Seat 4: Mr_Dick666 collected ($2.50)
Seat 5: Espada Fish (button) folded before Flop (didn't bet)
Seat 6: tintin641 (small blind) folded before Flop



PokerStars Hand #254514934231:  Hold'em No Limit ($0.50/$1.00 USD) - 2025/01/23 15:29:59 WET [2025/01/23 10:29:59 ET]
Table 'Scania IV' 6-max Seat #6 is the button
Seat 1: GuigaMan ($107.20 in chips) 
Seat 2: MaikonAll ($100 in chips) 
Seat 3: MrVern9177 ($93.72 in chips) 
Seat 4: Mr_Dick666 ($162.23 in chips) 
Seat 5: Espada Fish ($110.28 in chips) 
Seat 6: tintin641 ($113.45 in chips) 
GuigaMan: posts small blind $0.50
MaikonAll: posts big blind $1
*** HOLE CARDS ***
MrVern9177: folds 
Mr_Dick666: folds 
Espada Fish: folds 
tintin641: raises $1.50 to $2.50
GuigaMan: folds 
MaikonAll: folds 
Uncalled bet ($1.50) returned to tintin641
tintin641 collected $2.50 from pot
tintin641: doesn't show hand 
*** SUMMARY ***
Total pot $2.50 | Rake $0 
Seat 1: GuigaMan (small blind) folded before Flop
Seat 2: MaikonAll (big blind) folded before Flop
Seat 3: MrVern9177 folded before Flop (didn't bet)
Seat 4: Mr_Dick666 folded before Flop (didn't bet)
Seat 5: Espada Fish folded before Flop (didn't bet)
Seat 6: tintin641 (button) collected ($2.50)



PokerStars Hand #254514938083:  Hold'em No Limit ($0.50/$1.00 USD) - 2025/01/23 15:30:20 WET [2025/01/23 10:30:20 ET]
Table 'Scania IV' 6-max Seat #1 is the button
Seat 1: GuigaMan ($106.70 in chips) 
Seat 2: MaikonAll ($100 in chips) 
Seat 3: MrVern9177 ($93.72 in chips) 
Seat 4: Mr_Dick666 ($162.23 in chips) 
Seat 5: Espada Fish ($110.28 in chips) 
Seat 6: tintin641 ($114.95 in chips) 
MaikonAll: posts small blind $0.50
MrVern9177: posts big blind $1
*** HOLE CARDS ***
Mr_Dick666: folds 
Espada Fish: raises $1.20 to $2.20
Mr_Dick666 leaves the table
tintin641: folds 
GuigaMan: folds 
MaikonAll: folds 
MrVern9177: folds 
Uncalled bet ($1.20) returned to Espada Fish
Espada Fish collected $2.50 from pot
Espada Fish: doesn't show hand 
*** SUMMARY ***
Total pot $2.50 | Rake $0 
Seat 1: GuigaMan (button) folded before Flop (didn't bet)
Seat 2: MaikonAll (small blind) folded before Flop
Seat 3: MrVern9177 (big blind) folded before Flop
Seat 4: Mr_Dick666 folded before Flop (didn't bet)
Seat 5: Espada Fish collected ($2.50)
Seat 6: tintin641 folded before Flop (didn't bet)



PokerStars Hand #254514940784:  Hold'em No Limit ($0.50/$1.00 USD) - 2025/01/23 15:30:35 WET [2025/01/23 10:30:35 ET]
Table 'Scania IV' 6-max Seat #2 is the button
Seat 1: GuigaMan ($106.70 in chips) 
Seat 2: MaikonAll ($100 in chips) 
Seat 3: MrVern9177 ($92.72 in chips) 
Seat 5: Espada Fish ($111.78 in chips) 
Seat 6: tintin641 ($114.95 in chips) 
MrVern9177: posts small blind $0.50
Espada Fish: posts big blind $1
*** HOLE CARDS ***
tintin641: folds 
GuigaMan: folds 
mr.Jckpot joins the table at seat #4 
MaikonAll: raises $1.50 to $2.50
MrVern9177: folds 
Espada Fish: folds 
Uncalled bet ($1.50) returned to MaikonAll
MaikonAll collected $2.50 from pot
MaikonAll: doesn't show hand 
*** SUMMARY ***
Total pot $2.50 | Rake $0 
Seat 1: GuigaMan folded before Flop (didn't bet)
Seat 2: MaikonAll (button) collected ($2.50)
Seat 3: MrVern9177 (small blind) folded before Flop
Seat 5: Espada Fish (big blind) folded before Flop
Seat 6: tintin641 folded before Flop (didn't bet)



PokerStars Hand #254514944694:  Hold'em No Limit ($0.50/$1.00 USD) - 2025/01/23 15:30:56 WET [2025/01/23 10:30:56 ET]
Table 'Scania IV' 6-max Seat #3 is the button
Seat 4: mr.Jckpot ($100 in chips) is sitting out
Seat 1: GuigaMan ($106.70 in chips) 
Seat 2: MaikonAll ($101.50 in chips) 
Seat 3: MrVern9177 ($92.22 in chips) 
Seat 5: Espada Fish ($110.78 in chips) 
Seat 6: tintin641 ($114.95 in chips) 
Espada Fish: posts small blind $0.50
tintin641: posts big blind $1
*** HOLE CARDS ***
GuigaMan: raises $1.20 to $2.20
MaikonAll: folds 
MrVern9177: raises $2.20 to $4.40
Espada Fish: folds 
tintin641: folds 
GuigaMan: calls $2.20
*** FLOP *** [4h Kc 6s]
GuigaMan: checks 
MrVern9177: bets $5
GuigaMan: folds 
Uncalled bet ($5) returned to MrVern9177
MrVern9177 collected $9.78 from pot
*** SUMMARY ***
Total pot $10.30 | Rake $0.52 
Board [4h Kc 6s]
Seat 4: mr.Jckpot
Seat 1: GuigaMan folded on the Flop
Seat 2: MaikonAll folded before Flop (didn't bet)
Seat 3: MrVern9177 (button) collected ($9.78)
Seat 5: Espada Fish (small blind) folded before Flop
Seat 6: tintin641 (big blind) folded before Flop



PokerStars Hand #254514948580:  Hold'em No Limit ($0.50/$1.00 USD) - 2025/01/23 15:31:16 WET [2025/01/23 10:31:16 ET]
Table 'Scania IV' 6-max Seat #5 is the button
Seat 4: mr.Jckpot ($100 in chips) is sitting out
Seat 1: GuigaMan ($102.30 in chips) 
Seat 2: MaikonAll ($101.50 in chips) 
Seat 3: MrVern9177 ($97.60 in chips) 
Seat 5: Espada Fish ($110.28 in chips) 
Seat 6: tintin641 ($113.95 in chips) 
tintin641: posts small blind $0.50
GuigaMan: posts big blind $1
mr.Jckpot: sits out 
*** HOLE CARDS ***
MaikonAll: folds 
MrVern9177: calls $1
Espada Fish: folds 
tintin641: folds 
GuigaMan: checks 
*** FLOP *** [3c Ks 5s]
GuigaMan: checks 
MrVern9177: bets $3
GuigaMan: folds 
Uncalled bet ($3) returned to MrVern9177
MrVern9177 collected $2.38 from pot
*** SUMMARY ***
Total pot $2.50 | Rake $0.12 
Board [3c Ks 5s]
Seat 4: mr.Jckpot
Seat 1: GuigaMan (big blind) folded on the Flop
Seat 2: MaikonAll folded before Flop (didn't bet)
Seat 3: MrVern9177 collected ($2.38)
Seat 5: Espada Fish (button) folded before Flop (didn't bet)
Seat 6: tintin641 (small blind) folded before Flop



PokerStars Hand #254514952980:  Hold'em No Limit ($0.50/$1.00 USD) - 2025/01/23 15:31:41 WET [2025/01/23 10:31:41 ET]
Table 'Scania IV' 6-max Seat #6 is the button
Seat 4: mr.Jckpot ($100 in chips) is sitting out
Seat 1: GuigaMan ($101.30 in chips) 
Seat 2: MaikonAll ($101.50 in chips) 
Seat 3: MrVern9177 ($98.98 in chips) 
Seat 5: Espada Fish ($110.28 in chips) 
Seat 6: tintin641 ($113.45 in chips) 
GuigaMan: posts small blind $0.50
MaikonAll: posts big blind $1
mr.Jckpot: sits out 
*** HOLE CARDS ***
MrVern9177: folds 
Espada Fish: folds 
tintin641: folds 
GuigaMan: folds 
Uncalled bet ($0.50) returned to MaikonAll
MaikonAll collected $1 from pot
MaikonAll: doesn't show hand 
*** SUMMARY ***
Total pot $1 | Rake $0 
Seat 4: mr.Jckpot
Seat 1: GuigaMan (small blind) folded before Flop
Seat 2: MaikonAll (big blind) collected ($1)
Seat 3: MrVern9177 folded before Flop (didn't bet)
Seat 5: Espada Fish folded before Flop (didn't bet)
Seat 6: tintin641 (button) folded before Flop (didn't bet)



PokerStars Hand #254514955737:  Hold'em No Limit ($0.50/$1.00 USD) - 2025/01/23 15:31:56 WET [2025/01/23 10:31:56 ET]
Table 'Scania IV' 6-max Seat #1 is the button
Seat 4: mr.Jckpot ($100 in chips) is sitting out
Seat 1: GuigaMan ($100.80 in chips) 
Seat 2: MaikonAll ($102 in chips) 
Seat 3: MrVern9177 ($98.98 in chips) 
Seat 5: Espada Fish ($110.28 in chips) 
Seat 6: tintin641 ($113.45 in chips) 
MaikonAll: posts small blind $0.50
MrVern9177: posts big blind $1
mr.Jckpot: sits out 
*** HOLE CARDS ***
Espada Fish: folds 
tintin641: folds 
GuigaMan: folds 
MaikonAll: raises $2 to $3
MrVern9177: folds 
Uncalled bet ($2) returned to MaikonAll
MaikonAll collected $2 from pot
MaikonAll: doesn't show hand 
*** SUMMARY ***
Total pot $2 | Rake $0 
Seat 4: mr.Jckpot
Seat 1: GuigaMan (button) folded before Flop (didn't bet)
Seat 2: MaikonAll (small blind) collected ($2)
Seat 3: MrVern9177 (big blind) folded before Flop
Seat 5: Espada Fish folded before Flop (didn't bet)
Seat 6: tintin641 folded before Flop (didn't bet)



PokerStars Hand #254514960183:  Hold'em No Limit ($0.50/$1.00 USD) - 2025/01/23 15:32:21 WET [2025/01/23 10:32:21 ET]
Table 'Scania IV' 6-max Seat #2 is the button
Seat 1: GuigaMan ($100.80 in chips) 
Seat 2: MaikonAll ($103 in chips) 
Seat 3: MrVern9177 ($97.98 in chips) 
Seat 4: mr.Jckpot ($100 in chips) 
Seat 5: Espada Fish ($110.28 in chips) 
Seat 6: tintin641 ($113.45 in chips) 
MrVern9177: posts small blind $0.50
mr.Jckpot: posts big blind $1
*** HOLE CARDS ***
Espada Fish: folds 
tintin641: folds 
GuigaMan: folds 
MaikonAll: folds 
MrVern9177: calls $0.50
mr.Jckpot: checks 
*** FLOP *** [As Ks Td]
MrVern9177: checks 
mr.Jckpot: checks 
*** TURN *** [As Ks Td] [6h]
MrVern9177: bets $2
mr.Jckpot: folds 
Uncalled bet ($2) returned to MrVern9177
MrVern9177 collected $1.90 from pot
*** SUMMARY ***
Total pot $2 | Rake $0.10 
Board [As Ks Td 6h]
Seat 1: GuigaMan folded before Flop (didn't bet)
Seat 2: MaikonAll (button) folded before Flop (didn't bet)
Seat 3: MrVern9177 (small blind) collected ($1.90)
Seat 4: mr.Jckpot (big blind) folded on the Turn
Seat 5: Espada Fish folded before Flop (didn't bet)
Seat 6: tintin641 folded before Flop (didn't bet)



PokerStars Hand #254514965581:  Hold'em No Limit ($0.50/$1.00 USD) - 2025/01/23 15:32:50 WET [2025/01/23 10:32:50 ET]
Table 'Scania IV' 6-max Seat #3 is the button
Seat 1: GuigaMan ($100.80 in chips) 
Seat 2: MaikonAll ($103 in chips) 
Seat 3: MrVern9177 ($98.88 in chips) 
Seat 4: mr.Jckpot ($100 in chips) 
Seat 5: Espada Fish ($110.28 in chips) 
Seat 6: tintin641 ($113.45 in chips) 
mr.Jckpot: posts small blind $0.50
Espada Fish: posts big blind $1
*** HOLE CARDS ***
tintin641: folds 
GuigaMan: folds 
MaikonAll: folds 
MrVern9177: folds 
mr.Jckpot: folds 
Uncalled bet ($0.50) returned to Espada Fish
Espada Fish collected $1 from pot
Espada Fish: doesn't show hand 
*** SUMMARY ***
Total pot $1 | Rake $0 
Seat 1: GuigaMan folded before Flop (didn't bet)
Seat 2: MaikonAll folded before Flop (didn't bet)
Seat 3: MrVern9177 (button) folded before Flop (didn't bet)
Seat 4: mr.Jckpot (small blind) folded before Flop
Seat 5: Espada Fish (big blind) collected ($1)
Seat 6: tintin641 folded before Flop (didn't bet)



PokerStars Hand #254514967668:  Hold'em No Limit ($0.50/$1.00 USD) - 2025/01/23 15:33:01 WET [2025/01/23 10:33:01 ET]
Table 'Scania IV' 6-max Seat #4 is the button
Seat 1: GuigaMan ($100.80 in chips) 
Seat 2: MaikonAll ($103 in chips) 
Seat 3: MrVern9177 ($98.88 in chips) 
Seat 4: mr.Jckpot ($100 in chips) 
Seat 5: Espada Fish ($110.78 in chips) 
Seat 6: tintin641 ($113.45 in chips) 
Espada Fish: posts small blind $0.50
tintin641: posts big blind $1
*** HOLE CARDS ***
GuigaMan: folds 
MaikonAll: folds 
MrVern9177: folds 
mr.Jckpot: folds 
Espada Fish: folds 
Uncalled bet ($0.50) returned to tintin641
tintin641 collected $1 from pot
tintin641: doesn't show hand 
*** SUMMARY ***
Total pot $1 | Rake $0 
Seat 1: GuigaMan folded before Flop (didn't bet)
Seat 2: MaikonAll folded before Flop (didn't bet)
Seat 3: MrVern9177 folded before Flop (didn't bet)
Seat 4: mr.Jckpot (button) folded before Flop (didn't bet)
Seat 5: Espada Fish (small blind) folded before Flop
Seat 6: tintin641 (big blind) collected ($1)



PokerStars Hand #254514969680:  Hold'em No Limit ($0.50/$1.00 USD) - 2025/01/23 15:33:12 WET [2025/01/23 10:33:12 ET]
Table 'Scania IV' 6-max Seat #5 is the button
Seat 1: GuigaMan ($100.80 in chips) 
Seat 2: MaikonAll ($103 in chips) 
Seat 3: MrVern9177 ($98.88 in chips) 
Seat 4: mr.Jckpot ($100 in chips) 
Seat 5: Espada Fish ($110.28 in chips) 
Seat 6: tintin641 ($113.95 in chips) 
tintin641: posts small blind $0.50
GuigaMan: posts big blind $1
*** HOLE CARDS ***
MaikonAll: folds 
MrVern9177: folds 
mr.Jckpot: folds 
Espada Fish: folds 
tintin641: raises $2 to $3
GuigaMan: calls $2
*** FLOP *** [Ah 5s 2h]
tintin641: checks 
GuigaMan: bets $4.28
tintin641: calls $4.28
*** TURN *** [Ah 5s 2h] [4c]
tintin641: checks 
GuigaMan: bets $10.37
tintin641: calls $10.37
*** RIVER *** [Ah 5s 2h 4c] [4d]
tintin641: checks 
GuigaMan: bets $39.58
tintin641: folds 
Uncalled bet ($39.58) returned to GuigaMan
GuigaMan collected $33.54 from pot
*** SUMMARY ***
Total pot $35.30 | Rake $1.76 
Board [Ah 5s 2h 4c 4d]
Seat 1: GuigaMan (big blind) collected ($33.54)
Seat 2: MaikonAll folded before Flop (didn't bet)
Seat 3: MrVern9177 folded before Flop (didn't bet)
Seat 4: mr.Jckpot folded before Flop (didn't bet)
Seat 5: Espada Fish (button) folded before Flop (didn't bet)
Seat 6: tintin641 (small blind) folded on the River



PokerStars Hand #254514982358:  Hold'em No Limit ($0.50/$1.00 USD) - 2025/01/23 15:34:22 WET [2025/01/23 10:34:22 ET]
Table 'Scania IV' 6-max Seat #6 is the button
Seat 1: GuigaMan ($116.69 in chips) 
Seat 2: MaikonAll ($103 in chips) 
Seat 3: MrVern9177 ($98.88 in chips) 
Seat 4: mr.Jckpot ($100 in chips) 
Seat 5: Espada Fish ($110.28 in chips) 
Seat 6: tintin641 ($100 in chips) 
GuigaMan: posts small blind $0.50
MaikonAll: posts big blind $1
*** HOLE CARDS ***
MrVern9177: folds 
mr.Jckpot: folds 
Espada Fish: folds 
tintin641: folds 
GuigaMan: raises $2 to $3
MaikonAll: calls $2
*** FLOP *** [8d 3d Jh]
GuigaMan: checks 
MaikonAll: checks 
*** TURN *** [8d 3d Jh] [Qd]
GuigaMan: checks 
MaikonAll: bets $1.43
GuigaMan: calls $1.43
*** RIVER *** [8d 3d Jh Qd] [Tc]
GuigaMan: checks 
MaikonAll: bets $6.32
GuigaMan: calls $6.32
*** SHOW DOWN ***
MaikonAll: shows [As 4d] (high card Ace)
GuigaMan: shows [Ac Kd] (a straight, Ten to Ace)
GuigaMan collected $20.42 from pot
*** SUMMARY ***
Total pot $21.50 | Rake $1.08 
Board [8d 3d Jh Qd Tc]
Seat 1: GuigaMan (small blind) showed [Ac Kd] and won ($20.42) with a straight, Ten to Ace
Seat 2: MaikonAll (big blind) showed [As 4d] and lost with high card Ace
Seat 3: MrVern9177 folded before Flop (didn't bet)
Seat 4: mr.Jckpot folded before Flop (didn't bet)
Seat 5: Espada Fish folded before Flop (didn't bet)
Seat 6: tintin641 (button) folded before Flop (didn't bet)



PokerStars Hand #254514997650:  Hold'em No Limit ($0.50/$1.00 USD) - 2025/01/23 15:35:46 WET [2025/01/23 10:35:46 ET]
Table 'Scania IV' 6-max Seat #1 is the button
Seat 1: GuigaMan ($126.36 in chips) 
Seat 2: MaikonAll ($100 in chips) 
Seat 3: MrVern9177 ($98.88 in chips) 
Seat 4: mr.Jckpot ($100 in chips) 
Seat 5: Espada Fish ($110.28 in chips) 
Seat 6: tintin641 ($100 in chips) 
MaikonAll: posts small blind $0.50
MrVern9177: posts big blind $1
*** HOLE CARDS ***
mr.Jckpot: folds 
Espada Fish: folds 
tintin641: folds 
GuigaMan: raises $1.50 to $2.50
MaikonAll: folds 
MrVern9177: calls $1.50
*** FLOP *** [3s 7h 5c]
MrVern9177: checks 
GuigaMan: checks 
*** TURN *** [3s 7h 5c] [Qh]
MrVern9177: bets $2
GuigaMan: folds 
Uncalled bet ($2) returned to MrVern9177
MrVern9177 collected $5.22 from pot
*** SUMMARY ***
Total pot $5.50 | Rake $0.28 
Board [3s 7h 5c Qh]
Seat 1: GuigaMan (button) folded on the Turn
Seat 2: MaikonAll (small blind) folded before Flop
Seat 3: MrVern9177 (big blind) collected ($5.22)
Seat 4: mr.Jckpot folded before Flop (didn't bet)
Seat 5: Espada Fish folded before Flop (didn't bet)
Seat 6: tintin641 folded before Flop (didn't bet)



PokerStars Hand #254515003172:  Hold'em No Limit ($0.50/$1.00 USD) - 2025/01/23 15:36:16 WET [2025/01/23 10:36:16 ET]
Table 'Scania IV' 6-max Seat #2 is the button
Seat 1: GuigaMan ($123.86 in chips) 
Seat 2: MaikonAll ($100 in chips) 
Seat 3: MrVern9177 ($101.60 in chips) 
Seat 4: mr.Jckpot ($100 in chips) 
Seat 5: Espada Fish ($110.28 in chips) 
Seat 6: tintin641 ($100 in chips) 
MrVern9177: posts small blind $0.50
mr.Jckpot: posts big blind $1
*** HOLE CARDS ***
Espada Fish: folds 
tintin641: raises $1.50 to $2.50
GuigaMan: folds 
MaikonAll: folds 
MrVern9177: folds 
mr.Jckpot: raises $9.50 to $12
tintin641: folds 
Uncalled bet ($9.50) returned to mr.Jckpot
MrVern9177 leaves the table
mr.Jckpot collected $5.50 from pot
mr.Jckpot: doesn't show hand 
*** SUMMARY ***
Total pot $5.50 | Rake $0 
Seat 1: GuigaMan folded before Flop (didn't bet)
Seat 2: MaikonAll (button) folded before Flop (didn't bet)
Seat 3: MrVern9177 (small blind) folded before Flop
Seat 4: mr.Jckpot (big blind) collected ($5.50)
Seat 5: Espada Fish folded before Flop (didn't bet)
Seat 6: tintin641 folded before Flop



PokerStars Hand #254515007868:  Hold'em No Limit ($0.50/$1.00 USD) - 2025/01/23 15:36:42 WET [2025/01/23 10:36:42 ET]
Table 'Scania IV' 6-max Seat #4 is the button
Seat 1: GuigaMan ($123.86 in chips) 
Seat 2: MaikonAll ($100 in chips) 
Seat 4: mr.Jckpot ($103 in chips) 
Seat 5: Espada Fish ($110.28 in chips) 
Seat 6: tintin641 ($100 in chips) 
Espada Fish: posts small blind $0.50
tintin641: posts big blind $1
*** HOLE CARDS ***
GuigaMan: folds 
MaikonAll: raises $1.30 to $2.30
mr.Jckpot: folds 
Espada Fish: folds 
tintin641: folds 
Uncalled bet ($1.30) returned to MaikonAll
MaikonAll collected $2.50 from pot
MaikonAll: doesn't show hand 
*** SUMMARY ***
Total pot $2.50 | Rake $0 
Seat 1: GuigaMan folded before Flop (didn't bet)
Seat 2: MaikonAll collected ($2.50)
Seat 4: mr.Jckpot (button) folded before Flop (didn't bet)
Seat 5: Espada Fish (small blind) folded before Flop
Seat 6: tintin641 (big blind) folded before Flop



PokerStars Hand #254515011284:  Hold'em No Limit ($0.50/$1.00 USD) - 2025/01/23 15:37:01 WET [2025/01/23 10:37:01 ET]
Table 'Scania IV' 6-max Seat #5 is the button
Seat 1: GuigaMan ($123.86 in chips) 
Seat 2: MaikonAll ($101.50 in chips) 
Seat 4: mr.Jckpot ($103 in chips) 
Seat 5: Espada Fish ($109.78 in chips) 
Seat 6: tintin641 ($100 in chips) 
tintin641: posts small blind $0.50
GuigaMan: posts big blind $1
*** HOLE CARDS ***
MaikonAll: folds 
mr.Jckpot: raises $1.50 to $2.50
Espada Fish: folds 
tintin641: folds 
GuigaMan: calls $1.50
*** FLOP *** [Kh Ks Th]
GuigaMan: checks 
mr.Jckpot: bets $1.72
GuigaMan: folds 
Uncalled bet ($1.72) returned to mr.Jckpot
mr.Jckpot collected $5.22 from pot
mr.Jckpot: doesn't show hand 
*** SUMMARY ***
Total pot $5.50 | Rake $0.28 
Board [Kh Ks Th]
Seat 1: GuigaMan (big blind) folded on the Flop
Seat 2: MaikonAll folded before Flop (didn't bet)
Seat 4: mr.Jckpot collected ($5.22)
Seat 5: Espada Fish (button) folded before Flop (didn't bet)
Seat 6: tintin641 (small blind) folded before Flop



PokerStars Hand #254515016042:  Hold'em No Limit ($0.50/$1.00 USD) - 2025/01/23 15:37:26 WET [2025/01/23 10:37:26 ET]
Table 'Scania IV' 6-max Seat #1 is the button
Seat 2: MaikonAll ($101.50 in chips) is sitting out
Seat 4: mr.Jckpot ($105.72 in chips) is sitting out
Seat 5: Espada Fish ($109.78 in chips) is sitting out
Seat 1: GuigaMan ($121.36 in chips) 
Seat 6: tintin641 ($100 in chips) 
GuigaMan: posts small blind $0.50
MaikonAll: is sitting out 
mr.Jckpot: is sitting out 
Espada Fish: is sitting out 
tintin641: posts big blind $1
*** HOLE CARDS ***
mr.Jckpot leaves the table
GuigaMan: raises $2 to $3
Espada Fish leaves the table
tintin641: folds 
Uncalled bet ($2) returned to GuigaMan
GuigaMan collected $2 from pot
*** SUMMARY ***
Total pot $2 | Rake $0 
Seat 2: MaikonAll
Seat 4: mr.Jckpot
Seat 5: Espada Fish
Seat 1: GuigaMan (button) (small blind) collected ($2)
Seat 6: tintin641 (big blind) folded before Flop



PokerStars Hand #254515018864:  Hold'em No Limit ($0.50/$1.00 USD) - 2025/01/23 15:37:41 WET [2025/01/23 10:37:41 ET]
Table 'Scania IV' 6-max Seat #6 is the button
Seat 1: GuigaMan ($122.36 in chips) 
Seat 6: tintin641 ($100 in chips) 
MaikonAll leaves the table
tintin641: posts small blind $0.50
GuigaMan: posts big blind $1
*** HOLE CARDS ***
tintin641: raises $1.50 to $2.50
GuigaMan: folds 
Uncalled bet ($1.50) returned to tintin641
tintin641 collected $2 from pot
tintin641: doesn't show hand 
*** SUMMARY ***
Total pot $2 | Rake $0 
Seat 1: GuigaMan (big blind) folded before Flop
Seat 6: tintin641 (button) (small blind) collected ($2)



