PokerStars Hand #254519713633:  Hold'em No Limit ($0.50/$1.00 USD) - 2025/01/23 21:15:31 WET [2025/01/23 16:15:31 ET]
Table 'Eros IV' 6-max Seat #3 is the button
Seat 1: joaquin612 ($102.72 in chips) 
Seat 2: PFC-RAÇA ($100 in chips) 
Seat 3: nikalas22 ($100 in chips) 
Seat 4: Gfoer ($100 in chips) 
Seat 5: mr.Jckpot ($100 in chips) 
Seat 6: YeeesMan ($100 in chips) 
Gfoer: posts small blind $0.50
mr.Jckpot: posts big blind $1
*** HOLE CARDS ***
YeeesMan: folds 
joaquin612: folds 
PFC-RAÇA: raises $2 to $3
nikalas22: folds 
Gfoer: raises $9 to $12
mr.Jckpot: folds 
PFC-RAÇA: calls $9
*** FLOP *** [Qd Ks 8s]
Gfoer: checks 
PFC-RAÇA: checks 
*** TURN *** [Qd Ks 8s] [4d]
Gfoer: bets $7.20
PFC-RAÇA: calls $7.20
*** RIVER *** [Qd Ks 8s 4d] [5c]
Gfoer: bets $80.80 and is all-in
PFC-RAÇA: folds 
Uncalled bet ($80.80) returned to Gfoer
Gfoer collected $37.43 from pot
Gfoer: doesn't show hand 
*** SUMMARY ***
Total pot $39.40 | Rake $1.97 
Board [Qd Ks 8s 4d 5c]
Seat 1: joaquin612 folded before Flop (didn't bet)
Seat 2: PFC-RAÇA folded on the River
Seat 3: nikalas22 (button) folded before Flop (didn't bet)
Seat 4: Gfoer (small blind) collected ($37.43)
Seat 5: mr.Jckpot (big blind) folded before Flop
Seat 6: YeeesMan folded before Flop (didn't bet)



PokerStars Hand #254519742118:  Hold'em No Limit ($0.50/$1.00 USD) - 2025/01/23 21:17:02 WET [2025/01/23 16:17:02 ET]
Table 'Eros IV' 6-max Seat #4 is the button
Seat 6: YeeesMan ($100 in chips) is sitting out
Seat 1: joaquin612 ($102.72 in chips) 
Seat 2: PFC-RAÇA ($80.80 in chips) 
Seat 3: nikalas22 ($100 in chips) 
Seat 4: Gfoer ($118.23 in chips) 
Seat 5: mr.Jckpot ($100 in chips) 
mr.Jckpot: posts small blind $0.50
YeeesMan: is sitting out 
joaquin612: posts big blind $1
*** HOLE CARDS ***
YeeesMan leaves the table
PFC-RAÇA: raises $2 to $3
treds17 joins the table at seat #6 
nikalas22: folds 
Gfoer: folds 
mr.Jckpot: folds 
joaquin612: folds 
Uncalled bet ($2) returned to PFC-RAÇA
PFC-RAÇA collected $2.50 from pot
*** SUMMARY ***
Total pot $2.50 | Rake $0 
Seat 6: YeeesMan
Seat 1: joaquin612 (big blind) folded before Flop
Seat 2: PFC-RAÇA collected ($2.50)
Seat 3: nikalas22 folded before Flop (didn't bet)
Seat 4: Gfoer (button) folded before Flop (didn't bet)
Seat 5: mr.Jckpot (small blind) folded before Flop



PokerStars Hand #254519746772:  Hold'em No Limit ($0.50/$1.00 USD) - 2025/01/23 21:17:18 WET [2025/01/23 16:17:18 ET]
Table 'Eros IV' 6-max Seat #5 is the button
Seat 6: treds17 ($100 in chips) is sitting out
Seat 1: joaquin612 ($101.72 in chips) 
Seat 2: PFC-RAÇA ($82.30 in chips) 
Seat 3: nikalas22 ($100 in chips) 
Seat 4: Gfoer ($118.23 in chips) 
Seat 5: mr.Jckpot ($100 in chips) 
joaquin612: posts small blind $0.50
PFC-RAÇA: posts big blind $1
*** HOLE CARDS ***
nikalas22: folds 
Gfoer: folds 
mr.Jckpot: folds 
joaquin612: raises $2 to $3
PFC-RAÇA: raises $6 to $9
joaquin612: folds 
Uncalled bet ($6) returned to PFC-RAÇA
PFC-RAÇA collected $6 from pot
*** SUMMARY ***
Total pot $6 | Rake $0 
Seat 6: treds17
Seat 1: joaquin612 (small blind) folded before Flop
Seat 2: PFC-RAÇA (big blind) collected ($6)
Seat 3: nikalas22 folded before Flop (didn't bet)
Seat 4: Gfoer folded before Flop (didn't bet)
Seat 5: mr.Jckpot (button) folded before Flop (didn't bet)



PokerStars Hand #254519754059:  Hold'em No Limit ($0.50/$1.00 USD) - 2025/01/23 21:17:41 WET [2025/01/23 16:17:41 ET]
Table 'Eros IV' 6-max Seat #1 is the button
Seat 6: treds17 ($100 in chips) is sitting out
Seat 1: joaquin612 ($100 in chips) 
Seat 2: PFC-RAÇA ($85.30 in chips) 
Seat 3: nikalas22 ($100 in chips) 
Seat 4: Gfoer ($118.23 in chips) 
Seat 5: mr.Jckpot ($100 in chips) 
PFC-RAÇA: posts small blind $0.50
nikalas22: posts big blind $1
treds17: sits out 
*** HOLE CARDS ***
Gfoer: folds 
Gfoer leaves the table
mr.Jckpot: raises $1.50 to $2.50
joaquin612: folds 
PFC-RAÇA: calls $2
nikalas22: folds 
*** FLOP *** [Ks Th 2c]
PFC-RAÇA: checks 
mr.Jckpot: bets $3.14
PFC-RAÇA: calls $3.14
*** TURN *** [Ks Th 2c] [Tc]
PFC-RAÇA: checks 
mr.Jckpot: checks 
*** RIVER *** [Ks Th 2c Tc] [Jd]
PFC-RAÇA: checks 
mr.Jckpot: checks 
*** SHOW DOWN ***
PFC-RAÇA: shows [Ac 2h] (two pair, Tens and Deuces)
mr.Jckpot: shows [Jc 7c] (two pair, Jacks and Tens)
mr.Jckpot collected $11.67 from pot
*** SUMMARY ***
Total pot $12.28 | Rake $0.61 
Board [Ks Th 2c Tc Jd]
Seat 6: treds17
Seat 1: joaquin612 (button) folded before Flop (didn't bet)
Seat 2: PFC-RAÇA (small blind) showed [Ac 2h] and lost with two pair, Tens and Deuces
Seat 3: nikalas22 (big blind) folded before Flop
Seat 4: Gfoer folded before Flop (didn't bet)
Seat 5: mr.Jckpot showed [Jc 7c] and won ($11.67) with two pair, Jacks and Tens



PokerStars Hand #254519770786:  Hold'em No Limit ($0.50/$1.00 USD) - 2025/01/23 21:18:36 WET [2025/01/23 16:18:36 ET]
Table 'Eros IV' 6-max Seat #2 is the button
Seat 5: mr.Jckpot ($106.03 in chips) is sitting out
Seat 1: joaquin612 ($100 in chips) 
Seat 2: PFC-RAÇA ($79.66 in chips) 
Seat 3: nikalas22 ($100 in chips) 
Seat 6: treds17 ($100 in chips) 
nikalas22: posts small blind $0.50
mr.Jckpot: is sitting out 
treds17: posts big blind $1
*** HOLE CARDS ***
mr.Jckpot leaves the table
joaquin612: folds 
erpaye joins the table at seat #4 
PFC-RAÇA: folds 
nikalas22: folds 
Uncalled bet ($0.50) returned to treds17
treds17 collected $1 from pot
treds17: doesn't show hand 
*** SUMMARY ***
Total pot $1 | Rake $0 
Seat 5: mr.Jckpot
Seat 1: joaquin612 folded before Flop (didn't bet)
Seat 2: PFC-RAÇA (button) folded before Flop (didn't bet)
Seat 3: nikalas22 (small blind) folded before Flop
Seat 6: treds17 (big blind) collected ($1)



PokerStars Hand #254519775099:  Hold'em No Limit ($0.50/$1.00 USD) - 2025/01/23 21:18:50 WET [2025/01/23 16:18:50 ET]
Table 'Eros IV' 6-max Seat #3 is the button
Seat 4: erpaye ($100 in chips) is sitting out
Seat 1: joaquin612 ($100 in chips) 
Seat 2: PFC-RAÇA ($79.66 in chips) 
Seat 3: nikalas22 ($100 in chips) 
Seat 6: treds17 ($100.50 in chips) 
treds17: posts small blind $0.50
joaquin612: posts big blind $1
*** HOLE CARDS ***
PFC-RAÇA: folds 
nikalas22: folds 
treds17: folds 
Uncalled bet ($0.50) returned to joaquin612
joaquin612 collected $1 from pot
joaquin612: doesn't show hand 
*** SUMMARY ***
Total pot $1 | Rake $0 
Seat 4: erpaye
Seat 1: joaquin612 (big blind) collected ($1)
Seat 2: PFC-RAÇA folded before Flop (didn't bet)
Seat 3: nikalas22 (button) folded before Flop (didn't bet)
Seat 6: treds17 (small blind) folded before Flop



PokerStars Hand #254519777839:  Hold'em No Limit ($0.50/$1.00 USD) - 2025/01/23 21:18:59 WET [2025/01/23 16:18:59 ET]
Table 'Eros IV' 6-max Seat #6 is the button
Seat 4: erpaye ($100 in chips) is sitting out
Seat 1: joaquin612 ($100.50 in chips) 
Seat 2: PFC-RAÇA ($79.66 in chips) 
Seat 3: nikalas22 ($100 in chips) 
Seat 6: treds17 ($100 in chips) 
joaquin612: posts small blind $0.50
PFC-RAÇA: posts big blind $1
erpaye: sits out 
*** HOLE CARDS ***
nikalas22: raises $1.50 to $2.50
treds17: folds 
yzuk joins the table at seat #5 
joaquin612: raises $9.50 to $12
PFC-RAÇA: folds 
nikalas22: folds 
Uncalled bet ($9.50) returned to joaquin612
joaquin612 collected $6 from pot
joaquin612: doesn't show hand 
*** SUMMARY ***
Total pot $6 | Rake $0 
Seat 4: erpaye
Seat 1: joaquin612 (small blind) collected ($6)
Seat 2: PFC-RAÇA (big blind) folded before Flop
Seat 3: nikalas22 folded before Flop
Seat 6: treds17 (button) folded before Flop (didn't bet)



PokerStars Hand #254519787051:  Hold'em No Limit ($0.50/$1.00 USD) - 2025/01/23 21:19:28 WET [2025/01/23 16:19:28 ET]
Table 'Eros IV' 6-max Seat #1 is the button
Seat 4: erpaye ($100 in chips) is sitting out
Seat 5: yzuk ($100 in chips) is sitting out
Seat 1: joaquin612 ($104 in chips) 
Seat 2: PFC-RAÇA ($78.66 in chips) 
Seat 3: nikalas22 ($100 in chips) 
Seat 6: treds17 ($100 in chips) 
PFC-RAÇA: posts small blind $0.50
nikalas22: posts big blind $1
erpaye: sits out 
yzuk: sits out 
*** HOLE CARDS ***
treds17: folds 
joaquin612: folds 
PFC-RAÇA: calls $0.50
nikalas22: raises $4 to $5
PFC-RAÇA: calls $4
*** FLOP *** [8c Qd 6s]
PFC-RAÇA: checks 
nikalas22: checks 
*** TURN *** [8c Qd 6s] [Qs]
PFC-RAÇA: checks 
nikalas22: bets $2.85
PFC-RAÇA: calls $2.85
*** RIVER *** [8c Qd 6s Qs] [Jh]
PFC-RAÇA: checks 
nikalas22: checks 
*** SHOW DOWN ***
PFC-RAÇA: shows [Jd Th] (two pair, Queens and Jacks)
nikalas22: mucks hand 
PFC-RAÇA collected $14.92 from pot
*** SUMMARY ***
Total pot $15.70 | Rake $0.78 
Board [8c Qd 6s Qs Jh]
Seat 4: erpaye
Seat 5: yzuk
Seat 1: joaquin612 (button) folded before Flop (didn't bet)
Seat 2: PFC-RAÇA (small blind) showed [Jd Th] and won ($14.92) with two pair, Queens and Jacks
Seat 3: nikalas22 (big blind) mucked
Seat 6: treds17 folded before Flop (didn't bet)



PokerStars Hand #254519801327:  Hold'em No Limit ($0.50/$1.00 USD) - 2025/01/23 21:20:14 WET [2025/01/23 16:20:14 ET]
Table 'Eros IV' 6-max Seat #2 is the button
Seat 5: yzuk ($100 in chips) is sitting out
Seat 1: joaquin612 ($104 in chips) 
Seat 2: PFC-RAÇA ($85.73 in chips) 
Seat 3: nikalas22 ($100 in chips) 
Seat 4: erpaye ($100 in chips) 
Seat 6: treds17 ($100 in chips) 
nikalas22: posts small blind $0.50
erpaye: posts big blind $1
yzuk: sits out 
*** HOLE CARDS ***
treds17: folds 
joaquin612: folds 
PFC-RAÇA: folds 
nikalas22: raises $2 to $3
erpaye: raises $7.50 to $10.50
nikalas22: folds 
Uncalled bet ($7.50) returned to erpaye
erpaye collected $6 from pot
erpaye: doesn't show hand 
*** SUMMARY ***
Total pot $6 | Rake $0 
Seat 5: yzuk
Seat 1: joaquin612 folded before Flop (didn't bet)
Seat 2: PFC-RAÇA (button) folded before Flop (didn't bet)
Seat 3: nikalas22 (small blind) folded before Flop
Seat 4: erpaye (big blind) collected ($6)
Seat 6: treds17 folded before Flop (didn't bet)



PokerStars Hand #254519810231:  Hold'em No Limit ($0.50/$1.00 USD) - 2025/01/23 21:20:43 WET [2025/01/23 16:20:43 ET]
Table 'Eros IV' 6-max Seat #3 is the button
Seat 1: joaquin612 ($104 in chips) 
Seat 2: PFC-RAÇA ($85.73 in chips) 
Seat 3: nikalas22 ($100 in chips) 
Seat 4: erpaye ($103 in chips) 
Seat 5: yzuk ($100 in chips) 
Seat 6: treds17 ($100 in chips) 
erpaye: posts small blind $0.50
yzuk: posts big blind $1
*** HOLE CARDS ***
treds17: folds 
joaquin612: folds 
PFC-RAÇA: folds 
nikalas22: folds 
erpaye: raises $1.50 to $2.50
yzuk: folds 
Uncalled bet ($1.50) returned to erpaye
erpaye collected $2 from pot
erpaye: doesn't show hand 
*** SUMMARY ***
Total pot $2 | Rake $0 
Seat 1: joaquin612 folded before Flop (didn't bet)
Seat 2: PFC-RAÇA folded before Flop (didn't bet)
Seat 3: nikalas22 (button) folded before Flop (didn't bet)
Seat 4: erpaye (small blind) collected ($2)
Seat 5: yzuk (big blind) folded before Flop
Seat 6: treds17 folded before Flop (didn't bet)



PokerStars Hand #254519818112:  Hold'em No Limit ($0.50/$1.00 USD) - 2025/01/23 21:21:08 WET [2025/01/23 16:21:08 ET]
Table 'Eros IV' 6-max Seat #4 is the button
Seat 1: joaquin612 ($104 in chips) 
Seat 2: PFC-RAÇA ($85.73 in chips) 
Seat 3: nikalas22 ($100 in chips) 
Seat 4: erpaye ($104 in chips) 
Seat 5: yzuk ($100 in chips) 
Seat 6: treds17 ($100 in chips) 
yzuk: posts small blind $0.50
treds17: posts big blind $1
*** HOLE CARDS ***
joaquin612: folds 
PFC-RAÇA: raises $2.50 to $3.50
nikalas22: folds 
erpaye: folds 
yzuk: folds 
treds17: raises $7.50 to $11
PFC-RAÇA: calls $7.50
*** FLOP *** [Td Kd Th]
treds17: checks 
PFC-RAÇA: checks 
*** TURN *** [Td Kd Th] [2c]
treds17: bets $6.41
PFC-RAÇA: folds 
Uncalled bet ($6.41) returned to treds17
treds17 collected $21.38 from pot
treds17: doesn't show hand 
*** SUMMARY ***
Total pot $22.50 | Rake $1.12 
Board [Td Kd Th 2c]
Seat 1: joaquin612 folded before Flop (didn't bet)
Seat 2: PFC-RAÇA folded on the Turn
Seat 3: nikalas22 folded before Flop (didn't bet)
Seat 4: erpaye (button) folded before Flop (didn't bet)
Seat 5: yzuk (small blind) folded before Flop
Seat 6: treds17 (big blind) collected ($21.38)



PokerStars Hand #254519842732:  Hold'em No Limit ($0.50/$1.00 USD) - 2025/01/23 21:22:28 WET [2025/01/23 16:22:28 ET]
Table 'Eros IV' 6-max Seat #5 is the button
Seat 1: joaquin612 ($104 in chips) 
Seat 2: PFC-RAÇA ($74.73 in chips) 
Seat 3: nikalas22 ($100 in chips) 
Seat 4: erpaye ($104 in chips) 
Seat 5: yzuk ($100 in chips) 
Seat 6: treds17 ($110.38 in chips) 
treds17: posts small blind $0.50
joaquin612: posts big blind $1
*** HOLE CARDS ***
PFC-RAÇA: folds 
nikalas22: raises $1.50 to $2.50
erpaye: folds 
yzuk: folds 
treds17: folds 
joaquin612: folds 
Uncalled bet ($1.50) returned to nikalas22
nikalas22 collected $2.50 from pot
nikalas22: doesn't show hand 
*** SUMMARY ***
Total pot $2.50 | Rake $0 
Seat 1: joaquin612 (big blind) folded before Flop
Seat 2: PFC-RAÇA folded before Flop (didn't bet)
Seat 3: nikalas22 collected ($2.50)
Seat 4: erpaye folded before Flop (didn't bet)
Seat 5: yzuk (button) folded before Flop (didn't bet)
Seat 6: treds17 (small blind) folded before Flop



PokerStars Hand #254519849412:  Hold'em No Limit ($0.50/$1.00 USD) - 2025/01/23 21:22:49 WET [2025/01/23 16:22:49 ET]
Table 'Eros IV' 6-max Seat #6 is the button
Seat 1: joaquin612 ($103 in chips) 
Seat 2: PFC-RAÇA ($74.73 in chips) 
Seat 3: nikalas22 ($101.50 in chips) 
Seat 4: erpaye ($104 in chips) 
Seat 5: yzuk ($100 in chips) 
Seat 6: treds17 ($109.88 in chips) 
joaquin612: posts small blind $0.50
PFC-RAÇA: posts big blind $1
*** HOLE CARDS ***
nikalas22: folds 
erpaye: raises $1.60 to $2.60
yzuk: folds 
treds17: calls $2.60
joaquin612: folds 
PFC-RAÇA: folds 
*** FLOP *** [Kc Tc 6h]
erpaye: checks 
treds17: checks 
*** TURN *** [Kc Tc 6h] [3h]
erpaye: checks 
treds17: checks 
*** RIVER *** [Kc Tc 6h 3h] [Kh]
erpaye: bets $4.77
treds17: folds 
Uncalled bet ($4.77) returned to erpaye
erpaye collected $6.36 from pot
erpaye: doesn't show hand 
*** SUMMARY ***
Total pot $6.70 | Rake $0.34 
Board [Kc Tc 6h 3h Kh]
Seat 1: joaquin612 (small blind) folded before Flop
Seat 2: PFC-RAÇA (big blind) folded before Flop
Seat 3: nikalas22 folded before Flop (didn't bet)
Seat 4: erpaye collected ($6.36)
Seat 5: yzuk folded before Flop (didn't bet)
Seat 6: treds17 (button) folded on the River



PokerStars Hand #254519880281:  Hold'em No Limit ($0.50/$1.00 USD) - 2025/01/23 21:24:30 WET [2025/01/23 16:24:30 ET]
Table 'Eros IV' 6-max Seat #1 is the button
Seat 1: joaquin612 ($102.50 in chips) 
Seat 2: PFC-RAÇA ($73.73 in chips) 
Seat 3: nikalas22 ($101.50 in chips) 
Seat 4: erpaye ($107.76 in chips) 
Seat 5: yzuk ($100 in chips) 
Seat 6: treds17 ($107.28 in chips) 
PFC-RAÇA: posts small blind $0.50
nikalas22: posts big blind $1
*** HOLE CARDS ***
erpaye: folds 
yzuk: raises $1.50 to $2.50
treds17: folds 
joaquin612: folds 
PFC-RAÇA: calls $2
nikalas22: folds 
*** FLOP *** [Kc Tc Kd]
PFC-RAÇA: checks 
yzuk: bets $1.94
PFC-RAÇA: folds 
Uncalled bet ($1.94) returned to yzuk
yzuk collected $5.70 from pot
yzuk: doesn't show hand 
*** SUMMARY ***
Total pot $6 | Rake $0.30 
Board [Kc Tc Kd]
Seat 1: joaquin612 (button) folded before Flop (didn't bet)
Seat 2: PFC-RAÇA (small blind) folded on the Flop
Seat 3: nikalas22 (big blind) folded before Flop
Seat 4: erpaye folded before Flop (didn't bet)
Seat 5: yzuk collected ($5.70)
Seat 6: treds17 folded before Flop (didn't bet)



PokerStars Hand #254519891692:  Hold'em No Limit ($0.50/$1.00 USD) - 2025/01/23 21:25:07 WET [2025/01/23 16:25:07 ET]
Table 'Eros IV' 6-max Seat #2 is the button
Seat 1: joaquin612 ($102.50 in chips) 
Seat 2: PFC-RAÇA ($71.23 in chips) 
Seat 3: nikalas22 ($100.50 in chips) 
Seat 4: erpaye ($107.76 in chips) 
Seat 5: yzuk ($103.20 in chips) 
Seat 6: treds17 ($107.28 in chips) 
nikalas22: posts small blind $0.50
erpaye: posts big blind $1
*** HOLE CARDS ***
yzuk: folds 
treds17: folds 
joaquin612: folds 
PFC-RAÇA: folds 
PFC-RAÇA leaves the table
yzuk leaves the table
nikalas22: folds 
Uncalled bet ($0.50) returned to erpaye
erpaye collected $1 from pot
erpaye: doesn't show hand 
*** SUMMARY ***
Total pot $1 | Rake $0 
Seat 1: joaquin612 folded before Flop (didn't bet)
Seat 2: PFC-RAÇA (button) folded before Flop (didn't bet)
Seat 3: nikalas22 (small blind) folded before Flop
Seat 4: erpaye (big blind) collected ($1)
Seat 5: yzuk folded before Flop (didn't bet)
Seat 6: treds17 folded before Flop (didn't bet)



PokerStars Hand #254519895123:  Hold'em No Limit ($0.50/$1.00 USD) - 2025/01/23 21:25:18 WET [2025/01/23 16:25:18 ET]
Table 'Eros IV' 6-max Seat #3 is the button
Seat 1: joaquin612 ($102.50 in chips) 
Seat 3: nikalas22 ($100 in chips) 
Seat 4: erpaye ($108.26 in chips) 
Seat 6: treds17 ($107.28 in chips) 
erpaye: posts small blind $0.50
treds17: posts big blind $1
*** HOLE CARDS ***
joaquin612: folds 
nikalas22: raises $1.50 to $2.50
AndreaBsAs joins the table at seat #2 
erpaye: folds 
treds17: folds 
Uncalled bet ($1.50) returned to nikalas22
nikalas22 collected $2.50 from pot
nikalas22: doesn't show hand 
*** SUMMARY ***
Total pot $2.50 | Rake $0 
Seat 1: joaquin612 folded before Flop (didn't bet)
Seat 3: nikalas22 (button) collected ($2.50)
Seat 4: erpaye (small blind) folded before Flop
Seat 6: treds17 (big blind) folded before Flop



PokerStars Hand #254519900960:  Hold'em No Limit ($0.50/$1.00 USD) - 2025/01/23 21:25:37 WET [2025/01/23 16:25:37 ET]
Table 'Eros IV' 6-max Seat #6 is the button
Seat 1: joaquin612 ($102.50 in chips) is sitting out
Seat 2: AndreaBsAs ($100 in chips) is sitting out
Seat 3: nikalas22 ($101.50 in chips) is sitting out
Seat 4: erpaye ($107.76 in chips) 
Seat 6: treds17 ($106.28 in chips) 
treds17: posts small blind $0.50
joaquin612: is sitting out 
AndreaBsAs: is sitting out 
nikalas22: is sitting out 
erpaye: posts big blind $1
*** HOLE CARDS ***
nikalas22 leaves the table
treds17: raises $1.50 to $2.50
AndreaBsAs leaves the table
erpaye: raises $7.80 to $10.30
treds17: folds 
Uncalled bet ($7.80) returned to erpaye
erpaye collected $5 from pot
erpaye: doesn't show hand 
*** SUMMARY ***
Total pot $5 | Rake $0 
Seat 1: joaquin612
Seat 2: AndreaBsAs
Seat 3: nikalas22
Seat 4: erpaye (big blind) collected ($5)
Seat 6: treds17 (button) (small blind) folded before Flop



