PokerStars Hand #254523116221:  Hold'em No Limit ($0.50/$1.00 USD) - 2025/01/23 1:06:00 WET [2025/01/23 20:06:00 ET]
Table 'Zenobia IV' 6-max Seat #5 is the button
Seat 1: 991gt3rs521 ($12 in chips) 
Seat 2: ptolejmus ($10.30 in chips) 
Seat 3: nastja336 ($101.78 in chips) 
Seat 4: nikalas22 ($102 in chips) 
Seat 5: KeR888 ($100 in chips) 
Seat 6: Xenicide ($100 in chips) 
Xenicide: posts small blind $0.50
991gt3rs521: posts big blind $1
*** HOLE CARDS ***
ptolejmus: raises $9.30 to $10.30 and is all-in
nastja336: folds 
nikalas22: folds 
KeR888: folds 
Xenicide: folds 
991gt3rs521: calls $9.30
*** FLOP *** [Qh Ks 3s]
*** TURN *** [Qh Ks 3s] [7s]
*** RIVER *** [Qh Ks 3s 7s] [2d]
*** SHOW DOWN ***
991gt3rs521: shows [As 6c] (high card Ace)
ptolejmus: shows [Jd Kd] (a pair of Kings)
ptolejmus collected $20.04 from pot
*** SUMMARY ***
Total pot $21.10 | Rake $1.06 
Board [Qh Ks 3s 7s 2d]
Seat 1: 991gt3rs521 (big blind) showed [As 6c] and lost with high card Ace
Seat 2: ptolejmus showed [Jd Kd] and won ($20.04) with a pair of Kings
Seat 3: nastja336 folded before Flop (didn't bet)
Seat 4: nikalas22 folded before Flop (didn't bet)
Seat 5: KeR888 (button) folded before Flop (didn't bet)
Seat 6: Xenicide (small blind) folded before Flop



PokerStars Hand #254523123406:  Hold'em No Limit ($0.50/$1.00 USD) - 2025/01/23 1:06:41 WET [2025/01/23 20:06:41 ET]
Table 'Zenobia IV' 6-max Seat #6 is the button
Seat 2: ptolejmus ($20.04 in chips) is sitting out
Seat 1: 991gt3rs521 ($1.70 in chips) 
Seat 3: nastja336 ($101.78 in chips) 
Seat 4: nikalas22 ($102 in chips) 
Seat 5: KeR888 ($100 in chips) 
Seat 6: Xenicide ($100 in chips) 
991gt3rs521: posts small blind $0.50
ptolejmus: is sitting out 
nastja336: posts big blind $1
*** HOLE CARDS ***
nikalas22: folds 
KeR888: folds 
ptolejmus leaves the table
Xenicide: folds 
991gt3rs521: folds 
Uncalled bet ($0.50) returned to nastja336
nastja336 collected $1 from pot
nastja336: doesn't show hand 
*** SUMMARY ***
Total pot $1 | Rake $0 
Seat 2: ptolejmus
Seat 1: 991gt3rs521 (small blind) folded before Flop
Seat 3: nastja336 (big blind) collected ($1)
Seat 4: nikalas22 folded before Flop (didn't bet)
Seat 5: KeR888 folded before Flop (didn't bet)
Seat 6: Xenicide (button) folded before Flop (didn't bet)



PokerStars Hand #254523126835:  Hold'em No Limit ($0.50/$1.00 USD) - 2025/01/23 1:07:00 WET [2025/01/23 20:07:00 ET]
Table 'Zenobia IV' 6-max Seat #1 is the button
Seat 1: 991gt3rs521 ($1.20 in chips) 
Seat 3: nastja336 ($102.28 in chips) 
Seat 4: nikalas22 ($102 in chips) 
Seat 5: KeR888 ($100 in chips) 
Seat 6: Xenicide ($100 in chips) 
nastja336: posts small blind $0.50
nikalas22: posts big blind $1
*** HOLE CARDS ***
KeR888: folds 
Xenicide: folds 
991gt3rs521: folds 
nastja336: folds 
Uncalled bet ($0.50) returned to nikalas22
nikalas22 collected $1 from pot
nikalas22: doesn't show hand 
*** SUMMARY ***
Total pot $1 | Rake $0 
Seat 1: 991gt3rs521 (button) folded before Flop (didn't bet)
Seat 3: nastja336 (small blind) folded before Flop
Seat 4: nikalas22 (big blind) collected ($1)
Seat 5: KeR888 folded before Flop (didn't bet)
Seat 6: Xenicide folded before Flop (didn't bet)



PokerStars Hand #254523129481:  Hold'em No Limit ($0.50/$1.00 USD) - 2025/01/23 1:07:15 WET [2025/01/23 20:07:15 ET]
Table 'Zenobia IV' 6-max Seat #3 is the button
Seat 1: 991gt3rs521 ($1.20 in chips) 
Seat 3: nastja336 ($101.78 in chips) 
Seat 4: nikalas22 ($102.50 in chips) 
Seat 5: KeR888 ($100 in chips) 
Seat 6: Xenicide ($100 in chips) 
nikalas22: posts small blind $0.50
KeR888: posts big blind $1
*** HOLE CARDS ***
Xenicide: folds 
991gt3rs521: raises $0.20 to $1.20 and is all-in
nastja336: folds 
nikalas22: folds 
KeR888: calls $0.20
*** FLOP *** [9c Qd Qc]
*** TURN *** [9c Qd Qc] [Js]
*** RIVER *** [9c Qd Qc Js] [2c]
*** SHOW DOWN ***
KeR888: shows [2s 4s] (two pair, Queens and Deuces)
991gt3rs521: shows [Kc 5c] (a flush, King high)
991gt3rs521 collected $2.76 from pot
*** SUMMARY ***
Total pot $2.90 | Rake $0.14 
Board [9c Qd Qc Js 2c]
Seat 1: 991gt3rs521 showed [Kc 5c] and won ($2.76) with a flush, King high
Seat 3: nastja336 (button) folded before Flop (didn't bet)
Seat 4: nikalas22 (small blind) folded before Flop
Seat 5: KeR888 (big blind) showed [2s 4s] and lost with two pair, Queens and Deuces
Seat 6: Xenicide folded before Flop (didn't bet)



PokerStars Hand #254523134037:  Hold'em No Limit ($0.50/$1.00 USD) - 2025/01/23 1:07:41 WET [2025/01/23 20:07:41 ET]
Table 'Zenobia IV' 6-max Seat #4 is the button
Seat 1: 991gt3rs521 ($2.76 in chips) 
Seat 3: nastja336 ($101.78 in chips) 
Seat 4: nikalas22 ($102 in chips) 
Seat 5: KeR888 ($100 in chips) 
Seat 6: Xenicide ($100 in chips) 
KeR888: posts small blind $0.50
Xenicide: posts big blind $1
*** HOLE CARDS ***
991gt3rs521: folds 
nastja336: folds 
nikalas22: raises $1.50 to $2.50
KeR888: folds 
Xenicide: folds 
Uncalled bet ($1.50) returned to nikalas22
nikalas22 collected $2.50 from pot
nikalas22: doesn't show hand 
*** SUMMARY ***
Total pot $2.50 | Rake $0 
Seat 1: 991gt3rs521 folded before Flop (didn't bet)
Seat 3: nastja336 folded before Flop (didn't bet)
Seat 4: nikalas22 (button) collected ($2.50)
Seat 5: KeR888 (small blind) folded before Flop
Seat 6: Xenicide (big blind) folded before Flop



PokerStars Hand #254523137393:  Hold'em No Limit ($0.50/$1.00 USD) - 2025/01/23 1:07:59 WET [2025/01/23 20:07:59 ET]
Table 'Zenobia IV' 6-max Seat #5 is the button
Seat 1: 991gt3rs521 ($2.76 in chips) 
Seat 3: nastja336 ($101.78 in chips) 
Seat 4: nikalas22 ($103.50 in chips) 
Seat 5: KeR888 ($100 in chips) 
Seat 6: Xenicide ($100 in chips) 
Xenicide: posts small blind $0.50
991gt3rs521: posts big blind $1
*** HOLE CARDS ***
nastja336: folds 
nikalas22: folds 
KeR888: folds 
Xenicide: folds 
Uncalled bet ($0.50) returned to 991gt3rs521
991gt3rs521 collected $1 from pot
*** SUMMARY ***
Total pot $1 | Rake $0 
Seat 1: 991gt3rs521 (big blind) collected ($1)
Seat 3: nastja336 folded before Flop (didn't bet)
Seat 4: nikalas22 folded before Flop (didn't bet)
Seat 5: KeR888 (button) folded before Flop (didn't bet)
Seat 6: Xenicide (small blind) folded before Flop



PokerStars Hand #254523139083:  Hold'em No Limit ($0.50/$1.00 USD) - 2025/01/23 1:08:09 WET [2025/01/23 20:08:09 ET]
Table 'Zenobia IV' 6-max Seat #6 is the button
Seat 1: 991gt3rs521 ($3.26 in chips) 
Seat 3: nastja336 ($101.78 in chips) 
Seat 4: nikalas22 ($103.50 in chips) 
Seat 5: KeR888 ($100 in chips) 
Seat 6: Xenicide ($100 in chips) 
991gt3rs521: posts small blind $0.50
nastja336: posts big blind $1
*** HOLE CARDS ***
nikalas22: folds 
KeR888: raises $1.50 to $2.50
Xenicide: folds 
991gt3rs521: raises $0.76 to $3.26 and is all-in
nastja336: folds 
KeR888: calls $0.76
*** FLOP *** [2s 8d 8h]
*** TURN *** [2s 8d 8h] [Kd]
*** RIVER *** [2s 8d 8h Kd] [Ks]
*** SHOW DOWN ***
991gt3rs521: shows [Qs Qd] (two pair, Kings and Queens)
KeR888: shows [Qh Ad] (two pair, Kings and Eights)
991gt3rs521 collected $7.14 from pot
*** SUMMARY ***
Total pot $7.52 | Rake $0.38 
Board [2s 8d 8h Kd Ks]
Seat 1: 991gt3rs521 (small blind) showed [Qs Qd] and won ($7.14) with two pair, Kings and Queens
Seat 3: nastja336 (big blind) folded before Flop
Seat 4: nikalas22 folded before Flop (didn't bet)
Seat 5: KeR888 showed [Qh Ad] and lost with two pair, Kings and Eights
Seat 6: Xenicide (button) folded before Flop (didn't bet)



PokerStars Hand #254523143110:  Hold'em No Limit ($0.50/$1.00 USD) - 2025/01/23 1:08:31 WET [2025/01/23 20:08:31 ET]
Table 'Zenobia IV' 6-max Seat #1 is the button
Seat 1: 991gt3rs521 ($7.14 in chips) 
Seat 3: nastja336 ($100.78 in chips) 
Seat 4: nikalas22 ($103.50 in chips) 
Seat 5: KeR888 ($100 in chips) 
Seat 6: Xenicide ($100 in chips) 
nastja336: posts small blind $0.50
nikalas22: posts big blind $1
*** HOLE CARDS ***
KeR888: folds 
BumHuntKing joins the table at seat #2 
Xenicide: raises $1 to $2
991gt3rs521: folds 
nastja336: folds 
nikalas22: raises $9 to $11
Xenicide: folds 
Uncalled bet ($9) returned to nikalas22
nikalas22 collected $4.50 from pot
nikalas22: doesn't show hand 
*** SUMMARY ***
Total pot $4.50 | Rake $0 
Seat 1: 991gt3rs521 (button) folded before Flop (didn't bet)
Seat 3: nastja336 (small blind) folded before Flop
Seat 4: nikalas22 (big blind) collected ($4.50)
Seat 5: KeR888 folded before Flop (didn't bet)
Seat 6: Xenicide folded before Flop



PokerStars Hand #254523147804:  Hold'em No Limit ($0.50/$1.00 USD) - 2025/01/23 1:08:57 WET [2025/01/23 20:08:57 ET]
Table 'Zenobia IV' 6-max Seat #3 is the button
Seat 2: BumHuntKing ($100 in chips) is sitting out
Seat 1: 991gt3rs521 ($7.14 in chips) 
Seat 3: nastja336 ($100.28 in chips) 
Seat 4: nikalas22 ($106 in chips) 
Seat 5: KeR888 ($100 in chips) 
Seat 6: Xenicide ($100 in chips) 
nikalas22: posts small blind $0.50
KeR888: posts big blind $1
BumHuntKing: sits out 
*** HOLE CARDS ***
Xenicide: folds 
991gt3rs521: raises $1 to $2
nastja336: folds 
nikalas22: folds 
KeR888: folds 
Uncalled bet ($1) returned to 991gt3rs521
991gt3rs521 collected $2.50 from pot
*** SUMMARY ***
Total pot $2.50 | Rake $0 
Seat 2: BumHuntKing
Seat 1: 991gt3rs521 collected ($2.50)
Seat 3: nastja336 (button) folded before Flop (didn't bet)
Seat 4: nikalas22 (small blind) folded before Flop
Seat 5: KeR888 (big blind) folded before Flop
Seat 6: Xenicide folded before Flop (didn't bet)



PokerStars Hand #254523152095:  Hold'em No Limit ($0.50/$1.00 USD) - 2025/01/23 1:09:21 WET [2025/01/23 20:09:21 ET]
Table 'Zenobia IV' 6-max Seat #4 is the button
Seat 2: BumHuntKing ($100 in chips) is sitting out
Seat 1: 991gt3rs521 ($8.64 in chips) 
Seat 3: nastja336 ($100.28 in chips) 
Seat 4: nikalas22 ($105.50 in chips) 
Seat 5: KeR888 ($100 in chips) 
Seat 6: Xenicide ($100 in chips) 
KeR888: posts small blind $0.50
Xenicide: posts big blind $1
BumHuntKing: sits out 
*** HOLE CARDS ***
991gt3rs521: raises $2.50 to $3.50
nastja336: folds 
nikalas22: folds 
KeR888: folds 
Xenicide: folds 
Uncalled bet ($2.50) returned to 991gt3rs521
991gt3rs521 collected $2.50 from pot
*** SUMMARY ***
Total pot $2.50 | Rake $0 
Seat 2: BumHuntKing
Seat 1: 991gt3rs521 collected ($2.50)
Seat 3: nastja336 folded before Flop (didn't bet)
Seat 4: nikalas22 (button) folded before Flop (didn't bet)
Seat 5: KeR888 (small blind) folded before Flop
Seat 6: Xenicide (big blind) folded before Flop



PokerStars Hand #254523155323:  Hold'em No Limit ($0.50/$1.00 USD) - 2025/01/23 1:09:39 WET [2025/01/23 20:09:39 ET]
Table 'Zenobia IV' 6-max Seat #5 is the button
Seat 2: BumHuntKing ($100 in chips) is sitting out
Seat 1: 991gt3rs521 ($10.14 in chips) 
Seat 3: nastja336 ($100.28 in chips) 
Seat 4: nikalas22 ($105.50 in chips) 
Seat 5: KeR888 ($100 in chips) 
Seat 6: Xenicide ($100 in chips) 
Xenicide: posts small blind $0.50
991gt3rs521: posts big blind $1
BumHuntKing: sits out 
*** HOLE CARDS ***
nastja336: folds 
nikalas22: folds 
KeR888: folds 
Xenicide: raises $2.50 to $3.50
991gt3rs521: raises $6.64 to $10.14 and is all-in
Xenicide: calls $6.64
*** FLOP *** [2d Ah Qc]
*** TURN *** [2d Ah Qc] [6s]
*** RIVER *** [2d Ah Qc 6s] [3d]
*** SHOW DOWN ***
Xenicide: shows [Ks 8d] (high card Ace)
991gt3rs521: shows [2c 2s] (three of a kind, Deuces)
991gt3rs521 collected $19.27 from pot
*** SUMMARY ***
Total pot $20.28 | Rake $1.01 
Board [2d Ah Qc 6s 3d]
Seat 2: BumHuntKing
Seat 1: 991gt3rs521 (big blind) showed [2c 2s] and won ($19.27) with three of a kind, Deuces
Seat 3: nastja336 folded before Flop (didn't bet)
Seat 4: nikalas22 folded before Flop (didn't bet)
Seat 5: KeR888 (button) folded before Flop (didn't bet)
Seat 6: Xenicide (small blind) showed [Ks 8d] and lost with high card Ace



PokerStars Hand #254523162510:  Hold'em No Limit ($0.50/$1.00 USD) - 2025/01/23 1:10:20 WET [2025/01/23 20:10:20 ET]
Table 'Zenobia IV' 6-max Seat #6 is the button
Seat 1: 991gt3rs521 ($19.27 in chips) 
Seat 2: BumHuntKing ($100 in chips) 
Seat 3: nastja336 ($100.28 in chips) 
Seat 4: nikalas22 ($105.50 in chips) 
Seat 5: KeR888 ($100 in chips) 
Seat 6: Xenicide ($100 in chips) 
991gt3rs521: posts small blind $0.50
BumHuntKing: posts big blind $1
*** HOLE CARDS ***
nastja336: folds 
nikalas22: folds 
KeR888: folds 
Xenicide: raises $1.25 to $2.25
991gt3rs521: calls $1.75
BumHuntKing: folds 
*** FLOP *** [Kh Ts Jd]
991gt3rs521: checks 
Xenicide: bets $1.30
991gt3rs521: raises $7.82 to $9.12
Xenicide: folds 
Uncalled bet ($7.82) returned to 991gt3rs521
991gt3rs521 collected $7.70 from pot
*** SUMMARY ***
Total pot $8.10 | Rake $0.40 
Board [Kh Ts Jd]
Seat 1: 991gt3rs521 (small blind) collected ($7.70)
Seat 2: BumHuntKing (big blind) folded before Flop
Seat 3: nastja336 folded before Flop (didn't bet)
Seat 4: nikalas22 folded before Flop (didn't bet)
Seat 5: KeR888 folded before Flop (didn't bet)
Seat 6: Xenicide (button) folded on the Flop



PokerStars Hand #254523172343:  Hold'em No Limit ($0.50/$1.00 USD) - 2025/01/23 1:11:16 WET [2025/01/23 20:11:16 ET]
Table 'Zenobia IV' 6-max Seat #1 is the button
Seat 1: 991gt3rs521 ($23.42 in chips) 
Seat 2: BumHuntKing ($100 in chips) 
Seat 3: nastja336 ($100.28 in chips) 
Seat 4: nikalas22 ($105.50 in chips) 
Seat 5: KeR888 ($100 in chips) 
Seat 6: Xenicide ($100 in chips) 
BumHuntKing: posts small blind $0.50
nastja336: posts big blind $1
*** HOLE CARDS ***
nikalas22: folds 
KeR888: folds 
Xenicide: folds 
991gt3rs521: raises $2 to $3
BumHuntKing: folds 
nastja336: folds 
Uncalled bet ($2) returned to 991gt3rs521
991gt3rs521 collected $2.50 from pot
*** SUMMARY ***
Total pot $2.50 | Rake $0 
Seat 1: 991gt3rs521 (button) collected ($2.50)
Seat 2: BumHuntKing (small blind) folded before Flop
Seat 3: nastja336 (big blind) folded before Flop
Seat 4: nikalas22 folded before Flop (didn't bet)
Seat 5: KeR888 folded before Flop (didn't bet)
Seat 6: Xenicide folded before Flop (didn't bet)



PokerStars Hand #254523175570:  Hold'em No Limit ($0.50/$1.00 USD) - 2025/01/23 1:11:34 WET [2025/01/23 20:11:34 ET]
Table 'Zenobia IV' 6-max Seat #2 is the button
Seat 1: 991gt3rs521 ($24.92 in chips) 
Seat 2: BumHuntKing ($100 in chips) 
Seat 3: nastja336 ($100 in chips) 
Seat 4: nikalas22 ($105.50 in chips) 
Seat 5: KeR888 ($100 in chips) 
Seat 6: Xenicide ($100 in chips) 
nastja336: posts small blind $0.50
nikalas22: posts big blind $1
*** HOLE CARDS ***
KeR888: folds 
Xenicide: folds 
991gt3rs521: raises $1 to $2
BumHuntKing: folds 
nastja336: calls $1.50
nikalas22: folds 
*** FLOP *** [Js 8d 2h]
nastja336: checks 
991gt3rs521: checks 
*** TURN *** [Js 8d 2h] [Kh]
nastja336: bets $4
991gt3rs521: raises $7 to $11
nastja336: folds 
Uncalled bet ($7) returned to 991gt3rs521
991gt3rs521 collected $12.35 from pot
*** SUMMARY ***
Total pot $13 | Rake $0.65 
Board [Js 8d 2h Kh]
Seat 1: 991gt3rs521 collected ($12.35)
Seat 2: BumHuntKing (button) folded before Flop (didn't bet)
Seat 3: nastja336 (small blind) folded on the Turn
Seat 4: nikalas22 (big blind) folded before Flop
Seat 5: KeR888 folded before Flop (didn't bet)
Seat 6: Xenicide folded before Flop (didn't bet)



PokerStars Hand #254523190522:  Hold'em No Limit ($0.50/$1.00 USD) - 2025/01/23 1:13:01 WET [2025/01/23 20:13:01 ET]
Table 'Zenobia IV' 6-max Seat #3 is the button
Seat 1: 991gt3rs521 ($31.27 in chips) 
Seat 2: BumHuntKing ($100 in chips) 
Seat 3: nastja336 ($100 in chips) 
Seat 4: nikalas22 ($104.50 in chips) 
Seat 5: KeR888 ($100 in chips) 
Seat 6: Xenicide ($100 in chips) 
nikalas22: posts small blind $0.50
KeR888: posts big blind $1
*** HOLE CARDS ***
Xenicide: folds 
991gt3rs521: folds 
BumHuntKing: raises $1.20 to $2.20
nastja336: folds 
nikalas22: folds 
KeR888: folds 
Uncalled bet ($1.20) returned to BumHuntKing
BumHuntKing collected $2.50 from pot
BumHuntKing: doesn't show hand 
*** SUMMARY ***
Total pot $2.50 | Rake $0 
Seat 1: 991gt3rs521 folded before Flop (didn't bet)
Seat 2: BumHuntKing collected ($2.50)
Seat 3: nastja336 (button) folded before Flop (didn't bet)
Seat 4: nikalas22 (small blind) folded before Flop
Seat 5: KeR888 (big blind) folded before Flop
Seat 6: Xenicide folded before Flop (didn't bet)



PokerStars Hand #254523195530:  Hold'em No Limit ($0.50/$1.00 USD) - 2025/01/23 1:13:30 WET [2025/01/23 20:13:30 ET]
Table 'Zenobia IV' 6-max Seat #4 is the button
Seat 1: 991gt3rs521 ($31.27 in chips) 
Seat 2: BumHuntKing ($101.50 in chips) 
Seat 3: nastja336 ($100 in chips) 
Seat 4: nikalas22 ($104 in chips) 
Seat 5: KeR888 ($100 in chips) 
Seat 6: Xenicide ($100 in chips) 
KeR888: posts small blind $0.50
Xenicide: posts big blind $1
*** HOLE CARDS ***
991gt3rs521: folds 
BumHuntKing: folds 
nastja336: folds 
nikalas22: raises $1.50 to $2.50
KeR888: folds 
Xenicide: calls $1.50
*** FLOP *** [9d 7h Js]
Xenicide: checks 
nikalas22: checks 
*** TURN *** [9d 7h Js] [4s]
Xenicide: bets $7.83
nikalas22: calls $7.83
*** RIVER *** [9d 7h Js 4s] [3s]
Xenicide: checks 
nikalas22: bets $15.08
Xenicide: folds 
Uncalled bet ($15.08) returned to nikalas22
nikalas22 collected $20.10 from pot
nikalas22: doesn't show hand 
*** SUMMARY ***
Total pot $21.16 | Rake $1.06 
Board [9d 7h Js 4s 3s]
Seat 1: 991gt3rs521 folded before Flop (didn't bet)
Seat 2: BumHuntKing folded before Flop (didn't bet)
Seat 3: nastja336 folded before Flop (didn't bet)
Seat 4: nikalas22 (button) collected ($20.10)
Seat 5: KeR888 (small blind) folded before Flop
Seat 6: Xenicide (big blind) folded on the River



PokerStars Hand #254523248634:  Hold'em No Limit ($0.50/$1.00 USD) - 2025/01/23 1:18:34 WET [2025/01/23 20:18:34 ET]
Table 'Zenobia IV' 6-max Seat #4 is the button
Seat 1: 991gt3rs521 ($41.32 in chips) 
Seat 2: BumHuntKing ($115.27 in chips) 
Seat 3: nastja336 ($100 in chips) 
Seat 4: nikalas22 ($105.49 in chips) 
Seat 5: KeR888 ($100.50 in chips) 
Seat 6: Xenicide ($100 in chips) 
KeR888: posts small blind $0.50
Xenicide: posts big blind $1
*** HOLE CARDS ***
991gt3rs521: raises $1 to $2
BumHuntKing: folds 
nastja336: raises $4 to $6
nikalas22: folds 
KeR888: folds 
Xenicide: folds 
991gt3rs521: calls $4
*** FLOP *** [9s Ac 9c]
991gt3rs521: bets $6.41
nastja336: folds 
Uncalled bet ($6.41) returned to 991gt3rs521
991gt3rs521 collected $12.82 from pot
*** SUMMARY ***
Total pot $13.50 | Rake $0.68 
Board [9s Ac 9c]
Seat 1: 991gt3rs521 collected ($12.82)
Seat 2: BumHuntKing folded before Flop (didn't bet)
Seat 3: nastja336 folded on the Flop
Seat 4: nikalas22 (button) folded before Flop (didn't bet)
Seat 5: KeR888 (small blind) folded before Flop
Seat 6: Xenicide (big blind) folded before Flop



PokerStars Hand #254523253073:  Hold'em No Limit ($0.50/$1.00 USD) - 2025/01/23 1:18:59 WET [2025/01/23 20:18:59 ET]
Table 'Zenobia IV' 6-max Seat #5 is the button
Seat 1: 991gt3rs521 ($48.14 in chips) 
Seat 2: BumHuntKing ($115.27 in chips) 
Seat 3: nastja336 ($100 in chips) 
Seat 4: nikalas22 ($105.49 in chips) 
Seat 5: KeR888 ($100 in chips) 
Seat 6: Xenicide ($100 in chips) 
Xenicide: posts small blind $0.50
991gt3rs521: posts big blind $1
*** HOLE CARDS ***
BumHuntKing: folds 
nastja336: raises $1.50 to $2.50
nikalas22: raises $5.50 to $8
KeR888: folds 
Xenicide: folds 
991gt3rs521: calls $7
nastja336: raises $17 to $25
nikalas22: raises $80.49 to $105.49 and is all-in
991gt3rs521: folds 
nastja336: folds 
Uncalled bet ($80.49) returned to nikalas22
nikalas22 collected $58.50 from pot
nikalas22: doesn't show hand 
*** SUMMARY ***
Total pot $58.50 | Rake $0 
Seat 1: 991gt3rs521 (big blind) folded before Flop
Seat 2: BumHuntKing folded before Flop (didn't bet)
Seat 3: nastja336 folded before Flop
Seat 4: nikalas22 collected ($58.50)
Seat 5: KeR888 (button) folded before Flop (didn't bet)
Seat 6: Xenicide (small blind) folded before Flop



PokerStars Hand #254523260377:  Hold'em No Limit ($0.50/$1.00 USD) - 2025/01/23 1:19:41 WET [2025/01/23 20:19:41 ET]
Table 'Zenobia IV' 6-max Seat #6 is the button
Seat 1: 991gt3rs521 ($40.14 in chips) 
Seat 2: BumHuntKing ($115.27 in chips) 
Seat 3: nastja336 ($100 in chips) 
Seat 4: nikalas22 ($138.99 in chips) 
Seat 5: KeR888 ($100 in chips) 
Seat 6: Xenicide ($100 in chips) 
991gt3rs521: posts small blind $0.50
BumHuntKing: posts big blind $1
*** HOLE CARDS ***
nastja336: folds 
nikalas22: raises $1.50 to $2.50
KeR888: folds 
Xenicide: folds 
991gt3rs521: calls $2
BumHuntKing: calls $1.50
*** FLOP *** [9d Jc Ts]
991gt3rs521: checks 
BumHuntKing: checks 
nikalas22: bets $2.14
991gt3rs521: raises $2.14 to $4.28
BumHuntKing: folds 
nikalas22: calls $2.14
*** TURN *** [9d Jc Ts] [Jd]
991gt3rs521: checks 
nikalas22: checks 
*** RIVER *** [9d Jc Ts Jd] [5d]
991gt3rs521: bets $7.63
nikalas22: folds 
Uncalled bet ($7.63) returned to 991gt3rs521
991gt3rs521 collected $15.26 from pot
*** SUMMARY ***
Total pot $16.06 | Rake $0.80 
Board [9d Jc Ts Jd 5d]
Seat 1: 991gt3rs521 (small blind) collected ($15.26)
Seat 2: BumHuntKing (big blind) folded on the Flop
Seat 3: nastja336 folded before Flop (didn't bet)
Seat 4: nikalas22 folded on the River
Seat 5: KeR888 folded before Flop (didn't bet)
Seat 6: Xenicide (button) folded before Flop (didn't bet)



PokerStars Hand #254523271271:  Hold'em No Limit ($0.50/$1.00 USD) - 2025/01/23 1:20:43 WET [2025/01/23 20:20:43 ET]
Table 'Zenobia IV' 6-max Seat #1 is the button
Seat 1: 991gt3rs521 ($48.62 in chips) 
Seat 2: BumHuntKing ($112.77 in chips) 
Seat 3: nastja336 ($100 in chips) 
Seat 4: nikalas22 ($132.21 in chips) 
Seat 5: KeR888 ($100 in chips) 
Seat 6: Xenicide ($100 in chips) 
BumHuntKing: posts small blind $0.50
nastja336: posts big blind $1
*** HOLE CARDS ***
nikalas22: folds 
KeR888: folds 
Xenicide: folds 
991gt3rs521: calls $1
BumHuntKing: calls $0.50
nastja336: raises $5 to $6
991gt3rs521: calls $5
BumHuntKing: folds 
*** FLOP *** [2h Ac 8h]
nastja336: checks 
991gt3rs521: bets $6.18
nastja336: calls $6.18
*** TURN *** [2h Ac 8h] [3h]
nastja336: checks 
991gt3rs521: checks 
*** RIVER *** [2h Ac 8h 3h] [6s]
nastja336: checks 
991gt3rs521: checks 
*** SHOW DOWN ***
nastja336: shows [Ad 7s] (a pair of Aces)
991gt3rs521: mucks hand 
nastja336 collected $24.09 from pot
*** SUMMARY ***
Total pot $25.36 | Rake $1.27 
Board [2h Ac 8h 3h 6s]
Seat 1: 991gt3rs521 (button) mucked
Seat 2: BumHuntKing (small blind) folded before Flop
Seat 3: nastja336 (big blind) showed [Ad 7s] and won ($24.09) with a pair of Aces
Seat 4: nikalas22 folded before Flop (didn't bet)
Seat 5: KeR888 folded before Flop (didn't bet)
Seat 6: Xenicide folded before Flop (didn't bet)



PokerStars Hand #254523287335:  Hold'em No Limit ($0.50/$1.00 USD) - 2025/01/23 1:22:16 WET [2025/01/23 20:22:16 ET]
Table 'Zenobia IV' 6-max Seat #2 is the button
Seat 1: 991gt3rs521 ($36.44 in chips) 
Seat 2: BumHuntKing ($111.77 in chips) 
Seat 3: nastja336 ($111.91 in chips) 
Seat 4: nikalas22 ($132.21 in chips) 
Seat 5: KeR888 ($100 in chips) 
Seat 6: Xenicide ($100 in chips) 
nastja336: posts small blind $0.50
nikalas22: posts big blind $1
*** HOLE CARDS ***
KeR888: folds 
Xenicide: raises $1 to $2
991gt3rs521: folds 
BumHuntKing: folds 
nastja336: folds 
nikalas22: calls $1
*** FLOP *** [6s Qc 6d]
nikalas22: checks 
Xenicide: bets $1.07
nikalas22: calls $1.07
*** TURN *** [6s Qc 6d] [9c]
nikalas22: checks 
Xenicide: bets $6.31
nikalas22: calls $6.31
*** RIVER *** [6s Qc 6d 9c] [8h]
nikalas22: checks 
Xenicide: checks 
*** SHOW DOWN ***
nikalas22: shows [7h Qh] (two pair, Queens and Sixes)
Xenicide: mucks hand 
nikalas22 collected $18.30 from pot
*** SUMMARY ***
Total pot $19.26 | Rake $0.96 
Board [6s Qc 6d 9c 8h]
Seat 1: 991gt3rs521 folded before Flop (didn't bet)
Seat 2: BumHuntKing (button) folded before Flop (didn't bet)
Seat 3: nastja336 (small blind) folded before Flop
Seat 4: nikalas22 (big blind) showed [7h Qh] and won ($18.30) with two pair, Queens and Sixes
Seat 5: KeR888 folded before Flop (didn't bet)
Seat 6: Xenicide mucked



PokerStars Hand #254523299124:  Hold'em No Limit ($0.50/$1.00 USD) - 2025/01/23 1:23:23 WET [2025/01/23 20:23:23 ET]
Table 'Zenobia IV' 6-max Seat #3 is the button
Seat 1: 991gt3rs521 ($36.44 in chips) 
Seat 2: BumHuntKing ($111.77 in chips) 
Seat 3: nastja336 ($111.41 in chips) 
Seat 4: nikalas22 ($141.13 in chips) 
Seat 5: KeR888 ($100 in chips) 
Seat 6: Xenicide ($100 in chips) 
nikalas22: posts small blind $0.50
KeR888: posts big blind $1
*** HOLE CARDS ***
Xenicide: folds 
991gt3rs521: folds 
BumHuntKing: raises $1.20 to $2.20
nastja336: folds 
nikalas22: folds 
KeR888: calls $1.20
*** FLOP *** [3s Kc 4h]
KeR888: checks 
BumHuntKing: bets $1.54
KeR888: calls $1.54
*** TURN *** [3s Kc 4h] [Ah]
KeR888: checks 
BumHuntKing: bets $11.37
KeR888: folds 
Uncalled bet ($11.37) returned to BumHuntKing
BumHuntKing collected $7.58 from pot
BumHuntKing: doesn't show hand 
*** SUMMARY ***
Total pot $7.98 | Rake $0.40 
Board [3s Kc 4h Ah]
Seat 1: 991gt3rs521 folded before Flop (didn't bet)
Seat 2: BumHuntKing collected ($7.58)
Seat 3: nastja336 (button) folded before Flop (didn't bet)
Seat 4: nikalas22 (small blind) folded before Flop
Seat 5: KeR888 (big blind) folded on the Turn
Seat 6: Xenicide folded before Flop (didn't bet)



PokerStars Hand #254523306970:  Hold'em No Limit ($0.50/$1.00 USD) - 2025/01/23 1:24:09 WET [2025/01/23 20:24:09 ET]
Table 'Zenobia IV' 6-max Seat #4 is the button
Seat 1: 991gt3rs521 ($36.44 in chips) 
Seat 2: BumHuntKing ($115.61 in chips) 
Seat 3: nastja336 ($111.41 in chips) 
Seat 4: nikalas22 ($140.63 in chips) 
Seat 5: KeR888 ($100 in chips) 
Seat 6: Xenicide ($100 in chips) 
KeR888: posts small blind $0.50
Xenicide: posts big blind $1
*** HOLE CARDS ***
991gt3rs521: raises $1 to $2
BumHuntKing: folds 
nastja336: folds 
nikalas22: raises $6 to $8
KeR888: folds 
Xenicide: folds 
991gt3rs521: calls $6
*** FLOP *** [2s Jc 3s]
991gt3rs521: bets $8.31
nikalas22: raises $16.62 to $24.93
991gt3rs521: folds 
Uncalled bet ($16.62) returned to nikalas22
nikalas22 collected $32.41 from pot
nikalas22: doesn't show hand 
*** SUMMARY ***
Total pot $34.12 | Rake $1.71 
Board [2s Jc 3s]
Seat 1: 991gt3rs521 folded on the Flop
Seat 2: BumHuntKing folded before Flop (didn't bet)
Seat 3: nastja336 folded before Flop (didn't bet)
Seat 4: nikalas22 (button) collected ($32.41)
Seat 5: KeR888 (small blind) folded before Flop
Seat 6: Xenicide (big blind) folded before Flop



PokerStars Hand #254523314889:  Hold'em No Limit ($0.50/$1.00 USD) - 2025/01/23 1:24:55 WET [2025/01/23 20:24:55 ET]
Table 'Zenobia IV' 6-max Seat #5 is the button
Seat 1: 991gt3rs521 ($20.13 in chips) 
Seat 2: BumHuntKing ($115.61 in chips) 
Seat 3: nastja336 ($111.41 in chips) 
Seat 4: nikalas22 ($156.73 in chips) 
Seat 5: KeR888 ($100 in chips) 
Seat 6: Xenicide ($100 in chips) 
Xenicide: posts small blind $0.50
991gt3rs521: posts big blind $1
*** HOLE CARDS ***
BumHuntKing: folds 
nastja336: raises $1.50 to $2.50
nikalas22: folds 
KeR888: folds 
Xenicide: folds 
991gt3rs521: folds 
Uncalled bet ($1.50) returned to nastja336
nastja336 collected $2.50 from pot
nastja336: doesn't show hand 
*** SUMMARY ***
Total pot $2.50 | Rake $0 
Seat 1: 991gt3rs521 (big blind) folded before Flop
Seat 2: BumHuntKing folded before Flop (didn't bet)
Seat 3: nastja336 collected ($2.50)
Seat 4: nikalas22 folded before Flop (didn't bet)
Seat 5: KeR888 (button) folded before Flop (didn't bet)
Seat 6: Xenicide (small blind) folded before Flop



PokerStars Hand #254523318364:  Hold'em No Limit ($0.50/$1.00 USD) - 2025/01/23 1:25:15 WET [2025/01/23 20:25:15 ET]
Table 'Zenobia IV' 6-max Seat #6 is the button
Seat 1: 991gt3rs521 ($19.13 in chips) 
Seat 2: BumHuntKing ($115.61 in chips) 
Seat 3: nastja336 ($112.91 in chips) 
Seat 4: nikalas22 ($156.73 in chips) 
Seat 5: KeR888 ($100 in chips) 
Seat 6: Xenicide ($100 in chips) 
991gt3rs521: posts small blind $0.50
BumHuntKing: posts big blind $1
*** HOLE CARDS ***
nastja336: folds 
nikalas22: folds 
KeR888: folds 
Xenicide: folds 
991gt3rs521: raises $1 to $2
BumHuntKing: calls $1
*** FLOP *** [9d Kc Jd]
991gt3rs521: bets $1
BumHuntKing: folds 
Uncalled bet ($1) returned to 991gt3rs521
991gt3rs521 collected $3.80 from pot
*** SUMMARY ***
Total pot $4 | Rake $0.20 
Board [9d Kc Jd]
Seat 1: 991gt3rs521 (small blind) collected ($3.80)
Seat 2: BumHuntKing (big blind) folded on the Flop
Seat 3: nastja336 folded before Flop (didn't bet)
Seat 4: nikalas22 folded before Flop (didn't bet)
Seat 5: KeR888 folded before Flop (didn't bet)
Seat 6: Xenicide (button) folded before Flop (didn't bet)



PokerStars Hand #254523323446:  Hold'em No Limit ($0.50/$1.00 USD) - 2025/01/23 1:25:44 WET [2025/01/23 20:25:44 ET]
Table 'Zenobia IV' 6-max Seat #1 is the button
Seat 1: 991gt3rs521 ($20.93 in chips) 
Seat 2: BumHuntKing ($113.61 in chips) 
Seat 3: nastja336 ($112.91 in chips) 
Seat 4: nikalas22 ($156.73 in chips) 
Seat 5: KeR888 ($100 in chips) 
Seat 6: Xenicide ($100 in chips) 
BumHuntKing: posts small blind $0.50
nastja336: posts big blind $1
*** HOLE CARDS ***
nikalas22: folds 
KeR888: folds 
Xenicide: folds 
991gt3rs521: folds 
BumHuntKing: folds 
Uncalled bet ($0.50) returned to nastja336
nastja336 collected $1 from pot
nastja336: doesn't show hand 
*** SUMMARY ***
Total pot $1 | Rake $0 
Seat 1: 991gt3rs521 (button) folded before Flop (didn't bet)
Seat 2: BumHuntKing (small blind) folded before Flop
Seat 3: nastja336 (big blind) collected ($1)
Seat 4: nikalas22 folded before Flop (didn't bet)
Seat 5: KeR888 folded before Flop (didn't bet)
Seat 6: Xenicide folded before Flop (didn't bet)



PokerStars Hand #254523327951:  Hold'em No Limit ($0.50/$1.00 USD) - 2025/01/23 1:26:10 WET [2025/01/23 20:26:10 ET]
Table 'Zenobia IV' 6-max Seat #2 is the button
Seat 1: 991gt3rs521 ($20.93 in chips) 
Seat 2: BumHuntKing ($113.11 in chips) 
Seat 3: nastja336 ($113.41 in chips) 
Seat 4: nikalas22 ($156.73 in chips) 
Seat 5: KeR888 ($100 in chips) 
Seat 6: Xenicide ($100 in chips) 
nastja336: posts small blind $0.50
nikalas22: posts big blind $1
*** HOLE CARDS ***
KeR888: folds 
Xenicide: folds 
991gt3rs521: folds 
BumHuntKing: folds 
nastja336: raises $2 to $3
nikalas22: folds 
Uncalled bet ($2) returned to nastja336
nastja336 collected $2 from pot
nastja336: doesn't show hand 
*** SUMMARY ***
Total pot $2 | Rake $0 
Seat 1: 991gt3rs521 folded before Flop (didn't bet)
Seat 2: BumHuntKing (button) folded before Flop (didn't bet)
Seat 3: nastja336 (small blind) collected ($2)
Seat 4: nikalas22 (big blind) folded before Flop
Seat 5: KeR888 folded before Flop (didn't bet)
Seat 6: Xenicide folded before Flop (didn't bet)



PokerStars Hand #254523331434:  Hold'em No Limit ($0.50/$1.00 USD) - 2025/01/23 1:26:29 WET [2025/01/23 20:26:29 ET]
Table 'Zenobia IV' 6-max Seat #3 is the button
Seat 1: 991gt3rs521 ($20.93 in chips) 
Seat 2: BumHuntKing ($113.11 in chips) 
Seat 3: nastja336 ($114.41 in chips) 
Seat 4: nikalas22 ($155.73 in chips) 
Seat 5: KeR888 ($100 in chips) 
Seat 6: Xenicide ($100 in chips) 
nikalas22: posts small blind $0.50
KeR888: posts big blind $1
*** HOLE CARDS ***
Xenicide: folds 
991gt3rs521: folds 
BumHuntKing: folds 
nastja336: folds 
nikalas22: raises $2 to $3
KeR888: calls $2
*** FLOP *** [7c 4h 5s]
nikalas22: checks 
KeR888: bets $2.85
nikalas22: folds 
Uncalled bet ($2.85) returned to KeR888
KeR888 collected $5.70 from pot
KeR888: doesn't show hand 
*** SUMMARY ***
Total pot $6 | Rake $0.30 
Board [7c 4h 5s]
Seat 1: 991gt3rs521 folded before Flop (didn't bet)
Seat 2: BumHuntKing folded before Flop (didn't bet)
Seat 3: nastja336 (button) folded before Flop (didn't bet)
Seat 4: nikalas22 (small blind) folded on the Flop
Seat 5: KeR888 (big blind) collected ($5.70)
Seat 6: Xenicide folded before Flop (didn't bet)



PokerStars Hand #254523335726:  Hold'em No Limit ($0.50/$1.00 USD) - 2025/01/23 1:26:54 WET [2025/01/23 20:26:54 ET]
Table 'Zenobia IV' 6-max Seat #4 is the button
Seat 1: 991gt3rs521 ($20.93 in chips) 
Seat 2: BumHuntKing ($113.11 in chips) 
Seat 3: nastja336 ($114.41 in chips) 
Seat 4: nikalas22 ($152.73 in chips) 
Seat 5: KeR888 ($102.70 in chips) 
Seat 6: Xenicide ($100 in chips) 
KeR888: posts small blind $0.50
Xenicide: posts big blind $1
*** HOLE CARDS ***
991gt3rs521: folds 
BumHuntKing: folds 
nastja336: folds 
nikalas22: folds 
KeR888: folds 
Uncalled bet ($0.50) returned to Xenicide
Xenicide collected $1 from pot
*** SUMMARY ***
Total pot $1 | Rake $0 
Seat 1: 991gt3rs521 folded before Flop (didn't bet)
Seat 2: BumHuntKing folded before Flop (didn't bet)
Seat 3: nastja336 folded before Flop (didn't bet)
Seat 4: nikalas22 (button) folded before Flop (didn't bet)
Seat 5: KeR888 (small blind) folded before Flop
Seat 6: Xenicide (big blind) collected ($1)



PokerStars Hand #254523338969:  Hold'em No Limit ($0.50/$1.00 USD) - 2025/01/23 1:27:12 WET [2025/01/23 20:27:12 ET]
Table 'Zenobia IV' 6-max Seat #5 is the button
Seat 1: 991gt3rs521 ($20.93 in chips) 
Seat 2: BumHuntKing ($113.11 in chips) 
Seat 3: nastja336 ($114.41 in chips) 
Seat 4: nikalas22 ($152.73 in chips) 
Seat 5: KeR888 ($102.20 in chips) 
Seat 6: Xenicide ($100.50 in chips) 
Xenicide: posts small blind $0.50
991gt3rs521: posts big blind $1
*** HOLE CARDS ***
BumHuntKing: raises $1.20 to $2.20
nastja336: folds 
nikalas22: folds 
KeR888: folds 
Xenicide: folds 
991gt3rs521: calls $1.20
*** FLOP *** [3h 2s 9d]
991gt3rs521: checks 
BumHuntKing: checks 
*** TURN *** [3h 2s 9d] [9h]
991gt3rs521: checks 
BumHuntKing: bets $1.54
991gt3rs521: raises $1.54 to $3.08
BumHuntKing: calls $1.54
*** RIVER *** [3h 2s 9d 9h] [Ks]
991gt3rs521: bets $15.65 and is all-in
BumHuntKing: calls $15.65
*** SHOW DOWN ***
991gt3rs521: shows [5s Kd] (two pair, Kings and Nines)
BumHuntKing: shows [Ah Kc] (two pair, Kings and Nines - Ace kicker)
BumHuntKing collected $40.24 from pot
*** SUMMARY ***
Total pot $42.36 | Rake $2.12 
Board [3h 2s 9d 9h Ks]
Seat 1: 991gt3rs521 (big blind) showed [5s Kd] and lost with two pair, Kings and Nines
Seat 2: BumHuntKing showed [Ah Kc] and won ($40.24) with two pair, Kings and Nines
Seat 3: nastja336 folded before Flop (didn't bet)
Seat 4: nikalas22 folded before Flop (didn't bet)
Seat 5: KeR888 (button) folded before Flop (didn't bet)
Seat 6: Xenicide (small blind) folded before Flop



PokerStars Hand #254523349960:  Hold'em No Limit ($0.50/$1.00 USD) - 2025/01/23 1:28:15 WET [2025/01/23 20:28:15 ET]
Table 'Zenobia IV' 6-max Seat #6 is the button
Seat 1: 991gt3rs521 ($0 in chips) is sitting out
Seat 2: BumHuntKing ($132.42 in chips) 
Seat 3: nastja336 ($114.41 in chips) 
Seat 4: nikalas22 ($152.73 in chips) 
Seat 5: KeR888 ($102.20 in chips) 
Seat 6: Xenicide ($100 in chips) 
BumHuntKing: posts small blind $0.50
nastja336: posts big blind $1
*** HOLE CARDS ***
nikalas22: folds 
KeR888: folds 
Xenicide: raises $1.25 to $2.25
991gt3rs521 leaves the table
BumHuntKing: folds 
nastja336: calls $1.25
*** FLOP *** [Ah Qs 2s]
nastja336: checks 
Xenicide: bets $1.47
nastja336: folds 
Uncalled bet ($1.47) returned to Xenicide
Xenicide collected $4.75 from pot
*** SUMMARY ***
Total pot $5 | Rake $0.25 
Board [Ah Qs 2s]
Seat 1: 991gt3rs521
Seat 2: BumHuntKing (small blind) folded before Flop
Seat 3: nastja336 (big blind) folded on the Flop
Seat 4: nikalas22 folded before Flop (didn't bet)
Seat 5: KeR888 folded before Flop (didn't bet)
Seat 6: Xenicide (button) collected ($4.75)



PokerStars Hand #254523355956:  Hold'em No Limit ($0.50/$1.00 USD) - 2025/01/23 1:28:50 WET [2025/01/23 20:28:50 ET]
Table 'Zenobia IV' 6-max Seat #2 is the button
Seat 2: BumHuntKing ($131.92 in chips) 
Seat 3: nastja336 ($112.16 in chips) 
Seat 4: nikalas22 ($152.73 in chips) 
Seat 5: KeR888 ($102.20 in chips) 
Seat 6: Xenicide ($102.50 in chips) 
nastja336: posts small blind $0.50
nikalas22: posts big blind $1
*** HOLE CARDS ***
KeR888: raises $1.20 to $2.20
Xenicide: folds 
BumHuntKing: folds 
BumHuntKing leaves the table
nastja336: folds 
nikalas22: folds 
Uncalled bet ($1.20) returned to KeR888
KeR888 collected $2.50 from pot
KeR888: doesn't show hand 
*** SUMMARY ***
Total pot $2.50 | Rake $0 
Seat 2: BumHuntKing (button) folded before Flop (didn't bet)
Seat 3: nastja336 (small blind) folded before Flop
Seat 4: nikalas22 (big blind) folded before Flop
Seat 5: KeR888 collected ($2.50)
Seat 6: Xenicide folded before Flop (didn't bet)



PokerStars Hand #254523391029:  Hold'em No Limit ($0.50/$1.00 USD) - 2025/01/23 1:32:10 WET [2025/01/23 20:32:10 ET]
Table 'Zenobia IV' 6-max Seat #5 is the button
Seat 1: rao999 ($100 in chips) 
Seat 2: equilibrium_tv ($10 in chips) 
Seat 5: BrandonKelly99 ($12.35 in chips) 
Seat 6: nastja336 ($111.66 in chips) 
nastja336: posts small blind $0.50
rao999: posts big blind $1
*** HOLE CARDS ***
equilibrium_tv: raises $9 to $10 and is all-in
BrandonKelly99: raises $2.35 to $12.35 and is all-in
nastja336: folds 
rao999: folds 
Uncalled bet ($2.35) returned to BrandonKelly99
*** FLOP *** [Ks 3d Jc]
*** TURN *** [Ks 3d Jc] [Kd]
*** RIVER *** [Ks 3d Jc Kd] [2d]
*** SHOW DOWN ***
equilibrium_tv: shows [Ac 3s] (two pair, Kings and Threes)
BrandonKelly99: shows [9d 9c] (two pair, Kings and Nines)
BrandonKelly99 collected $20.50 from pot
*** SUMMARY ***
Total pot $21.50 | Rake $1 
Board [Ks 3d Jc Kd 2d]
Seat 1: rao999 (big blind) folded before Flop
Seat 2: equilibrium_tv showed [Ac 3s] and lost with two pair, Kings and Threes
Seat 5: BrandonKelly99 (button) showed [9d 9c] and won ($20.50) with two pair, Kings and Nines
Seat 6: nastja336 (small blind) folded before Flop



PokerStars Hand #254523396396:  Hold'em No Limit ($0.50/$1.00 USD) - 2025/01/23 1:32:40 WET [2025/01/23 20:32:40 ET]
Table 'Zenobia IV' 6-max Seat #6 is the button
Seat 1: rao999 ($100 in chips) 
Seat 2: equilibrium_tv ($20 in chips) 
Seat 5: BrandonKelly99 ($22.85 in chips) 
Seat 6: nastja336 ($111.16 in chips) 
rao999: posts small blind $0.50
equilibrium_tv: posts big blind $1
*** HOLE CARDS ***
BrandonKelly99: folds 
nastja336: folds 
rao999: raises $2 to $3
equilibrium_tv: folds 
Uncalled bet ($2) returned to rao999
rao999 collected $2 from pot
rao999: doesn't show hand 
*** SUMMARY ***
Total pot $2 | Rake $0 
Seat 1: rao999 (small blind) collected ($2)
Seat 2: equilibrium_tv (big blind) folded before Flop
Seat 5: BrandonKelly99 folded before Flop (didn't bet)
Seat 6: nastja336 (button) folded before Flop (didn't bet)



PokerStars Hand #254523399059:  Hold'em No Limit ($0.50/$1.00 USD) - 2025/01/23 1:32:55 WET [2025/01/23 20:32:55 ET]
Table 'Zenobia IV' 6-max Seat #1 is the button
Seat 1: rao999 ($101 in chips) 
Seat 2: equilibrium_tv ($19 in chips) 
Seat 5: BrandonKelly99 ($22.85 in chips) 
Seat 6: nastja336 ($111.16 in chips) 
equilibrium_tv: posts small blind $0.50
BrandonKelly99: posts big blind $1
*** HOLE CARDS ***
nastja336: folds 
rao999: folds 
equilibrium_tv: folds 
Uncalled bet ($0.50) returned to BrandonKelly99
BrandonKelly99 collected $1 from pot
*** SUMMARY ***
Total pot $1 | Rake $0 
Seat 1: rao999 (button) folded before Flop (didn't bet)
Seat 2: equilibrium_tv (small blind) folded before Flop
Seat 5: BrandonKelly99 (big blind) collected ($1)
Seat 6: nastja336 folded before Flop (didn't bet)



PokerStars Hand #254523401283:  Hold'em No Limit ($0.50/$1.00 USD) - 2025/01/23 1:33:08 WET [2025/01/23 20:33:08 ET]
Table 'Zenobia IV' 6-max Seat #2 is the button
Seat 1: rao999 ($101 in chips) 
Seat 2: equilibrium_tv ($23.50 in chips) 
Seat 5: BrandonKelly99 ($23.35 in chips) 
Seat 6: nastja336 ($111.16 in chips) 
BrandonKelly99: posts small blind $0.50
nastja336: posts big blind $1
*** HOLE CARDS ***
Mr_Dick666 joins the table at seat #3 
rao999: folds 
equilibrium_tv: folds 
BrandonKelly99: calls $0.50
nastja336: checks 
*** FLOP *** [Th Ah 7d]
BrandonKelly99: checks 
nastja336: checks 
*** TURN *** [Th Ah 7d] [Jd]
BrandonKelly99: checks 
nastja336: bets $4
BrandonKelly99: folds 
Uncalled bet ($4) returned to nastja336
nastja336 collected $1.90 from pot
nastja336: doesn't show hand 
*** SUMMARY ***
Total pot $2 | Rake $0.10 
Board [Th Ah 7d Jd]
Seat 1: rao999 folded before Flop (didn't bet)
Seat 2: equilibrium_tv (button) folded before Flop (didn't bet)
Seat 5: BrandonKelly99 (small blind) folded on the Turn
Seat 6: nastja336 (big blind) collected ($1.90)



PokerStars Hand #254523407996:  Hold'em No Limit ($0.50/$1.00 USD) - 2025/01/23 1:33:46 WET [2025/01/23 20:33:46 ET]
Table 'Zenobia IV' 6-max Seat #5 is the button
Seat 3: Mr_Dick666 ($100 in chips) is sitting out
Seat 1: rao999 ($101 in chips) 
Seat 2: equilibrium_tv ($23.50 in chips) 
Seat 5: BrandonKelly99 ($22.35 in chips) 
Seat 6: nastja336 ($112.06 in chips) 
nastja336: posts small blind $0.50
rao999: posts big blind $1
Mr_Dick666: sits out 
*** HOLE CARDS ***
equilibrium_tv: raises $1 to $2
BrandonKelly99: calls $2
nastja336: folds 
rao999: folds 
*** FLOP *** [4c 9s 2d]
equilibrium_tv: checks 
BrandonKelly99: bets $5.22
equilibrium_tv: folds 
Uncalled bet ($5.22) returned to BrandonKelly99
BrandonKelly99 collected $5.22 from pot
*** SUMMARY ***
Total pot $5.50 | Rake $0.28 
Board [4c 9s 2d]
Seat 3: Mr_Dick666
Seat 1: rao999 (big blind) folded before Flop
Seat 2: equilibrium_tv folded on the Flop
Seat 5: BrandonKelly99 (button) collected ($5.22)
Seat 6: nastja336 (small blind) folded before Flop



PokerStars Hand #254523411317:  Hold'em No Limit ($0.50/$1.00 USD) - 2025/01/23 1:34:05 WET [2025/01/23 20:34:05 ET]
Table 'Zenobia IV' 6-max Seat #6 is the button
Seat 3: Mr_Dick666 ($100 in chips) is sitting out
Seat 1: rao999 ($100 in chips) 
Seat 2: equilibrium_tv ($21.50 in chips) 
Seat 5: BrandonKelly99 ($25.57 in chips) 
Seat 6: nastja336 ($111.56 in chips) 
rao999: posts small blind $0.50
equilibrium_tv: posts big blind $1
Mr_Dick666: sits out 
*** HOLE CARDS ***
BumHuntKing joins the table at seat #4 
BrandonKelly99: folds 
nastja336: folds 
rao999: raises $2 to $3
equilibrium_tv: raises $18.50 to $21.50 and is all-in
rao999: folds 
Uncalled bet ($18.50) returned to equilibrium_tv
equilibrium_tv collected $6 from pot
*** SUMMARY ***
Total pot $6 | Rake $0 
Seat 3: Mr_Dick666
Seat 1: rao999 (small blind) folded before Flop
Seat 2: equilibrium_tv (big blind) collected ($6)
Seat 5: BrandonKelly99 folded before Flop (didn't bet)
Seat 6: nastja336 (button) folded before Flop (didn't bet)



PokerStars Hand #254523414819:  Hold'em No Limit ($0.50/$1.00 USD) - 2025/01/23 1:34:26 WET [2025/01/23 20:34:26 ET]
Table 'Zenobia IV' 6-max Seat #1 is the button
Seat 4: BumHuntKing ($131.92 in chips) is sitting out
Seat 1: rao999 ($100 in chips) 
Seat 2: equilibrium_tv ($24.50 in chips) 
Seat 3: Mr_Dick666 ($100 in chips) 
Seat 5: BrandonKelly99 ($25.57 in chips) 
Seat 6: nastja336 ($111.56 in chips) 
equilibrium_tv: posts small blind $0.50
Mr_Dick666: posts big blind $1
BumHuntKing: sits out 
*** HOLE CARDS ***
BrandonKelly99: raises $24.57 to $25.57 and is all-in
nastja336: folds 
rao999: folds 
equilibrium_tv: folds 
Mr_Dick666: calls $24.57
*** FLOP *** [2d 9h 9s]
*** TURN *** [2d 9h 9s] [9c]
*** RIVER *** [2d 9h 9s 9c] [2s]
*** SHOW DOWN ***
Mr_Dick666: shows [Qs As] (a full house, Nines full of Deuces)
BrandonKelly99: shows [5d 5c] (a full house, Nines full of Fives)
BrandonKelly99 collected $49.14 from pot
*** SUMMARY ***
Total pot $51.64 | Rake $2.50 
Board [2d 9h 9s 9c 2s]
Seat 4: BumHuntKing
Seat 1: rao999 (button) folded before Flop (didn't bet)
Seat 2: equilibrium_tv (small blind) folded before Flop
Seat 3: Mr_Dick666 (big blind) showed [Qs As] and lost with a full house, Nines full of Deuces
Seat 5: BrandonKelly99 showed [5d 5c] and won ($49.14) with a full house, Nines full of Fives
Seat 6: nastja336 folded before Flop (didn't bet)



PokerStars Hand #254523419363:  Hold'em No Limit ($0.50/$1.00 USD) - 2025/01/23 1:34:52 WET [2025/01/23 20:34:52 ET]
Table 'Zenobia IV' 6-max Seat #2 is the button
Seat 1: rao999 ($100 in chips) 
Seat 2: equilibrium_tv ($24 in chips) 
Seat 3: Mr_Dick666 ($100 in chips) 
Seat 4: BumHuntKing ($131.92 in chips) 
Seat 5: BrandonKelly99 ($49.14 in chips) 
Seat 6: nastja336 ($111.56 in chips) 
Mr_Dick666: posts small blind $0.50
BumHuntKing: posts big blind $1
*** HOLE CARDS ***
BrandonKelly99: folds 
nastja336: folds 
rao999: folds 
equilibrium_tv: folds 
Mr_Dick666: raises $2 to $3
BumHuntKing: raises $6 to $9
Mr_Dick666: calls $6
*** FLOP *** [Ah 6s Ac]
Mr_Dick666: checks 
BumHuntKing: checks 
*** TURN *** [Ah 6s Ac] [As]
Mr_Dick666: checks 
BumHuntKing: checks 
*** RIVER *** [Ah 6s Ac As] [9s]
Mr_Dick666: bets $5.64
BumHuntKing: raises $35.48 to $41.12
Mr_Dick666: folds 
Uncalled bet ($35.48) returned to BumHuntKing
BumHuntKing collected $27.82 from pot
BumHuntKing: doesn't show hand 
*** SUMMARY ***
Total pot $29.28 | Rake $1.46 
Board [Ah 6s Ac As 9s]
Seat 1: rao999 folded before Flop (didn't bet)
Seat 2: equilibrium_tv (button) folded before Flop (didn't bet)
Seat 3: Mr_Dick666 (small blind) folded on the River
Seat 4: BumHuntKing (big blind) collected ($27.82)
Seat 5: BrandonKelly99 folded before Flop (didn't bet)
Seat 6: nastja336 folded before Flop (didn't bet)



PokerStars Hand #254523642217:  Hold'em No Limit ($0.50/$1.00 USD) - 2025/01/23 1:57:15 WET [2025/01/23 20:57:15 ET]
Table 'Zenobia IV' 6-max Seat #1 is the button
Seat 5: BrandonKelly99 ($0 in chips) is sitting out
Seat 1: rao999 ($118.58 in chips) 
Seat 2: equilibrium_tv ($107.24 in chips) 
Seat 3: Mr_Dick666 ($107.07 in chips) 
Seat 4: BumHuntKing ($143.03 in chips) 
Seat 6: nastja336 ($175.27 in chips) 
equilibrium_tv: posts small blind $0.50
BrandonKelly99 is disconnected 
Mr_Dick666: posts big blind $1
*** HOLE CARDS ***
BumHuntKing: folds 
nastja336: folds 
rao999: raises $1.50 to $2.50
equilibrium_tv: folds 
Mr_Dick666: calls $1.50
*** FLOP *** [9s Kd 5c]
Mr_Dick666: checks 
BrandonKelly99 is disconnected 
rao999: bets $1.72
Mr_Dick666: folds 
Uncalled bet ($1.72) returned to rao999
rao999 collected $5.22 from pot
rao999: doesn't show hand 
*** SUMMARY ***
Total pot $5.50 | Rake $0.28 
Board [9s Kd 5c]
Seat 5: BrandonKelly99
Seat 1: rao999 (button) collected ($5.22)
Seat 2: equilibrium_tv (small blind) folded before Flop
Seat 3: Mr_Dick666 (big blind) folded on the Flop
Seat 4: BumHuntKing folded before Flop (didn't bet)
Seat 6: nastja336 folded before Flop (didn't bet)



PokerStars Hand #254523650114:  Hold'em No Limit ($0.50/$1.00 USD) - 2025/01/23 1:58:16 WET [2025/01/23 20:58:16 ET]
Table 'Zenobia IV' 6-max Seat #2 is the button
Seat 5: BrandonKelly99 ($0 in chips) is sitting out
Seat 1: rao999 ($121.30 in chips) 
Seat 2: equilibrium_tv ($106.74 in chips) 
Seat 3: Mr_Dick666 ($104.57 in chips) 
Seat 4: BumHuntKing ($143.03 in chips) 
Seat 6: nastja336 ($175.27 in chips) 
Mr_Dick666: posts small blind $0.50
BumHuntKing: posts big blind $1
*** HOLE CARDS ***
nastja336: folds 
nastja336 leaves the table
rao999: folds 
equilibrium_tv: folds 
Mr_Dick666: raises $2 to $3
BumHuntKing: calls $2
*** FLOP *** [3h 9s Tc]
Xenicide joins the table at seat #6 
Mr_Dick666: bets $6.27
BumHuntKing: calls $6.27
*** TURN *** [3h 9s Tc] [2d]
equilibrium_tv leaves the table
Mr_Dick666: bets $20.25
BumHuntKing: folds 
Uncalled bet ($20.25) returned to Mr_Dick666
Mr_Dick666 collected $17.61 from pot
Mr_Dick666: doesn't show hand 
*** SUMMARY ***
Total pot $18.54 | Rake $0.93 
Board [3h 9s Tc 2d]
Seat 5: BrandonKelly99
Seat 1: rao999 folded before Flop (didn't bet)
Seat 2: equilibrium_tv (button) folded before Flop (didn't bet)
Seat 3: Mr_Dick666 (small blind) collected ($17.61)
Seat 4: BumHuntKing (big blind) folded on the Turn
Seat 6: nastja336 folded before Flop (didn't bet)



PokerStars Hand #254523659771:  Hold'em No Limit ($0.50/$1.00 USD) - 2025/01/23 1:59:33 WET [2025/01/23 20:59:33 ET]
Table 'Zenobia IV' 6-max Seat #3 is the button
Seat 5: BrandonKelly99 ($0 in chips) is sitting out
Seat 1: rao999 ($121.30 in chips) 
Seat 3: Mr_Dick666 ($112.91 in chips) 
Seat 4: BumHuntKing ($133.76 in chips) 
Seat 6: Xenicide ($102.50 in chips) 
BumHuntKing: posts small blind $0.50
Xenicide: posts big blind $1
*** HOLE CARDS ***
rao999: raises $1.50 to $2.50
Mr_Dick666: folds 
BumHuntKing: folds 
Xenicide has timed out
Xenicide: folds 
Uncalled bet ($1.50) returned to rao999
rao999 collected $2.50 from pot
rao999: doesn't show hand 
*** SUMMARY ***
Total pot $2.50 | Rake $0 
Seat 5: BrandonKelly99
Seat 1: rao999 collected ($2.50)
Seat 3: Mr_Dick666 (button) folded before Flop (didn't bet)
Seat 4: BumHuntKing (small blind) folded before Flop
Seat 6: Xenicide (big blind) folded before Flop



PokerStars Hand #254523667892:  Hold'em No Limit ($0.50/$1.00 USD) - 2025/01/23 2:00:34 WET [2025/01/23 21:00:34 ET]
Table 'Zenobia IV' 6-max Seat #4 is the button
Seat 1: rao999 ($122.80 in chips) is sitting out
Seat 5: BrandonKelly99 ($0 in chips) is sitting out
Seat 3: Mr_Dick666 ($112.91 in chips) 
Seat 4: BumHuntKing ($133.26 in chips) 
Seat 6: Xenicide ($101.50 in chips) 
Xenicide: posts small blind $0.50
rao999: is sitting out 
Mr_Dick666: posts big blind $1
*** HOLE CARDS ***
BumHuntKing: raises $1.50 to $2.50
rao999 leaves the table
Xenicide: folds 
Mr_Dick666: folds 
Uncalled bet ($1.50) returned to BumHuntKing
BumHuntKing collected $2.50 from pot
BumHuntKing: doesn't show hand 
*** SUMMARY ***
Total pot $2.50 | Rake $0 
Seat 1: rao999
Seat 5: BrandonKelly99
Seat 3: Mr_Dick666 (big blind) folded before Flop
Seat 4: BumHuntKing (button) collected ($2.50)
Seat 6: Xenicide (small blind) folded before Flop



PokerStars Hand #254523670701:  Hold'em No Limit ($0.50/$1.00 USD) - 2025/01/23 2:00:53 WET [2025/01/23 21:00:53 ET]
Table 'Zenobia IV' 6-max Seat #6 is the button
Seat 5: BrandonKelly99 ($0 in chips) is sitting out
Seat 3: Mr_Dick666 ($111.91 in chips) 
Seat 4: BumHuntKing ($134.76 in chips) 
Seat 6: Xenicide ($101 in chips) 
Mr_Dick666: posts small blind $0.50
BumHuntKing: posts big blind $1
*** HOLE CARDS ***
Xenicide: folds 
Mr_Dick666: raises $2 to $3
BumHuntKing: raises $6 to $9
Mr_Dick666: folds 
Uncalled bet ($6) returned to BumHuntKing
BumHuntKing collected $6 from pot
BumHuntKing: doesn't show hand 
*** SUMMARY ***
Total pot $6 | Rake $0 
Seat 5: BrandonKelly99
Seat 3: Mr_Dick666 (small blind) folded before Flop
Seat 4: BumHuntKing (big blind) collected ($6)
Seat 6: Xenicide (button) folded before Flop (didn't bet)



PokerStars Hand #254523674082:  Hold'em No Limit ($0.50/$1.00 USD) - 2025/01/23 2:01:15 WET [2025/01/23 21:01:15 ET]
Table 'Zenobia IV' 6-max Seat #3 is the button
Seat 5: BrandonKelly99 ($0 in chips) is sitting out
Seat 3: Mr_Dick666 ($108.91 in chips) 
Seat 4: BumHuntKing ($137.76 in chips) 
Seat 6: Xenicide ($101 in chips) 
BumHuntKing: posts small blind $0.50
Xenicide: posts big blind $1
*** HOLE CARDS ***
Mr_Dick666: folds 
BumHuntKing: folds 
Uncalled bet ($0.50) returned to Xenicide
Xenicide collected $1 from pot
*** SUMMARY ***
Total pot $1 | Rake $0 
Seat 5: BrandonKelly99
Seat 3: Mr_Dick666 (button) folded before Flop (didn't bet)
Seat 4: BumHuntKing (small blind) folded before Flop
Seat 6: Xenicide (big blind) collected ($1)



PokerStars Hand #254523675431:  Hold'em No Limit ($0.50/$1.00 USD) - 2025/01/23 2:01:23 WET [2025/01/23 21:01:23 ET]
Table 'Zenobia IV' 6-max Seat #4 is the button
Seat 5: BrandonKelly99 ($0 in chips) is sitting out
Seat 3: Mr_Dick666 ($108.91 in chips) 
Seat 4: BumHuntKing ($137.26 in chips) 
Seat 6: Xenicide ($101.50 in chips) 
Xenicide: posts small blind $0.50
Mr_Dick666: posts big blind $1
*** HOLE CARDS ***
BumHuntKing: raises $1.50 to $2.50
Xenicide: folds 
Mr_Dick666: folds 
Uncalled bet ($1.50) returned to BumHuntKing
BumHuntKing collected $2.50 from pot
BumHuntKing: doesn't show hand 
*** SUMMARY ***
Total pot $2.50 | Rake $0 
Seat 5: BrandonKelly99
Seat 3: Mr_Dick666 (big blind) folded before Flop
Seat 4: BumHuntKing (button) collected ($2.50)
Seat 6: Xenicide (small blind) folded before Flop



PokerStars Hand #254523680174:  Hold'em No Limit ($0.50/$1.00 USD) - 2025/01/23 2:01:53 WET [2025/01/23 21:01:53 ET]
Table 'Zenobia IV' 6-max Seat #3 is the button
Seat 4: BumHuntKing ($138.76 in chips) is sitting out
Seat 5: BrandonKelly99 ($0 in chips) is sitting out
Seat 3: Mr_Dick666 ($107.91 in chips) 
Seat 6: Xenicide ($101 in chips) 
Mr_Dick666: posts small blind $0.50
BumHuntKing: is sitting out 
Xenicide: posts big blind $1
*** HOLE CARDS ***
BumHuntKing leaves the table
Mr_Dick666: folds 
Uncalled bet ($0.50) returned to Xenicide
Xenicide collected $1 from pot
*** SUMMARY ***
Total pot $1 | Rake $0 
Seat 4: BumHuntKing
Seat 5: BrandonKelly99
Seat 3: Mr_Dick666 (button) (small blind) folded before Flop
Seat 6: Xenicide (big blind) collected ($1)



PokerStars Hand #254523433520:  Hold'em No Limit ($0.50/$1.00 USD) - 2025/01/23 1:36:14 WET [2025/01/23 20:36:14 ET]
Table 'Zenobia IV' 6-max Seat #3 is the button
Seat 1: rao999 ($100 in chips) 
Seat 2: equilibrium_tv ($50 in chips) 
Seat 3: Mr_Dick666 ($100 in chips) 
Seat 4: BumHuntKing ($145.10 in chips) 
Seat 5: BrandonKelly99 ($49.14 in chips) 
Seat 6: nastja336 ($111.56 in chips) 
BumHuntKing: posts small blind $0.50
BrandonKelly99: posts big blind $1
*** HOLE CARDS ***
nastja336: raises $1.50 to $2.50
rao999: folds 
equilibrium_tv: folds 
Mr_Dick666: folds 
BumHuntKing: folds 
BrandonKelly99: calls $1.50
*** FLOP *** [6h Td 3c]
BrandonKelly99: checks 
nastja336: bets $1.72
BrandonKelly99: calls $1.72
*** TURN *** [6h Td 3c] [Ts]
BrandonKelly99: checks 
nastja336: checks 
*** RIVER *** [6h Td 3c Ts] [6s]
BrandonKelly99: checks 
nastja336: bets $2.80
BrandonKelly99: calls $2.80
*** SHOW DOWN ***
nastja336: shows [9c 9h] (two pair, Tens and Nines)
BrandonKelly99: mucks hand 
nastja336 collected $13.81 from pot
*** SUMMARY ***
Total pot $14.54 | Rake $0.73 
Board [6h Td 3c Ts 6s]
Seat 1: rao999 folded before Flop (didn't bet)
Seat 2: equilibrium_tv folded before Flop (didn't bet)
Seat 3: Mr_Dick666 (button) folded before Flop (didn't bet)
Seat 4: BumHuntKing (small blind) folded before Flop
Seat 5: BrandonKelly99 (big blind) mucked
Seat 6: nastja336 showed [9c 9h] and won ($13.81) with two pair, Tens and Nines



PokerStars Hand #254523442398:  Hold'em No Limit ($0.50/$1.00 USD) - 2025/01/23 1:37:05 WET [2025/01/23 20:37:05 ET]
Table 'Zenobia IV' 6-max Seat #4 is the button
Seat 1: rao999 ($100 in chips) 
Seat 2: equilibrium_tv ($50 in chips) 
Seat 3: Mr_Dick666 ($100 in chips) 
Seat 4: BumHuntKing ($144.60 in chips) 
Seat 5: BrandonKelly99 ($42.12 in chips) 
Seat 6: nastja336 ($118.35 in chips) 
BrandonKelly99: posts small blind $0.50
nastja336: posts big blind $1
*** HOLE CARDS ***
rao999: folds 
equilibrium_tv: raises $1 to $2
Mr_Dick666: folds 
BumHuntKing: folds 
BrandonKelly99: calls $1.50
nastja336: folds 
*** FLOP *** [3c Ac 5s]
BrandonKelly99: checks 
equilibrium_tv: bets $1.57
BrandonKelly99: raises $38.55 to $40.12 and is all-in
equilibrium_tv: folds 
Uncalled bet ($38.55) returned to BrandonKelly99
BrandonKelly99 collected $7.73 from pot
*** SUMMARY ***
Total pot $8.14 | Rake $0.41 
Board [3c Ac 5s]
Seat 1: rao999 folded before Flop (didn't bet)
Seat 2: equilibrium_tv folded on the Flop
Seat 3: Mr_Dick666 folded before Flop (didn't bet)
Seat 4: BumHuntKing (button) folded before Flop (didn't bet)
Seat 5: BrandonKelly99 (small blind) collected ($7.73)
Seat 6: nastja336 (big blind) folded before Flop



PokerStars Hand #254523452322:  Hold'em No Limit ($0.50/$1.00 USD) - 2025/01/23 1:38:01 WET [2025/01/23 20:38:01 ET]
Table 'Zenobia IV' 6-max Seat #5 is the button
Seat 1: rao999 ($100 in chips) 
Seat 2: equilibrium_tv ($52.43 in chips) 
Seat 3: Mr_Dick666 ($100 in chips) 
Seat 4: BumHuntKing ($144.60 in chips) 
Seat 5: BrandonKelly99 ($46.28 in chips) 
Seat 6: nastja336 ($117.35 in chips) 
nastja336: posts small blind $0.50
rao999: posts big blind $1
*** HOLE CARDS ***
equilibrium_tv: folds 
Mr_Dick666: folds 
BumHuntKing: folds 
BrandonKelly99: folds 
nastja336: raises $2 to $3
rao999: folds 
Uncalled bet ($2) returned to nastja336
nastja336 collected $2 from pot
nastja336: doesn't show hand 
*** SUMMARY ***
Total pot $2 | Rake $0 
Seat 1: rao999 (big blind) folded before Flop
Seat 2: equilibrium_tv folded before Flop (didn't bet)
Seat 3: Mr_Dick666 folded before Flop (didn't bet)
Seat 4: BumHuntKing folded before Flop (didn't bet)
Seat 5: BrandonKelly99 (button) folded before Flop (didn't bet)
Seat 6: nastja336 (small blind) collected ($2)



PokerStars Hand #254523456748:  Hold'em No Limit ($0.50/$1.00 USD) - 2025/01/23 1:38:27 WET [2025/01/23 20:38:27 ET]
Table 'Zenobia IV' 6-max Seat #6 is the button
Seat 1: rao999 ($100 in chips) 
Seat 2: equilibrium_tv ($52.43 in chips) 
Seat 3: Mr_Dick666 ($100 in chips) 
Seat 4: BumHuntKing ($144.60 in chips) 
Seat 5: BrandonKelly99 ($46.28 in chips) 
Seat 6: nastja336 ($118.35 in chips) 
rao999: posts small blind $0.50
equilibrium_tv: posts big blind $1
*** HOLE CARDS ***
Mr_Dick666: folds 
BumHuntKing: folds 
BrandonKelly99: calls $1
nastja336: raises $4 to $5
rao999: folds 
equilibrium_tv: folds 
BrandonKelly99: calls $4
*** FLOP *** [8h Qh 6h]
BrandonKelly99: bets $41.28 and is all-in
nastja336: folds 
Uncalled bet ($41.28) returned to BrandonKelly99
BrandonKelly99 collected $10.92 from pot
*** SUMMARY ***
Total pot $11.50 | Rake $0.58 
Board [8h Qh 6h]
Seat 1: rao999 (small blind) folded before Flop
Seat 2: equilibrium_tv (big blind) folded before Flop
Seat 3: Mr_Dick666 folded before Flop (didn't bet)
Seat 4: BumHuntKing folded before Flop (didn't bet)
Seat 5: BrandonKelly99 collected ($10.92)
Seat 6: nastja336 (button) folded on the Flop



PokerStars Hand #254523461944:  Hold'em No Limit ($0.50/$1.00 USD) - 2025/01/23 1:38:57 WET [2025/01/23 20:38:57 ET]
Table 'Zenobia IV' 6-max Seat #1 is the button
Seat 1: rao999 ($100 in chips) 
Seat 2: equilibrium_tv ($51.43 in chips) 
Seat 3: Mr_Dick666 ($100 in chips) 
Seat 4: BumHuntKing ($144.60 in chips) 
Seat 5: BrandonKelly99 ($52.20 in chips) 
Seat 6: nastja336 ($113.35 in chips) 
equilibrium_tv: posts small blind $0.50
Mr_Dick666: posts big blind $1
*** HOLE CARDS ***
BumHuntKing: folds 
BrandonKelly99: folds 
nastja336: raises $1.50 to $2.50
rao999: raises $5 to $7.50
equilibrium_tv: folds 
Mr_Dick666: folds 
nastja336: folds 
Uncalled bet ($5) returned to rao999
rao999 collected $6.50 from pot
rao999: doesn't show hand 
*** SUMMARY ***
Total pot $6.50 | Rake $0 
Seat 1: rao999 (button) collected ($6.50)
Seat 2: equilibrium_tv (small blind) folded before Flop
Seat 3: Mr_Dick666 (big blind) folded before Flop
Seat 4: BumHuntKing folded before Flop (didn't bet)
Seat 5: BrandonKelly99 folded before Flop (didn't bet)
Seat 6: nastja336 folded before Flop



PokerStars Hand #254523465981:  Hold'em No Limit ($0.50/$1.00 USD) - 2025/01/23 1:39:20 WET [2025/01/23 20:39:20 ET]
Table 'Zenobia IV' 6-max Seat #2 is the button
Seat 1: rao999 ($104 in chips) 
Seat 2: equilibrium_tv ($50.93 in chips) 
Seat 3: Mr_Dick666 ($100 in chips) 
Seat 4: BumHuntKing ($144.60 in chips) 
Seat 5: BrandonKelly99 ($52.20 in chips) 
Seat 6: nastja336 ($110.85 in chips) 
Mr_Dick666: posts small blind $0.50
BumHuntKing: posts big blind $1
*** HOLE CARDS ***
BrandonKelly99: folds 
nastja336: folds 
rao999: folds 
equilibrium_tv: folds 
Mr_Dick666: folds 
Uncalled bet ($0.50) returned to BumHuntKing
BumHuntKing collected $1 from pot
BumHuntKing: doesn't show hand 
*** SUMMARY ***
Total pot $1 | Rake $0 
Seat 1: rao999 folded before Flop (didn't bet)
Seat 2: equilibrium_tv (button) folded before Flop (didn't bet)
Seat 3: Mr_Dick666 (small blind) folded before Flop
Seat 4: BumHuntKing (big blind) collected ($1)
Seat 5: BrandonKelly99 folded before Flop (didn't bet)
Seat 6: nastja336 folded before Flop (didn't bet)



PokerStars Hand #254523468744:  Hold'em No Limit ($0.50/$1.00 USD) - 2025/01/23 1:39:36 WET [2025/01/23 20:39:36 ET]
Table 'Zenobia IV' 6-max Seat #3 is the button
Seat 1: rao999 ($104 in chips) 
Seat 2: equilibrium_tv ($50.93 in chips) 
Seat 3: Mr_Dick666 ($100 in chips) 
Seat 4: BumHuntKing ($145.10 in chips) 
Seat 5: BrandonKelly99 ($52.20 in chips) 
Seat 6: nastja336 ($110.85 in chips) 
BumHuntKing: posts small blind $0.50
BrandonKelly99: posts big blind $1
*** HOLE CARDS ***
nastja336: folds 
rao999: folds 
equilibrium_tv: folds 
Mr_Dick666: folds 
BumHuntKing: folds 
Uncalled bet ($0.50) returned to BrandonKelly99
BrandonKelly99 collected $1 from pot
*** SUMMARY ***
Total pot $1 | Rake $0 
Seat 1: rao999 folded before Flop (didn't bet)
Seat 2: equilibrium_tv folded before Flop (didn't bet)
Seat 3: Mr_Dick666 (button) folded before Flop (didn't bet)
Seat 4: BumHuntKing (small blind) folded before Flop
Seat 5: BrandonKelly99 (big blind) collected ($1)
Seat 6: nastja336 folded before Flop (didn't bet)



PokerStars Hand #254523471487:  Hold'em No Limit ($0.50/$1.00 USD) - 2025/01/23 1:39:52 WET [2025/01/23 20:39:52 ET]
Table 'Zenobia IV' 6-max Seat #4 is the button
Seat 1: rao999 ($104 in chips) 
Seat 2: equilibrium_tv ($50.93 in chips) 
Seat 3: Mr_Dick666 ($100 in chips) 
Seat 4: BumHuntKing ($144.60 in chips) 
Seat 5: BrandonKelly99 ($52.70 in chips) 
Seat 6: nastja336 ($110.85 in chips) 
BrandonKelly99: posts small blind $0.50
nastja336: posts big blind $1
*** HOLE CARDS ***
rao999: folds 
equilibrium_tv: folds 
Mr_Dick666: raises $1.50 to $2.50
BumHuntKing: raises $5 to $7.50
BrandonKelly99: folds 
nastja336: folds 
Mr_Dick666: folds 
Uncalled bet ($5) returned to BumHuntKing
BumHuntKing collected $6.50 from pot
BumHuntKing: doesn't show hand 
*** SUMMARY ***
Total pot $6.50 | Rake $0 
Seat 1: rao999 folded before Flop (didn't bet)
Seat 2: equilibrium_tv folded before Flop (didn't bet)
Seat 3: Mr_Dick666 folded before Flop
Seat 4: BumHuntKing (button) collected ($6.50)
Seat 5: BrandonKelly99 (small blind) folded before Flop
Seat 6: nastja336 (big blind) folded before Flop



PokerStars Hand #254523476046:  Hold'em No Limit ($0.50/$1.00 USD) - 2025/01/23 1:40:19 WET [2025/01/23 20:40:19 ET]
Table 'Zenobia IV' 6-max Seat #5 is the button
Seat 1: rao999 ($104 in chips) 
Seat 2: equilibrium_tv ($50.93 in chips) 
Seat 3: Mr_Dick666 ($100 in chips) 
Seat 4: BumHuntKing ($148.60 in chips) 
Seat 5: BrandonKelly99 ($52.20 in chips) 
Seat 6: nastja336 ($109.85 in chips) 
nastja336: posts small blind $0.50
rao999: posts big blind $1
*** HOLE CARDS ***
equilibrium_tv: folds 
Mr_Dick666: folds 
BumHuntKing: raises $1.20 to $2.20
BrandonKelly99: folds 
nastja336: folds 
rao999: calls $1.20
*** FLOP *** [4d 6s Th]
rao999: checks 
BumHuntKing: bets $1.54
rao999: calls $1.54
*** TURN *** [4d 6s Th] [Jh]
rao999: checks 
BumHuntKing: bets $11.37
rao999: calls $11.37
*** RIVER *** [4d 6s Th Jh] [5s]
rao999: checks 
BumHuntKing: bets $21.88
rao999: folds 
Uncalled bet ($21.88) returned to BumHuntKing
BumHuntKing collected $29.18 from pot
BumHuntKing: doesn't show hand 
*** SUMMARY ***
Total pot $30.72 | Rake $1.54 
Board [4d 6s Th Jh 5s]
Seat 1: rao999 (big blind) folded on the River
Seat 2: equilibrium_tv folded before Flop (didn't bet)
Seat 3: Mr_Dick666 folded before Flop (didn't bet)
Seat 4: BumHuntKing collected ($29.18)
Seat 5: BrandonKelly99 (button) folded before Flop (didn't bet)
Seat 6: nastja336 (small blind) folded before Flop



PokerStars Hand #254523498416:  Hold'em No Limit ($0.50/$1.00 USD) - 2025/01/23 1:42:30 WET [2025/01/23 20:42:30 ET]
Table 'Zenobia IV' 6-max Seat #6 is the button
Seat 1: rao999 ($100 in chips) 
Seat 2: equilibrium_tv ($50.93 in chips) 
Seat 3: Mr_Dick666 ($100 in chips) 
Seat 4: BumHuntKing ($162.67 in chips) 
Seat 5: BrandonKelly99 ($52.20 in chips) 
Seat 6: nastja336 ($109.35 in chips) 
rao999: posts small blind $0.50
equilibrium_tv: posts big blind $1
*** HOLE CARDS ***
Mr_Dick666: folds 
BumHuntKing: folds 
BrandonKelly99: raises $2 to $3
nastja336: folds 
rao999: folds 
equilibrium_tv: calls $2
*** FLOP *** [2s 4h Qd]
equilibrium_tv: checks 
BrandonKelly99: checks 
*** TURN *** [2s 4h Qd] [6h]
equilibrium_tv: bets $1
BrandonKelly99: calls $1
*** RIVER *** [2s 4h Qd 6h] [8c]
equilibrium_tv: checks 
BrandonKelly99: checks 
*** SHOW DOWN ***
equilibrium_tv: shows [7s 9s] (high card Queen)
BrandonKelly99: shows [As 2h] (a pair of Deuces)
BrandonKelly99 collected $8.08 from pot
*** SUMMARY ***
Total pot $8.50 | Rake $0.42 
Board [2s 4h Qd 6h 8c]
Seat 1: rao999 (small blind) folded before Flop
Seat 2: equilibrium_tv (big blind) showed [7s 9s] and lost with high card Queen
Seat 3: Mr_Dick666 folded before Flop (didn't bet)
Seat 4: BumHuntKing folded before Flop (didn't bet)
Seat 5: BrandonKelly99 showed [As 2h] and won ($8.08) with a pair of Deuces
Seat 6: nastja336 (button) folded before Flop (didn't bet)



PokerStars Hand #254523507463:  Hold'em No Limit ($0.50/$1.00 USD) - 2025/01/23 1:43:23 WET [2025/01/23 20:43:23 ET]
Table 'Zenobia IV' 6-max Seat #1 is the button
Seat 1: rao999 ($100 in chips) 
Seat 2: equilibrium_tv ($46.93 in chips) 
Seat 3: Mr_Dick666 ($100 in chips) 
Seat 4: BumHuntKing ($162.67 in chips) 
Seat 5: BrandonKelly99 ($56.28 in chips) 
Seat 6: nastja336 ($109.35 in chips) 
equilibrium_tv: posts small blind $0.50
Mr_Dick666: posts big blind $1
*** HOLE CARDS ***
BumHuntKing: folds 
BrandonKelly99: folds 
nastja336: folds 
rao999: folds 
equilibrium_tv: raises $2 to $3
Mr_Dick666: calls $2
*** FLOP *** [7d 9d 2s]
equilibrium_tv: bets $1.88
Mr_Dick666: calls $1.88
*** TURN *** [7d 9d 2s] [5d]
equilibrium_tv: checks 
Mr_Dick666: checks 
*** RIVER *** [7d 9d 2s 5d] [9s]
equilibrium_tv: bets $3.06
Mr_Dick666: folds 
Uncalled bet ($3.06) returned to equilibrium_tv
equilibrium_tv collected $9.27 from pot
*** SUMMARY ***
Total pot $9.76 | Rake $0.49 
Board [7d 9d 2s 5d 9s]
Seat 1: rao999 (button) folded before Flop (didn't bet)
Seat 2: equilibrium_tv (small blind) collected ($9.27)
Seat 3: Mr_Dick666 (big blind) folded on the River
Seat 4: BumHuntKing folded before Flop (didn't bet)
Seat 5: BrandonKelly99 folded before Flop (didn't bet)
Seat 6: nastja336 folded before Flop (didn't bet)



PokerStars Hand #254523521562:  Hold'em No Limit ($0.50/$1.00 USD) - 2025/01/23 1:44:46 WET [2025/01/23 20:44:46 ET]
Table 'Zenobia IV' 6-max Seat #2 is the button
Seat 1: rao999 ($100 in chips) 
Seat 2: equilibrium_tv ($60.32 in chips) 
Seat 3: Mr_Dick666 ($100 in chips) 
Seat 4: BumHuntKing ($162.67 in chips) 
Seat 5: BrandonKelly99 ($56.28 in chips) 
Seat 6: nastja336 ($109.35 in chips) 
Mr_Dick666: posts small blind $0.50
BumHuntKing: posts big blind $1
*** HOLE CARDS ***
BrandonKelly99: raises $2 to $3
nastja336: folds 
rao999: folds 
equilibrium_tv: folds 
Mr_Dick666: folds 
BumHuntKing: folds 
Uncalled bet ($2) returned to BrandonKelly99
BrandonKelly99 collected $2.50 from pot
*** SUMMARY ***
Total pot $2.50 | Rake $0 
Seat 1: rao999 folded before Flop (didn't bet)
Seat 2: equilibrium_tv (button) folded before Flop (didn't bet)
Seat 3: Mr_Dick666 (small blind) folded before Flop
Seat 4: BumHuntKing (big blind) folded before Flop
Seat 5: BrandonKelly99 collected ($2.50)
Seat 6: nastja336 folded before Flop (didn't bet)



PokerStars Hand #254523526003:  Hold'em No Limit ($0.50/$1.00 USD) - 2025/01/23 1:45:12 WET [2025/01/23 20:45:12 ET]
Table 'Zenobia IV' 6-max Seat #3 is the button
Seat 1: rao999 ($100 in chips) 
Seat 2: equilibrium_tv ($60.32 in chips) 
Seat 3: Mr_Dick666 ($100 in chips) 
Seat 4: BumHuntKing ($161.67 in chips) 
Seat 5: BrandonKelly99 ($57.78 in chips) 
Seat 6: nastja336 ($109.35 in chips) 
BumHuntKing: posts small blind $0.50
BrandonKelly99: posts big blind $1
*** HOLE CARDS ***
nastja336: folds 
rao999: folds 
equilibrium_tv: raises $1 to $2
Mr_Dick666: folds 
BumHuntKing: folds 
BrandonKelly99: calls $1
*** FLOP *** [4c 9h 2c]
BrandonKelly99: checks 
equilibrium_tv: bets $2.14
BrandonKelly99: calls $2.14
*** TURN *** [4c 9h 2c] [5c]
BrandonKelly99: checks 
equilibrium_tv: bets $2.75
BrandonKelly99: raises $13.84 to $16.59
equilibrium_tv: calls $13.84
*** RIVER *** [4c 9h 2c 5c] [Kh]
BrandonKelly99: bets $37.05 and is all-in
equilibrium_tv: folds 
Uncalled bet ($37.05) returned to BrandonKelly99
BrandonKelly99 collected $39.86 from pot
*** SUMMARY ***
Total pot $41.96 | Rake $2.10 
Board [4c 9h 2c 5c Kh]
Seat 1: rao999 folded before Flop (didn't bet)
Seat 2: equilibrium_tv folded on the River
Seat 3: Mr_Dick666 (button) folded before Flop (didn't bet)
Seat 4: BumHuntKing (small blind) folded before Flop
Seat 5: BrandonKelly99 (big blind) collected ($39.86)
Seat 6: nastja336 folded before Flop (didn't bet)



PokerStars Hand #254523539090:  Hold'em No Limit ($0.50/$1.00 USD) - 2025/01/23 1:46:30 WET [2025/01/23 20:46:30 ET]
Table 'Zenobia IV' 6-max Seat #4 is the button
Seat 1: rao999 ($100 in chips) 
Seat 2: equilibrium_tv ($68.59 in chips) 
Seat 3: Mr_Dick666 ($100 in chips) 
Seat 4: BumHuntKing ($161.17 in chips) 
Seat 5: BrandonKelly99 ($76.91 in chips) 
Seat 6: nastja336 ($109.35 in chips) 
BrandonKelly99: posts small blind $0.50
nastja336: posts big blind $1
*** HOLE CARDS ***
rao999: folds 
equilibrium_tv: folds 
Mr_Dick666: folds 
BumHuntKing: folds 
BrandonKelly99: calls $0.50
nastja336: checks 
*** FLOP *** [5c 8d Kd]
BrandonKelly99: checks 
nastja336: checks 
*** TURN *** [5c 8d Kd] [3c]
BrandonKelly99: checks 
nastja336: checks 
*** RIVER *** [5c 8d Kd 3c] [5s]
BrandonKelly99: checks 
nastja336: checks 
*** SHOW DOWN ***
BrandonKelly99: shows [Tc 8c] (two pair, Eights and Fives)
nastja336: mucks hand 
BrandonKelly99 collected $1.90 from pot
*** SUMMARY ***
Total pot $2 | Rake $0.10 
Board [5c 8d Kd 3c 5s]
Seat 1: rao999 folded before Flop (didn't bet)
Seat 2: equilibrium_tv folded before Flop (didn't bet)
Seat 3: Mr_Dick666 folded before Flop (didn't bet)
Seat 4: BumHuntKing (button) folded before Flop (didn't bet)
Seat 5: BrandonKelly99 (small blind) showed [Tc 8c] and won ($1.90) with two pair, Eights and Fives
Seat 6: nastja336 (big blind) mucked



PokerStars Hand #254523544806:  Hold'em No Limit ($0.50/$1.00 USD) - 2025/01/23 1:47:03 WET [2025/01/23 20:47:03 ET]
Table 'Zenobia IV' 6-max Seat #5 is the button
Seat 1: rao999 ($100 in chips) 
Seat 2: equilibrium_tv ($68.59 in chips) 
Seat 3: Mr_Dick666 ($100 in chips) 
Seat 4: BumHuntKing ($161.17 in chips) 
Seat 5: BrandonKelly99 ($77.81 in chips) 
Seat 6: nastja336 ($108.35 in chips) 
nastja336: posts small blind $0.50
rao999: posts big blind $1
*** HOLE CARDS ***
equilibrium_tv: folds 
Mr_Dick666: folds 
BumHuntKing: raises $1.20 to $2.20
BrandonKelly99: folds 
nastja336: folds 
rao999: folds 
Uncalled bet ($1.20) returned to BumHuntKing
BumHuntKing collected $2.50 from pot
BumHuntKing: doesn't show hand 
*** SUMMARY ***
Total pot $2.50 | Rake $0 
Seat 1: rao999 (big blind) folded before Flop
Seat 2: equilibrium_tv folded before Flop (didn't bet)
Seat 3: Mr_Dick666 folded before Flop (didn't bet)
Seat 4: BumHuntKing collected ($2.50)
Seat 5: BrandonKelly99 (button) folded before Flop (didn't bet)
Seat 6: nastja336 (small blind) folded before Flop



PokerStars Hand #254523547661:  Hold'em No Limit ($0.50/$1.00 USD) - 2025/01/23 1:47:20 WET [2025/01/23 20:47:20 ET]
Table 'Zenobia IV' 6-max Seat #6 is the button
Seat 1: rao999 ($100 in chips) 
Seat 2: equilibrium_tv ($80.59 in chips) 
Seat 3: Mr_Dick666 ($100 in chips) 
Seat 4: BumHuntKing ($162.67 in chips) 
Seat 5: BrandonKelly99 ($77.81 in chips) 
Seat 6: nastja336 ($107.85 in chips) 
rao999: posts small blind $0.50
equilibrium_tv: posts big blind $1
*** HOLE CARDS ***
Mr_Dick666: folds 
BumHuntKing: raises $1.20 to $2.20
BrandonKelly99: folds 
nastja336: folds 
rao999: folds 
equilibrium_tv: calls $1.20
*** FLOP *** [7d 3d 6s]
equilibrium_tv: bets $2.33
BumHuntKing: raises $8.15 to $10.48
equilibrium_tv: folds 
Uncalled bet ($8.15) returned to BumHuntKing
BumHuntKing collected $9.08 from pot
BumHuntKing: doesn't show hand 
*** SUMMARY ***
Total pot $9.56 | Rake $0.48 
Board [7d 3d 6s]
Seat 1: rao999 (small blind) folded before Flop
Seat 2: equilibrium_tv (big blind) folded on the Flop
Seat 3: Mr_Dick666 folded before Flop (didn't bet)
Seat 4: BumHuntKing collected ($9.08)
Seat 5: BrandonKelly99 folded before Flop (didn't bet)
Seat 6: nastja336 (button) folded before Flop (didn't bet)



PokerStars Hand #254523555299:  Hold'em No Limit ($0.50/$1.00 USD) - 2025/01/23 1:48:04 WET [2025/01/23 20:48:04 ET]
Table 'Zenobia IV' 6-max Seat #1 is the button
Seat 1: rao999 ($100 in chips) 
Seat 2: equilibrium_tv ($76.06 in chips) 
Seat 3: Mr_Dick666 ($100 in chips) 
Seat 4: BumHuntKing ($167.22 in chips) 
Seat 5: BrandonKelly99 ($77.81 in chips) 
Seat 6: nastja336 ($107.85 in chips) 
equilibrium_tv: posts small blind $0.50
Mr_Dick666: posts big blind $1
*** HOLE CARDS ***
BumHuntKing: folds 
BrandonKelly99: calls $1
nastja336: folds 
rao999: raises $2.50 to $3.50
equilibrium_tv: folds 
Mr_Dick666: folds 
BrandonKelly99: calls $2.50
*** FLOP *** [9d Td Ks]
BrandonKelly99: bets $4.04
rao999: calls $4.04
*** TURN *** [9d Td Ks] [3d]
BrandonKelly99: bets $70.27 and is all-in
rao999: folds 
Uncalled bet ($70.27) returned to BrandonKelly99
BrandonKelly99 collected $15.75 from pot
*** SUMMARY ***
Total pot $16.58 | Rake $0.83 
Board [9d Td Ks 3d]
Seat 1: rao999 (button) folded on the Turn
Seat 2: equilibrium_tv (small blind) folded before Flop
Seat 3: Mr_Dick666 (big blind) folded before Flop
Seat 4: BumHuntKing folded before Flop (didn't bet)
Seat 5: BrandonKelly99 collected ($15.75)
Seat 6: nastja336 folded before Flop (didn't bet)



PokerStars Hand #254523562846:  Hold'em No Limit ($0.50/$1.00 USD) - 2025/01/23 1:48:50 WET [2025/01/23 20:48:50 ET]
Table 'Zenobia IV' 6-max Seat #2 is the button
Seat 1: rao999 ($100 in chips) 
Seat 2: equilibrium_tv ($76.56 in chips) 
Seat 3: Mr_Dick666 ($100 in chips) 
Seat 4: BumHuntKing ($167.22 in chips) 
Seat 5: BrandonKelly99 ($86.02 in chips) 
Seat 6: nastja336 ($107.85 in chips) 
Mr_Dick666: posts small blind $0.50
BumHuntKing: posts big blind $1
*** HOLE CARDS ***
BrandonKelly99: calls $1
nastja336: folds 
rao999: raises $2.50 to $3.50
equilibrium_tv: calls $3.50
Mr_Dick666: folds 
BumHuntKing: folds 
BrandonKelly99: calls $2.50
*** FLOP *** [Ad 6h 3c]
BrandonKelly99: checks 
rao999: bets $2.85
equilibrium_tv: calls $2.85
BrandonKelly99: folds 
*** TURN *** [Ad 6h 3c] [2d]
rao999: checks 
equilibrium_tv: bets $12.62
rao999: folds 
Uncalled bet ($12.62) returned to equilibrium_tv
equilibrium_tv collected $16.82 from pot
*** SUMMARY ***
Total pot $17.70 | Rake $0.88 
Board [Ad 6h 3c 2d]
Seat 1: rao999 folded on the Turn
Seat 2: equilibrium_tv (button) collected ($16.82)
Seat 3: Mr_Dick666 (small blind) folded before Flop
Seat 4: BumHuntKing (big blind) folded before Flop
Seat 5: BrandonKelly99 folded on the Flop
Seat 6: nastja336 folded before Flop (didn't bet)



PokerStars Hand #254523578262:  Hold'em No Limit ($0.50/$1.00 USD) - 2025/01/23 1:50:20 WET [2025/01/23 20:50:20 ET]
Table 'Zenobia IV' 6-max Seat #3 is the button
Seat 1: rao999 ($100 in chips) 
Seat 2: equilibrium_tv ($100 in chips) 
Seat 3: Mr_Dick666 ($100 in chips) 
Seat 4: BumHuntKing ($166.22 in chips) 
Seat 5: BrandonKelly99 ($82.52 in chips) 
Seat 6: nastja336 ($107.85 in chips) 
BumHuntKing: posts small blind $0.50
BrandonKelly99: posts big blind $1
*** HOLE CARDS ***
nastja336: folds 
rao999: folds 
equilibrium_tv: raises $1.50 to $2.50
Mr_Dick666: folds 
BumHuntKing: calls $2
BrandonKelly99: calls $1.50
*** FLOP *** [9s 9c 8s]
BumHuntKing: checks 
BrandonKelly99: checks 
equilibrium_tv: bets $2.35
BumHuntKing: calls $2.35
BrandonKelly99: folds 
*** TURN *** [9s 9c 8s] [Kh]
BumHuntKing: checks 
equilibrium_tv: checks 
*** RIVER *** [9s 9c 8s Kh] [Tc]
BumHuntKing: checks 
equilibrium_tv: checks 
*** SHOW DOWN ***
BumHuntKing: shows [4s 4d] (two pair, Nines and Fours)
equilibrium_tv: shows [5c 5d] (two pair, Nines and Fives)
equilibrium_tv collected $11.59 from pot
*** SUMMARY ***
Total pot $12.20 | Rake $0.61 
Board [9s 9c 8s Kh Tc]
Seat 1: rao999 folded before Flop (didn't bet)
Seat 2: equilibrium_tv showed [5c 5d] and won ($11.59) with two pair, Nines and Fives
Seat 3: Mr_Dick666 (button) folded before Flop (didn't bet)
Seat 4: BumHuntKing (small blind) showed [4s 4d] and lost with two pair, Nines and Fours
Seat 5: BrandonKelly99 (big blind) folded on the Flop
Seat 6: nastja336 folded before Flop (didn't bet)



PokerStars Hand #254523588871:  Hold'em No Limit ($0.50/$1.00 USD) - 2025/01/23 1:51:23 WET [2025/01/23 20:51:23 ET]
Table 'Zenobia IV' 6-max Seat #4 is the button
Seat 1: rao999 ($100 in chips) 
Seat 2: equilibrium_tv ($106.74 in chips) 
Seat 3: Mr_Dick666 ($100 in chips) 
Seat 4: BumHuntKing ($161.37 in chips) 
Seat 5: BrandonKelly99 ($80.02 in chips) 
Seat 6: nastja336 ($107.85 in chips) 
BrandonKelly99: posts small blind $0.50
nastja336: posts big blind $1
*** HOLE CARDS ***
rao999: folds 
equilibrium_tv: folds 
Mr_Dick666: folds 
BumHuntKing: raises $1.50 to $2.50
BrandonKelly99: calls $2
nastja336: calls $1.50
*** FLOP *** [7d Th 4h]
BrandonKelly99: checks 
nastja336: checks 
BumHuntKing: checks 
*** TURN *** [7d Th 4h] [5s]
BrandonKelly99: checks 
nastja336: checks 
BumHuntKing: bets $7.12
BrandonKelly99: folds 
nastja336: folds 
Uncalled bet ($7.12) returned to BumHuntKing
BumHuntKing collected $7.12 from pot
BumHuntKing: doesn't show hand 
*** SUMMARY ***
Total pot $7.50 | Rake $0.38 
Board [7d Th 4h 5s]
Seat 1: rao999 folded before Flop (didn't bet)
Seat 2: equilibrium_tv folded before Flop (didn't bet)
Seat 3: Mr_Dick666 folded before Flop (didn't bet)
Seat 4: BumHuntKing (button) collected ($7.12)
Seat 5: BrandonKelly99 (small blind) folded on the Turn
Seat 6: nastja336 (big blind) folded on the Turn



PokerStars Hand #254523596146:  Hold'em No Limit ($0.50/$1.00 USD) - 2025/01/23 1:52:07 WET [2025/01/23 20:52:07 ET]
Table 'Zenobia IV' 6-max Seat #5 is the button
Seat 1: rao999 ($100 in chips) 
Seat 2: equilibrium_tv ($106.74 in chips) 
Seat 3: Mr_Dick666 ($100 in chips) 
Seat 4: BumHuntKing ($165.99 in chips) 
Seat 5: BrandonKelly99 ($77.52 in chips) 
Seat 6: nastja336 ($105.35 in chips) 
nastja336: posts small blind $0.50
rao999: posts big blind $1
*** HOLE CARDS ***
equilibrium_tv: folds 
Mr_Dick666: raises $1 to $2
BumHuntKing: folds 
BrandonKelly99: folds 
nastja336: folds 
rao999: folds 
Uncalled bet ($1) returned to Mr_Dick666
Mr_Dick666 collected $2.50 from pot
Mr_Dick666: doesn't show hand 
*** SUMMARY ***
Total pot $2.50 | Rake $0 
Seat 1: rao999 (big blind) folded before Flop
Seat 2: equilibrium_tv folded before Flop (didn't bet)
Seat 3: Mr_Dick666 collected ($2.50)
Seat 4: BumHuntKing folded before Flop (didn't bet)
Seat 5: BrandonKelly99 (button) folded before Flop (didn't bet)
Seat 6: nastja336 (small blind) folded before Flop



PokerStars Hand #254523598971:  Hold'em No Limit ($0.50/$1.00 USD) - 2025/01/23 1:52:24 WET [2025/01/23 20:52:24 ET]
Table 'Zenobia IV' 6-max Seat #6 is the button
Seat 1: rao999 ($100 in chips) 
Seat 2: equilibrium_tv ($106.74 in chips) 
Seat 3: Mr_Dick666 ($101.50 in chips) 
Seat 4: BumHuntKing ($165.99 in chips) 
Seat 5: BrandonKelly99 ($77.52 in chips) 
Seat 6: nastja336 ($104.85 in chips) 
rao999: posts small blind $0.50
equilibrium_tv: posts big blind $1
*** HOLE CARDS ***
Mr_Dick666: folds 
BumHuntKing: folds 
BrandonKelly99: folds 
nastja336: folds 
rao999: folds 
Uncalled bet ($0.50) returned to equilibrium_tv
equilibrium_tv collected $1 from pot
*** SUMMARY ***
Total pot $1 | Rake $0 
Seat 1: rao999 (small blind) folded before Flop
Seat 2: equilibrium_tv (big blind) collected ($1)
Seat 3: Mr_Dick666 folded before Flop (didn't bet)
Seat 4: BumHuntKing folded before Flop (didn't bet)
Seat 5: BrandonKelly99 folded before Flop (didn't bet)
Seat 6: nastja336 (button) folded before Flop (didn't bet)



PokerStars Hand #254523601409:  Hold'em No Limit ($0.50/$1.00 USD) - 2025/01/23 1:52:38 WET [2025/01/23 20:52:38 ET]
Table 'Zenobia IV' 6-max Seat #1 is the button
Seat 1: rao999 ($100 in chips) 
Seat 2: equilibrium_tv ($107.24 in chips) 
Seat 3: Mr_Dick666 ($101.50 in chips) 
Seat 4: BumHuntKing ($165.99 in chips) 
Seat 5: BrandonKelly99 ($77.52 in chips) 
Seat 6: nastja336 ($104.85 in chips) 
equilibrium_tv: posts small blind $0.50
Mr_Dick666: posts big blind $1
*** HOLE CARDS ***
BumHuntKing: folds 
BrandonKelly99: folds 
nastja336: folds 
rao999: folds 
equilibrium_tv: raises $2 to $3
Mr_Dick666: folds 
Uncalled bet ($2) returned to equilibrium_tv
equilibrium_tv collected $2 from pot
*** SUMMARY ***
Total pot $2 | Rake $0 
Seat 1: rao999 (button) folded before Flop (didn't bet)
Seat 2: equilibrium_tv (small blind) collected ($2)
Seat 3: Mr_Dick666 (big blind) folded before Flop
Seat 4: BumHuntKing folded before Flop (didn't bet)
Seat 5: BrandonKelly99 folded before Flop (didn't bet)
Seat 6: nastja336 folded before Flop (didn't bet)



PokerStars Hand #254523605901:  Hold'em No Limit ($0.50/$1.00 USD) - 2025/01/23 1:53:05 WET [2025/01/23 20:53:05 ET]
Table 'Zenobia IV' 6-max Seat #2 is the button
Seat 1: rao999 ($100 in chips) 
Seat 2: equilibrium_tv ($108.24 in chips) 
Seat 3: Mr_Dick666 ($100.50 in chips) 
Seat 4: BumHuntKing ($165.99 in chips) 
Seat 5: BrandonKelly99 ($77.52 in chips) 
Seat 6: nastja336 ($104.85 in chips) 
Mr_Dick666: posts small blind $0.50
BumHuntKing: posts big blind $1
*** HOLE CARDS ***
BrandonKelly99: folds 
nastja336: folds 
rao999: folds 
equilibrium_tv: folds 
Mr_Dick666: folds 
Uncalled bet ($0.50) returned to BumHuntKing
BumHuntKing collected $1 from pot
BumHuntKing: doesn't show hand 
*** SUMMARY ***
Total pot $1 | Rake $0 
Seat 1: rao999 folded before Flop (didn't bet)
Seat 2: equilibrium_tv (button) folded before Flop (didn't bet)
Seat 3: Mr_Dick666 (small blind) folded before Flop
Seat 4: BumHuntKing (big blind) collected ($1)
Seat 5: BrandonKelly99 folded before Flop (didn't bet)
Seat 6: nastja336 folded before Flop (didn't bet)



PokerStars Hand #254523608884:  Hold'em No Limit ($0.50/$1.00 USD) - 2025/01/23 1:53:23 WET [2025/01/23 20:53:23 ET]
Table 'Zenobia IV' 6-max Seat #3 is the button
Seat 1: rao999 ($100 in chips) 
Seat 2: equilibrium_tv ($108.24 in chips) 
Seat 3: Mr_Dick666 ($100 in chips) 
Seat 4: BumHuntKing ($166.49 in chips) 
Seat 5: BrandonKelly99 ($77.52 in chips) 
Seat 6: nastja336 ($104.85 in chips) 
BumHuntKing: posts small blind $0.50
BrandonKelly99: posts big blind $1
*** HOLE CARDS ***
nastja336: folds 
rao999: raises $1.50 to $2.50
equilibrium_tv: folds 
Mr_Dick666: folds 
BumHuntKing: calls $2
BrandonKelly99: folds 
*** FLOP *** [8s Ks Kh]
BumHuntKing: checks 
rao999: bets $1.88
BumHuntKing: calls $1.88
*** TURN *** [8s Ks Kh] [5c]
BumHuntKing: checks 
rao999: bets $6.12
BumHuntKing: raises $10.76 to $16.88
rao999: calls $10.76
*** RIVER *** [8s Ks Kh 5c] [6h]
BumHuntKing: checks 
rao999: bets $31.01
BumHuntKing: folds 
Uncalled bet ($31.01) returned to rao999
rao999 collected $41.34 from pot
rao999: doesn't show hand 
*** SUMMARY ***
Total pot $43.52 | Rake $2.18 
Board [8s Ks Kh 5c 6h]
Seat 1: rao999 collected ($41.34)
Seat 2: equilibrium_tv folded before Flop (didn't bet)
Seat 3: Mr_Dick666 (button) folded before Flop (didn't bet)
Seat 4: BumHuntKing (small blind) folded on the River
Seat 5: BrandonKelly99 (big blind) folded before Flop
Seat 6: nastja336 folded before Flop (didn't bet)



PokerStars Hand #254523625772:  Hold'em No Limit ($0.50/$1.00 USD) - 2025/01/23 1:55:06 WET [2025/01/23 20:55:06 ET]
Table 'Zenobia IV' 6-max Seat #4 is the button
Seat 1: rao999 ($120.08 in chips) 
Seat 2: equilibrium_tv ($108.24 in chips) 
Seat 3: Mr_Dick666 ($100 in chips) 
Seat 4: BumHuntKing ($145.23 in chips) 
Seat 5: BrandonKelly99 ($76.52 in chips) 
Seat 6: nastja336 ($104.85 in chips) 
BrandonKelly99: posts small blind $0.50
nastja336: posts big blind $1
*** HOLE CARDS ***
rao999: folds 
equilibrium_tv: folds 
Mr_Dick666: raises $1.50 to $2.50
BumHuntKing: folds 
BrandonKelly99: calls $2
nastja336: folds 
*** FLOP *** [3h 8s 8c]
BrandonKelly99: checks 
Mr_Dick666: bets $2.85
BrandonKelly99: calls $2.85
*** TURN *** [3h 8s 8c] [6h]
BrandonKelly99: checks 
Mr_Dick666: checks 
*** RIVER *** [3h 8s 8c 6h] [5c]
BrandonKelly99: checks 
Mr_Dick666: bets $3.67
BrandonKelly99: calls $3.67
*** SHOW DOWN ***
Mr_Dick666: shows [Ks 5s] (two pair, Eights and Fives)
BrandonKelly99: mucks hand 
Mr_Dick666 collected $18.09 from pot
*** SUMMARY ***
Total pot $19.04 | Rake $0.95 
Board [3h 8s 8c 6h 5c]
Seat 1: rao999 folded before Flop (didn't bet)
Seat 2: equilibrium_tv folded before Flop (didn't bet)
Seat 3: Mr_Dick666 showed [Ks 5s] and won ($18.09) with two pair, Eights and Fives
Seat 4: BumHuntKing (button) folded before Flop (didn't bet)
Seat 5: BrandonKelly99 (small blind) mucked
Seat 6: nastja336 (big blind) folded before Flop



PokerStars Hand #254523632802:  Hold'em No Limit ($0.50/$1.00 USD) - 2025/01/23 1:56:00 WET [2025/01/23 20:56:00 ET]
Table 'Zenobia IV' 6-max Seat #5 is the button
Seat 1: rao999 ($120.08 in chips) 
Seat 2: equilibrium_tv ($108.24 in chips) 
Seat 3: Mr_Dick666 ($109.07 in chips) 
Seat 4: BumHuntKing ($145.23 in chips) 
Seat 5: BrandonKelly99 ($67.50 in chips) 
Seat 6: nastja336 ($103.85 in chips) 
nastja336: posts small blind $0.50
rao999: posts big blind $1
*** HOLE CARDS ***
equilibrium_tv: folds 
Mr_Dick666: raises $1 to $2
BumHuntKing: folds 
BrandonKelly99: calls $2
nastja336: folds 
rao999: folds 
*** FLOP *** [2d 5h 9h]
Mr_Dick666: checks 
BrandonKelly99: bets $5.22
Mr_Dick666: folds 
Uncalled bet ($5.22) returned to BrandonKelly99
BrandonKelly99 collected $5.22 from pot
*** SUMMARY ***
Total pot $5.50 | Rake $0.28 
Board [2d 5h 9h]
Seat 1: rao999 (big blind) folded before Flop
Seat 2: equilibrium_tv folded before Flop (didn't bet)
Seat 3: Mr_Dick666 folded on the Flop
Seat 4: BumHuntKing folded before Flop (didn't bet)
Seat 5: BrandonKelly99 (button) collected ($5.22)
Seat 6: nastja336 (small blind) folded before Flop



PokerStars Hand #254523636358:  Hold'em No Limit ($0.50/$1.00 USD) - 2025/01/23 1:56:28 WET [2025/01/23 20:56:28 ET]
Table 'Zenobia IV' 6-max Seat #6 is the button
Seat 1: rao999 ($119.08 in chips) 
Seat 2: equilibrium_tv ($108.24 in chips) 
Seat 3: Mr_Dick666 ($107.07 in chips) 
Seat 4: BumHuntKing ($145.23 in chips) 
Seat 5: BrandonKelly99 ($70.72 in chips) 
Seat 6: nastja336 ($103.35 in chips) 
rao999: posts small blind $0.50
equilibrium_tv: posts big blind $1
*** HOLE CARDS ***
Mr_Dick666: folds 
BumHuntKing: raises $1.20 to $2.20
BrandonKelly99: calls $2.20
nastja336: raises $9.80 to $12
rao999: folds 
equilibrium_tv: folds 
BumHuntKing: folds 
BrandonKelly99: calls $9.80
*** FLOP *** [Qd 7d 7s]
BrandonKelly99: bets $58.72 and is all-in
nastja336: calls $58.72
*** TURN *** [Qd 7d 7s] [8c]
*** RIVER *** [Qd 7d 7s 8c] [Js]
*** SHOW DOWN ***
BrandonKelly99: shows [6d Ah] (a pair of Sevens)
nastja336: shows [Qh Th] (two pair, Queens and Sevens)
nastja336 collected $142.64 from pot
*** SUMMARY ***
Total pot $145.14 | Rake $2.50 
Board [Qd 7d 7s 8c Js]
Seat 1: rao999 (small blind) folded before Flop
Seat 2: equilibrium_tv (big blind) folded before Flop
Seat 3: Mr_Dick666 folded before Flop (didn't bet)
Seat 4: BumHuntKing folded before Flop
Seat 5: BrandonKelly99 showed [6d Ah] and lost with a pair of Sevens
Seat 6: nastja336 (button) showed [Qh Th] and won ($142.64) with two pair, Queens and Sevens



