PokerStars Hand #254516828152:  Hold'em No Limit ($0.50/$1.00 USD) - 2025/01/23 18:09:36 WET [2025/01/23 13:09:36 ET]
Table 'Alcyone IV' 6-max Seat #4 is the button
Seat 1: blackclan7 ($100 in chips) 
Seat 2: AlexPinsk1 ($100 in chips) 
Seat 4: MaikonAll ($100 in chips) 
Seat 5: whitecillar3 ($80 in chips) 
whitecillar3: posts small blind $0.50
wad78 joins the table at seat #6 
blackclan7: posts big blind $1
*** HOLE CARDS ***
worker0k joins the table at seat #3 
AlexPinsk1: raises $1.50 to $2.50
MaikonAll: folds 
whitecillar3: folds 
blackclan7: folds 
Uncalled bet ($1.50) returned to AlexPinsk1
AlexPinsk1 collected $2.50 from pot
AlexPinsk1: doesn't show hand 
*** SUMMARY ***
Total pot $2.50 | Rake $0 
Seat 1: blackclan7 (big blind) folded before Flop
Seat 2: AlexPinsk1 collected ($2.50)
Seat 4: MaikonAll (button) folded before Flop (didn't bet)
Seat 5: whitecillar3 (small blind) folded before Flop



PokerStars Hand #254516830736:  Hold'em No Limit ($0.50/$1.00 USD) - 2025/01/23 18:09:48 WET [2025/01/23 13:09:48 ET]
Table 'Alcyone IV' 6-max Seat #5 is the button
Seat 3: worker0k ($100 in chips) is sitting out
Seat 6: wad78 ($45 in chips) is sitting out
Seat 1: blackclan7 ($100 in chips) 
Seat 2: AlexPinsk1 ($101.50 in chips) 
Seat 4: MaikonAll ($100 in chips) 
Seat 5: whitecillar3 ($100 in chips) 
blackclan7: posts small blind $0.50
AlexPinsk1: posts big blind $1
worker0k: sits out 
*** HOLE CARDS ***
MaikonAll: folds 
whitecillar3: folds 
blackclan7: raises $2 to $3
AlexPinsk1: folds 
Uncalled bet ($2) returned to blackclan7
blackclan7 collected $2 from pot
blackclan7: doesn't show hand 
*** SUMMARY ***
Total pot $2 | Rake $0 
Seat 3: worker0k
Seat 6: wad78
Seat 1: blackclan7 (small blind) collected ($2)
Seat 2: AlexPinsk1 (big blind) folded before Flop
Seat 4: MaikonAll folded before Flop (didn't bet)
Seat 5: whitecillar3 (button) folded before Flop (didn't bet)



PokerStars Hand #254516834003:  Hold'em No Limit ($0.50/$1.00 USD) - 2025/01/23 18:10:02 WET [2025/01/23 13:10:02 ET]
Table 'Alcyone IV' 6-max Seat #1 is the button
Seat 1: blackclan7 ($101 in chips) 
Seat 2: AlexPinsk1 ($100.50 in chips) 
Seat 3: worker0k ($100 in chips) 
Seat 4: MaikonAll ($100 in chips) 
Seat 5: whitecillar3 ($100 in chips) 
Seat 6: wad78 ($45 in chips) 
AlexPinsk1: posts small blind $0.50
worker0k: posts big blind $1
wad78: posts big blind $1
*** HOLE CARDS ***
MaikonAll: folds 
whitecillar3: folds 
wad78: checks 
blackclan7: folds 
AlexPinsk1: folds 
worker0k: checks 
*** FLOP *** [Ac Ah Ks]
worker0k: checks 
wad78: checks 
*** TURN *** [Ac Ah Ks] [8d]
worker0k: checks 
wad78: checks 
*** RIVER *** [Ac Ah Ks 8d] [3d]
worker0k: checks 
wad78: checks 
*** SHOW DOWN ***
worker0k: shows [5s Qh] (a pair of Aces)
wad78: mucks hand 
worker0k collected $2.38 from pot
*** SUMMARY ***
Total pot $2.50 | Rake $0.12 
Board [Ac Ah Ks 8d 3d]
Seat 1: blackclan7 (button) folded before Flop (didn't bet)
Seat 2: AlexPinsk1 (small blind) folded before Flop
Seat 3: worker0k (big blind) showed [5s Qh] and won ($2.38) with a pair of Aces
Seat 4: MaikonAll folded before Flop (didn't bet)
Seat 5: whitecillar3 folded before Flop (didn't bet)
Seat 6: wad78 mucked



PokerStars Hand #254516841109:  Hold'em No Limit ($0.50/$1.00 USD) - 2025/01/23 18:10:34 WET [2025/01/23 13:10:34 ET]
Table 'Alcyone IV' 6-max Seat #2 is the button
Seat 1: blackclan7 ($101 in chips) 
Seat 2: AlexPinsk1 ($100 in chips) 
Seat 3: worker0k ($101.38 in chips) 
Seat 4: MaikonAll ($100 in chips) 
Seat 5: whitecillar3 ($100 in chips) 
Seat 6: wad78 ($44 in chips) 
worker0k: posts small blind $0.50
MaikonAll: posts big blind $1
*** HOLE CARDS ***
whitecillar3: folds 
wad78: folds 
blackclan7: raises $1.30 to $2.30
AlexPinsk1: folds 
worker0k: folds 
MaikonAll: folds 
Uncalled bet ($1.30) returned to blackclan7
blackclan7 collected $2.50 from pot
blackclan7: doesn't show hand 
*** SUMMARY ***
Total pot $2.50 | Rake $0 
Seat 1: blackclan7 collected ($2.50)
Seat 2: AlexPinsk1 (button) folded before Flop (didn't bet)
Seat 3: worker0k (small blind) folded before Flop
Seat 4: MaikonAll (big blind) folded before Flop
Seat 5: whitecillar3 folded before Flop (didn't bet)
Seat 6: wad78 folded before Flop (didn't bet)



PokerStars Hand #254516844667:  Hold'em No Limit ($0.50/$1.00 USD) - 2025/01/23 18:10:49 WET [2025/01/23 13:10:49 ET]
Table 'Alcyone IV' 6-max Seat #3 is the button
Seat 1: blackclan7 ($102.50 in chips) 
Seat 2: AlexPinsk1 ($100 in chips) 
Seat 3: worker0k ($100.88 in chips) 
Seat 4: MaikonAll ($100 in chips) 
Seat 5: whitecillar3 ($100 in chips) 
Seat 6: wad78 ($44 in chips) 
MaikonAll: posts small blind $0.50
whitecillar3: posts big blind $1
*** HOLE CARDS ***
wad78: raises $1 to $2
blackclan7: folds 
AlexPinsk1: raises $5 to $7
worker0k: folds 
MaikonAll: folds 
whitecillar3: folds 
wad78: calls $5
*** FLOP *** [Td Qc 7c]
wad78: checks 
AlexPinsk1: checks 
*** TURN *** [Td Qc 7c] [3d]
wad78: checks 
AlexPinsk1: checks 
*** RIVER *** [Td Qc 7c 3d] [Js]
wad78: checks 
AlexPinsk1: bets $22.50
wad78: folds 
Uncalled bet ($22.50) returned to AlexPinsk1
AlexPinsk1 collected $14.72 from pot
AlexPinsk1: doesn't show hand 
*** SUMMARY ***
Total pot $15.50 | Rake $0.78 
Board [Td Qc 7c 3d Js]
Seat 1: blackclan7 folded before Flop (didn't bet)
Seat 2: AlexPinsk1 collected ($14.72)
Seat 3: worker0k (button) folded before Flop (didn't bet)
Seat 4: MaikonAll (small blind) folded before Flop
Seat 5: whitecillar3 (big blind) folded before Flop
Seat 6: wad78 folded on the River



PokerStars Hand #254516872113:  Hold'em No Limit ($0.50/$1.00 USD) - 2025/01/23 18:12:49 WET [2025/01/23 13:12:49 ET]
Table 'Alcyone IV' 6-max Seat #4 is the button
Seat 1: blackclan7 ($102.50 in chips) 
Seat 2: AlexPinsk1 ($107.72 in chips) 
Seat 3: worker0k ($100.88 in chips) 
Seat 4: MaikonAll ($100 in chips) 
Seat 5: whitecillar3 ($99 in chips) 
Seat 6: wad78 ($37 in chips) 
whitecillar3: posts small blind $0.50
wad78: posts big blind $1
*** HOLE CARDS ***
blackclan7: folds 
AlexPinsk1: folds 
worker0k: raises $1.30 to $2.30
MaikonAll: folds 
whitecillar3: folds 
wad78: folds 
Uncalled bet ($1.30) returned to worker0k
worker0k collected $2.50 from pot
*** SUMMARY ***
Total pot $2.50 | Rake $0 
Seat 1: blackclan7 folded before Flop (didn't bet)
Seat 2: AlexPinsk1 folded before Flop (didn't bet)
Seat 3: worker0k collected ($2.50)
Seat 4: MaikonAll (button) folded before Flop (didn't bet)
Seat 5: whitecillar3 (small blind) folded before Flop
Seat 6: wad78 (big blind) folded before Flop



PokerStars Hand #254516875532:  Hold'em No Limit ($0.50/$1.00 USD) - 2025/01/23 18:13:03 WET [2025/01/23 13:13:03 ET]
Table 'Alcyone IV' 6-max Seat #5 is the button
Seat 1: blackclan7 ($102.50 in chips) is sitting out
Seat 2: AlexPinsk1 ($107.72 in chips) 
Seat 3: worker0k ($102.38 in chips) 
Seat 4: MaikonAll ($100 in chips) 
Seat 5: whitecillar3 ($98.50 in chips) 
Seat 6: wad78 ($36 in chips) 
wad78: posts small blind $0.50
blackclan7: is sitting out 
AlexPinsk1: posts big blind $1
*** HOLE CARDS ***
worker0k: folds 
blackclan7 leaves the table
MaikonAll: raises $1.30 to $2.30
worker0k leaves the table
whitecillar3: folds 
wad78: folds 
AlexPinsk1: calls $1.30
*** FLOP *** [2c 9d Jc]
AlexPinsk1: checks 
MaikonAll: bets $3.63
AlexPinsk1: calls $3.63
*** TURN *** [2c 9d Jc] [6h]
xcinaz joins the table at seat #1 
AlexPinsk1: checks 
MaikonAll: bets $8.78
ImaPeppaPig joins the table at seat #3 
AlexPinsk1: calls $8.78
*** RIVER *** [2c 9d Jc 6h] [8c]
AlexPinsk1: checks 
MaikonAll: checks 
*** SHOW DOWN ***
AlexPinsk1: shows [Jh As] (a pair of Jacks)
MaikonAll: shows [Ad Jd] (a pair of Jacks)
AlexPinsk1 collected $14.21 from pot
MaikonAll collected $14.21 from pot
*** SUMMARY ***
Total pot $29.92 | Rake $1.50 
Board [2c 9d Jc 6h 8c]
Seat 1: blackclan7
Seat 2: AlexPinsk1 (big blind) showed [Jh As] and won ($14.21) with a pair of Jacks
Seat 3: worker0k folded before Flop (didn't bet)
Seat 4: MaikonAll showed [Ad Jd] and won ($14.21) with a pair of Jacks
Seat 5: whitecillar3 (button) folded before Flop (didn't bet)
Seat 6: wad78 (small blind) folded before Flop



PokerStars Hand #254516894648:  Hold'em No Limit ($0.50/$1.00 USD) - 2025/01/23 18:14:26 WET [2025/01/23 13:14:26 ET]
Table 'Alcyone IV' 6-max Seat #6 is the button
Seat 1: xcinaz ($100 in chips) is sitting out
Seat 2: AlexPinsk1 ($107.22 in chips) 
Seat 3: ImaPeppaPig ($100 in chips) 
Seat 4: MaikonAll ($100 in chips) 
Seat 5: whitecillar3 ($98.50 in chips) 
Seat 6: wad78 ($35.50 in chips) 
AlexPinsk1: posts small blind $0.50
ImaPeppaPig: posts big blind $1
*** HOLE CARDS ***
MaikonAll: folds 
whitecillar3: folds 
wad78: raises $1 to $2
AlexPinsk1: folds 
ImaPeppaPig: folds 
Uncalled bet ($1) returned to wad78
wad78 collected $2.50 from pot
wad78: doesn't show hand 
*** SUMMARY ***
Total pot $2.50 | Rake $0 
Seat 1: xcinaz
Seat 2: AlexPinsk1 (small blind) folded before Flop
Seat 3: ImaPeppaPig (big blind) folded before Flop
Seat 4: MaikonAll folded before Flop (didn't bet)
Seat 5: whitecillar3 folded before Flop (didn't bet)
Seat 6: wad78 (button) collected ($2.50)



PokerStars Hand #254516901060:  Hold'em No Limit ($0.50/$1.00 USD) - 2025/01/23 18:14:54 WET [2025/01/23 13:14:54 ET]
Table 'Alcyone IV' 6-max Seat #2 is the button
Seat 1: xcinaz ($100 in chips) is sitting out
Seat 4: MaikonAll ($100 in chips) is sitting out
Seat 2: AlexPinsk1 ($106.72 in chips) 
Seat 3: ImaPeppaPig ($100 in chips) 
Seat 5: whitecillar3 ($98.50 in chips) 
Seat 6: wad78 ($37 in chips) 
ImaPeppaPig: posts small blind $0.50
MaikonAll: is sitting out 
whitecillar3: posts big blind $1
xcinaz: sits out 
*** HOLE CARDS ***
wad78: folds 
AlexPinsk1: folds 
ImaPeppaPig: folds 
Uncalled bet ($0.50) returned to whitecillar3
MaikonAll leaves the table
whitecillar3 collected $1 from pot
*** SUMMARY ***
Total pot $1 | Rake $0 
Seat 1: xcinaz
Seat 4: MaikonAll
Seat 2: AlexPinsk1 (button) folded before Flop (didn't bet)
Seat 3: ImaPeppaPig (small blind) folded before Flop
Seat 5: whitecillar3 (big blind) collected ($1)
Seat 6: wad78 folded before Flop (didn't bet)



PokerStars Hand #254516903637:  Hold'em No Limit ($0.50/$1.00 USD) - 2025/01/23 18:15:05 WET [2025/01/23 13:15:05 ET]
Table 'Alcyone IV' 6-max Seat #3 is the button
Seat 1: xcinaz ($100 in chips) is sitting out
Seat 2: AlexPinsk1 ($106.72 in chips) 
Seat 3: ImaPeppaPig ($100 in chips) 
Seat 5: whitecillar3 ($99 in chips) 
Seat 6: wad78 ($37 in chips) 
whitecillar3: posts small blind $0.50
wad78: posts big blind $1
xcinaz: sits out 
*** HOLE CARDS ***
AlexPinsk1: raises $1.50 to $2.50
ImaPeppaPig: folds 
whitecillar3: folds 
wad78: folds 
Uncalled bet ($1.50) returned to AlexPinsk1
AlexPinsk1 collected $2.50 from pot
AlexPinsk1: doesn't show hand 
*** SUMMARY ***
Total pot $2.50 | Rake $0 
Seat 1: xcinaz
Seat 2: AlexPinsk1 collected ($2.50)
Seat 3: ImaPeppaPig (button) folded before Flop (didn't bet)
Seat 5: whitecillar3 (small blind) folded before Flop
Seat 6: wad78 (big blind) folded before Flop



PokerStars Hand #254516907021:  Hold'em No Limit ($0.50/$1.00 USD) - 2025/01/23 18:15:19 WET [2025/01/23 13:15:19 ET]
Table 'Alcyone IV' 6-max Seat #5 is the button
Seat 1: xcinaz ($100 in chips) 
Seat 2: AlexPinsk1 ($108.22 in chips) 
Seat 3: ImaPeppaPig ($100 in chips) 
Seat 5: whitecillar3 ($98.50 in chips) 
Seat 6: wad78 ($36 in chips) 
wad78: posts small blind $0.50
xcinaz: posts big blind $1
*** HOLE CARDS ***
AlexPinsk1: raises $1.50 to $2.50
ImaPeppaPig: folds 
whitecillar3: folds 
wad78: folds 
xcinaz: folds 
Uncalled bet ($1.50) returned to AlexPinsk1
AlexPinsk1 collected $2.50 from pot
AlexPinsk1: doesn't show hand 
*** SUMMARY ***
Total pot $2.50 | Rake $0 
Seat 1: xcinaz (big blind) folded before Flop
Seat 2: AlexPinsk1 collected ($2.50)
Seat 3: ImaPeppaPig folded before Flop (didn't bet)
Seat 5: whitecillar3 (button) folded before Flop (didn't bet)
Seat 6: wad78 (small blind) folded before Flop



PokerStars Hand #254517010878:  Hold'em No Limit ($0.50/$1.00 USD) - 2025/01/23 18:22:47 WET [2025/01/23 13:22:47 ET]
Table 'Alcyone IV' 6-max Seat #6 is the button
Seat 1: xcinaz ($100 in chips) 
Seat 2: AlexPinsk1 ($103 in chips) 
Seat 3: ImaPeppaPig ($101.50 in chips) 
Seat 4: Pumuking ($100 in chips) 
Seat 5: whitecillar3 ($153.84 in chips) 
Seat 6: wad78 ($38 in chips) 
xcinaz: posts small blind $0.50
AlexPinsk1: posts big blind $1
*** HOLE CARDS ***
ImaPeppaPig: raises $1.50 to $2.50
Pumuking: folds 
whitecillar3: folds 
wad78: folds 
xcinaz: folds 
AlexPinsk1: folds 
Uncalled bet ($1.50) returned to ImaPeppaPig
ImaPeppaPig collected $2.50 from pot
ImaPeppaPig: doesn't show hand 
*** SUMMARY ***
Total pot $2.50 | Rake $0 
Seat 1: xcinaz (small blind) folded before Flop
Seat 2: AlexPinsk1 (big blind) folded before Flop
Seat 3: ImaPeppaPig collected ($2.50)
Seat 4: Pumuking folded before Flop (didn't bet)
Seat 5: whitecillar3 folded before Flop (didn't bet)
Seat 6: wad78 (button) folded before Flop (didn't bet)



PokerStars Hand #254517013832:  Hold'em No Limit ($0.50/$1.00 USD) - 2025/01/23 18:23:00 WET [2025/01/23 13:23:00 ET]
Table 'Alcyone IV' 6-max Seat #1 is the button
Seat 1: xcinaz ($100 in chips) 
Seat 2: AlexPinsk1 ($102 in chips) 
Seat 3: ImaPeppaPig ($103 in chips) 
Seat 4: Pumuking ($100 in chips) 
Seat 5: whitecillar3 ($153.84 in chips) 
Seat 6: wad78 ($38 in chips) 
AlexPinsk1: posts small blind $0.50
ImaPeppaPig: posts big blind $1
*** HOLE CARDS ***
Pumuking: raises $1.25 to $2.25
whitecillar3: folds 
wad78: folds 
xcinaz: folds 
AlexPinsk1: folds 
ImaPeppaPig: calls $1.25
*** FLOP *** [9h Ks 6s]
ImaPeppaPig: checks 
Pumuking: bets $1.57
ImaPeppaPig: raises $6 to $7.57
Pumuking: folds 
Uncalled bet ($6) returned to ImaPeppaPig
ImaPeppaPig collected $7.73 from pot
ImaPeppaPig: doesn't show hand 
*** SUMMARY ***
Total pot $8.14 | Rake $0.41 
Board [9h Ks 6s]
Seat 1: xcinaz (button) folded before Flop (didn't bet)
Seat 2: AlexPinsk1 (small blind) folded before Flop
Seat 3: ImaPeppaPig (big blind) collected ($7.73)
Seat 4: Pumuking folded on the Flop
Seat 5: whitecillar3 folded before Flop (didn't bet)
Seat 6: wad78 folded before Flop (didn't bet)



PokerStars Hand #254517020886:  Hold'em No Limit ($0.50/$1.00 USD) - 2025/01/23 18:23:30 WET [2025/01/23 13:23:30 ET]
Table 'Alcyone IV' 6-max Seat #2 is the button
Seat 1: xcinaz ($100 in chips) 
Seat 2: AlexPinsk1 ($101.50 in chips) 
Seat 3: ImaPeppaPig ($106.91 in chips) 
Seat 4: Pumuking ($100 in chips) 
Seat 5: whitecillar3 ($153.84 in chips) 
Seat 6: wad78 ($38 in chips) 
ImaPeppaPig: posts small blind $0.50
Pumuking: posts big blind $1
*** HOLE CARDS ***
whitecillar3: raises $1 to $2
wad78: folds 
xcinaz: folds 
AlexPinsk1: folds 
ImaPeppaPig: folds 
Pumuking: calls $1
*** FLOP *** [Jc 6d 5d]
Pumuking: checks 
whitecillar3: checks 
*** TURN *** [Jc 6d 5d] [3d]
Pumuking: bets $1
whitecillar3: calls $1
*** RIVER *** [Jc 6d 5d 3d] [6h]
Pumuking: checks 
whitecillar3: bets $1
Pumuking: calls $1
*** SHOW DOWN ***
whitecillar3: shows [Js Ts] (two pair, Jacks and Sixes)
Pumuking: mucks hand 
whitecillar3 collected $8.08 from pot
*** SUMMARY ***
Total pot $8.50 | Rake $0.42 
Board [Jc 6d 5d 3d 6h]
Seat 1: xcinaz folded before Flop (didn't bet)
Seat 2: AlexPinsk1 (button) folded before Flop (didn't bet)
Seat 3: ImaPeppaPig (small blind) folded before Flop
Seat 4: Pumuking (big blind) mucked
Seat 5: whitecillar3 showed [Js Ts] and won ($8.08) with two pair, Jacks and Sixes
Seat 6: wad78 folded before Flop (didn't bet)



PokerStars Hand #254517030249:  Hold'em No Limit ($0.50/$1.00 USD) - 2025/01/23 18:24:10 WET [2025/01/23 13:24:10 ET]
Table 'Alcyone IV' 6-max Seat #3 is the button
Seat 5: whitecillar3 ($157.92 in chips) is sitting out
Seat 1: xcinaz ($100 in chips) 
Seat 2: AlexPinsk1 ($101.50 in chips) 
Seat 3: ImaPeppaPig ($106.41 in chips) 
Seat 4: Pumuking ($100 in chips) 
Seat 6: wad78 ($38 in chips) 
Pumuking: posts small blind $0.50
whitecillar3: is sitting out 
wad78: posts big blind $1
*** HOLE CARDS ***
xcinaz: folds 
whitecillar3 leaves the table
AlexPinsk1: folds 
ImaPeppaPig: raises $1.50 to $2.50
Pumuking: folds 
Y_19 joins the table at seat #5 
wad78: calls $1.50
*** FLOP *** [Qs Th 3s]
wad78: checks 
ImaPeppaPig: bets $1.62
wad78: folds 
Uncalled bet ($1.62) returned to ImaPeppaPig
ImaPeppaPig collected $5.22 from pot
ImaPeppaPig: doesn't show hand 
*** SUMMARY ***
Total pot $5.50 | Rake $0.28 
Board [Qs Th 3s]
Seat 5: whitecillar3
Seat 1: xcinaz folded before Flop (didn't bet)
Seat 2: AlexPinsk1 folded before Flop (didn't bet)
Seat 3: ImaPeppaPig (button) collected ($5.22)
Seat 4: Pumuking (small blind) folded before Flop
Seat 6: wad78 (big blind) folded on the Flop



PokerStars Hand #254517038793:  Hold'em No Limit ($0.50/$1.00 USD) - 2025/01/23 18:24:46 WET [2025/01/23 13:24:46 ET]
Table 'Alcyone IV' 6-max Seat #4 is the button
Seat 5: Y_19 ($100 in chips) is sitting out
Seat 1: xcinaz ($100 in chips) 
Seat 2: AlexPinsk1 ($101.50 in chips) 
Seat 3: ImaPeppaPig ($109.13 in chips) 
Seat 4: Pumuking ($100 in chips) 
Seat 6: wad78 ($35.50 in chips) 
wad78: posts small blind $0.50
xcinaz: posts big blind $1
*** HOLE CARDS ***
AlexPinsk1: folds 
ImaPeppaPig: folds 
Pumuking: folds 
wad78: folds 
Uncalled bet ($0.50) returned to xcinaz
xcinaz collected $1 from pot
xcinaz: doesn't show hand 
*** SUMMARY ***
Total pot $1 | Rake $0 
Seat 5: Y_19
Seat 1: xcinaz (big blind) collected ($1)
Seat 2: AlexPinsk1 folded before Flop (didn't bet)
Seat 3: ImaPeppaPig folded before Flop (didn't bet)
Seat 4: Pumuking (button) folded before Flop (didn't bet)
Seat 6: wad78 (small blind) folded before Flop



PokerStars Hand #254517041692:  Hold'em No Limit ($0.50/$1.00 USD) - 2025/01/23 18:24:58 WET [2025/01/23 13:24:58 ET]
Table 'Alcyone IV' 6-max Seat #6 is the button
Seat 5: Y_19 ($100 in chips) is sitting out
Seat 1: xcinaz ($100.50 in chips) 
Seat 2: AlexPinsk1 ($101.50 in chips) 
Seat 3: ImaPeppaPig ($109.13 in chips) 
Seat 4: Pumuking ($100 in chips) 
Seat 6: wad78 ($35 in chips) 
xcinaz: posts small blind $0.50
AlexPinsk1: posts big blind $1
Y_19: sits out 
*** HOLE CARDS ***
ImaPeppaPig: folds 
Pumuking: folds 
wad78: raises $2 to $3
xcinaz: folds 
AlexPinsk1: calls $2
*** FLOP *** [Kc 7d Kh]
AlexPinsk1: checks 
wad78: checks 
*** TURN *** [Kc 7d Kh] [6s]
AlexPinsk1: bets $2.04
wad78: folds 
Uncalled bet ($2.04) returned to AlexPinsk1
AlexPinsk1 collected $6.18 from pot
AlexPinsk1: doesn't show hand 
*** SUMMARY ***
Total pot $6.50 | Rake $0.32 
Board [Kc 7d Kh 6s]
Seat 5: Y_19
Seat 1: xcinaz (small blind) folded before Flop
Seat 2: AlexPinsk1 (big blind) collected ($6.18)
Seat 3: ImaPeppaPig folded before Flop (didn't bet)
Seat 4: Pumuking folded before Flop (didn't bet)
Seat 6: wad78 (button) folded on the Turn



PokerStars Hand #254517048380:  Hold'em No Limit ($0.50/$1.00 USD) - 2025/01/23 18:25:27 WET [2025/01/23 13:25:27 ET]
Table 'Alcyone IV' 6-max Seat #1 is the button
Seat 5: Y_19 ($100 in chips) is sitting out
Seat 1: xcinaz ($100 in chips) 
Seat 2: AlexPinsk1 ($104.68 in chips) 
Seat 3: ImaPeppaPig ($109.13 in chips) 
Seat 4: Pumuking ($100 in chips) 
Seat 6: wad78 ($32 in chips) 
AlexPinsk1: posts small blind $0.50
ImaPeppaPig: posts big blind $1
Y_19: sits out 
*** HOLE CARDS ***
Pumuking: raises $1.25 to $2.25
wad78: folds 
xcinaz: raises $5.75 to $8
AlexPinsk1: folds 
ImaPeppaPig: folds 
Pumuking: folds 
Uncalled bet ($5.75) returned to xcinaz
xcinaz collected $6 from pot
xcinaz: doesn't show hand 
*** SUMMARY ***
Total pot $6 | Rake $0 
Seat 5: Y_19
Seat 1: xcinaz (button) collected ($6)
Seat 2: AlexPinsk1 (small blind) folded before Flop
Seat 3: ImaPeppaPig (big blind) folded before Flop
Seat 4: Pumuking folded before Flop
Seat 6: wad78 folded before Flop (didn't bet)



PokerStars Hand #254517056347:  Hold'em No Limit ($0.50/$1.00 USD) - 2025/01/23 18:26:01 WET [2025/01/23 13:26:01 ET]
Table 'Alcyone IV' 6-max Seat #2 is the button
Seat 5: Y_19 ($100 in chips) is sitting out
Seat 1: xcinaz ($103.75 in chips) 
Seat 2: AlexPinsk1 ($104.18 in chips) 
Seat 3: ImaPeppaPig ($108.13 in chips) 
Seat 4: Pumuking ($100 in chips) 
Seat 6: wad78 ($32 in chips) 
ImaPeppaPig: posts small blind $0.50
Pumuking: posts big blind $1
Y_19: sits out 
*** HOLE CARDS ***
wad78: folds 
xcinaz: folds 
AlexPinsk1: folds 
ImaPeppaPig: folds 
Uncalled bet ($0.50) returned to Pumuking
Pumuking collected $1 from pot
Pumuking: doesn't show hand 
*** SUMMARY ***
Total pot $1 | Rake $0 
Seat 5: Y_19
Seat 1: xcinaz folded before Flop (didn't bet)
Seat 2: AlexPinsk1 (button) folded before Flop (didn't bet)
Seat 3: ImaPeppaPig (small blind) folded before Flop
Seat 4: Pumuking (big blind) collected ($1)
Seat 6: wad78 folded before Flop (didn't bet)



PokerStars Hand #254517060258:  Hold'em No Limit ($0.50/$1.00 USD) - 2025/01/23 18:26:18 WET [2025/01/23 13:26:18 ET]
Table 'Alcyone IV' 6-max Seat #3 is the button
Seat 1: xcinaz ($103.75 in chips) 
Seat 2: AlexPinsk1 ($104.18 in chips) 
Seat 3: ImaPeppaPig ($107.63 in chips) 
Seat 4: Pumuking ($100.50 in chips) 
Seat 5: Y_19 ($100 in chips) 
Seat 6: wad78 ($32 in chips) 
Pumuking: posts small blind $0.50
Y_19: posts big blind $1
*** HOLE CARDS ***
wad78: folds 
xcinaz: raises $1 to $2
AlexPinsk1: folds 
ImaPeppaPig: folds 
Pumuking: folds 
Y_19: calls $1
*** FLOP *** [9s Ad 7c]
Y_19: checks 
xcinaz: bets $1.07
Y_19: folds 
Uncalled bet ($1.07) returned to xcinaz
xcinaz collected $4.28 from pot
xcinaz: doesn't show hand 
*** SUMMARY ***
Total pot $4.50 | Rake $0.22 
Board [9s Ad 7c]
Seat 1: xcinaz collected ($4.28)
Seat 2: AlexPinsk1 folded before Flop (didn't bet)
Seat 3: ImaPeppaPig (button) folded before Flop (didn't bet)
Seat 4: Pumuking (small blind) folded before Flop
Seat 5: Y_19 (big blind) folded on the Flop
Seat 6: wad78 folded before Flop (didn't bet)



PokerStars Hand #254517066647:  Hold'em No Limit ($0.50/$1.00 USD) - 2025/01/23 18:26:45 WET [2025/01/23 13:26:45 ET]
Table 'Alcyone IV' 6-max Seat #4 is the button
Seat 1: xcinaz ($106.03 in chips) 
Seat 2: AlexPinsk1 ($104.18 in chips) 
Seat 3: ImaPeppaPig ($107.63 in chips) 
Seat 4: Pumuking ($100 in chips) 
Seat 5: Y_19 ($100 in chips) 
Seat 6: wad78 ($32 in chips) 
Y_19: posts small blind $0.50
wad78: posts big blind $1
*** HOLE CARDS ***
xcinaz: folds 
AlexPinsk1: folds 
ImaPeppaPig: folds 
Pumuking: raises $1.50 to $2.50
Y_19: folds 
wad78: folds 
Uncalled bet ($1.50) returned to Pumuking
Pumuking collected $2.50 from pot
Pumuking: doesn't show hand 
*** SUMMARY ***
Total pot $2.50 | Rake $0 
Seat 1: xcinaz folded before Flop (didn't bet)
Seat 2: AlexPinsk1 folded before Flop (didn't bet)
Seat 3: ImaPeppaPig folded before Flop (didn't bet)
Seat 4: Pumuking (button) collected ($2.50)
Seat 5: Y_19 (small blind) folded before Flop
Seat 6: wad78 (big blind) folded before Flop



PokerStars Hand #254517071637:  Hold'em No Limit ($0.50/$1.00 USD) - 2025/01/23 18:27:07 WET [2025/01/23 13:27:07 ET]
Table 'Alcyone IV' 6-max Seat #5 is the button
Seat 1: xcinaz ($106.03 in chips) is sitting out
Seat 2: AlexPinsk1 ($104.18 in chips) 
Seat 3: ImaPeppaPig ($107.63 in chips) 
Seat 4: Pumuking ($101.50 in chips) 
Seat 5: Y_19 ($100 in chips) 
Seat 6: wad78 ($31 in chips) 
wad78: posts small blind $0.50
xcinaz: is sitting out 
AlexPinsk1: posts big blind $1
*** HOLE CARDS ***
ImaPeppaPig: folds 
Pumuking: folds 
Y_19: folds 
wad78: folds 
Uncalled bet ($0.50) returned to AlexPinsk1
AlexPinsk1 collected $1 from pot
AlexPinsk1: doesn't show hand 
*** SUMMARY ***
Total pot $1 | Rake $0 
Seat 1: xcinaz
Seat 2: AlexPinsk1 (big blind) collected ($1)
Seat 3: ImaPeppaPig folded before Flop (didn't bet)
Seat 4: Pumuking folded before Flop (didn't bet)
Seat 5: Y_19 (button) folded before Flop (didn't bet)
Seat 6: wad78 (small blind) folded before Flop



PokerStars Hand #254517074046:  Hold'em No Limit ($0.50/$1.00 USD) - 2025/01/23 18:27:17 WET [2025/01/23 13:27:17 ET]
Table 'Alcyone IV' 6-max Seat #6 is the button
Seat 1: xcinaz ($106.03 in chips) is sitting out
Seat 2: AlexPinsk1 ($104.68 in chips) 
Seat 3: ImaPeppaPig ($107.63 in chips) 
Seat 4: Pumuking ($101.50 in chips) 
Seat 5: Y_19 ($100 in chips) 
Seat 6: wad78 ($30.50 in chips) 
AlexPinsk1: posts small blind $0.50
ImaPeppaPig: posts big blind $1
*** HOLE CARDS ***
Pumuking: folds 
Y_19: raises $1.23 to $2.23
wad78: folds 
AlexPinsk1: folds 
ImaPeppaPig: folds 
Uncalled bet ($1.23) returned to Y_19
Y_19 collected $2.50 from pot
Y_19: doesn't show hand 
*** SUMMARY ***
Total pot $2.50 | Rake $0 
Seat 1: xcinaz
Seat 2: AlexPinsk1 (small blind) folded before Flop
Seat 3: ImaPeppaPig (big blind) folded before Flop
Seat 4: Pumuking folded before Flop (didn't bet)
Seat 5: Y_19 collected ($2.50)
Seat 6: wad78 (button) folded before Flop (didn't bet)



PokerStars Hand #254517081989:  Hold'em No Limit ($0.50/$1.00 USD) - 2025/01/23 18:27:50 WET [2025/01/23 13:27:50 ET]
Table 'Alcyone IV' 6-max Seat #2 is the button
Seat 1: xcinaz ($106.03 in chips) is sitting out
Seat 2: AlexPinsk1 ($104.18 in chips) 
Seat 3: ImaPeppaPig ($106.63 in chips) 
Seat 4: Pumuking ($101.50 in chips) 
Seat 5: Y_19 ($101.50 in chips) 
Seat 6: wad78 ($30.50 in chips) 
ImaPeppaPig: posts small blind $0.50
Pumuking: posts big blind $1
*** HOLE CARDS ***
Y_19: folds 
wad78: raises $2 to $3
AlexPinsk1: folds 
ImaPeppaPig: folds 
Pumuking: folds 
Uncalled bet ($2) returned to wad78
wad78 collected $2.50 from pot
wad78: doesn't show hand 
*** SUMMARY ***
Total pot $2.50 | Rake $0 
Seat 1: xcinaz
Seat 2: AlexPinsk1 (button) folded before Flop (didn't bet)
Seat 3: ImaPeppaPig (small blind) folded before Flop
Seat 4: Pumuking (big blind) folded before Flop
Seat 5: Y_19 folded before Flop (didn't bet)
Seat 6: wad78 collected ($2.50)



PokerStars Hand #254517085815:  Hold'em No Limit ($0.50/$1.00 USD) - 2025/01/23 18:28:06 WET [2025/01/23 13:28:06 ET]
Table 'Alcyone IV' 6-max Seat #3 is the button
Seat 1: xcinaz ($106.03 in chips) is sitting out
Seat 2: AlexPinsk1 ($104.18 in chips) 
Seat 3: ImaPeppaPig ($106.13 in chips) 
Seat 4: Pumuking ($100.50 in chips) 
Seat 5: Y_19 ($101.50 in chips) 
Seat 6: wad78 ($32 in chips) 
Pumuking: posts small blind $0.50
Y_19: posts big blind $1
*** HOLE CARDS ***
wad78: raises $1 to $2
AlexPinsk1: folds 
ImaPeppaPig: folds 
Pumuking: folds 
Y_19: folds 
Uncalled bet ($1) returned to wad78
wad78 collected $2.50 from pot
wad78: doesn't show hand 
*** SUMMARY ***
Total pot $2.50 | Rake $0 
Seat 1: xcinaz
Seat 2: AlexPinsk1 folded before Flop (didn't bet)
Seat 3: ImaPeppaPig (button) folded before Flop (didn't bet)
Seat 4: Pumuking (small blind) folded before Flop
Seat 5: Y_19 (big blind) folded before Flop
Seat 6: wad78 collected ($2.50)



PokerStars Hand #254517090886:  Hold'em No Limit ($0.50/$1.00 USD) - 2025/01/23 18:28:28 WET [2025/01/23 13:28:28 ET]
Table 'Alcyone IV' 6-max Seat #4 is the button
Seat 1: xcinaz ($106.03 in chips) is sitting out
Seat 2: AlexPinsk1 ($104.18 in chips) 
Seat 3: ImaPeppaPig ($106.13 in chips) 
Seat 4: Pumuking ($100 in chips) 
Seat 5: Y_19 ($100.50 in chips) 
Seat 6: wad78 ($33.50 in chips) 
Y_19: posts small blind $0.50
wad78: posts big blind $1
*** HOLE CARDS ***
AlexPinsk1: folds 
ImaPeppaPig: folds 
Pumuking: raises $1.50 to $2.50
Y_19: folds 
wad78: folds 
Uncalled bet ($1.50) returned to Pumuking
Pumuking collected $2.50 from pot
Pumuking: doesn't show hand 
*** SUMMARY ***
Total pot $2.50 | Rake $0 
Seat 1: xcinaz
Seat 2: AlexPinsk1 folded before Flop (didn't bet)
Seat 3: ImaPeppaPig folded before Flop (didn't bet)
Seat 4: Pumuking (button) collected ($2.50)
Seat 5: Y_19 (small blind) folded before Flop
Seat 6: wad78 (big blind) folded before Flop



PokerStars Hand #254517096921:  Hold'em No Limit ($0.50/$1.00 USD) - 2025/01/23 18:28:53 WET [2025/01/23 13:28:53 ET]
Table 'Alcyone IV' 6-max Seat #5 is the button
Seat 1: xcinaz ($106.03 in chips) is sitting out
Seat 2: AlexPinsk1 ($104.18 in chips) 
Seat 3: ImaPeppaPig ($106.13 in chips) 
Seat 4: Pumuking ($101.50 in chips) 
Seat 5: Y_19 ($100 in chips) 
Seat 6: wad78 ($32.50 in chips) 
wad78: posts small blind $0.50
AlexPinsk1: posts big blind $1
*** HOLE CARDS ***
ImaPeppaPig: folds 
Pumuking: folds 
Y_19: folds 
wad78: raises $2 to $3
AlexPinsk1: folds 
Uncalled bet ($2) returned to wad78
wad78 collected $2 from pot
wad78: doesn't show hand 
*** SUMMARY ***
Total pot $2 | Rake $0 
Seat 1: xcinaz
Seat 2: AlexPinsk1 (big blind) folded before Flop
Seat 3: ImaPeppaPig folded before Flop (didn't bet)
Seat 4: Pumuking folded before Flop (didn't bet)
Seat 5: Y_19 (button) folded before Flop (didn't bet)
Seat 6: wad78 (small blind) collected ($2)



PokerStars Hand #254517100556:  Hold'em No Limit ($0.50/$1.00 USD) - 2025/01/23 18:29:08 WET [2025/01/23 13:29:08 ET]
Table 'Alcyone IV' 6-max Seat #6 is the button
Seat 1: xcinaz ($106.03 in chips) is sitting out
Seat 2: AlexPinsk1 ($103.18 in chips) 
Seat 3: ImaPeppaPig ($106.13 in chips) 
Seat 4: Pumuking ($101.50 in chips) 
Seat 5: Y_19 ($100 in chips) 
Seat 6: wad78 ($33.50 in chips) 
AlexPinsk1: posts small blind $0.50
ImaPeppaPig: posts big blind $1
*** HOLE CARDS ***
Pumuking: folds 
Y_19: folds 
wad78: folds 
AlexPinsk1: folds 
Uncalled bet ($0.50) returned to ImaPeppaPig
ImaPeppaPig collected $1 from pot
ImaPeppaPig: doesn't show hand 
*** SUMMARY ***
Total pot $1 | Rake $0 
Seat 1: xcinaz
Seat 2: AlexPinsk1 (small blind) folded before Flop
Seat 3: ImaPeppaPig (big blind) collected ($1)
Seat 4: Pumuking folded before Flop (didn't bet)
Seat 5: Y_19 folded before Flop (didn't bet)
Seat 6: wad78 (button) folded before Flop (didn't bet)



PokerStars Hand #254517103368:  Hold'em No Limit ($0.50/$1.00 USD) - 2025/01/23 18:29:20 WET [2025/01/23 13:29:20 ET]
Table 'Alcyone IV' 6-max Seat #2 is the button
Seat 1: xcinaz ($106.03 in chips) is sitting out
Seat 2: AlexPinsk1 ($102.68 in chips) 
Seat 3: ImaPeppaPig ($106.63 in chips) 
Seat 4: Pumuking ($101.50 in chips) 
Seat 5: Y_19 ($100 in chips) 
Seat 6: wad78 ($33.50 in chips) 
ImaPeppaPig: posts small blind $0.50
Pumuking: posts big blind $1
*** HOLE CARDS ***
Y_19: raises $1.23 to $2.23
wad78: folds 
AlexPinsk1: folds 
ImaPeppaPig: folds 
Pumuking: calls $1.23
*** FLOP *** [7s Kh 4c]
Pumuking: checks 
Y_19: checks 
*** TURN *** [7s Kh 4c] [2s]
Pumuking: checks 
Y_19: checks 
*** RIVER *** [7s Kh 4c 2s] [Kc]
Pumuking: bets $1.55
Y_19: calls $1.55
*** SHOW DOWN ***
Pumuking: shows [Ah 2h] (two pair, Kings and Deuces)
Y_19: shows [7c Ac] (two pair, Kings and Sevens)
Y_19 collected $7.66 from pot
*** SUMMARY ***
Total pot $8.06 | Rake $0.40 
Board [7s Kh 4c 2s Kc]
Seat 1: xcinaz
Seat 2: AlexPinsk1 (button) folded before Flop (didn't bet)
Seat 3: ImaPeppaPig (small blind) folded before Flop
Seat 4: Pumuking (big blind) showed [Ah 2h] and lost with two pair, Kings and Deuces
Seat 5: Y_19 showed [7c Ac] and won ($7.66) with two pair, Kings and Sevens
Seat 6: wad78 folded before Flop (didn't bet)



PokerStars Hand #254517113685:  Hold'em No Limit ($0.50/$1.00 USD) - 2025/01/23 18:30:03 WET [2025/01/23 13:30:03 ET]
Table 'Alcyone IV' 6-max Seat #3 is the button
Seat 1: xcinaz ($106.03 in chips) is sitting out
Seat 2: AlexPinsk1 ($102.68 in chips) 
Seat 3: ImaPeppaPig ($106.13 in chips) 
Seat 4: Pumuking ($100 in chips) 
Seat 5: Y_19 ($103.88 in chips) 
Seat 6: wad78 ($33.50 in chips) 
Pumuking: posts small blind $0.50
Y_19: posts big blind $1
*** HOLE CARDS ***
wad78: folds 
AlexPinsk1: folds 
ImaPeppaPig: folds 
Pumuking: folds 
Uncalled bet ($0.50) returned to Y_19
Y_19 collected $1 from pot
Y_19: doesn't show hand 
*** SUMMARY ***
Total pot $1 | Rake $0 
Seat 1: xcinaz
Seat 2: AlexPinsk1 folded before Flop (didn't bet)
Seat 3: ImaPeppaPig (button) folded before Flop (didn't bet)
Seat 4: Pumuking (small blind) folded before Flop
Seat 5: Y_19 (big blind) collected ($1)
Seat 6: wad78 folded before Flop (didn't bet)



PokerStars Hand #254517116825:  Hold'em No Limit ($0.50/$1.00 USD) - 2025/01/23 18:30:16 WET [2025/01/23 13:30:16 ET]
Table 'Alcyone IV' 6-max Seat #4 is the button
Seat 1: xcinaz ($106.03 in chips) is sitting out
Seat 2: AlexPinsk1 ($102.68 in chips) 
Seat 3: ImaPeppaPig ($106.13 in chips) 
Seat 4: Pumuking ($100 in chips) 
Seat 5: Y_19 ($104.38 in chips) 
Seat 6: wad78 ($33.50 in chips) 
Y_19: posts small blind $0.50
wad78: posts big blind $1
*** HOLE CARDS ***
AlexPinsk1: folds 
ImaPeppaPig: folds 
Pumuking: folds 
Y_19: folds 
Uncalled bet ($0.50) returned to wad78
wad78 collected $1 from pot
wad78: doesn't show hand 
*** SUMMARY ***
Total pot $1 | Rake $0 
Seat 1: xcinaz
Seat 2: AlexPinsk1 folded before Flop (didn't bet)
Seat 3: ImaPeppaPig folded before Flop (didn't bet)
Seat 4: Pumuking (button) folded before Flop (didn't bet)
Seat 5: Y_19 (small blind) folded before Flop
Seat 6: wad78 (big blind) collected ($1)



PokerStars Hand #254517118710:  Hold'em No Limit ($0.50/$1.00 USD) - 2025/01/23 18:30:24 WET [2025/01/23 13:30:24 ET]
Table 'Alcyone IV' 6-max Seat #5 is the button
Seat 1: xcinaz ($106.03 in chips) 
Seat 2: AlexPinsk1 ($102.68 in chips) 
Seat 3: ImaPeppaPig ($106.13 in chips) 
Seat 4: Pumuking ($100 in chips) 
Seat 5: Y_19 ($103.88 in chips) 
Seat 6: wad78 ($34 in chips) 
wad78: posts small blind $0.50
xcinaz: posts big blind $1
*** HOLE CARDS ***
AlexPinsk1: folds 
ImaPeppaPig: raises $1.50 to $2.50
Pumuking: folds 
Y_19: folds 
wad78: folds 
xcinaz: folds 
Uncalled bet ($1.50) returned to ImaPeppaPig
ImaPeppaPig collected $2.50 from pot
ImaPeppaPig: doesn't show hand 
*** SUMMARY ***
Total pot $2.50 | Rake $0 
Seat 1: xcinaz (big blind) folded before Flop
Seat 2: AlexPinsk1 folded before Flop (didn't bet)
Seat 3: ImaPeppaPig collected ($2.50)
Seat 4: Pumuking folded before Flop (didn't bet)
Seat 5: Y_19 (button) folded before Flop (didn't bet)
Seat 6: wad78 (small blind) folded before Flop



PokerStars Hand #254517175261:  Hold'em No Limit ($0.50/$1.00 USD) - 2025/01/23 18:34:17 WET [2025/01/23 13:34:17 ET]
Table 'Alcyone IV' 6-max Seat #4 is the button
Seat 2: AndreaBsAs ($100 in chips) is sitting out
Seat 5: R.M.Farcas ($100 in chips) is sitting out
Seat 1: xcinaz ($101.03 in chips) 
Seat 3: ImaPeppaPig ($103.33 in chips) 
Seat 4: antgouna ($97.64 in chips) 
Seat 6: wad78 ($36.86 in chips) 
wad78: posts small blind $0.50
xcinaz: posts big blind $1
AndreaBsAs: sits out 
*** HOLE CARDS ***
ImaPeppaPig: folds 
antgouna: folds 
wad78: folds 
Uncalled bet ($0.50) returned to xcinaz
xcinaz collected $1 from pot
xcinaz: doesn't show hand 
*** SUMMARY ***
Total pot $1 | Rake $0 
Seat 2: AndreaBsAs
Seat 5: R.M.Farcas
Seat 1: xcinaz (big blind) collected ($1)
Seat 3: ImaPeppaPig folded before Flop (didn't bet)
Seat 4: antgouna (button) folded before Flop (didn't bet)
Seat 6: wad78 (small blind) folded before Flop



PokerStars Hand #254517179371:  Hold'em No Limit ($0.50/$1.00 USD) - 2025/01/23 18:34:35 WET [2025/01/23 13:34:35 ET]
Table 'Alcyone IV' 6-max Seat #6 is the button
Seat 5: R.M.Farcas ($100 in chips) is sitting out
Seat 1: xcinaz ($101.53 in chips) 
Seat 2: AndreaBsAs ($100 in chips) 
Seat 3: ImaPeppaPig ($103.33 in chips) 
Seat 4: antgouna ($97.64 in chips) 
Seat 6: wad78 ($36.36 in chips) 
xcinaz: posts small blind $0.50
AndreaBsAs: posts big blind $1
R.M.Farcas: sits out 
*** HOLE CARDS ***
ImaPeppaPig: folds 
antgouna: raises $1.30 to $2.30
wad78: folds 
xcinaz: folds 
AndreaBsAs: folds 
Uncalled bet ($1.30) returned to antgouna
antgouna collected $2.50 from pot
antgouna: doesn't show hand 
*** SUMMARY ***
Total pot $2.50 | Rake $0 
Seat 5: R.M.Farcas
Seat 1: xcinaz (small blind) folded before Flop
Seat 2: AndreaBsAs (big blind) folded before Flop
Seat 3: ImaPeppaPig folded before Flop (didn't bet)
Seat 4: antgouna collected ($2.50)
Seat 6: wad78 (button) folded before Flop (didn't bet)



PokerStars Hand #254517185440:  Hold'em No Limit ($0.50/$1.00 USD) - 2025/01/23 18:35:00 WET [2025/01/23 13:35:00 ET]
Table 'Alcyone IV' 6-max Seat #1 is the button
Seat 5: R.M.Farcas ($100 in chips) is sitting out
Seat 1: xcinaz ($101.03 in chips) 
Seat 2: AndreaBsAs ($100 in chips) 
Seat 3: ImaPeppaPig ($103.33 in chips) 
Seat 4: antgouna ($99.14 in chips) 
Seat 6: wad78 ($36.36 in chips) 
AndreaBsAs: posts small blind $0.50
ImaPeppaPig: posts big blind $1
R.M.Farcas: sits out 
*** HOLE CARDS ***
antgouna: folds 
wad78: folds 
xcinaz: raises $1.50 to $2.50
AndreaBsAs: raises $7.50 to $10
ImaPeppaPig: folds 
xcinaz: calls $7.50
*** FLOP *** [2h 4d Js]
AndreaBsAs: bets $6.58
xcinaz: calls $6.58
*** TURN *** [2h 4d Js] [4h]
AndreaBsAs: bets $21.42
xcinaz: folds 
Uncalled bet ($21.42) returned to AndreaBsAs
AndreaBsAs collected $32.45 from pot
*** SUMMARY ***
Total pot $34.16 | Rake $1.71 
Board [2h 4d Js 4h]
Seat 5: R.M.Farcas
Seat 1: xcinaz (button) folded on the Turn
Seat 2: AndreaBsAs (small blind) collected ($32.45)
Seat 3: ImaPeppaPig (big blind) folded before Flop
Seat 4: antgouna folded before Flop (didn't bet)
Seat 6: wad78 folded before Flop (didn't bet)



PokerStars Hand #254517206070:  Hold'em No Limit ($0.50/$1.00 USD) - 2025/01/23 18:36:25 WET [2025/01/23 13:36:25 ET]
Table 'Alcyone IV' 6-max Seat #2 is the button
Seat 5: R.M.Farcas ($100 in chips) is sitting out
Seat 1: xcinaz ($100 in chips) 
Seat 2: AndreaBsAs ($115.87 in chips) 
Seat 3: ImaPeppaPig ($102.33 in chips) 
Seat 4: antgouna ($99.14 in chips) 
Seat 6: wad78 ($36.36 in chips) 
ImaPeppaPig: posts small blind $0.50
antgouna: posts big blind $1
R.M.Farcas: sits out 
*** HOLE CARDS ***
wad78: folds 
xcinaz: raises $1.20 to $2.20
AndreaBsAs: folds 
ImaPeppaPig: folds 
antgouna: folds 
Uncalled bet ($1.20) returned to xcinaz
xcinaz collected $2.50 from pot
xcinaz: doesn't show hand 
*** SUMMARY ***
Total pot $2.50 | Rake $0 
Seat 5: R.M.Farcas
Seat 1: xcinaz collected ($2.50)
Seat 2: AndreaBsAs (button) folded before Flop (didn't bet)
Seat 3: ImaPeppaPig (small blind) folded before Flop
Seat 4: antgouna (big blind) folded before Flop
Seat 6: wad78 folded before Flop (didn't bet)



PokerStars Hand #254517209812:  Hold'em No Limit ($0.50/$1.00 USD) - 2025/01/23 18:36:40 WET [2025/01/23 13:36:40 ET]
Table 'Alcyone IV' 6-max Seat #3 is the button
Seat 1: xcinaz ($101.50 in chips) 
Seat 2: AndreaBsAs ($115.87 in chips) 
Seat 3: ImaPeppaPig ($101.83 in chips) 
Seat 4: antgouna ($98.14 in chips) 
Seat 5: R.M.Farcas ($100 in chips) 
Seat 6: wad78 ($36.36 in chips) 
antgouna: posts small blind $0.50
R.M.Farcas: posts big blind $1
*** HOLE CARDS ***
wad78: folds 
xcinaz: folds 
AndreaBsAs: folds 
ImaPeppaPig: folds 
antgouna: raises $2 to $3
R.M.Farcas: folds 
Uncalled bet ($2) returned to antgouna
antgouna collected $2 from pot
antgouna: doesn't show hand 
*** SUMMARY ***
Total pot $2 | Rake $0 
Seat 1: xcinaz folded before Flop (didn't bet)
Seat 2: AndreaBsAs folded before Flop (didn't bet)
Seat 3: ImaPeppaPig (button) folded before Flop (didn't bet)
Seat 4: antgouna (small blind) collected ($2)
Seat 5: R.M.Farcas (big blind) folded before Flop
Seat 6: wad78 folded before Flop (didn't bet)



PokerStars Hand #254517217056:  Hold'em No Limit ($0.50/$1.00 USD) - 2025/01/23 18:37:10 WET [2025/01/23 13:37:10 ET]
Table 'Alcyone IV' 6-max Seat #4 is the button
Seat 1: xcinaz ($101.50 in chips) 
Seat 2: AndreaBsAs ($115.87 in chips) 
Seat 3: ImaPeppaPig ($101.83 in chips) 
Seat 4: antgouna ($99.14 in chips) 
Seat 5: R.M.Farcas ($99 in chips) 
Seat 6: wad78 ($36.36 in chips) 
R.M.Farcas: posts small blind $0.50
wad78: posts big blind $1
*** HOLE CARDS ***
xcinaz: folds 
AndreaBsAs: folds 
ImaPeppaPig: folds 
antgouna: folds 
R.M.Farcas: folds 
Uncalled bet ($0.50) returned to wad78
wad78 collected $1 from pot
wad78: doesn't show hand 
*** SUMMARY ***
Total pot $1 | Rake $0 
Seat 1: xcinaz folded before Flop (didn't bet)
Seat 2: AndreaBsAs folded before Flop (didn't bet)
Seat 3: ImaPeppaPig folded before Flop (didn't bet)
Seat 4: antgouna (button) folded before Flop (didn't bet)
Seat 5: R.M.Farcas (small blind) folded before Flop
Seat 6: wad78 (big blind) collected ($1)



PokerStars Hand #254517219733:  Hold'em No Limit ($0.50/$1.00 USD) - 2025/01/23 18:37:21 WET [2025/01/23 13:37:21 ET]
Table 'Alcyone IV' 6-max Seat #5 is the button
Seat 1: xcinaz ($101.50 in chips) 
Seat 2: AndreaBsAs ($115.87 in chips) 
Seat 3: ImaPeppaPig ($101.83 in chips) 
Seat 4: antgouna ($99.14 in chips) 
Seat 5: R.M.Farcas ($98.50 in chips) 
Seat 6: wad78 ($36.86 in chips) 
wad78: posts small blind $0.50
xcinaz: posts big blind $1
*** HOLE CARDS ***
AndreaBsAs: folds 
ImaPeppaPig: folds 
antgouna: folds 
R.M.Farcas: raises $1.50 to $2.50
wad78: folds 
xcinaz: folds 
Uncalled bet ($1.50) returned to R.M.Farcas
R.M.Farcas collected $2.50 from pot
R.M.Farcas: doesn't show hand 
*** SUMMARY ***
Total pot $2.50 | Rake $0 
Seat 1: xcinaz (big blind) folded before Flop
Seat 2: AndreaBsAs folded before Flop (didn't bet)
Seat 3: ImaPeppaPig folded before Flop (didn't bet)
Seat 4: antgouna folded before Flop (didn't bet)
Seat 5: R.M.Farcas (button) collected ($2.50)
Seat 6: wad78 (small blind) folded before Flop



PokerStars Hand #254517225342:  Hold'em No Limit ($0.50/$1.00 USD) - 2025/01/23 18:37:45 WET [2025/01/23 13:37:45 ET]
Table 'Alcyone IV' 6-max Seat #6 is the button
Seat 1: xcinaz ($100.50 in chips) 
Seat 2: AndreaBsAs ($115.87 in chips) 
Seat 3: ImaPeppaPig ($101.83 in chips) 
Seat 4: antgouna ($99.14 in chips) 
Seat 5: R.M.Farcas ($100 in chips) 
Seat 6: wad78 ($36.36 in chips) 
xcinaz: posts small blind $0.50
AndreaBsAs: posts big blind $1
*** HOLE CARDS ***
ImaPeppaPig: folds 
antgouna: folds 
R.M.Farcas: raises $1.50 to $2.50
wad78: folds 
xcinaz: folds 
AndreaBsAs: folds 
Uncalled bet ($1.50) returned to R.M.Farcas
R.M.Farcas collected $2.50 from pot
R.M.Farcas: doesn't show hand 
*** SUMMARY ***
Total pot $2.50 | Rake $0 
Seat 1: xcinaz (small blind) folded before Flop
Seat 2: AndreaBsAs (big blind) folded before Flop
Seat 3: ImaPeppaPig folded before Flop (didn't bet)
Seat 4: antgouna folded before Flop (didn't bet)
Seat 5: R.M.Farcas collected ($2.50)
Seat 6: wad78 (button) folded before Flop (didn't bet)



PokerStars Hand #254517231248:  Hold'em No Limit ($0.50/$1.00 USD) - 2025/01/23 18:38:09 WET [2025/01/23 13:38:09 ET]
Table 'Alcyone IV' 6-max Seat #1 is the button
Seat 1: xcinaz ($100 in chips) 
Seat 2: AndreaBsAs ($114.87 in chips) 
Seat 3: ImaPeppaPig ($101.83 in chips) 
Seat 4: antgouna ($99.14 in chips) 
Seat 5: R.M.Farcas ($101.50 in chips) 
Seat 6: wad78 ($36.36 in chips) 
AndreaBsAs: posts small blind $0.50
ImaPeppaPig: posts big blind $1
*** HOLE CARDS ***
antgouna: folds 
R.M.Farcas: folds 
wad78: raises $2 to $3
xcinaz: folds 
AndreaBsAs: folds 
ImaPeppaPig: folds 
Uncalled bet ($2) returned to wad78
wad78 collected $2.50 from pot
wad78: doesn't show hand 
*** SUMMARY ***
Total pot $2.50 | Rake $0 
Seat 1: xcinaz (button) folded before Flop (didn't bet)
Seat 2: AndreaBsAs (small blind) folded before Flop
Seat 3: ImaPeppaPig (big blind) folded before Flop
Seat 4: antgouna folded before Flop (didn't bet)
Seat 5: R.M.Farcas folded before Flop (didn't bet)
Seat 6: wad78 collected ($2.50)



PokerStars Hand #254517238363:  Hold'em No Limit ($0.50/$1.00 USD) - 2025/01/23 18:38:38 WET [2025/01/23 13:38:38 ET]
Table 'Alcyone IV' 6-max Seat #2 is the button
Seat 1: xcinaz ($100 in chips) 
Seat 2: AndreaBsAs ($114.37 in chips) 
Seat 3: ImaPeppaPig ($100.83 in chips) 
Seat 4: antgouna ($99.14 in chips) 
Seat 5: R.M.Farcas ($101.50 in chips) 
Seat 6: wad78 ($37.86 in chips) 
ImaPeppaPig: posts small blind $0.50
antgouna: posts big blind $1
*** HOLE CARDS ***
R.M.Farcas: folds 
wad78: folds 
xcinaz: folds 
AndreaBsAs: folds 
ImaPeppaPig: raises $2 to $3
antgouna: folds 
Uncalled bet ($2) returned to ImaPeppaPig
ImaPeppaPig collected $2 from pot
ImaPeppaPig: doesn't show hand 
*** SUMMARY ***
Total pot $2 | Rake $0 
Seat 1: xcinaz folded before Flop (didn't bet)
Seat 2: AndreaBsAs (button) folded before Flop (didn't bet)
Seat 3: ImaPeppaPig (small blind) collected ($2)
Seat 4: antgouna (big blind) folded before Flop
Seat 5: R.M.Farcas folded before Flop (didn't bet)
Seat 6: wad78 folded before Flop (didn't bet)



PokerStars Hand #254517247561:  Hold'em No Limit ($0.50/$1.00 USD) - 2025/01/23 18:39:15 WET [2025/01/23 13:39:15 ET]
Table 'Alcyone IV' 6-max Seat #3 is the button
Seat 1: xcinaz ($100 in chips) 
Seat 2: AndreaBsAs ($114.37 in chips) 
Seat 3: ImaPeppaPig ($101.83 in chips) 
Seat 4: antgouna ($98.14 in chips) 
Seat 5: R.M.Farcas ($101.50 in chips) 
Seat 6: wad78 ($37.86 in chips) 
antgouna: posts small blind $0.50
R.M.Farcas: posts big blind $1
*** HOLE CARDS ***
wad78: folds 
xcinaz: folds 
AndreaBsAs: folds 
ImaPeppaPig: folds 
antgouna: raises $1.30 to $2.30
R.M.Farcas: folds 
Uncalled bet ($1.30) returned to antgouna
antgouna collected $2 from pot
antgouna: doesn't show hand 
*** SUMMARY ***
Total pot $2 | Rake $0 
Seat 1: xcinaz folded before Flop (didn't bet)
Seat 2: AndreaBsAs folded before Flop (didn't bet)
Seat 3: ImaPeppaPig (button) folded before Flop (didn't bet)
Seat 4: antgouna (small blind) collected ($2)
Seat 5: R.M.Farcas (big blind) folded before Flop
Seat 6: wad78 folded before Flop (didn't bet)



PokerStars Hand #254517251856:  Hold'em No Limit ($0.50/$1.00 USD) - 2025/01/23 18:39:33 WET [2025/01/23 13:39:33 ET]
Table 'Alcyone IV' 6-max Seat #4 is the button
Seat 1: xcinaz ($100 in chips) 
Seat 2: AndreaBsAs ($114.37 in chips) 
Seat 3: ImaPeppaPig ($101.83 in chips) 
Seat 4: antgouna ($99.14 in chips) 
Seat 5: R.M.Farcas ($100.50 in chips) 
Seat 6: wad78 ($37.86 in chips) 
R.M.Farcas: posts small blind $0.50
wad78: posts big blind $1
*** HOLE CARDS ***
xcinaz: folds 
AndreaBsAs: folds 
ImaPeppaPig: folds 
antgouna: raises $1.30 to $2.30
R.M.Farcas: folds 
wad78: calls $1.30
*** FLOP *** [5h 9s 2h]
wad78: checks 
antgouna: checks 
*** TURN *** [5h 9s 2h] [9c]
wad78: checks 
antgouna: checks 
*** RIVER *** [5h 9s 2h 9c] [3c]
wad78: bets $2
antgouna: folds 
Uncalled bet ($2) returned to wad78
wad78 collected $4.84 from pot
wad78: doesn't show hand 
*** SUMMARY ***
Total pot $5.10 | Rake $0.26 
Board [5h 9s 2h 9c 3c]
Seat 1: xcinaz folded before Flop (didn't bet)
Seat 2: AndreaBsAs folded before Flop (didn't bet)
Seat 3: ImaPeppaPig folded before Flop (didn't bet)
Seat 4: antgouna (button) folded on the River
Seat 5: R.M.Farcas (small blind) folded before Flop
Seat 6: wad78 (big blind) collected ($4.84)



PokerStars Hand #254517267167:  Hold'em No Limit ($0.50/$1.00 USD) - 2025/01/23 18:40:35 WET [2025/01/23 13:40:35 ET]
Table 'Alcyone IV' 6-max Seat #5 is the button
Seat 1: xcinaz ($100 in chips) 
Seat 2: AndreaBsAs ($114.37 in chips) 
Seat 3: ImaPeppaPig ($101.83 in chips) 
Seat 4: antgouna ($96.84 in chips) 
Seat 5: R.M.Farcas ($100 in chips) 
Seat 6: wad78 ($40.40 in chips) 
wad78: posts small blind $0.50
xcinaz: posts big blind $1
*** HOLE CARDS ***
AndreaBsAs: folds 
ImaPeppaPig: folds 
antgouna: raises $1.30 to $2.30
R.M.Farcas: folds 
wad78: calls $1.80
xcinaz: folds 
*** FLOP *** [Td 8d 4c]
wad78: checks 
antgouna: bets $2
wad78: calls $2
*** TURN *** [Td 8d 4c] [Jh]
wad78: bets $5
antgouna: folds 
Uncalled bet ($5) returned to wad78
wad78 collected $9.12 from pot
wad78: doesn't show hand 
*** SUMMARY ***
Total pot $9.60 | Rake $0.48 
Board [Td 8d 4c Jh]
Seat 1: xcinaz (big blind) folded before Flop
Seat 2: AndreaBsAs folded before Flop (didn't bet)
Seat 3: ImaPeppaPig folded before Flop (didn't bet)
Seat 4: antgouna folded on the Turn
Seat 5: R.M.Farcas (button) folded before Flop (didn't bet)
Seat 6: wad78 (small blind) collected ($9.12)



PokerStars Hand #254517284799:  Hold'em No Limit ($0.50/$1.00 USD) - 2025/01/23 18:41:47 WET [2025/01/23 13:41:47 ET]
Table 'Alcyone IV' 6-max Seat #6 is the button
Seat 1: xcinaz ($100 in chips) 
Seat 2: AndreaBsAs ($114.37 in chips) 
Seat 3: ImaPeppaPig ($101.83 in chips) 
Seat 4: antgouna ($92.54 in chips) 
Seat 5: R.M.Farcas ($100 in chips) 
Seat 6: wad78 ($45.22 in chips) 
xcinaz: posts small blind $0.50
AndreaBsAs: posts big blind $1
*** HOLE CARDS ***
ImaPeppaPig: folds 
antgouna: folds 
R.M.Farcas: folds 
wad78: raises $2 to $3
xcinaz: folds 
AndreaBsAs: calls $2
*** FLOP *** [Jd 4s Jh]
AndreaBsAs: bets $2.04
wad78: folds 
Uncalled bet ($2.04) returned to AndreaBsAs
AndreaBsAs collected $6.18 from pot
*** SUMMARY ***
Total pot $6.50 | Rake $0.32 
Board [Jd 4s Jh]
Seat 1: xcinaz (small blind) folded before Flop
Seat 2: AndreaBsAs (big blind) collected ($6.18)
Seat 3: ImaPeppaPig folded before Flop (didn't bet)
Seat 4: antgouna folded before Flop (didn't bet)
Seat 5: R.M.Farcas folded before Flop (didn't bet)
Seat 6: wad78 (button) folded on the Flop



PokerStars Hand #254517295340:  Hold'em No Limit ($0.50/$1.00 USD) - 2025/01/23 18:42:31 WET [2025/01/23 13:42:31 ET]
Table 'Alcyone IV' 6-max Seat #1 is the button
Seat 1: xcinaz ($100 in chips) 
Seat 2: AndreaBsAs ($117.55 in chips) 
Seat 3: ImaPeppaPig ($101.83 in chips) 
Seat 4: antgouna ($92.54 in chips) 
Seat 5: R.M.Farcas ($100 in chips) 
Seat 6: wad78 ($42.22 in chips) 
AndreaBsAs: posts small blind $0.50
ImaPeppaPig: posts big blind $1
*** HOLE CARDS ***
antgouna: raises $1.30 to $2.30
R.M.Farcas: folds 
wad78: calls $2.30
xcinaz: folds 
AndreaBsAs: folds 
ImaPeppaPig: folds 
*** FLOP *** [Ts As 8h]
antgouna: bets $2
wad78: calls $2
*** TURN *** [Ts As 8h] [3s]
antgouna: checks 
wad78: checks 
*** RIVER *** [Ts As 8h 3s] [Ks]
antgouna: checks 
wad78: bets $5
antgouna: calls $5
*** SHOW DOWN ***
wad78: shows [Qs Js] (a Royal Flush)
antgouna: mucks hand 
wad78 collected $19.10 from pot
*** SUMMARY ***
Total pot $20.10 | Rake $1 
Board [Ts As 8h 3s Ks]
Seat 1: xcinaz (button) folded before Flop (didn't bet)
Seat 2: AndreaBsAs (small blind) folded before Flop
Seat 3: ImaPeppaPig (big blind) folded before Flop
Seat 4: antgouna mucked
Seat 5: R.M.Farcas folded before Flop (didn't bet)
Seat 6: wad78 showed [Qs Js] and won ($19.10) with a Royal Flush



PokerStars Hand #254517311221:  Hold'em No Limit ($0.50/$1.00 USD) - 2025/01/23 18:43:36 WET [2025/01/23 13:43:36 ET]
Table 'Alcyone IV' 6-max Seat #2 is the button
Seat 1: xcinaz ($100 in chips) 
Seat 2: AndreaBsAs ($117.05 in chips) 
Seat 3: ImaPeppaPig ($100.83 in chips) 
Seat 4: antgouna ($83.24 in chips) 
Seat 5: R.M.Farcas ($100 in chips) 
Seat 6: wad78 ($52.02 in chips) 
ImaPeppaPig: posts small blind $0.50
antgouna: posts big blind $1
*** HOLE CARDS ***
R.M.Farcas: folds 
wad78: folds 
xcinaz: folds 
AndreaBsAs: raises $1.50 to $2.50
ImaPeppaPig: folds 
antgouna: folds 
Uncalled bet ($1.50) returned to AndreaBsAs
AndreaBsAs collected $2.50 from pot
*** SUMMARY ***
Total pot $2.50 | Rake $0 
Seat 1: xcinaz folded before Flop (didn't bet)
Seat 2: AndreaBsAs (button) collected ($2.50)
Seat 3: ImaPeppaPig (small blind) folded before Flop
Seat 4: antgouna (big blind) folded before Flop
Seat 5: R.M.Farcas folded before Flop (didn't bet)
Seat 6: wad78 folded before Flop (didn't bet)



PokerStars Hand #254517317196:  Hold'em No Limit ($0.50/$1.00 USD) - 2025/01/23 18:44:01 WET [2025/01/23 13:44:01 ET]
Table 'Alcyone IV' 6-max Seat #3 is the button
Seat 1: xcinaz ($100 in chips) 
Seat 2: AndreaBsAs ($118.55 in chips) 
Seat 3: ImaPeppaPig ($100.33 in chips) 
Seat 4: antgouna ($82.24 in chips) 
Seat 5: R.M.Farcas ($100 in chips) 
Seat 6: wad78 ($52.02 in chips) 
antgouna: posts small blind $0.50
R.M.Farcas: posts big blind $1
*** HOLE CARDS ***
wad78: raises $2 to $3
xcinaz: folds 
AndreaBsAs: folds 
ImaPeppaPig: folds 
antgouna: folds 
R.M.Farcas: calls $2
*** FLOP *** [3d 9d Jd]
R.M.Farcas: checks 
wad78: bets $4
R.M.Farcas: folds 
Uncalled bet ($4) returned to wad78
wad78 collected $6.18 from pot
wad78: doesn't show hand 
*** SUMMARY ***
Total pot $6.50 | Rake $0.32 
Board [3d 9d Jd]
Seat 1: xcinaz folded before Flop (didn't bet)
Seat 2: AndreaBsAs folded before Flop (didn't bet)
Seat 3: ImaPeppaPig (button) folded before Flop (didn't bet)
Seat 4: antgouna (small blind) folded before Flop
Seat 5: R.M.Farcas (big blind) folded on the Flop
Seat 6: wad78 collected ($6.18)



PokerStars Hand #254517324702:  Hold'em No Limit ($0.50/$1.00 USD) - 2025/01/23 18:44:32 WET [2025/01/23 13:44:32 ET]
Table 'Alcyone IV' 6-max Seat #4 is the button
Seat 1: xcinaz ($100 in chips) 
Seat 2: AndreaBsAs ($118.55 in chips) 
Seat 3: ImaPeppaPig ($100.33 in chips) 
Seat 4: antgouna ($81.74 in chips) 
Seat 5: R.M.Farcas ($97 in chips) 
Seat 6: wad78 ($55.20 in chips) 
R.M.Farcas: posts small blind $0.50
wad78: posts big blind $1
*** HOLE CARDS ***
xcinaz: folds 
AndreaBsAs: raises $1.20 to $2.20
ImaPeppaPig: raises $4.80 to $7
antgouna: folds 
R.M.Farcas: folds 
wad78: calls $6
AndreaBsAs: raises $17 to $24
ImaPeppaPig: folds 
wad78: folds 
Uncalled bet ($17) returned to AndreaBsAs
AndreaBsAs collected $21.50 from pot
*** SUMMARY ***
Total pot $21.50 | Rake $0 
Seat 1: xcinaz folded before Flop (didn't bet)
Seat 2: AndreaBsAs collected ($21.50)
Seat 3: ImaPeppaPig folded before Flop
Seat 4: antgouna (button) folded before Flop (didn't bet)
Seat 5: R.M.Farcas (small blind) folded before Flop
Seat 6: wad78 (big blind) folded before Flop



PokerStars Hand #254517342894:  Hold'em No Limit ($0.50/$1.00 USD) - 2025/01/23 18:45:47 WET [2025/01/23 13:45:47 ET]
Table 'Alcyone IV' 6-max Seat #5 is the button
Seat 1: xcinaz ($100 in chips) 
Seat 2: AndreaBsAs ($133.05 in chips) 
Seat 3: ImaPeppaPig ($100 in chips) 
Seat 4: antgouna ($81.74 in chips) 
Seat 5: R.M.Farcas ($96.50 in chips) 
Seat 6: wad78 ($48.20 in chips) 
wad78: posts small blind $0.50
xcinaz: posts big blind $1
*** HOLE CARDS ***
AndreaBsAs: folds 
ImaPeppaPig: raises $1.50 to $2.50
antgouna: calls $2.50
R.M.Farcas: calls $2.50
wad78: calls $2
xcinaz: folds 
*** FLOP *** [2c Kh 7h]
wad78: checks 
ImaPeppaPig: checks 
antgouna: bets $4
R.M.Farcas: folds 
wad78: folds 
ImaPeppaPig: folds 
Uncalled bet ($4) returned to antgouna
antgouna collected $10.45 from pot
antgouna: doesn't show hand 
*** SUMMARY ***
Total pot $11 | Rake $0.55 
Board [2c Kh 7h]
Seat 1: xcinaz (big blind) folded before Flop
Seat 2: AndreaBsAs folded before Flop (didn't bet)
Seat 3: ImaPeppaPig folded on the Flop
Seat 4: antgouna collected ($10.45)
Seat 5: R.M.Farcas (button) folded on the Flop
Seat 6: wad78 (small blind) folded on the Flop



PokerStars Hand #254517356401:  Hold'em No Limit ($0.50/$1.00 USD) - 2025/01/23 18:46:41 WET [2025/01/23 13:46:41 ET]
Table 'Alcyone IV' 6-max Seat #6 is the button
Seat 1: xcinaz ($100 in chips) 
Seat 2: AndreaBsAs ($133.05 in chips) 
Seat 3: ImaPeppaPig ($100 in chips) 
Seat 4: antgouna ($89.69 in chips) 
Seat 5: R.M.Farcas ($94 in chips) 
Seat 6: wad78 ($45.70 in chips) 
xcinaz: posts small blind $0.50
AndreaBsAs: posts big blind $1
*** HOLE CARDS ***
ImaPeppaPig: raises $1.50 to $2.50
antgouna: folds 
R.M.Farcas: folds 
wad78: folds 
xcinaz: folds 
AndreaBsAs: folds 
Uncalled bet ($1.50) returned to ImaPeppaPig
ImaPeppaPig collected $2.50 from pot
ImaPeppaPig: doesn't show hand 
*** SUMMARY ***
Total pot $2.50 | Rake $0 
Seat 1: xcinaz (small blind) folded before Flop
Seat 2: AndreaBsAs (big blind) folded before Flop
Seat 3: ImaPeppaPig collected ($2.50)
Seat 4: antgouna folded before Flop (didn't bet)
Seat 5: R.M.Farcas folded before Flop (didn't bet)
Seat 6: wad78 (button) folded before Flop (didn't bet)



PokerStars Hand #254517361974:  Hold'em No Limit ($0.50/$1.00 USD) - 2025/01/23 18:47:04 WET [2025/01/23 13:47:04 ET]
Table 'Alcyone IV' 6-max Seat #1 is the button
Seat 1: xcinaz ($100 in chips) 
Seat 2: AndreaBsAs ($132.05 in chips) 
Seat 3: ImaPeppaPig ($101.50 in chips) 
Seat 4: antgouna ($89.69 in chips) 
Seat 5: R.M.Farcas ($94 in chips) 
Seat 6: wad78 ($45.70 in chips) 
AndreaBsAs: posts small blind $0.50
ImaPeppaPig: posts big blind $1
*** HOLE CARDS ***
antgouna: raises $1.30 to $2.30
R.M.Farcas: folds 
wad78: folds 
xcinaz: folds 
AndreaBsAs: folds 
ImaPeppaPig: folds 
Uncalled bet ($1.30) returned to antgouna
antgouna collected $2.50 from pot
antgouna: doesn't show hand 
*** SUMMARY ***
Total pot $2.50 | Rake $0 
Seat 1: xcinaz (button) folded before Flop (didn't bet)
Seat 2: AndreaBsAs (small blind) folded before Flop
Seat 3: ImaPeppaPig (big blind) folded before Flop
Seat 4: antgouna collected ($2.50)
Seat 5: R.M.Farcas folded before Flop (didn't bet)
Seat 6: wad78 folded before Flop (didn't bet)



PokerStars Hand #254517366524:  Hold'em No Limit ($0.50/$1.00 USD) - 2025/01/23 18:47:23 WET [2025/01/23 13:47:23 ET]
Table 'Alcyone IV' 6-max Seat #2 is the button
Seat 1: xcinaz ($100 in chips) 
Seat 2: AndreaBsAs ($131.55 in chips) 
Seat 3: ImaPeppaPig ($100.50 in chips) 
Seat 4: antgouna ($91.19 in chips) 
Seat 5: R.M.Farcas ($94 in chips) 
Seat 6: wad78 ($45.70 in chips) 
ImaPeppaPig: posts small blind $0.50
antgouna: posts big blind $1
*** HOLE CARDS ***
R.M.Farcas: folds 
wad78: folds 
xcinaz: folds 
AndreaBsAs: folds 
ImaPeppaPig: folds 
Uncalled bet ($0.50) returned to antgouna
antgouna collected $1 from pot
antgouna: doesn't show hand 
*** SUMMARY ***
Total pot $1 | Rake $0 
Seat 1: xcinaz folded before Flop (didn't bet)
Seat 2: AndreaBsAs (button) folded before Flop (didn't bet)
Seat 3: ImaPeppaPig (small blind) folded before Flop
Seat 4: antgouna (big blind) collected ($1)
Seat 5: R.M.Farcas folded before Flop (didn't bet)
Seat 6: wad78 folded before Flop (didn't bet)



PokerStars Hand #254517369397:  Hold'em No Limit ($0.50/$1.00 USD) - 2025/01/23 18:47:34 WET [2025/01/23 13:47:34 ET]
Table 'Alcyone IV' 6-max Seat #3 is the button
Seat 1: xcinaz ($100 in chips) 
Seat 2: AndreaBsAs ($131.55 in chips) 
Seat 3: ImaPeppaPig ($100 in chips) 
Seat 4: antgouna ($91.69 in chips) 
Seat 5: R.M.Farcas ($94 in chips) 
Seat 6: wad78 ($45.70 in chips) 
antgouna: posts small blind $0.50
R.M.Farcas: posts big blind $1
*** HOLE CARDS ***
wad78: folds 
xcinaz: raises $1 to $2
AndreaBsAs: folds 
ImaPeppaPig: folds 
antgouna: folds 
R.M.Farcas: calls $1
*** FLOP *** [7h Qd Kc]
R.M.Farcas: checks 
xcinaz: checks 
*** TURN *** [7h Qd Kc] [6c]
R.M.Farcas: checks 
xcinaz: checks 
*** RIVER *** [7h Qd Kc 6c] [8s]
R.M.Farcas: checks 
xcinaz: checks 
*** SHOW DOWN ***
R.M.Farcas: shows [Ad 4s] (high card Ace)
xcinaz: shows [5d 5s] (a pair of Fives)
xcinaz collected $4.28 from pot
*** SUMMARY ***
Total pot $4.50 | Rake $0.22 
Board [7h Qd Kc 6c 8s]
Seat 1: xcinaz showed [5d 5s] and won ($4.28) with a pair of Fives
Seat 2: AndreaBsAs folded before Flop (didn't bet)
Seat 3: ImaPeppaPig (button) folded before Flop (didn't bet)
Seat 4: antgouna (small blind) folded before Flop
Seat 5: R.M.Farcas (big blind) showed [Ad 4s] and lost with high card Ace
Seat 6: wad78 folded before Flop (didn't bet)



PokerStars Hand #254517382444:  Hold'em No Limit ($0.50/$1.00 USD) - 2025/01/23 18:48:29 WET [2025/01/23 13:48:29 ET]
Table 'Alcyone IV' 6-max Seat #4 is the button
Seat 1: xcinaz ($102.28 in chips) 
Seat 2: AndreaBsAs ($131.55 in chips) 
Seat 3: ImaPeppaPig ($100 in chips) 
Seat 4: antgouna ($91.19 in chips) 
Seat 5: R.M.Farcas ($92 in chips) 
Seat 6: wad78 ($45.70 in chips) 
R.M.Farcas: posts small blind $0.50
wad78: posts big blind $1
*** HOLE CARDS ***
xcinaz: folds 
AndreaBsAs: raises $1.20 to $2.20
ImaPeppaPig: folds 
antgouna: folds 
R.M.Farcas: calls $1.70
wad78: calls $1.20
*** FLOP *** [Td Qs 3h]
R.M.Farcas: checks 
wad78: checks 
AndreaBsAs: bets $3.14
R.M.Farcas: folds 
wad78: calls $3.14
*** TURN *** [Td Qs 3h] [3s]
wad78: checks 
AndreaBsAs: bets $9.74
wad78: calls $9.74
*** RIVER *** [Td Qs 3h 3s] [Jd]
wad78: bets $30.62 and is all-in
AndreaBsAs: calls $30.62
*** SHOW DOWN ***
wad78: shows [Qc 7c] (two pair, Queens and Threes)
AndreaBsAs: shows [As Qd] (two pair, Queens and Threes - Ace kicker)
AndreaBsAs collected $91.10 from pot
*** SUMMARY ***
Total pot $93.60 | Rake $2.50 
Board [Td Qs 3h 3s Jd]
Seat 1: xcinaz folded before Flop (didn't bet)
Seat 2: AndreaBsAs showed [As Qd] and won ($91.10) with two pair, Queens and Threes
Seat 3: ImaPeppaPig folded before Flop (didn't bet)
Seat 4: antgouna (button) folded before Flop (didn't bet)
Seat 5: R.M.Farcas (small blind) folded on the Flop
Seat 6: wad78 (big blind) showed [Qc 7c] and lost with two pair, Queens and Threes



PokerStars Hand #254517413733:  Hold'em No Limit ($0.50/$1.00 USD) - 2025/01/23 18:50:39 WET [2025/01/23 13:50:39 ET]
Table 'Alcyone IV' 6-max Seat #5 is the button
Seat 6: wad78 ($0 in chips) is sitting out
Seat 1: xcinaz ($102.28 in chips) 
Seat 2: AndreaBsAs ($176.95 in chips) 
Seat 3: ImaPeppaPig ($100 in chips) 
Seat 4: antgouna ($91.19 in chips) 
Seat 5: R.M.Farcas ($89.80 in chips) 
xcinaz: posts small blind $0.50
AndreaBsAs: posts big blind $1
*** HOLE CARDS ***
ImaPeppaPig: folds 
antgouna: raises $1.30 to $2.30
R.M.Farcas: folds 
wad78 leaves the table
xcinaz: folds 
AndreaBsAs: folds 
Uncalled bet ($1.30) returned to antgouna
antgouna collected $2.50 from pot
antgouna: doesn't show hand 
*** SUMMARY ***
Total pot $2.50 | Rake $0 
Seat 6: wad78
Seat 1: xcinaz (small blind) folded before Flop
Seat 2: AndreaBsAs (big blind) folded before Flop
Seat 3: ImaPeppaPig folded before Flop (didn't bet)
Seat 4: antgouna collected ($2.50)
Seat 5: R.M.Farcas (button) folded before Flop (didn't bet)



PokerStars Hand #254517417757:  Hold'em No Limit ($0.50/$1.00 USD) - 2025/01/23 18:50:56 WET [2025/01/23 13:50:56 ET]
Table 'Alcyone IV' 6-max Seat #1 is the button
Seat 1: xcinaz ($101.78 in chips) 
Seat 2: AndreaBsAs ($175.95 in chips) 
Seat 3: ImaPeppaPig ($100 in chips) 
Seat 4: antgouna ($92.69 in chips) 
Seat 5: R.M.Farcas ($89.80 in chips) 
AndreaBsAs: posts small blind $0.50
ImaPeppaPig: posts big blind $1
*** HOLE CARDS ***
antgouna: raises $1 to $2
R.M.Farcas: folds 
xcinaz: folds 
AndreaBsAs: folds 
ImaPeppaPig: folds 
Uncalled bet ($1) returned to antgouna
antgouna collected $2.50 from pot
antgouna: doesn't show hand 
*** SUMMARY ***
Total pot $2.50 | Rake $0 
Seat 1: xcinaz (button) folded before Flop (didn't bet)
Seat 2: AndreaBsAs (small blind) folded before Flop
Seat 3: ImaPeppaPig (big blind) folded before Flop
Seat 4: antgouna collected ($2.50)
Seat 5: R.M.Farcas folded before Flop (didn't bet)



PokerStars Hand #254517421161:  Hold'em No Limit ($0.50/$1.00 USD) - 2025/01/23 18:51:10 WET [2025/01/23 13:51:10 ET]
Table 'Alcyone IV' 6-max Seat #2 is the button
Seat 1: xcinaz ($101.78 in chips) 
Seat 2: AndreaBsAs ($175.45 in chips) 
Seat 3: ImaPeppaPig ($100 in chips) 
Seat 4: antgouna ($94.19 in chips) 
Seat 5: R.M.Farcas ($89.80 in chips) 
ImaPeppaPig: posts small blind $0.50
antgouna: posts big blind $1
*** HOLE CARDS ***
treds17 joins the table at seat #6 
R.M.Farcas: folds 
xcinaz: raises $1.20 to $2.20
AndreaBsAs: raises $4.80 to $7
ImaPeppaPig: folds 
antgouna: folds 
xcinaz: calls $4.80
*** FLOP *** [Qs As 9h]
xcinaz: checks 
AndreaBsAs: bets $7.36
xcinaz: folds 
Uncalled bet ($7.36) returned to AndreaBsAs
AndreaBsAs collected $14.72 from pot
*** SUMMARY ***
Total pot $15.50 | Rake $0.78 
Board [Qs As 9h]
Seat 1: xcinaz folded on the Flop
Seat 2: AndreaBsAs (button) collected ($14.72)
Seat 3: ImaPeppaPig (small blind) folded before Flop
Seat 4: antgouna (big blind) folded before Flop
Seat 5: R.M.Farcas folded before Flop (didn't bet)



PokerStars Hand #254517429687:  Hold'em No Limit ($0.50/$1.00 USD) - 2025/01/23 18:51:45 WET [2025/01/23 13:51:45 ET]
Table 'Alcyone IV' 6-max Seat #3 is the button
Seat 6: treds17 ($100 in chips) is sitting out
Seat 1: xcinaz ($100 in chips) 
Seat 2: AndreaBsAs ($183.17 in chips) 
Seat 3: ImaPeppaPig ($100 in chips) 
Seat 4: antgouna ($93.19 in chips) 
Seat 5: R.M.Farcas ($89.80 in chips) 
antgouna: posts small blind $0.50
R.M.Farcas: posts big blind $1
treds17: sits out 
*** HOLE CARDS ***
xcinaz: folds 
AndreaBsAs: folds 
ImaPeppaPig: folds 
antgouna: raises $2.50 to $3.50
R.M.Farcas: folds 
Uncalled bet ($2.50) returned to antgouna
antgouna collected $2 from pot
antgouna: doesn't show hand 
*** SUMMARY ***
Total pot $2 | Rake $0 
Seat 6: treds17
Seat 1: xcinaz folded before Flop (didn't bet)
Seat 2: AndreaBsAs folded before Flop (didn't bet)
Seat 3: ImaPeppaPig (button) folded before Flop (didn't bet)
Seat 4: antgouna (small blind) collected ($2)
Seat 5: R.M.Farcas (big blind) folded before Flop



PokerStars Hand #254517433600:  Hold'em No Limit ($0.50/$1.00 USD) - 2025/01/23 18:52:02 WET [2025/01/23 13:52:02 ET]
Table 'Alcyone IV' 6-max Seat #4 is the button
Seat 1: xcinaz ($100 in chips) 
Seat 2: AndreaBsAs ($183.17 in chips) 
Seat 3: ImaPeppaPig ($100 in chips) 
Seat 4: antgouna ($94.19 in chips) 
Seat 5: R.M.Farcas ($88.80 in chips) 
Seat 6: treds17 ($100 in chips) 
R.M.Farcas: posts small blind $0.50
treds17: posts big blind $1
*** HOLE CARDS ***
xcinaz: folds 
AndreaBsAs: folds 
ImaPeppaPig: folds 
antgouna: folds 
R.M.Farcas: raises $2 to $3
treds17: calls $2
*** FLOP *** [Ah 8s Tc]
R.M.Farcas: bets $2.85
treds17: folds 
Uncalled bet ($2.85) returned to R.M.Farcas
R.M.Farcas collected $5.70 from pot
R.M.Farcas: doesn't show hand 
*** SUMMARY ***
Total pot $6 | Rake $0.30 
Board [Ah 8s Tc]
Seat 1: xcinaz folded before Flop (didn't bet)
Seat 2: AndreaBsAs folded before Flop (didn't bet)
Seat 3: ImaPeppaPig folded before Flop (didn't bet)
Seat 4: antgouna (button) folded before Flop (didn't bet)
Seat 5: R.M.Farcas (small blind) collected ($5.70)
Seat 6: treds17 (big blind) folded on the Flop



PokerStars Hand #254517444019:  Hold'em No Limit ($0.50/$1.00 USD) - 2025/01/23 18:52:46 WET [2025/01/23 13:52:46 ET]
Table 'Alcyone IV' 6-max Seat #5 is the button
Seat 1: xcinaz ($100 in chips) 
Seat 2: AndreaBsAs ($183.17 in chips) 
Seat 3: ImaPeppaPig ($100 in chips) 
Seat 4: antgouna ($94.19 in chips) 
Seat 5: R.M.Farcas ($91.50 in chips) 
Seat 6: treds17 ($100 in chips) 
treds17: posts small blind $0.50
xcinaz: posts big blind $1
*** HOLE CARDS ***
AndreaBsAs: folds 
ImaPeppaPig: raises $1.50 to $2.50
antgouna: folds 
R.M.Farcas: folds 
treds17: folds 
xcinaz: folds 
Uncalled bet ($1.50) returned to ImaPeppaPig
ImaPeppaPig collected $2.50 from pot
ImaPeppaPig: doesn't show hand 
*** SUMMARY ***
Total pot $2.50 | Rake $0 
Seat 1: xcinaz (big blind) folded before Flop
Seat 2: AndreaBsAs folded before Flop (didn't bet)
Seat 3: ImaPeppaPig collected ($2.50)
Seat 4: antgouna folded before Flop (didn't bet)
Seat 5: R.M.Farcas (button) folded before Flop (didn't bet)
Seat 6: treds17 (small blind) folded before Flop



PokerStars Hand #254517448918:  Hold'em No Limit ($0.50/$1.00 USD) - 2025/01/23 18:53:07 WET [2025/01/23 13:53:07 ET]
Table 'Alcyone IV' 6-max Seat #6 is the button
Seat 1: xcinaz ($100 in chips) 
Seat 2: AndreaBsAs ($183.17 in chips) 
Seat 3: ImaPeppaPig ($101.50 in chips) 
Seat 4: antgouna ($94.19 in chips) 
Seat 5: R.M.Farcas ($91.50 in chips) 
Seat 6: treds17 ($100 in chips) 
xcinaz: posts small blind $0.50
AndreaBsAs: posts big blind $1
*** HOLE CARDS ***
ImaPeppaPig: raises $1.50 to $2.50
antgouna: folds 
R.M.Farcas: calls $2.50
treds17: folds 
xcinaz: folds 
AndreaBsAs: calls $1.50
*** FLOP *** [5s Ac 4d]
AndreaBsAs: checks 
ImaPeppaPig: checks 
R.M.Farcas: checks 
*** TURN *** [5s Ac 4d] [6h]
AndreaBsAs: bets $5.85
ImaPeppaPig: folds 
R.M.Farcas: folds 
Uncalled bet ($5.85) returned to AndreaBsAs
AndreaBsAs collected $7.60 from pot
*** SUMMARY ***
Total pot $8 | Rake $0.40 
Board [5s Ac 4d 6h]
Seat 1: xcinaz (small blind) folded before Flop
Seat 2: AndreaBsAs (big blind) collected ($7.60)
Seat 3: ImaPeppaPig folded on the Turn
Seat 4: antgouna folded before Flop (didn't bet)
Seat 5: R.M.Farcas folded on the Turn
Seat 6: treds17 (button) folded before Flop (didn't bet)



PokerStars Hand #254517463355:  Hold'em No Limit ($0.50/$1.00 USD) - 2025/01/23 18:54:08 WET [2025/01/23 13:54:08 ET]
Table 'Alcyone IV' 6-max Seat #1 is the button
Seat 1: xcinaz ($100 in chips) 
Seat 2: AndreaBsAs ($188.27 in chips) 
Seat 3: ImaPeppaPig ($100 in chips) 
Seat 4: antgouna ($94.19 in chips) 
Seat 5: R.M.Farcas ($89 in chips) 
Seat 6: treds17 ($100 in chips) 
AndreaBsAs: posts small blind $0.50
ImaPeppaPig: posts big blind $1
*** HOLE CARDS ***
antgouna: folds 
R.M.Farcas: raises $1.50 to $2.50
treds17: folds 
xcinaz: folds 
AndreaBsAs: raises $8 to $10.50
ImaPeppaPig: folds 
R.M.Farcas: calls $8
*** FLOP *** [6h 2c Qd]
AndreaBsAs: bets $6.40
R.M.Farcas: calls $6.40
*** TURN *** [6h 2c Qd] [4h]
AndreaBsAs: bets $16.53
R.M.Farcas: calls $16.53
*** RIVER *** [6h 2c Qd 4h] [9h]
AndreaBsAs: checks 
R.M.Farcas: checks 
*** SHOW DOWN ***
AndreaBsAs: shows [Jh As] (high card Ace)
R.M.Farcas: shows [Tc Th] (a pair of Tens)
R.M.Farcas collected $65.36 from pot
*** SUMMARY ***
Total pot $67.86 | Rake $2.50 
Board [6h 2c Qd 4h 9h]
Seat 1: xcinaz (button) folded before Flop (didn't bet)
Seat 2: AndreaBsAs (small blind) showed [Jh As] and lost with high card Ace
Seat 3: ImaPeppaPig (big blind) folded before Flop
Seat 4: antgouna folded before Flop (didn't bet)
Seat 5: R.M.Farcas showed [Tc Th] and won ($65.36) with a pair of Tens
Seat 6: treds17 folded before Flop (didn't bet)



PokerStars Hand #254517484279:  Hold'em No Limit ($0.50/$1.00 USD) - 2025/01/23 18:55:45 WET [2025/01/23 13:55:45 ET]
Table 'Alcyone IV' 6-max Seat #2 is the button
Seat 1: xcinaz ($100 in chips) 
Seat 2: AndreaBsAs ($154.84 in chips) 
Seat 3: ImaPeppaPig ($100 in chips) 
Seat 4: antgouna ($94.19 in chips) 
Seat 5: R.M.Farcas ($120.93 in chips) 
Seat 6: treds17 ($100 in chips) 
ImaPeppaPig: posts small blind $0.50
antgouna: posts big blind $1
*** HOLE CARDS ***
R.M.Farcas: folds 
treds17: folds 
xcinaz: folds 
AndreaBsAs: folds 
ImaPeppaPig: raises $2 to $3
antgouna: raises $4.80 to $7.80
ImaPeppaPig: calls $4.80
*** FLOP *** [Kh 3c Tc]
ImaPeppaPig: checks 
antgouna: bets $8
ImaPeppaPig: folds 
Uncalled bet ($8) returned to antgouna
antgouna collected $14.82 from pot
antgouna: doesn't show hand 
*** SUMMARY ***
Total pot $15.60 | Rake $0.78 
Board [Kh 3c Tc]
Seat 1: xcinaz folded before Flop (didn't bet)
Seat 2: AndreaBsAs (button) folded before Flop (didn't bet)
Seat 3: ImaPeppaPig (small blind) folded on the Flop
Seat 4: antgouna (big blind) collected ($14.82)
Seat 5: R.M.Farcas folded before Flop (didn't bet)
Seat 6: treds17 folded before Flop (didn't bet)



PokerStars Hand #254517490632:  Hold'em No Limit ($0.50/$1.00 USD) - 2025/01/23 18:56:23 WET [2025/01/23 13:56:23 ET]
Table 'Alcyone IV' 6-max Seat #3 is the button
Seat 1: xcinaz ($100 in chips) 
Seat 2: AndreaBsAs ($154.84 in chips) 
Seat 3: ImaPeppaPig ($100 in chips) 
Seat 4: antgouna ($101.21 in chips) 
Seat 5: R.M.Farcas ($120.93 in chips) 
Seat 6: treds17 ($100 in chips) 
antgouna: posts small blind $0.50
R.M.Farcas: posts big blind $1
*** HOLE CARDS ***
treds17: folds 
xcinaz: raises $1 to $2
AndreaBsAs: folds 
ImaPeppaPig: raises $5 to $7
antgouna: folds 
R.M.Farcas: folds 
xcinaz: raises $12 to $19
ImaPeppaPig: folds 
Uncalled bet ($12) returned to xcinaz
xcinaz collected $15.50 from pot
xcinaz: doesn't show hand 
*** SUMMARY ***
Total pot $15.50 | Rake $0 
Seat 1: xcinaz collected ($15.50)
Seat 2: AndreaBsAs folded before Flop (didn't bet)
Seat 3: ImaPeppaPig (button) folded before Flop
Seat 4: antgouna (small blind) folded before Flop
Seat 5: R.M.Farcas (big blind) folded before Flop
Seat 6: treds17 folded before Flop (didn't bet)



PokerStars Hand #254517496325:  Hold'em No Limit ($0.50/$1.00 USD) - 2025/01/23 18:56:56 WET [2025/01/23 13:56:56 ET]
Table 'Alcyone IV' 6-max Seat #4 is the button
Seat 1: xcinaz ($108.50 in chips) 
Seat 2: AndreaBsAs ($154.84 in chips) 
Seat 3: ImaPeppaPig ($100 in chips) 
Seat 4: antgouna ($100.71 in chips) 
Seat 5: R.M.Farcas ($119.93 in chips) 
Seat 6: treds17 ($100 in chips) 
R.M.Farcas: posts small blind $0.50
treds17: posts big blind $1
*** HOLE CARDS ***
xcinaz: folds 
AndreaBsAs: raises $1.20 to $2.20
ImaPeppaPig: raises $4.80 to $7
antgouna: folds 
R.M.Farcas: folds 
treds17: folds 
AndreaBsAs: folds 
Uncalled bet ($4.80) returned to ImaPeppaPig
ImaPeppaPig collected $5.90 from pot
ImaPeppaPig: doesn't show hand 
*** SUMMARY ***
Total pot $5.90 | Rake $0 
Seat 1: xcinaz folded before Flop (didn't bet)
Seat 2: AndreaBsAs folded before Flop
Seat 3: ImaPeppaPig collected ($5.90)
Seat 4: antgouna (button) folded before Flop (didn't bet)
Seat 5: R.M.Farcas (small blind) folded before Flop
Seat 6: treds17 (big blind) folded before Flop



PokerStars Hand #254517500445:  Hold'em No Limit ($0.50/$1.00 USD) - 2025/01/23 18:57:20 WET [2025/01/23 13:57:20 ET]
Table 'Alcyone IV' 6-max Seat #5 is the button
Seat 1: xcinaz ($108.50 in chips) 
Seat 2: AndreaBsAs ($152.64 in chips) 
Seat 3: ImaPeppaPig ($103.70 in chips) 
Seat 4: antgouna ($100.71 in chips) 
Seat 5: R.M.Farcas ($119.43 in chips) 
Seat 6: treds17 ($100 in chips) 
treds17: posts small blind $0.50
xcinaz: posts big blind $1
*** HOLE CARDS ***
AndreaBsAs: folds 
ImaPeppaPig: raises $1.50 to $2.50
antgouna: folds 
R.M.Farcas: folds 
treds17: folds 
xcinaz: folds 
Uncalled bet ($1.50) returned to ImaPeppaPig
ImaPeppaPig collected $2.50 from pot
ImaPeppaPig: doesn't show hand 
*** SUMMARY ***
Total pot $2.50 | Rake $0 
Seat 1: xcinaz (big blind) folded before Flop
Seat 2: AndreaBsAs folded before Flop (didn't bet)
Seat 3: ImaPeppaPig collected ($2.50)
Seat 4: antgouna folded before Flop (didn't bet)
Seat 5: R.M.Farcas (button) folded before Flop (didn't bet)
Seat 6: treds17 (small blind) folded before Flop



PokerStars Hand #254517502482:  Hold'em No Limit ($0.50/$1.00 USD) - 2025/01/23 18:57:32 WET [2025/01/23 13:57:32 ET]
Table 'Alcyone IV' 6-max Seat #6 is the button
Seat 1: xcinaz ($107.50 in chips) 
Seat 2: AndreaBsAs ($152.64 in chips) 
Seat 3: ImaPeppaPig ($105.20 in chips) 
Seat 4: antgouna ($100.71 in chips) 
Seat 5: R.M.Farcas ($119.43 in chips) 
Seat 6: treds17 ($100 in chips) 
xcinaz: posts small blind $0.50
AndreaBsAs: posts big blind $1
*** HOLE CARDS ***
ImaPeppaPig: folds 
antgouna: folds 
R.M.Farcas: raises $1.50 to $2.50
treds17: folds 
xcinaz: folds 
AndreaBsAs: folds 
Uncalled bet ($1.50) returned to R.M.Farcas
R.M.Farcas collected $2.50 from pot
R.M.Farcas: doesn't show hand 
*** SUMMARY ***
Total pot $2.50 | Rake $0 
Seat 1: xcinaz (small blind) folded before Flop
Seat 2: AndreaBsAs (big blind) folded before Flop
Seat 3: ImaPeppaPig folded before Flop (didn't bet)
Seat 4: antgouna folded before Flop (didn't bet)
Seat 5: R.M.Farcas collected ($2.50)
Seat 6: treds17 (button) folded before Flop (didn't bet)



PokerStars Hand #254517506751:  Hold'em No Limit ($0.50/$1.00 USD) - 2025/01/23 18:57:57 WET [2025/01/23 13:57:57 ET]
Table 'Alcyone IV' 6-max Seat #1 is the button
Seat 1: xcinaz ($107 in chips) 
Seat 2: AndreaBsAs ($151.64 in chips) 
Seat 3: ImaPeppaPig ($105.20 in chips) 
Seat 4: antgouna ($100.71 in chips) 
Seat 5: R.M.Farcas ($120.93 in chips) 
Seat 6: treds17 ($100 in chips) 
AndreaBsAs: posts small blind $0.50
ImaPeppaPig: posts big blind $1
*** HOLE CARDS ***
antgouna: folds 
R.M.Farcas: folds 
treds17: folds 
xcinaz: raises $1.50 to $2.50
AndreaBsAs: folds 
ImaPeppaPig: raises $10.50 to $13
xcinaz: calls $10.50
*** FLOP *** [6d Kc Qd]
ImaPeppaPig: checks 
xcinaz: checks 
*** TURN *** [6d Kc Qd] [Kh]
ImaPeppaPig: bets $6
xcinaz: folds 
Uncalled bet ($6) returned to ImaPeppaPig
ImaPeppaPig collected $25.18 from pot
ImaPeppaPig: doesn't show hand 
*** SUMMARY ***
Total pot $26.50 | Rake $1.32 
Board [6d Kc Qd Kh]
Seat 1: xcinaz (button) folded on the Turn
Seat 2: AndreaBsAs (small blind) folded before Flop
Seat 3: ImaPeppaPig (big blind) collected ($25.18)
Seat 4: antgouna folded before Flop (didn't bet)
Seat 5: R.M.Farcas folded before Flop (didn't bet)
Seat 6: treds17 folded before Flop (didn't bet)



PokerStars Hand #254517516624:  Hold'em No Limit ($0.50/$1.00 USD) - 2025/01/23 18:58:53 WET [2025/01/23 13:58:53 ET]
Table 'Alcyone IV' 6-max Seat #2 is the button
Seat 1: xcinaz ($100 in chips) 
Seat 2: AndreaBsAs ($151.14 in chips) 
Seat 3: ImaPeppaPig ($117.38 in chips) 
Seat 4: antgouna ($100.71 in chips) 
Seat 5: R.M.Farcas ($120.93 in chips) 
Seat 6: treds17 ($100 in chips) 
ImaPeppaPig: posts small blind $0.50
antgouna: posts big blind $1
*** HOLE CARDS ***
R.M.Farcas: folds 
treds17: folds 
xcinaz: folds 
AndreaBsAs: raises $1.50 to $2.50
ImaPeppaPig: folds 
antgouna: folds 
Uncalled bet ($1.50) returned to AndreaBsAs
AndreaBsAs collected $2.50 from pot
*** SUMMARY ***
Total pot $2.50 | Rake $0 
Seat 1: xcinaz folded before Flop (didn't bet)
Seat 2: AndreaBsAs (button) collected ($2.50)
Seat 3: ImaPeppaPig (small blind) folded before Flop
Seat 4: antgouna (big blind) folded before Flop
Seat 5: R.M.Farcas folded before Flop (didn't bet)
Seat 6: treds17 folded before Flop (didn't bet)



PokerStars Hand #254517521692:  Hold'em No Limit ($0.50/$1.00 USD) - 2025/01/23 18:59:22 WET [2025/01/23 13:59:22 ET]
Table 'Alcyone IV' 6-max Seat #3 is the button
Seat 1: xcinaz ($100 in chips) 
Seat 2: AndreaBsAs ($152.64 in chips) 
Seat 3: ImaPeppaPig ($116.88 in chips) 
Seat 4: antgouna ($99.71 in chips) 
Seat 5: R.M.Farcas ($120.93 in chips) 
Seat 6: treds17 ($100 in chips) 
antgouna: posts small blind $0.50
R.M.Farcas: posts big blind $1
*** HOLE CARDS ***
treds17: raises $1.10 to $2.10
xcinaz: folds 
AndreaBsAs: folds 
ImaPeppaPig: folds 
antgouna: folds 
R.M.Farcas: calls $1.10
*** FLOP *** [7h Qc 4c]
R.M.Farcas: checks 
treds17: bets $1.34
R.M.Farcas: folds 
Uncalled bet ($1.34) returned to treds17
treds17 collected $4.46 from pot
treds17: doesn't show hand 
*** SUMMARY ***
Total pot $4.70 | Rake $0.24 
Board [7h Qc 4c]
Seat 1: xcinaz folded before Flop (didn't bet)
Seat 2: AndreaBsAs folded before Flop (didn't bet)
Seat 3: ImaPeppaPig (button) folded before Flop (didn't bet)
Seat 4: antgouna (small blind) folded before Flop
Seat 5: R.M.Farcas (big blind) folded on the Flop
Seat 6: treds17 collected ($4.46)



PokerStars Hand #254517535877:  Hold'em No Limit ($0.50/$1.00 USD) - 2025/01/23 19:00:41 WET [2025/01/23 14:00:41 ET]
Table 'Alcyone IV' 6-max Seat #4 is the button
Seat 1: xcinaz ($100 in chips) 
Seat 2: AndreaBsAs ($152.64 in chips) 
Seat 3: ImaPeppaPig ($116.88 in chips) 
Seat 4: antgouna ($99.21 in chips) 
Seat 5: R.M.Farcas ($118.83 in chips) 
Seat 6: treds17 ($102.36 in chips) 
R.M.Farcas: posts small blind $0.50
treds17: posts big blind $1
*** HOLE CARDS ***
xcinaz: folds 
AndreaBsAs: folds 
ImaPeppaPig: folds 
antgouna: raises $1.30 to $2.30
R.M.Farcas: folds 
treds17: raises $9.70 to $12
antgouna: folds 
Uncalled bet ($9.70) returned to treds17
treds17 collected $5.10 from pot
treds17: doesn't show hand 
*** SUMMARY ***
Total pot $5.10 | Rake $0 
Seat 1: xcinaz folded before Flop (didn't bet)
Seat 2: AndreaBsAs folded before Flop (didn't bet)
Seat 3: ImaPeppaPig folded before Flop (didn't bet)
Seat 4: antgouna (button) folded before Flop
Seat 5: R.M.Farcas (small blind) folded before Flop
Seat 6: treds17 (big blind) collected ($5.10)



PokerStars Hand #254517543095:  Hold'em No Limit ($0.50/$1.00 USD) - 2025/01/23 19:01:17 WET [2025/01/23 14:01:17 ET]
Table 'Alcyone IV' 6-max Seat #5 is the button
Seat 1: xcinaz ($100 in chips) 
Seat 2: AndreaBsAs ($152.64 in chips) 
Seat 3: ImaPeppaPig ($116.88 in chips) 
Seat 4: antgouna ($96.91 in chips) 
Seat 5: R.M.Farcas ($118.33 in chips) 
Seat 6: treds17 ($105.16 in chips) 
treds17: posts small blind $0.50
xcinaz: posts big blind $1
*** HOLE CARDS ***
AndreaBsAs: folds 
ImaPeppaPig: folds 
antgouna: folds 
R.M.Farcas: raises $1.50 to $2.50
treds17: folds 
xcinaz: folds 
Uncalled bet ($1.50) returned to R.M.Farcas
R.M.Farcas collected $2.50 from pot
R.M.Farcas: doesn't show hand 
*** SUMMARY ***
Total pot $2.50 | Rake $0 
Seat 1: xcinaz (big blind) folded before Flop
Seat 2: AndreaBsAs folded before Flop (didn't bet)
Seat 3: ImaPeppaPig folded before Flop (didn't bet)
Seat 4: antgouna folded before Flop (didn't bet)
Seat 5: R.M.Farcas (button) collected ($2.50)
Seat 6: treds17 (small blind) folded before Flop



PokerStars Hand #254517546446:  Hold'em No Limit ($0.50/$1.00 USD) - 2025/01/23 19:01:33 WET [2025/01/23 14:01:33 ET]
Table 'Alcyone IV' 6-max Seat #6 is the button
Seat 1: xcinaz ($100 in chips) 
Seat 2: AndreaBsAs ($152.64 in chips) 
Seat 3: ImaPeppaPig ($116.88 in chips) 
Seat 4: antgouna ($96.91 in chips) 
Seat 5: R.M.Farcas ($119.83 in chips) 
Seat 6: treds17 ($104.66 in chips) 
xcinaz: posts small blind $0.50
AndreaBsAs: posts big blind $1
*** HOLE CARDS ***
ImaPeppaPig: raises $1 to $2
antgouna: folds 
R.M.Farcas: folds 
treds17: folds 
xcinaz: folds 
AndreaBsAs: calls $1
*** FLOP *** [Kd 7d 3c]
AndreaBsAs: checks 
ImaPeppaPig: bets $2.23
AndreaBsAs: calls $2.23
*** TURN *** [Kd 7d 3c] [9c]
AndreaBsAs: checks 
ImaPeppaPig: bets $7
AndreaBsAs: raises $13.63 to $20.63
ImaPeppaPig: calls $13.63
*** RIVER *** [Kd 7d 3c 9c] [7s]
AndreaBsAs: checks 
ImaPeppaPig: checks 
*** SHOW DOWN ***
AndreaBsAs: shows [Ts Kc] (two pair, Kings and Sevens)
ImaPeppaPig: shows [Qd Kh] (two pair, Kings and Sevens - Queen kicker)
ImaPeppaPig collected $47.72 from pot
*** SUMMARY ***
Total pot $50.22 | Rake $2.50 
Board [Kd 7d 3c 9c 7s]
Seat 1: xcinaz (small blind) folded before Flop
Seat 2: AndreaBsAs (big blind) showed [Ts Kc] and lost with two pair, Kings and Sevens
Seat 3: ImaPeppaPig showed [Qd Kh] and won ($47.72) with two pair, Kings and Sevens
Seat 4: antgouna folded before Flop (didn't bet)
Seat 5: R.M.Farcas folded before Flop (didn't bet)
Seat 6: treds17 (button) folded before Flop (didn't bet)



PokerStars Hand #254517565289:  Hold'em No Limit ($0.50/$1.00 USD) - 2025/01/23 19:02:58 WET [2025/01/23 14:02:58 ET]
Table 'Alcyone IV' 6-max Seat #1 is the button
Seat 1: xcinaz ($100 in chips) 
Seat 2: AndreaBsAs ($127.78 in chips) 
Seat 3: ImaPeppaPig ($139.74 in chips) 
Seat 4: antgouna ($96.91 in chips) 
Seat 5: R.M.Farcas ($119.83 in chips) 
Seat 6: treds17 ($104.66 in chips) 
AndreaBsAs: posts small blind $0.50
ImaPeppaPig: posts big blind $1
*** HOLE CARDS ***
antgouna: folds 
R.M.Farcas: raises $1.50 to $2.50
treds17: folds 
xcinaz: folds 
AndreaBsAs: folds 
ImaPeppaPig: raises $9.50 to $12
R.M.Farcas: calls $9.50
*** FLOP *** [Qh 9s 8c]
ImaPeppaPig: bets $7.22
R.M.Farcas: calls $7.22
*** TURN *** [Qh 9s 8c] [6d]
ImaPeppaPig: bets $19
R.M.Farcas: raises $81.61 to $100.61 and is all-in
ImaPeppaPig: calls $81.61
*** FIRST RIVER *** [Qh 9s 8c 6d] [9d]
*** SECOND RIVER *** [Qh 9s 8c 6d] [4h]
*** FIRST SHOW DOWN ***
ImaPeppaPig: shows [Qs Qc] (a full house, Queens full of Nines)
R.M.Farcas: shows [8h 9h] (a full house, Nines full of Eights)
ImaPeppaPig collected $118.83 from pot
*** SECOND SHOW DOWN ***
ImaPeppaPig: shows [Qs Qc] (three of a kind, Queens)
R.M.Farcas: shows [8h 9h] (two pair, Nines and Eights)
ImaPeppaPig collected $118.83 from pot
*** SUMMARY ***
Total pot $240.16 | Rake $2.50 
Hand was run twice
FIRST Board [Qh 9s 8c 6d 9d]
SECOND Board [Qh 9s 8c 6d 4h]
Seat 1: xcinaz (button) folded before Flop (didn't bet)
Seat 2: AndreaBsAs (small blind) folded before Flop
Seat 3: ImaPeppaPig (big blind) showed [Qs Qc] and won ($118.83) with a full house, Queens full of Nines, and won ($118.83) with three of a kind, Queens
Seat 4: antgouna folded before Flop (didn't bet)
Seat 5: R.M.Farcas showed [8h 9h] and lost with a full house, Nines full of Eights, and lost with two pair, Nines and Eights
Seat 6: treds17 folded before Flop (didn't bet)



PokerStars Hand #254517582753:  Hold'em No Limit ($0.50/$1.00 USD) - 2025/01/23 19:04:11 WET [2025/01/23 14:04:11 ET]
Table 'Alcyone IV' 6-max Seat #2 is the button
Seat 5: R.M.Farcas ($0 in chips) is sitting out
Seat 1: xcinaz ($100 in chips) 
Seat 2: AndreaBsAs ($127.28 in chips) 
Seat 3: ImaPeppaPig ($257.57 in chips) 
Seat 4: antgouna ($96.91 in chips) 
Seat 6: treds17 ($104.66 in chips) 
ImaPeppaPig: posts small blind $0.50
antgouna: posts big blind $1
*** HOLE CARDS ***
treds17: folds 
xcinaz: folds 
AndreaBsAs: folds 
ImaPeppaPig: raises $2 to $3
antgouna: folds 
Uncalled bet ($2) returned to ImaPeppaPig
ImaPeppaPig collected $2 from pot
ImaPeppaPig: doesn't show hand 
*** SUMMARY ***
Total pot $2 | Rake $0 
Seat 5: R.M.Farcas
Seat 1: xcinaz folded before Flop (didn't bet)
Seat 2: AndreaBsAs (button) folded before Flop (didn't bet)
Seat 3: ImaPeppaPig (small blind) collected ($2)
Seat 4: antgouna (big blind) folded before Flop
Seat 6: treds17 folded before Flop (didn't bet)



PokerStars Hand #254517588735:  Hold'em No Limit ($0.50/$1.00 USD) - 2025/01/23 19:04:36 WET [2025/01/23 14:04:36 ET]
Table 'Alcyone IV' 6-max Seat #3 is the button
Seat 1: xcinaz ($100 in chips) 
Seat 2: AndreaBsAs ($127.28 in chips) 
Seat 3: ImaPeppaPig ($258.57 in chips) 
Seat 4: antgouna ($95.91 in chips) 
Seat 5: R.M.Farcas ($100 in chips) 
Seat 6: treds17 ($104.66 in chips) 
antgouna: posts small blind $0.50
R.M.Farcas: posts big blind $1
*** HOLE CARDS ***
treds17: folds 
xcinaz: folds 
AndreaBsAs: folds 
ImaPeppaPig: folds 
antgouna: folds 
Uncalled bet ($0.50) returned to R.M.Farcas
R.M.Farcas collected $1 from pot
R.M.Farcas: doesn't show hand 
*** SUMMARY ***
Total pot $1 | Rake $0 
Seat 1: xcinaz folded before Flop (didn't bet)
Seat 2: AndreaBsAs folded before Flop (didn't bet)
Seat 3: ImaPeppaPig (button) folded before Flop (didn't bet)
Seat 4: antgouna (small blind) folded before Flop
Seat 5: R.M.Farcas (big blind) collected ($1)
Seat 6: treds17 folded before Flop (didn't bet)



PokerStars Hand #254517594582:  Hold'em No Limit ($0.50/$1.00 USD) - 2025/01/23 19:05:00 WET [2025/01/23 14:05:00 ET]
Table 'Alcyone IV' 6-max Seat #4 is the button
Seat 1: xcinaz ($100 in chips) 
Seat 2: AndreaBsAs ($127.28 in chips) 
Seat 3: ImaPeppaPig ($258.57 in chips) 
Seat 4: antgouna ($95.41 in chips) 
Seat 5: R.M.Farcas ($100.50 in chips) 
Seat 6: treds17 ($104.66 in chips) 
R.M.Farcas: posts small blind $0.50
treds17: posts big blind $1
*** HOLE CARDS ***
xcinaz: folds 
AndreaBsAs: folds 
ImaPeppaPig: folds 
antgouna: raises $1.30 to $2.30
R.M.Farcas: folds 
treds17: folds 
Uncalled bet ($1.30) returned to antgouna
antgouna collected $2.50 from pot
antgouna: doesn't show hand 
*** SUMMARY ***
Total pot $2.50 | Rake $0 
Seat 1: xcinaz folded before Flop (didn't bet)
Seat 2: AndreaBsAs folded before Flop (didn't bet)
Seat 3: ImaPeppaPig folded before Flop (didn't bet)
Seat 4: antgouna (button) collected ($2.50)
Seat 5: R.M.Farcas (small blind) folded before Flop
Seat 6: treds17 (big blind) folded before Flop



PokerStars Hand #254517597761:  Hold'em No Limit ($0.50/$1.00 USD) - 2025/01/23 19:05:13 WET [2025/01/23 14:05:13 ET]
Table 'Alcyone IV' 6-max Seat #5 is the button
Seat 1: xcinaz ($100 in chips) 
Seat 2: AndreaBsAs ($127.28 in chips) 
Seat 3: ImaPeppaPig ($258.57 in chips) 
Seat 4: antgouna ($96.91 in chips) 
Seat 5: R.M.Farcas ($100 in chips) 
Seat 6: treds17 ($103.66 in chips) 
treds17: posts small blind $0.50
xcinaz: posts big blind $1
*** HOLE CARDS ***
AndreaBsAs: folds 
ImaPeppaPig: folds 
antgouna: raises $1.30 to $2.30
R.M.Farcas: folds 
treds17: folds 
xcinaz: folds 
Uncalled bet ($1.30) returned to antgouna
antgouna collected $2.50 from pot
antgouna: doesn't show hand 
*** SUMMARY ***
Total pot $2.50 | Rake $0 
Seat 1: xcinaz (big blind) folded before Flop
Seat 2: AndreaBsAs folded before Flop (didn't bet)
Seat 3: ImaPeppaPig folded before Flop (didn't bet)
Seat 4: antgouna collected ($2.50)
Seat 5: R.M.Farcas (button) folded before Flop (didn't bet)
Seat 6: treds17 (small blind) folded before Flop



PokerStars Hand #254517601339:  Hold'em No Limit ($0.50/$1.00 USD) - 2025/01/23 19:05:28 WET [2025/01/23 14:05:28 ET]
Table 'Alcyone IV' 6-max Seat #6 is the button
Seat 2: AndreaBsAs ($127.28 in chips) is sitting out
Seat 1: xcinaz ($100 in chips) 
Seat 3: ImaPeppaPig ($258.57 in chips) 
Seat 4: antgouna ($98.41 in chips) 
Seat 5: R.M.Farcas ($100 in chips) 
Seat 6: treds17 ($103.16 in chips) 
xcinaz: posts small blind $0.50
AndreaBsAs: is sitting out 
ImaPeppaPig: posts big blind $1
*** HOLE CARDS ***
antgouna: folds 
R.M.Farcas: folds 
treds17: folds 
xcinaz: raises $2 to $3
ImaPeppaPig: folds 
Uncalled bet ($2) returned to xcinaz
xcinaz collected $2 from pot
xcinaz: doesn't show hand 
*** SUMMARY ***
Total pot $2 | Rake $0 
Seat 2: AndreaBsAs
Seat 1: xcinaz (small blind) collected ($2)
Seat 3: ImaPeppaPig (big blind) folded before Flop
Seat 4: antgouna folded before Flop (didn't bet)
Seat 5: R.M.Farcas folded before Flop (didn't bet)
Seat 6: treds17 (button) folded before Flop (didn't bet)



PokerStars Hand #254517605456:  Hold'em No Limit ($0.50/$1.00 USD) - 2025/01/23 19:05:45 WET [2025/01/23 14:05:45 ET]
Table 'Alcyone IV' 6-max Seat #1 is the button
Seat 2: AndreaBsAs ($127.28 in chips) is sitting out
Seat 4: antgouna ($98.41 in chips) is sitting out
Seat 1: xcinaz ($101 in chips) 
Seat 3: ImaPeppaPig ($257.57 in chips) 
Seat 5: R.M.Farcas ($100 in chips) 
Seat 6: treds17 ($103.16 in chips) 
ImaPeppaPig: posts small blind $0.50
antgouna: is sitting out 
R.M.Farcas: posts big blind $1
*** HOLE CARDS ***
antgouna leaves the table
treds17: folds 
xcinaz: folds 
ImaPeppaPig: folds 
Uncalled bet ($0.50) returned to R.M.Farcas
R.M.Farcas collected $1 from pot
R.M.Farcas: doesn't show hand 
*** SUMMARY ***
Total pot $1 | Rake $0 
Seat 2: AndreaBsAs
Seat 4: antgouna
Seat 1: xcinaz (button) folded before Flop (didn't bet)
Seat 3: ImaPeppaPig (small blind) folded before Flop
Seat 5: R.M.Farcas (big blind) collected ($1)
Seat 6: treds17 folded before Flop (didn't bet)



PokerStars Hand #254517608464:  Hold'em No Limit ($0.50/$1.00 USD) - 2025/01/23 19:05:58 WET [2025/01/23 14:05:58 ET]
Table 'Alcyone IV' 6-max Seat #3 is the button
Seat 2: AndreaBsAs ($127.28 in chips) is sitting out
Seat 1: xcinaz ($101 in chips) 
Seat 3: ImaPeppaPig ($257.07 in chips) 
Seat 5: R.M.Farcas ($100.50 in chips) 
Seat 6: treds17 ($103.16 in chips) 
R.M.Farcas: posts small blind $0.50
treds17: posts big blind $1
*** HOLE CARDS ***
xcinaz: folds 
ImaPeppaPig: folds 
R.M.Farcas: raises $2 to $3
treds17: folds 
Uncalled bet ($2) returned to R.M.Farcas
R.M.Farcas collected $2 from pot
R.M.Farcas: doesn't show hand 
*** SUMMARY ***
Total pot $2 | Rake $0 
Seat 2: AndreaBsAs
Seat 1: xcinaz folded before Flop (didn't bet)
Seat 3: ImaPeppaPig (button) folded before Flop (didn't bet)
Seat 5: R.M.Farcas (small blind) collected ($2)
Seat 6: treds17 (big blind) folded before Flop



PokerStars Hand #254517611437:  Hold'em No Limit ($0.50/$1.00 USD) - 2025/01/23 19:06:10 WET [2025/01/23 14:06:10 ET]
Table 'Alcyone IV' 6-max Seat #5 is the button
Seat 2: AndreaBsAs ($127.28 in chips) is sitting out
Seat 1: xcinaz ($101 in chips) 
Seat 3: ImaPeppaPig ($257.07 in chips) 
Seat 5: R.M.Farcas ($101.50 in chips) 
Seat 6: treds17 ($102.16 in chips) 
treds17: posts small blind $0.50
xcinaz: posts big blind $1
*** HOLE CARDS ***
ImaPeppaPig: folds 
R.M.Farcas: raises $1.50 to $2.50
treds17: folds 
xcinaz: folds 
Uncalled bet ($1.50) returned to R.M.Farcas
R.M.Farcas collected $2.50 from pot
R.M.Farcas: doesn't show hand 
reiyser joins the table at seat #4 
*** SUMMARY ***
Total pot $2.50 | Rake $0 
Seat 2: AndreaBsAs
Seat 1: xcinaz (big blind) folded before Flop
Seat 3: ImaPeppaPig folded before Flop (didn't bet)
Seat 5: R.M.Farcas (button) collected ($2.50)
Seat 6: treds17 (small blind) folded before Flop



PokerStars Hand #254517614471:  Hold'em No Limit ($0.50/$1.00 USD) - 2025/01/23 19:06:23 WET [2025/01/23 14:06:23 ET]
Table 'Alcyone IV' 6-max Seat #6 is the button
Seat 2: AndreaBsAs ($127.28 in chips) is sitting out
Seat 4: reiyser ($100 in chips) is sitting out
Seat 1: xcinaz ($100 in chips) 
Seat 3: ImaPeppaPig ($257.07 in chips) 
Seat 5: R.M.Farcas ($103 in chips) 
Seat 6: treds17 ($101.66 in chips) 
xcinaz: posts small blind $0.50
ImaPeppaPig: posts big blind $1
reiyser: sits out 
*** HOLE CARDS ***
AndreaBsAs leaves the table
R.M.Farcas: folds 
treds17: raises $1.50 to $2.50
xcinaz: folds 
ImaPeppaPig: calls $1.50
*** FLOP *** [Qs 2s 7c]
ImaPeppaPig: checks 
treds17: bets $3.92
ImaPeppaPig: folds 
Uncalled bet ($3.92) returned to treds17
treds17 collected $5.22 from pot
treds17: doesn't show hand 
*** SUMMARY ***
Total pot $5.50 | Rake $0.28 
Board [Qs 2s 7c]
Seat 2: AndreaBsAs
Seat 4: reiyser
Seat 1: xcinaz (small blind) folded before Flop
Seat 3: ImaPeppaPig (big blind) folded on the Flop
Seat 5: R.M.Farcas folded before Flop (didn't bet)
Seat 6: treds17 (button) collected ($5.22)



PokerStars Hand #254517623445:  Hold'em No Limit ($0.50/$1.00 USD) - 2025/01/23 19:06:59 WET [2025/01/23 14:06:59 ET]
Table 'Alcyone IV' 6-max Seat #1 is the button
Seat 1: xcinaz ($100 in chips) 
Seat 3: ImaPeppaPig ($254.57 in chips) 
Seat 4: reiyser ($100 in chips) 
Seat 5: R.M.Farcas ($103 in chips) 
Seat 6: treds17 ($104.38 in chips) 
ImaPeppaPig: posts small blind $0.50
reiyser: posts big blind $1
*** HOLE CARDS ***
R.M.Farcas: folds 
treds17: folds 
xcinaz: folds 
ImaPeppaPig: folds 
Uncalled bet ($0.50) returned to reiyser
reiyser collected $1 from pot
reiyser: doesn't show hand 
*** SUMMARY ***
Total pot $1 | Rake $0 
Seat 1: xcinaz (button) folded before Flop (didn't bet)
Seat 3: ImaPeppaPig (small blind) folded before Flop
Seat 4: reiyser (big blind) collected ($1)
Seat 5: R.M.Farcas folded before Flop (didn't bet)
Seat 6: treds17 folded before Flop (didn't bet)



PokerStars Hand #254517625825:  Hold'em No Limit ($0.50/$1.00 USD) - 2025/01/23 19:07:09 WET [2025/01/23 14:07:09 ET]
Table 'Alcyone IV' 6-max Seat #3 is the button
Seat 1: xcinaz ($100 in chips) 
Seat 3: ImaPeppaPig ($254.07 in chips) 
Seat 4: reiyser ($100.50 in chips) 
Seat 5: R.M.Farcas ($103 in chips) 
Seat 6: treds17 ($104.38 in chips) 
reiyser: posts small blind $0.50
R.M.Farcas: posts big blind $1
*** HOLE CARDS ***
treds17: raises $1.20 to $2.20
xcinaz: raises $5.80 to $8
ImaPeppaPig: folds 
reiyser: folds 
R.M.Farcas: folds 
treds17: raises $15 to $23
xcinaz: raises $77 to $100 and is all-in
treds17: folds 
Uncalled bet ($77) returned to xcinaz
xcinaz collected $47.50 from pot
xcinaz: doesn't show hand 
*** SUMMARY ***
Total pot $47.50 | Rake $0 
Seat 1: xcinaz collected ($47.50)
Seat 3: ImaPeppaPig (button) folded before Flop (didn't bet)
Seat 4: reiyser (small blind) folded before Flop
Seat 5: R.M.Farcas (big blind) folded before Flop
Seat 6: treds17 folded before Flop



PokerStars Hand #254517634764:  Hold'em No Limit ($0.50/$1.00 USD) - 2025/01/23 19:07:47 WET [2025/01/23 14:07:47 ET]
Table 'Alcyone IV' 6-max Seat #4 is the button
Seat 1: xcinaz ($124.50 in chips) 
Seat 3: ImaPeppaPig ($254.07 in chips) 
Seat 4: reiyser ($100 in chips) 
Seat 5: R.M.Farcas ($102 in chips) 
Seat 6: treds17 ($100 in chips) 
R.M.Farcas: posts small blind $0.50
treds17: posts big blind $1
*** HOLE CARDS ***
xcinaz: folds 
ImaPeppaPig: folds 
reiyser: folds 
R.M.Farcas: folds 
Uncalled bet ($0.50) returned to treds17
treds17 collected $1 from pot
treds17: doesn't show hand 
*** SUMMARY ***
Total pot $1 | Rake $0 
Seat 1: xcinaz folded before Flop (didn't bet)
Seat 3: ImaPeppaPig folded before Flop (didn't bet)
Seat 4: reiyser (button) folded before Flop (didn't bet)
Seat 5: R.M.Farcas (small blind) folded before Flop
Seat 6: treds17 (big blind) collected ($1)



PokerStars Hand #254517638381:  Hold'em No Limit ($0.50/$1.00 USD) - 2025/01/23 19:08:02 WET [2025/01/23 14:08:02 ET]
Table 'Alcyone IV' 6-max Seat #5 is the button
Seat 1: xcinaz ($124.50 in chips) 
Seat 3: ImaPeppaPig ($254.07 in chips) 
Seat 4: reiyser ($100 in chips) 
Seat 5: R.M.Farcas ($101.50 in chips) 
Seat 6: treds17 ($100.50 in chips) 
treds17: posts small blind $0.50
xcinaz: posts big blind $1
*** HOLE CARDS ***
ImaPeppaPig: folds 
reiyser: folds 
giuppexcvi joins the table at seat #2 
R.M.Farcas: folds 
treds17: folds 
Uncalled bet ($0.50) returned to xcinaz
xcinaz collected $1 from pot
xcinaz: doesn't show hand 
*** SUMMARY ***
Total pot $1 | Rake $0 
Seat 1: xcinaz (big blind) collected ($1)
Seat 3: ImaPeppaPig folded before Flop (didn't bet)
Seat 4: reiyser folded before Flop (didn't bet)
Seat 5: R.M.Farcas (button) folded before Flop (didn't bet)
Seat 6: treds17 (small blind) folded before Flop



PokerStars Hand #254517641611:  Hold'em No Limit ($0.50/$1.00 USD) - 2025/01/23 19:08:15 WET [2025/01/23 14:08:15 ET]
Table 'Alcyone IV' 6-max Seat #6 is the button
Seat 1: xcinaz ($125 in chips) 
Seat 2: giuppexcvi ($71.67 in chips) 
Seat 3: ImaPeppaPig ($254.07 in chips) 
Seat 4: reiyser ($100 in chips) 
Seat 5: R.M.Farcas ($101.50 in chips) 
Seat 6: treds17 ($100 in chips) 
xcinaz: posts small blind $0.50
giuppexcvi: posts big blind $1
*** HOLE CARDS ***
ImaPeppaPig: folds 
reiyser: folds 
R.M.Farcas: folds 
treds17: raises $1.50 to $2.50
xcinaz: folds 
giuppexcvi: calls $1.50
*** FLOP *** [Js 5s Ac]
giuppexcvi: checks 
treds17: bets $1.57
giuppexcvi: calls $1.57
*** TURN *** [Js 5s Ac] [5h]
giuppexcvi: checks 
treds17: bets $4.93
giuppexcvi: calls $4.93
*** RIVER *** [Js 5s Ac 5h] [8s]
giuppexcvi: bets $6
treds17: raises $24.50 to $30.50
giuppexcvi: calls $24.50
*** SHOW DOWN ***
treds17: shows [3h 4h] (a pair of Fives)
giuppexcvi: shows [9s 7s] (a flush, Jack high)
giuppexcvi collected $77 from pot
*** SUMMARY ***
Total pot $79.50 | Rake $2.50 
Board [Js 5s Ac 5h 8s]
Seat 1: xcinaz (small blind) folded before Flop
Seat 2: giuppexcvi (big blind) showed [9s 7s] and won ($77) with a flush, Jack high
Seat 3: ImaPeppaPig folded before Flop (didn't bet)
Seat 4: reiyser folded before Flop (didn't bet)
Seat 5: R.M.Farcas folded before Flop (didn't bet)
Seat 6: treds17 (button) showed [3h 4h] and lost with a pair of Fives



PokerStars Hand #254517663310:  Hold'em No Limit ($0.50/$1.00 USD) - 2025/01/23 19:09:46 WET [2025/01/23 14:09:46 ET]
Table 'Alcyone IV' 6-max Seat #1 is the button
Seat 1: xcinaz ($124.50 in chips) 
Seat 2: giuppexcvi ($109.17 in chips) 
Seat 3: ImaPeppaPig ($254.07 in chips) 
Seat 4: reiyser ($100 in chips) 
Seat 5: R.M.Farcas ($101.50 in chips) 
Seat 6: treds17 ($100 in chips) 
giuppexcvi: posts small blind $0.50
ImaPeppaPig: posts big blind $1
*** HOLE CARDS ***
reiyser: folds 
R.M.Farcas: folds 
treds17: folds 
xcinaz: raises $1.50 to $2.50
giuppexcvi: calls $2
ImaPeppaPig: folds 
*** FLOP *** [Qd 8c 7s]
giuppexcvi: checks 
xcinaz: bets $1.43
giuppexcvi: calls $1.43
*** TURN *** [Qd 8c 7s] [Tc]
giuppexcvi: checks 
xcinaz: checks 
*** RIVER *** [Qd 8c 7s Tc] [Jc]
giuppexcvi: bets $7
xcinaz: folds 
Uncalled bet ($7) returned to giuppexcvi
giuppexcvi collected $8.42 from pot
giuppexcvi: doesn't show hand 
*** SUMMARY ***
Total pot $8.86 | Rake $0.44 
Board [Qd 8c 7s Tc Jc]
Seat 1: xcinaz (button) folded on the River
Seat 2: giuppexcvi (small blind) collected ($8.42)
Seat 3: ImaPeppaPig (big blind) folded before Flop
Seat 4: reiyser folded before Flop (didn't bet)
Seat 5: R.M.Farcas folded before Flop (didn't bet)
Seat 6: treds17 folded before Flop (didn't bet)



PokerStars Hand #254517678378:  Hold'em No Limit ($0.50/$1.00 USD) - 2025/01/23 19:10:49 WET [2025/01/23 14:10:49 ET]
Table 'Alcyone IV' 6-max Seat #2 is the button
Seat 1: xcinaz ($120.57 in chips) 
Seat 2: giuppexcvi ($113.66 in chips) 
Seat 3: ImaPeppaPig ($253.07 in chips) 
Seat 4: reiyser ($100 in chips) 
Seat 5: R.M.Farcas ($101.50 in chips) 
Seat 6: treds17 ($100 in chips) 
ImaPeppaPig: posts small blind $0.50
reiyser: posts big blind $1
*** HOLE CARDS ***
R.M.Farcas: folds 
treds17: folds 
xcinaz: folds 
giuppexcvi: folds 
ImaPeppaPig: folds 
Uncalled bet ($0.50) returned to reiyser
reiyser collected $1 from pot
reiyser: doesn't show hand 
*** SUMMARY ***
Total pot $1 | Rake $0 
Seat 1: xcinaz folded before Flop (didn't bet)
Seat 2: giuppexcvi (button) folded before Flop (didn't bet)
Seat 3: ImaPeppaPig (small blind) folded before Flop
Seat 4: reiyser (big blind) collected ($1)
Seat 5: R.M.Farcas folded before Flop (didn't bet)
Seat 6: treds17 folded before Flop (didn't bet)



PokerStars Hand #254517681343:  Hold'em No Limit ($0.50/$1.00 USD) - 2025/01/23 19:11:02 WET [2025/01/23 14:11:02 ET]
Table 'Alcyone IV' 6-max Seat #3 is the button
Seat 1: xcinaz ($120.57 in chips) 
Seat 2: giuppexcvi ($113.66 in chips) 
Seat 3: ImaPeppaPig ($252.57 in chips) 
Seat 4: reiyser ($100.50 in chips) 
Seat 5: R.M.Farcas ($101.50 in chips) 
Seat 6: treds17 ($100 in chips) 
reiyser: posts small blind $0.50
R.M.Farcas: posts big blind $1
*** HOLE CARDS ***
treds17: folds 
xcinaz: folds 
giuppexcvi: calls $1
ImaPeppaPig: raises $3 to $4
reiyser: folds 
R.M.Farcas: folds 
giuppexcvi: folds 
Uncalled bet ($3) returned to ImaPeppaPig
ImaPeppaPig collected $3.50 from pot
ImaPeppaPig: doesn't show hand 
*** SUMMARY ***
Total pot $3.50 | Rake $0 
Seat 1: xcinaz folded before Flop (didn't bet)
Seat 2: giuppexcvi folded before Flop
Seat 3: ImaPeppaPig (button) collected ($3.50)
Seat 4: reiyser (small blind) folded before Flop
Seat 5: R.M.Farcas (big blind) folded before Flop
Seat 6: treds17 folded before Flop (didn't bet)



PokerStars Hand #254517685726:  Hold'em No Limit ($0.50/$1.00 USD) - 2025/01/23 19:11:20 WET [2025/01/23 14:11:20 ET]
Table 'Alcyone IV' 6-max Seat #4 is the button
Seat 1: xcinaz ($120.57 in chips) 
Seat 2: giuppexcvi ($112.66 in chips) 
Seat 3: ImaPeppaPig ($255.07 in chips) 
Seat 4: reiyser ($100 in chips) 
Seat 5: R.M.Farcas ($100.50 in chips) 
Seat 6: treds17 ($100 in chips) 
R.M.Farcas: posts small blind $0.50
treds17: posts big blind $1
*** HOLE CARDS ***
xcinaz: folds 
giuppexcvi: folds 
ImaPeppaPig: folds 
reiyser: folds 
R.M.Farcas: folds 
Uncalled bet ($0.50) returned to treds17
treds17 collected $1 from pot
treds17: doesn't show hand 
*** SUMMARY ***
Total pot $1 | Rake $0 
Seat 1: xcinaz folded before Flop (didn't bet)
Seat 2: giuppexcvi folded before Flop (didn't bet)
Seat 3: ImaPeppaPig folded before Flop (didn't bet)
Seat 4: reiyser (button) folded before Flop (didn't bet)
Seat 5: R.M.Farcas (small blind) folded before Flop
Seat 6: treds17 (big blind) collected ($1)



PokerStars Hand #254517689513:  Hold'em No Limit ($0.50/$1.00 USD) - 2025/01/23 19:11:35 WET [2025/01/23 14:11:35 ET]
Table 'Alcyone IV' 6-max Seat #5 is the button
Seat 1: xcinaz ($120.57 in chips) 
Seat 2: giuppexcvi ($112.66 in chips) 
Seat 3: ImaPeppaPig ($255.07 in chips) 
Seat 4: reiyser ($100 in chips) 
Seat 5: R.M.Farcas ($100 in chips) 
Seat 6: treds17 ($100.50 in chips) 
treds17: posts small blind $0.50
xcinaz: posts big blind $1
*** HOLE CARDS ***
giuppexcvi: calls $1
ImaPeppaPig: folds 
reiyser: folds 
R.M.Farcas: folds 
treds17: raises $3 to $4
xcinaz: folds 
giuppexcvi: calls $3
*** FLOP *** [6c Ks Kh]
treds17: bets $3
giuppexcvi: folds 
Uncalled bet ($3) returned to treds17
treds17 collected $8.55 from pot
treds17: doesn't show hand 
*** SUMMARY ***
Total pot $9 | Rake $0.45 
Board [6c Ks Kh]
Seat 1: xcinaz (big blind) folded before Flop
Seat 2: giuppexcvi folded on the Flop
Seat 3: ImaPeppaPig folded before Flop (didn't bet)
Seat 4: reiyser folded before Flop (didn't bet)
Seat 5: R.M.Farcas (button) folded before Flop (didn't bet)
Seat 6: treds17 (small blind) collected ($8.55)



PokerStars Hand #254517697896:  Hold'em No Limit ($0.50/$1.00 USD) - 2025/01/23 19:12:10 WET [2025/01/23 14:12:10 ET]
Table 'Alcyone IV' 6-max Seat #6 is the button
Seat 1: xcinaz ($119.57 in chips) 
Seat 2: giuppexcvi ($108.66 in chips) 
Seat 3: ImaPeppaPig ($255.07 in chips) 
Seat 4: reiyser ($100 in chips) 
Seat 5: R.M.Farcas ($100 in chips) 
Seat 6: treds17 ($105.05 in chips) 
xcinaz: posts small blind $0.50
giuppexcvi: posts big blind $1
*** HOLE CARDS ***
ImaPeppaPig: folds 
reiyser: folds 
R.M.Farcas: folds 
treds17: folds 
xcinaz: raises $2 to $3
giuppexcvi: calls $2
*** FLOP *** [9d 6h 9h]
xcinaz: checks 
giuppexcvi: bets $2
xcinaz: calls $2
*** TURN *** [9d 6h 9h] [2c]
xcinaz: checks 
giuppexcvi: checks 
*** RIVER *** [9d 6h 9h 2c] [Kh]
xcinaz: bets $3.14
giuppexcvi: folds 
Uncalled bet ($3.14) returned to xcinaz
xcinaz collected $9.50 from pot
xcinaz: doesn't show hand 
*** SUMMARY ***
Total pot $10 | Rake $0.50 
Board [9d 6h 9h 2c Kh]
Seat 1: xcinaz (small blind) collected ($9.50)
Seat 2: giuppexcvi (big blind) folded on the River
Seat 3: ImaPeppaPig folded before Flop (didn't bet)
Seat 4: reiyser folded before Flop (didn't bet)
Seat 5: R.M.Farcas folded before Flop (didn't bet)
Seat 6: treds17 (button) folded before Flop (didn't bet)



PokerStars Hand #254517713350:  Hold'em No Limit ($0.50/$1.00 USD) - 2025/01/23 19:13:14 WET [2025/01/23 14:13:14 ET]
Table 'Alcyone IV' 6-max Seat #1 is the button
Seat 1: xcinaz ($124.07 in chips) 
Seat 2: giuppexcvi ($103.66 in chips) 
Seat 3: ImaPeppaPig ($255.07 in chips) 
Seat 4: reiyser ($100 in chips) 
Seat 5: R.M.Farcas ($100 in chips) 
Seat 6: treds17 ($105.05 in chips) 
giuppexcvi: posts small blind $0.50
ImaPeppaPig: posts big blind $1
*** HOLE CARDS ***
reiyser: folds 
R.M.Farcas: folds 
treds17: folds 
xcinaz: folds 
giuppexcvi: raises $1 to $2
ImaPeppaPig: calls $1
*** FLOP *** [2c Ac 5d]
giuppexcvi: bets $3
ImaPeppaPig: raises $6 to $9
giuppexcvi: calls $6
*** TURN *** [2c Ac 5d] [3h]
giuppexcvi: checks 
ImaPeppaPig: bets $18
giuppexcvi: folds 
Uncalled bet ($18) returned to ImaPeppaPig
ImaPeppaPig collected $20.90 from pot
ImaPeppaPig: doesn't show hand 
*** SUMMARY ***
Total pot $22 | Rake $1.10 
Board [2c Ac 5d 3h]
Seat 1: xcinaz (button) folded before Flop (didn't bet)
Seat 2: giuppexcvi (small blind) folded on the Turn
Seat 3: ImaPeppaPig (big blind) collected ($20.90)
Seat 4: reiyser folded before Flop (didn't bet)
Seat 5: R.M.Farcas folded before Flop (didn't bet)
Seat 6: treds17 folded before Flop (didn't bet)



PokerStars Hand #254517725410:  Hold'em No Limit ($0.50/$1.00 USD) - 2025/01/23 19:14:04 WET [2025/01/23 14:14:04 ET]
Table 'Alcyone IV' 6-max Seat #2 is the button
Seat 1: xcinaz ($124.07 in chips) 
Seat 2: giuppexcvi ($92.66 in chips) 
Seat 3: ImaPeppaPig ($264.97 in chips) 
Seat 4: reiyser ($100 in chips) 
Seat 5: R.M.Farcas ($100 in chips) 
Seat 6: treds17 ($105.05 in chips) 
ImaPeppaPig: posts small blind $0.50
reiyser: posts big blind $1
*** HOLE CARDS ***
R.M.Farcas: raises $1.50 to $2.50
treds17: raises $5.50 to $8
xcinaz: folds 
giuppexcvi: folds 
ImaPeppaPig: folds 
reiyser: folds 
R.M.Farcas: raises $17.50 to $25.50
treds17: raises $79.55 to $105.05 and is all-in
R.M.Farcas: calls $74.50 and is all-in
Uncalled bet ($5.05) returned to treds17
*** FLOP *** [9h Js 6s]
*** TURN *** [9h Js 6s] [Jc]
*** RIVER *** [9h Js 6s Jc] [8d]
*** SHOW DOWN ***
R.M.Farcas: shows [Ks Kc] (two pair, Kings and Jacks)
treds17: shows [As Ad] (two pair, Aces and Jacks)
treds17 collected $199 from pot
*** SUMMARY ***
Total pot $201.50 | Rake $2.50 
Board [9h Js 6s Jc 8d]
Seat 1: xcinaz folded before Flop (didn't bet)
Seat 2: giuppexcvi (button) folded before Flop (didn't bet)
Seat 3: ImaPeppaPig (small blind) folded before Flop
Seat 4: reiyser (big blind) folded before Flop
Seat 5: R.M.Farcas showed [Ks Kc] and lost with two pair, Kings and Jacks
Seat 6: treds17 showed [As Ad] and won ($199) with two pair, Aces and Jacks



PokerStars Hand #254517734655:  Hold'em No Limit ($0.50/$1.00 USD) - 2025/01/23 19:14:43 WET [2025/01/23 14:14:43 ET]
Table 'Alcyone IV' 6-max Seat #3 is the button
Seat 5: R.M.Farcas ($0 in chips) is sitting out
Seat 1: xcinaz ($124.07 in chips) 
Seat 2: giuppexcvi ($92.66 in chips) 
Seat 3: ImaPeppaPig ($264.47 in chips) 
Seat 4: reiyser ($100 in chips) 
Seat 6: treds17 ($204.05 in chips) 
reiyser: posts small blind $0.50
treds17: posts big blind $1
*** HOLE CARDS ***
xcinaz: folds 
R.M.Farcas leaves the table
giuppexcvi: folds 
ImaPeppaPig: raises $1.50 to $2.50
reiyser: folds 
treds17: folds 
Uncalled bet ($1.50) returned to ImaPeppaPig
ImaPeppaPig collected $2.50 from pot
ImaPeppaPig: doesn't show hand 
*** SUMMARY ***
Total pot $2.50 | Rake $0 
Seat 5: R.M.Farcas
Seat 1: xcinaz folded before Flop (didn't bet)
Seat 2: giuppexcvi folded before Flop (didn't bet)
Seat 3: ImaPeppaPig (button) collected ($2.50)
Seat 4: reiyser (small blind) folded before Flop
Seat 6: treds17 (big blind) folded before Flop



PokerStars Hand #254517738405:  Hold'em No Limit ($0.50/$1.00 USD) - 2025/01/23 19:14:58 WET [2025/01/23 14:14:58 ET]
Table 'Alcyone IV' 6-max Seat #4 is the button
Seat 1: xcinaz ($124.07 in chips) 
Seat 2: giuppexcvi ($92.66 in chips) 
Seat 3: ImaPeppaPig ($265.97 in chips) 
Seat 4: reiyser ($100 in chips) 
Seat 6: treds17 ($203.05 in chips) 
treds17: posts small blind $0.50
xcinaz: posts big blind $1
*** HOLE CARDS ***
giuppexcvi: folds 
AlexPinsk1 joins the table at seat #5 
ImaPeppaPig: folds 
reiyser: folds 
treds17: raises $2 to $3
xcinaz: folds 
Uncalled bet ($2) returned to treds17
treds17 collected $2 from pot
treds17: doesn't show hand 
*** SUMMARY ***
Total pot $2 | Rake $0 
Seat 1: xcinaz (big blind) folded before Flop
Seat 2: giuppexcvi folded before Flop (didn't bet)
Seat 3: ImaPeppaPig folded before Flop (didn't bet)
Seat 4: reiyser (button) folded before Flop (didn't bet)
Seat 6: treds17 (small blind) collected ($2)



PokerStars Hand #254518217356:  Hold'em No Limit ($0.50/$1.00 USD) - 2025/01/23 19:47:19 WET [2025/01/23 14:47:19 ET]
Table 'Alcyone IV' 6-max Seat #6 is the button
Seat 1: xcinaz ($189.13 in chips) 
Seat 2: giuppexcvi ($19.04 in chips) 
Seat 3: ImaPeppaPig ($205.77 in chips) 
Seat 4: reiyser ($201.22 in chips) 
Seat 5: AlexPinsk1 ($107.21 in chips) 
Seat 6: Unipoker11 ($100 in chips) 
xcinaz: posts small blind $0.50
giuppexcvi: posts big blind $1
*** HOLE CARDS ***
ImaPeppaPig: folds 
reiyser: folds 
AlexPinsk1: raises $1.50 to $2.50
Unipoker11: folds 
xcinaz: raises $9 to $11.50
giuppexcvi: calls $10.50
AlexPinsk1: raises $13 to $24.50
xcinaz: folds 
giuppexcvi: calls $7.54 and is all-in
Uncalled bet ($5.46) returned to AlexPinsk1
*** FLOP *** [7s Qs 8h]
*** TURN *** [7s Qs 8h] [2c]
*** RIVER *** [7s Qs 8h 2c] [Jc]
*** SHOW DOWN ***
giuppexcvi: shows [Qd Jd] (two pair, Queens and Jacks)
AlexPinsk1: shows [Ts Ks] (high card King)
giuppexcvi collected $47.10 from pot
*** SUMMARY ***
Total pot $49.58 | Rake $2.48 
Board [7s Qs 8h 2c Jc]
Seat 1: xcinaz (small blind) folded before Flop
Seat 2: giuppexcvi (big blind) showed [Qd Jd] and won ($47.10) with two pair, Queens and Jacks
Seat 3: ImaPeppaPig folded before Flop (didn't bet)
Seat 4: reiyser folded before Flop (didn't bet)
Seat 5: AlexPinsk1 showed [Ts Ks] and lost with high card King
Seat 6: Unipoker11 (button) folded before Flop (didn't bet)



PokerStars Hand #254518237190:  Hold'em No Limit ($0.50/$1.00 USD) - 2025/01/23 19:48:35 WET [2025/01/23 14:48:35 ET]
Table 'Alcyone IV' 6-max Seat #1 is the button
Seat 1: xcinaz ($177.63 in chips) 
Seat 2: giuppexcvi ($47.10 in chips) 
Seat 3: ImaPeppaPig ($205.77 in chips) 
Seat 4: reiyser ($201.22 in chips) 
Seat 5: AlexPinsk1 ($100 in chips) 
Seat 6: Unipoker11 ($100 in chips) 
giuppexcvi: posts small blind $0.50
ImaPeppaPig: posts big blind $1
*** HOLE CARDS ***
reiyser: folds 
AlexPinsk1: folds 
Unipoker11: raises $1.30 to $2.30
xcinaz: folds 
giuppexcvi: calls $1.80
ImaPeppaPig: calls $1.30
*** FLOP *** [4s Jh Jd]
giuppexcvi: checks 
ImaPeppaPig: checks 
Unipoker11: bets $1.64
giuppexcvi: folds 
ImaPeppaPig: raises $4.36 to $6
Unipoker11: folds 
Uncalled bet ($4.36) returned to ImaPeppaPig
ImaPeppaPig collected $9.67 from pot
ImaPeppaPig: doesn't show hand 
*** SUMMARY ***
Total pot $10.18 | Rake $0.51 
Board [4s Jh Jd]
Seat 1: xcinaz (button) folded before Flop (didn't bet)
Seat 2: giuppexcvi (small blind) folded on the Flop
Seat 3: ImaPeppaPig (big blind) collected ($9.67)
Seat 4: reiyser folded before Flop (didn't bet)
Seat 5: AlexPinsk1 folded before Flop (didn't bet)
Seat 6: Unipoker11 folded on the Flop



PokerStars Hand #254518252815:  Hold'em No Limit ($0.50/$1.00 USD) - 2025/01/23 19:49:34 WET [2025/01/23 14:49:34 ET]
Table 'Alcyone IV' 6-max Seat #2 is the button
Seat 1: xcinaz ($177.63 in chips) 
Seat 2: giuppexcvi ($44.80 in chips) 
Seat 3: ImaPeppaPig ($211.50 in chips) 
Seat 4: reiyser ($201.22 in chips) 
Seat 5: AlexPinsk1 ($100 in chips) 
Seat 6: Unipoker11 ($100 in chips) 
ImaPeppaPig: posts small blind $0.50
reiyser: posts big blind $1
*** HOLE CARDS ***
AlexPinsk1: raises $1.50 to $2.50
Unipoker11: folds 
xcinaz: folds 
giuppexcvi: folds 
ImaPeppaPig: folds 
reiyser: folds 
Uncalled bet ($1.50) returned to AlexPinsk1
AlexPinsk1 collected $2.50 from pot
AlexPinsk1: doesn't show hand 
*** SUMMARY ***
Total pot $2.50 | Rake $0 
Seat 1: xcinaz folded before Flop (didn't bet)
Seat 2: giuppexcvi (button) folded before Flop (didn't bet)
Seat 3: ImaPeppaPig (small blind) folded before Flop
Seat 4: reiyser (big blind) folded before Flop
Seat 5: AlexPinsk1 collected ($2.50)
Seat 6: Unipoker11 folded before Flop (didn't bet)



PokerStars Hand #254518256860:  Hold'em No Limit ($0.50/$1.00 USD) - 2025/01/23 19:49:50 WET [2025/01/23 14:49:50 ET]
Table 'Alcyone IV' 6-max Seat #3 is the button
Seat 1: xcinaz ($177.63 in chips) 
Seat 2: giuppexcvi ($44.80 in chips) 
Seat 3: ImaPeppaPig ($211 in chips) 
Seat 4: reiyser ($200.22 in chips) 
Seat 5: AlexPinsk1 ($101.50 in chips) 
Seat 6: Unipoker11 ($100 in chips) 
reiyser: posts small blind $0.50
AlexPinsk1: posts big blind $1
*** HOLE CARDS ***
Unipoker11: folds 
xcinaz: folds 
giuppexcvi: folds 
ImaPeppaPig: folds 
reiyser: raises $1.80 to $2.80
AlexPinsk1: calls $1.80
*** FLOP *** [7d 9s 9h]
reiyser: checks 
AlexPinsk1: checks 
*** TURN *** [7d 9s 9h] [Jh]
reiyser: checks 
AlexPinsk1: checks 
*** RIVER *** [7d 9s 9h Jh] [3d]
reiyser: checks 
AlexPinsk1: bets $3.99
reiyser: calls $3.99
*** SHOW DOWN ***
AlexPinsk1: shows [Js 9d] (a full house, Nines full of Jacks)
reiyser: mucks hand 
AlexPinsk1 collected $12.90 from pot
*** SUMMARY ***
Total pot $13.58 | Rake $0.68 
Board [7d 9s 9h Jh 3d]
Seat 1: xcinaz folded before Flop (didn't bet)
Seat 2: giuppexcvi folded before Flop (didn't bet)
Seat 3: ImaPeppaPig (button) folded before Flop (didn't bet)
Seat 4: reiyser (small blind) mucked
Seat 5: AlexPinsk1 (big blind) showed [Js 9d] and won ($12.90) with a full house, Nines full of Jacks
Seat 6: Unipoker11 folded before Flop (didn't bet)



PokerStars Hand #254518275333:  Hold'em No Limit ($0.50/$1.00 USD) - 2025/01/23 19:51:00 WET [2025/01/23 14:51:00 ET]
Table 'Alcyone IV' 6-max Seat #4 is the button
Seat 1: xcinaz ($177.63 in chips) 
Seat 2: giuppexcvi ($44.80 in chips) 
Seat 3: ImaPeppaPig ($211 in chips) 
Seat 4: reiyser ($193.43 in chips) 
Seat 5: AlexPinsk1 ($107.61 in chips) 
Seat 6: Unipoker11 ($100 in chips) 
AlexPinsk1: posts small blind $0.50
Unipoker11: posts big blind $1
*** HOLE CARDS ***
xcinaz: folds 
giuppexcvi: folds 
ImaPeppaPig: folds 
reiyser: folds 
AlexPinsk1: folds 
Uncalled bet ($0.50) returned to Unipoker11
Unipoker11 collected $1 from pot
Unipoker11: doesn't show hand 
*** SUMMARY ***
Total pot $1 | Rake $0 
Seat 1: xcinaz folded before Flop (didn't bet)
Seat 2: giuppexcvi folded before Flop (didn't bet)
Seat 3: ImaPeppaPig folded before Flop (didn't bet)
Seat 4: reiyser (button) folded before Flop (didn't bet)
Seat 5: AlexPinsk1 (small blind) folded before Flop
Seat 6: Unipoker11 (big blind) collected ($1)



PokerStars Hand #254518278712:  Hold'em No Limit ($0.50/$1.00 USD) - 2025/01/23 19:51:12 WET [2025/01/23 14:51:12 ET]
Table 'Alcyone IV' 6-max Seat #5 is the button
Seat 1: xcinaz ($177.63 in chips) 
Seat 2: giuppexcvi ($44.80 in chips) 
Seat 3: ImaPeppaPig ($211 in chips) 
Seat 4: reiyser ($193.43 in chips) 
Seat 5: AlexPinsk1 ($107.11 in chips) 
Seat 6: Unipoker11 ($100.50 in chips) 
Unipoker11: posts small blind $0.50
xcinaz: posts big blind $1
*** HOLE CARDS ***
giuppexcvi: calls $1
ImaPeppaPig: folds 
reiyser: folds 
AlexPinsk1: folds 
Unipoker11: folds 
xcinaz: checks 
*** FLOP *** [2d 3c 7s]
xcinaz: checks 
giuppexcvi: checks 
*** TURN *** [2d 3c 7s] [4h]
xcinaz: checks 
giuppexcvi: bets $2
xcinaz: folds 
Uncalled bet ($2) returned to giuppexcvi
giuppexcvi collected $2.38 from pot
giuppexcvi: doesn't show hand 
*** SUMMARY ***
Total pot $2.50 | Rake $0.12 
Board [2d 3c 7s 4h]
Seat 1: xcinaz (big blind) folded on the Turn
Seat 2: giuppexcvi collected ($2.38)
Seat 3: ImaPeppaPig folded before Flop (didn't bet)
Seat 4: reiyser folded before Flop (didn't bet)
Seat 5: AlexPinsk1 (button) folded before Flop (didn't bet)
Seat 6: Unipoker11 (small blind) folded before Flop



PokerStars Hand #254518290214:  Hold'em No Limit ($0.50/$1.00 USD) - 2025/01/23 19:51:55 WET [2025/01/23 14:51:55 ET]
Table 'Alcyone IV' 6-max Seat #6 is the button
Seat 1: xcinaz ($176.63 in chips) 
Seat 2: giuppexcvi ($46.18 in chips) 
Seat 3: ImaPeppaPig ($211 in chips) 
Seat 4: reiyser ($193.43 in chips) 
Seat 5: AlexPinsk1 ($107.11 in chips) 
Seat 6: Unipoker11 ($100 in chips) 
xcinaz: posts small blind $0.50
giuppexcvi: posts big blind $1
*** HOLE CARDS ***
ImaPeppaPig: raises $1.50 to $2.50
reiyser: folds 
AlexPinsk1: folds 
Unipoker11: folds 
xcinaz: folds 
giuppexcvi: calls $1.50
*** FLOP *** [7d 4d Ks]
giuppexcvi: checks 
ImaPeppaPig: bets $1.62
giuppexcvi: calls $1.62
*** TURN *** [7d 4d Ks] [2h]
giuppexcvi: checks 
ImaPeppaPig: checks 
*** RIVER *** [7d 4d Ks 2h] [8h]
giuppexcvi: bets $15
ImaPeppaPig: folds 
Uncalled bet ($15) returned to giuppexcvi
giuppexcvi collected $8.30 from pot
giuppexcvi: doesn't show hand 
*** SUMMARY ***
Total pot $8.74 | Rake $0.44 
Board [7d 4d Ks 2h 8h]
Seat 1: xcinaz (small blind) folded before Flop
Seat 2: giuppexcvi (big blind) collected ($8.30)
Seat 3: ImaPeppaPig folded on the River
Seat 4: reiyser folded before Flop (didn't bet)
Seat 5: AlexPinsk1 folded before Flop (didn't bet)
Seat 6: Unipoker11 (button) folded before Flop (didn't bet)



PokerStars Hand #254518301216:  Hold'em No Limit ($0.50/$1.00 USD) - 2025/01/23 19:52:37 WET [2025/01/23 14:52:37 ET]
Table 'Alcyone IV' 6-max Seat #1 is the button
Seat 1: xcinaz ($176.13 in chips) 
Seat 2: giuppexcvi ($50.36 in chips) 
Seat 3: ImaPeppaPig ($206.88 in chips) 
Seat 4: reiyser ($193.43 in chips) 
Seat 5: AlexPinsk1 ($107.11 in chips) 
Seat 6: Unipoker11 ($100 in chips) 
giuppexcvi: posts small blind $0.50
ImaPeppaPig: posts big blind $1
*** HOLE CARDS ***
reiyser: folds 
AlexPinsk1: folds 
Unipoker11: raises $1.30 to $2.30
xcinaz: raises $5.70 to $8
giuppexcvi: folds 
ImaPeppaPig: folds 
Unipoker11: folds 
Uncalled bet ($5.70) returned to xcinaz
xcinaz collected $6.10 from pot
xcinaz: doesn't show hand 
*** SUMMARY ***
Total pot $6.10 | Rake $0 
Seat 1: xcinaz (button) collected ($6.10)
Seat 2: giuppexcvi (small blind) folded before Flop
Seat 3: ImaPeppaPig (big blind) folded before Flop
Seat 4: reiyser folded before Flop (didn't bet)
Seat 5: AlexPinsk1 folded before Flop (didn't bet)
Seat 6: Unipoker11 folded before Flop



PokerStars Hand #254518308078:  Hold'em No Limit ($0.50/$1.00 USD) - 2025/01/23 19:53:02 WET [2025/01/23 14:53:02 ET]
Table 'Alcyone IV' 6-max Seat #2 is the button
Seat 1: xcinaz ($179.93 in chips) 
Seat 2: giuppexcvi ($49.86 in chips) 
Seat 3: ImaPeppaPig ($205.88 in chips) 
Seat 4: reiyser ($193.43 in chips) 
Seat 5: AlexPinsk1 ($107.11 in chips) 
Seat 6: Unipoker11 ($100 in chips) 
ImaPeppaPig: posts small blind $0.50
reiyser: posts big blind $1
*** HOLE CARDS ***
AlexPinsk1: folds 
Unipoker11: folds 
xcinaz: raises $1.20 to $2.20
giuppexcvi: folds 
ImaPeppaPig: raises $8.80 to $11
reiyser: folds 
xcinaz: folds 
Uncalled bet ($8.80) returned to ImaPeppaPig
ImaPeppaPig collected $5.40 from pot
ImaPeppaPig: doesn't show hand 
*** SUMMARY ***
Total pot $5.40 | Rake $0 
Seat 1: xcinaz folded before Flop
Seat 2: giuppexcvi (button) folded before Flop (didn't bet)
Seat 3: ImaPeppaPig (small blind) collected ($5.40)
Seat 4: reiyser (big blind) folded before Flop
Seat 5: AlexPinsk1 folded before Flop (didn't bet)
Seat 6: Unipoker11 folded before Flop (didn't bet)



PokerStars Hand #254518316274:  Hold'em No Limit ($0.50/$1.00 USD) - 2025/01/23 19:53:33 WET [2025/01/23 14:53:33 ET]
Table 'Alcyone IV' 6-max Seat #3 is the button
Seat 1: xcinaz ($177.73 in chips) 
Seat 2: giuppexcvi ($49.86 in chips) 
Seat 3: ImaPeppaPig ($209.08 in chips) 
Seat 4: reiyser ($192.43 in chips) 
Seat 5: AlexPinsk1 ($107.11 in chips) 
Seat 6: Unipoker11 ($100 in chips) 
reiyser: posts small blind $0.50
AlexPinsk1: posts big blind $1
*** HOLE CARDS ***
Unipoker11: folds 
xcinaz: raises $1 to $2
giuppexcvi: folds 
ImaPeppaPig: raises $5 to $7
reiyser: folds 
AlexPinsk1: folds 
xcinaz: calls $5
*** FLOP *** [8d 6s 3s]
xcinaz: checks 
ImaPeppaPig: bets $7.65
xcinaz: raises $17.35 to $25
ImaPeppaPig: calls $17.35
*** TURN *** [8d 6s 3s] [Ac]
xcinaz: bets $31.50
ImaPeppaPig: calls $31.50
*** RIVER *** [8d 6s 3s Ac] [Ad]
xcinaz: bets $114.23 and is all-in
ImaPeppaPig: folds 
Uncalled bet ($114.23) returned to xcinaz
xcinaz collected $126 from pot
xcinaz: doesn't show hand 
*** SUMMARY ***
Total pot $128.50 | Rake $2.50 
Board [8d 6s 3s Ac Ad]
Seat 1: xcinaz collected ($126)
Seat 2: giuppexcvi folded before Flop (didn't bet)
Seat 3: ImaPeppaPig (button) folded on the River
Seat 4: reiyser (small blind) folded before Flop
Seat 5: AlexPinsk1 (big blind) folded before Flop
Seat 6: Unipoker11 folded before Flop (didn't bet)



PokerStars Hand #254518343732:  Hold'em No Limit ($0.50/$1.00 USD) - 2025/01/23 19:55:14 WET [2025/01/23 14:55:14 ET]
Table 'Alcyone IV' 6-max Seat #4 is the button
Seat 6: Unipoker11 ($100 in chips) is sitting out
Seat 1: xcinaz ($240.23 in chips) 
Seat 2: giuppexcvi ($49.86 in chips) 
Seat 3: ImaPeppaPig ($145.58 in chips) 
Seat 4: reiyser ($191.93 in chips) 
Seat 5: AlexPinsk1 ($106.11 in chips) 
AlexPinsk1: posts small blind $0.50
Unipoker11: is sitting out 
xcinaz: posts big blind $1
*** HOLE CARDS ***
Unipoker11 leaves the table
giuppexcvi: calls $1
ImaPeppaPig: folds 
NISIY joins the table at seat #6 
reiyser: folds 
AlexPinsk1: raises $3.50 to $4.50
xcinaz: folds 
giuppexcvi: folds 
Uncalled bet ($3.50) returned to AlexPinsk1
AlexPinsk1 collected $3 from pot
AlexPinsk1: doesn't show hand 
*** SUMMARY ***
Total pot $3 | Rake $0 
Seat 6: Unipoker11
Seat 1: xcinaz (big blind) folded before Flop
Seat 2: giuppexcvi folded before Flop
Seat 3: ImaPeppaPig folded before Flop (didn't bet)
Seat 4: reiyser (button) folded before Flop (didn't bet)
Seat 5: AlexPinsk1 (small blind) collected ($3)



PokerStars Hand #254518347899:  Hold'em No Limit ($0.50/$1.00 USD) - 2025/01/23 19:55:34 WET [2025/01/23 14:55:34 ET]
Table 'Alcyone IV' 6-max Seat #5 is the button
Seat 6: NISIY ($100 in chips) is sitting out
Seat 1: xcinaz ($239.23 in chips) 
Seat 2: giuppexcvi ($48.86 in chips) 
Seat 3: ImaPeppaPig ($145.58 in chips) 
Seat 4: reiyser ($191.93 in chips) 
Seat 5: AlexPinsk1 ($108.11 in chips) 
xcinaz: posts small blind $0.50
giuppexcvi: posts big blind $1
*** HOLE CARDS ***
ImaPeppaPig: folds 
reiyser: folds 
AlexPinsk1: folds 
xcinaz: folds 
Uncalled bet ($0.50) returned to giuppexcvi
giuppexcvi collected $1 from pot
giuppexcvi: doesn't show hand 
*** SUMMARY ***
Total pot $1 | Rake $0 
Seat 6: NISIY
Seat 1: xcinaz (small blind) folded before Flop
Seat 2: giuppexcvi (big blind) collected ($1)
Seat 3: ImaPeppaPig folded before Flop (didn't bet)
Seat 4: reiyser folded before Flop (didn't bet)
Seat 5: AlexPinsk1 (button) folded before Flop (didn't bet)



PokerStars Hand #254518350152:  Hold'em No Limit ($0.50/$1.00 USD) - 2025/01/23 19:55:45 WET [2025/01/23 14:55:45 ET]
Table 'Alcyone IV' 6-max Seat #1 is the button
Seat 6: NISIY ($100 in chips) is sitting out
Seat 1: xcinaz ($238.73 in chips) 
Seat 2: giuppexcvi ($49.36 in chips) 
Seat 3: ImaPeppaPig ($145.58 in chips) 
Seat 4: reiyser ($191.93 in chips) 
Seat 5: AlexPinsk1 ($108.11 in chips) 
giuppexcvi: posts small blind $0.50
ImaPeppaPig: posts big blind $1
NISIY: sits out 
*** HOLE CARDS ***
reiyser: folds 
AlexPinsk1: folds 
xcinaz: raises $1.50 to $2.50
giuppexcvi: folds 
ImaPeppaPig: raises $10.50 to $13
xcinaz: folds 
Uncalled bet ($10.50) returned to ImaPeppaPig
ImaPeppaPig collected $5.50 from pot
ImaPeppaPig: doesn't show hand 
*** SUMMARY ***
Total pot $5.50 | Rake $0 
Seat 6: NISIY
Seat 1: xcinaz (button) folded before Flop
Seat 2: giuppexcvi (small blind) folded before Flop
Seat 3: ImaPeppaPig (big blind) collected ($5.50)
Seat 4: reiyser folded before Flop (didn't bet)
Seat 5: AlexPinsk1 folded before Flop (didn't bet)



PokerStars Hand #254518355149:  Hold'em No Limit ($0.50/$1.00 USD) - 2025/01/23 19:56:09 WET [2025/01/23 14:56:09 ET]
Table 'Alcyone IV' 6-max Seat #2 is the button
Seat 6: NISIY ($100 in chips) is sitting out
Seat 1: xcinaz ($236.23 in chips) 
Seat 2: giuppexcvi ($48.86 in chips) 
Seat 3: ImaPeppaPig ($148.58 in chips) 
Seat 4: reiyser ($191.93 in chips) 
Seat 5: AlexPinsk1 ($108.11 in chips) 
ImaPeppaPig: posts small blind $0.50
reiyser: posts big blind $1
NISIY: sits out 
*** HOLE CARDS ***
AlexPinsk1: folds 
xcinaz: folds 
giuppexcvi: calls $1
ImaPeppaPig: folds 
reiyser: raises $3 to $4
giuppexcvi: calls $3
*** FLOP *** [4d 2c Qh]
reiyser: checks 
giuppexcvi: checks 
*** TURN *** [4d 2c Qh] [Kh]
reiyser: bets $4.20
giuppexcvi: folds 
Uncalled bet ($4.20) returned to reiyser
reiyser collected $8.08 from pot
reiyser: doesn't show hand 
*** SUMMARY ***
Total pot $8.50 | Rake $0.42 
Board [4d 2c Qh Kh]
Seat 6: NISIY
Seat 1: xcinaz folded before Flop (didn't bet)
Seat 2: giuppexcvi (button) folded on the Turn
Seat 3: ImaPeppaPig (small blind) folded before Flop
Seat 4: reiyser (big blind) collected ($8.08)
Seat 5: AlexPinsk1 folded before Flop (didn't bet)



PokerStars Hand #254518365566:  Hold'em No Limit ($0.50/$1.00 USD) - 2025/01/23 19:57:00 WET [2025/01/23 14:57:00 ET]
Table 'Alcyone IV' 6-max Seat #3 is the button
Seat 6: NISIY ($100 in chips) is sitting out
Seat 1: xcinaz ($236.23 in chips) 
Seat 2: giuppexcvi ($44.86 in chips) 
Seat 3: ImaPeppaPig ($148.08 in chips) 
Seat 4: reiyser ($196.01 in chips) 
Seat 5: AlexPinsk1 ($108.11 in chips) 
reiyser: posts small blind $0.50
AlexPinsk1: posts big blind $1
NISIY: sits out 
*** HOLE CARDS ***
xcinaz: raises $1 to $2
giuppexcvi: calls $2
ImaPeppaPig: folds 
reiyser: folds 
AlexPinsk1: folds 
*** FLOP *** [2c 3s 8d]
xcinaz: checks 
giuppexcvi: bets $4
xcinaz: folds 
Uncalled bet ($4) returned to giuppexcvi
giuppexcvi collected $5.22 from pot
giuppexcvi: doesn't show hand 
*** SUMMARY ***
Total pot $5.50 | Rake $0.28 
Board [2c 3s 8d]
Seat 6: NISIY
Seat 1: xcinaz folded on the Flop
Seat 2: giuppexcvi collected ($5.22)
Seat 3: ImaPeppaPig (button) folded before Flop (didn't bet)
Seat 4: reiyser (small blind) folded before Flop
Seat 5: AlexPinsk1 (big blind) folded before Flop



PokerStars Hand #254518372978:  Hold'em No Limit ($0.50/$1.00 USD) - 2025/01/23 19:57:35 WET [2025/01/23 14:57:35 ET]
Table 'Alcyone IV' 6-max Seat #4 is the button
Seat 1: xcinaz ($234.23 in chips) 
Seat 2: giuppexcvi ($48.08 in chips) 
Seat 3: ImaPeppaPig ($148.08 in chips) 
Seat 4: reiyser ($195.51 in chips) 
Seat 5: AlexPinsk1 ($107.11 in chips) 
Seat 6: NISIY ($100 in chips) 
AlexPinsk1: posts small blind $0.50
NISIY: posts big blind $1
*** HOLE CARDS ***
xcinaz: folds 
giuppexcvi: raises $1 to $2
ImaPeppaPig: folds 
reiyser: folds 
AlexPinsk1: folds 
NISIY: calls $1
*** FLOP *** [9h Jh 2h]
NISIY: checks 
giuppexcvi: bets $3
NISIY: calls $3
*** TURN *** [9h Jh 2h] [Kh]
NISIY: checks 
giuppexcvi: bets $5
NISIY: calls $5
*** RIVER *** [9h Jh 2h Kh] [9c]
NISIY: checks 
giuppexcvi: checks 
*** SHOW DOWN ***
NISIY: shows [Kd Js] (two pair, Kings and Jacks)
giuppexcvi: mucks hand 
NISIY collected $19.48 from pot
*** SUMMARY ***
Total pot $20.50 | Rake $1.02 
Board [9h Jh 2h Kh 9c]
Seat 1: xcinaz folded before Flop (didn't bet)
Seat 2: giuppexcvi mucked
Seat 3: ImaPeppaPig folded before Flop (didn't bet)
Seat 4: reiyser (button) folded before Flop (didn't bet)
Seat 5: AlexPinsk1 (small blind) folded before Flop
Seat 6: NISIY (big blind) showed [Kd Js] and won ($19.48) with two pair, Kings and Jacks



PokerStars Hand #254518382611:  Hold'em No Limit ($0.50/$1.00 USD) - 2025/01/23 19:58:22 WET [2025/01/23 14:58:22 ET]
Table 'Alcyone IV' 6-max Seat #5 is the button
Seat 1: xcinaz ($234.23 in chips) 
Seat 2: giuppexcvi ($38.08 in chips) 
Seat 3: ImaPeppaPig ($148.08 in chips) 
Seat 4: reiyser ($195.51 in chips) 
Seat 5: AlexPinsk1 ($106.61 in chips) 
Seat 6: NISIY ($109.48 in chips) 
NISIY: posts small blind $0.50
xcinaz: posts big blind $1
*** HOLE CARDS ***
giuppexcvi: calls $1
ImaPeppaPig: raises $3 to $4
reiyser: folds 
AlexPinsk1: folds 
NISIY: folds 
xcinaz: calls $3
giuppexcvi: folds 
*** FLOP *** [Ks 9h 4h]
xcinaz: checks 
ImaPeppaPig: checks 
*** TURN *** [Ks 9h 4h] [5h]
xcinaz: bets $2.98
ImaPeppaPig: folds 
Uncalled bet ($2.98) returned to xcinaz
xcinaz collected $9.02 from pot
xcinaz: doesn't show hand 
*** SUMMARY ***
Total pot $9.50 | Rake $0.48 
Board [Ks 9h 4h 5h]
Seat 1: xcinaz (big blind) collected ($9.02)
Seat 2: giuppexcvi folded before Flop
Seat 3: ImaPeppaPig folded on the Turn
Seat 4: reiyser folded before Flop (didn't bet)
Seat 5: AlexPinsk1 (button) folded before Flop (didn't bet)
Seat 6: NISIY (small blind) folded before Flop



PokerStars Hand #254518393177:  Hold'em No Limit ($0.50/$1.00 USD) - 2025/01/23 19:59:13 WET [2025/01/23 14:59:13 ET]
Table 'Alcyone IV' 6-max Seat #6 is the button
Seat 1: xcinaz ($239.25 in chips) 
Seat 2: giuppexcvi ($37.08 in chips) 
Seat 3: ImaPeppaPig ($144.08 in chips) 
Seat 4: reiyser ($195.51 in chips) 
Seat 5: AlexPinsk1 ($106.61 in chips) 
Seat 6: NISIY ($108.98 in chips) 
xcinaz: posts small blind $0.50
giuppexcvi: posts big blind $1
*** HOLE CARDS ***
ImaPeppaPig: raises $1.50 to $2.50
reiyser: folds 
AlexPinsk1: folds 
NISIY: folds 
xcinaz: folds 
giuppexcvi: calls $1.50
*** FLOP *** [As 5s 2c]
giuppexcvi: bets $1
ImaPeppaPig: calls $1
*** TURN *** [As 5s 2c] [Qh]
giuppexcvi: bets $2
ImaPeppaPig: calls $2
*** RIVER *** [As 5s 2c Qh] [9c]
giuppexcvi: bets $6
ImaPeppaPig: folds 
Uncalled bet ($6) returned to giuppexcvi
giuppexcvi collected $10.92 from pot
giuppexcvi: doesn't show hand 
*** SUMMARY ***
Total pot $11.50 | Rake $0.58 
Board [As 5s 2c Qh 9c]
Seat 1: xcinaz (small blind) folded before Flop
Seat 2: giuppexcvi (big blind) collected ($10.92)
Seat 3: ImaPeppaPig folded on the River
Seat 4: reiyser folded before Flop (didn't bet)
Seat 5: AlexPinsk1 folded before Flop (didn't bet)
Seat 6: NISIY (button) folded before Flop (didn't bet)



PokerStars Hand #254518528587:  Hold'em No Limit ($0.50/$1.00 USD) - 2025/01/23 20:07:44 WET [2025/01/23 15:07:44 ET]
Table 'Alcyone IV' 6-max Seat #2 is the button
Seat 4: reiyser ($195.01 in chips) is sitting out
Seat 1: xcinaz ($244.54 in chips) 
Seat 2: giuppexcvi ($42.52 in chips) 
Seat 3: ImaPeppaPig ($132.86 in chips) 
Seat 5: AlexPinsk1 ($100 in chips) 
Seat 6: NISIY ($116.48 in chips) 
ImaPeppaPig: posts small blind $0.50
AlexPinsk1: posts big blind $1
*** HOLE CARDS ***
NISIY: raises $1.50 to $2.50
xcinaz: folds 
giuppexcvi: calls $2.50
ImaPeppaPig: folds 
AlexPinsk1: folds 
*** FLOP *** [Qd 6h 6s]
NISIY: checks 
giuppexcvi: bets $1
NISIY: raises $3.50 to $4.50
giuppexcvi: calls $3.50
*** TURN *** [Qd 6h 6s] [6d]
NISIY: checks 
giuppexcvi: bets $2
NISIY: calls $2
*** RIVER *** [Qd 6h 6s 6d] [Ac]
NISIY: checks 
giuppexcvi: bets $18.52
NISIY: calls $18.52
*** SHOW DOWN ***
giuppexcvi: shows [Kd Qh] (a full house, Sixes full of Queens)
NISIY: shows [Ad Qc] (a full house, Sixes full of Aces)
NISIY collected $54.04 from pot
*** SUMMARY ***
Total pot $56.54 | Rake $2.50 
Board [Qd 6h 6s 6d Ac]
Seat 4: reiyser
Seat 1: xcinaz folded before Flop (didn't bet)
Seat 2: giuppexcvi (button) showed [Kd Qh] and lost with a full house, Sixes full of Queens
Seat 3: ImaPeppaPig (small blind) folded before Flop
Seat 5: AlexPinsk1 (big blind) folded before Flop
Seat 6: NISIY showed [Ad Qc] and won ($54.04) with a full house, Sixes full of Aces



PokerStars Hand #254518550591:  Hold'em No Limit ($0.50/$1.00 USD) - 2025/01/23 20:09:00 WET [2025/01/23 15:09:00 ET]
Table 'Alcyone IV' 6-max Seat #3 is the button
Seat 4: reiyser ($195.01 in chips) is sitting out
Seat 1: xcinaz ($244.54 in chips) 
Seat 2: giuppexcvi ($15 in chips) 
Seat 3: ImaPeppaPig ($132.36 in chips) 
Seat 5: AlexPinsk1 ($100 in chips) 
Seat 6: NISIY ($143 in chips) 
AlexPinsk1: posts small blind $0.50
NISIY: posts big blind $1
*** HOLE CARDS ***
xcinaz: folds 
giuppexcvi: calls $1
ImaPeppaPig: raises $8 to $9
AlexPinsk1: folds 
NISIY: folds 
giuppexcvi: folds 
Uncalled bet ($8) returned to ImaPeppaPig
ImaPeppaPig collected $3.50 from pot
ImaPeppaPig: doesn't show hand 
*** SUMMARY ***
Total pot $3.50 | Rake $0 
Seat 4: reiyser
Seat 1: xcinaz folded before Flop (didn't bet)
Seat 2: giuppexcvi folded before Flop
Seat 3: ImaPeppaPig (button) collected ($3.50)
Seat 5: AlexPinsk1 (small blind) folded before Flop
Seat 6: NISIY (big blind) folded before Flop



PokerStars Hand #254518558985:  Hold'em No Limit ($0.50/$1.00 USD) - 2025/01/23 20:09:29 WET [2025/01/23 15:09:29 ET]
Table 'Alcyone IV' 6-max Seat #5 is the button
Seat 4: reiyser ($195.01 in chips) is sitting out
Seat 1: xcinaz ($244.54 in chips) 
Seat 2: giuppexcvi ($14 in chips) 
Seat 3: ImaPeppaPig ($134.86 in chips) 
Seat 5: AlexPinsk1 ($100 in chips) 
Seat 6: NISIY ($142 in chips) 
NISIY: posts small blind $0.50
xcinaz: posts big blind $1
*** HOLE CARDS ***
giuppexcvi: folds 
ImaPeppaPig: folds 
AlexPinsk1: folds 
NISIY: raises $2 to $3
xcinaz: calls $2
*** FLOP *** [8d 2c 9c]
NISIY: checks 
xcinaz: checks 
*** TURN *** [8d 2c 9c] [Th]
NISIY: checks 
xcinaz: checks 
*** RIVER *** [8d 2c 9c Th] [3c]
NISIY: bets $8.55
xcinaz: folds 
Uncalled bet ($8.55) returned to NISIY
NISIY collected $5.70 from pot
NISIY: doesn't show hand 
*** SUMMARY ***
Total pot $6 | Rake $0.30 
Board [8d 2c 9c Th 3c]
Seat 4: reiyser
Seat 1: xcinaz (big blind) folded on the River
Seat 2: giuppexcvi folded before Flop (didn't bet)
Seat 3: ImaPeppaPig folded before Flop (didn't bet)
Seat 5: AlexPinsk1 (button) folded before Flop (didn't bet)
Seat 6: NISIY (small blind) collected ($5.70)



PokerStars Hand #254518579206:  Hold'em No Limit ($0.50/$1.00 USD) - 2025/01/23 20:10:39 WET [2025/01/23 15:10:39 ET]
Table 'Alcyone IV' 6-max Seat #6 is the button
Seat 4: reiyser ($195.01 in chips) is sitting out
Seat 1: xcinaz ($241.54 in chips) 
Seat 2: giuppexcvi ($14 in chips) 
Seat 3: ImaPeppaPig ($134.86 in chips) 
Seat 5: AlexPinsk1 ($100 in chips) 
Seat 6: NISIY ($144.70 in chips) 
xcinaz: posts small blind $0.50
giuppexcvi: posts big blind $1
*** HOLE CARDS ***
ImaPeppaPig: folds 
AlexPinsk1: folds 
NISIY: raises $1 to $2
xcinaz: folds 
giuppexcvi: folds 
Uncalled bet ($1) returned to NISIY
NISIY collected $2.50 from pot
NISIY: doesn't show hand 
*** SUMMARY ***
Total pot $2.50 | Rake $0 
Seat 4: reiyser
Seat 1: xcinaz (small blind) folded before Flop
Seat 2: giuppexcvi (big blind) folded before Flop
Seat 3: ImaPeppaPig folded before Flop (didn't bet)
Seat 5: AlexPinsk1 folded before Flop (didn't bet)
Seat 6: NISIY (button) collected ($2.50)



PokerStars Hand #254518585232:  Hold'em No Limit ($0.50/$1.00 USD) - 2025/01/23 20:11:00 WET [2025/01/23 15:11:00 ET]
Table 'Alcyone IV' 6-max Seat #1 is the button
Seat 4: reiyser ($195.01 in chips) is sitting out
Seat 1: xcinaz ($241.04 in chips) 
Seat 2: giuppexcvi ($13 in chips) 
Seat 3: ImaPeppaPig ($134.86 in chips) 
Seat 5: AlexPinsk1 ($100 in chips) 
Seat 6: NISIY ($146.20 in chips) 
giuppexcvi: posts small blind $0.50
ImaPeppaPig: posts big blind $1
*** HOLE CARDS ***
AlexPinsk1: folds 
NISIY: folds 
xcinaz: raises $1.50 to $2.50
giuppexcvi: folds 
ImaPeppaPig: folds 
Uncalled bet ($1.50) returned to xcinaz
xcinaz collected $2.50 from pot
xcinaz: doesn't show hand 
*** SUMMARY ***
Total pot $2.50 | Rake $0 
Seat 4: reiyser
Seat 1: xcinaz (button) collected ($2.50)
Seat 2: giuppexcvi (small blind) folded before Flop
Seat 3: ImaPeppaPig (big blind) folded before Flop
Seat 5: AlexPinsk1 folded before Flop (didn't bet)
Seat 6: NISIY folded before Flop (didn't bet)



PokerStars Hand #254518589453:  Hold'em No Limit ($0.50/$1.00 USD) - 2025/01/23 20:11:14 WET [2025/01/23 15:11:14 ET]
Table 'Alcyone IV' 6-max Seat #2 is the button
Seat 4: reiyser ($195.01 in chips) is sitting out
Seat 1: xcinaz ($242.54 in chips) 
Seat 2: giuppexcvi ($12.50 in chips) 
Seat 3: ImaPeppaPig ($133.86 in chips) 
Seat 5: AlexPinsk1 ($100 in chips) 
Seat 6: NISIY ($146.20 in chips) 
ImaPeppaPig: posts small blind $0.50
AlexPinsk1: posts big blind $1
*** HOLE CARDS ***
NISIY: folds 
NISIY leaves the table
xcinaz: raises $1.20 to $2.20
giuppexcvi: folds 
ImaPeppaPig: folds 
AlexPinsk1: folds 
Uncalled bet ($1.20) returned to xcinaz
xcinaz collected $2.50 from pot
xcinaz: doesn't show hand 
*** SUMMARY ***
Total pot $2.50 | Rake $0 
Seat 4: reiyser
Seat 1: xcinaz collected ($2.50)
Seat 2: giuppexcvi (button) folded before Flop (didn't bet)
Seat 3: ImaPeppaPig (small blind) folded before Flop
Seat 5: AlexPinsk1 (big blind) folded before Flop
Seat 6: NISIY folded before Flop (didn't bet)



PokerStars Hand #254518595626:  Hold'em No Limit ($0.50/$1.00 USD) - 2025/01/23 20:11:35 WET [2025/01/23 15:11:35 ET]
Table 'Alcyone IV' 6-max Seat #3 is the button
Seat 4: reiyser ($195.01 in chips) is sitting out
Seat 1: xcinaz ($244.04 in chips) 
Seat 2: giuppexcvi ($12.50 in chips) 
Seat 3: ImaPeppaPig ($133.36 in chips) 
Seat 5: AlexPinsk1 ($100 in chips) 
AlexPinsk1: posts small blind $0.50
xcinaz: posts big blind $1
*** HOLE CARDS ***
nastja336 joins the table at seat #6 
giuppexcvi: folds 
ImaPeppaPig: raises $1.50 to $2.50
AlexPinsk1: folds 
xcinaz: calls $1.50
*** FLOP *** [5d 7c As]
xcinaz: checks 
ImaPeppaPig: bets $1.62
xcinaz: calls $1.62
*** TURN *** [5d 7c As] [7s]
xcinaz: checks 
ImaPeppaPig: checks 
*** RIVER *** [5d 7c As 7s] [5s]
xcinaz: bets $2.74
ImaPeppaPig: folds 
Uncalled bet ($2.74) returned to xcinaz
xcinaz collected $8.30 from pot
xcinaz: doesn't show hand 
*** SUMMARY ***
Total pot $8.74 | Rake $0.44 
Board [5d 7c As 7s 5s]
Seat 4: reiyser
Seat 1: xcinaz (big blind) collected ($8.30)
Seat 2: giuppexcvi folded before Flop (didn't bet)
Seat 3: ImaPeppaPig (button) folded on the River
Seat 5: AlexPinsk1 (small blind) folded before Flop



PokerStars Hand #254518611003:  Hold'em No Limit ($0.50/$1.00 USD) - 2025/01/23 20:12:27 WET [2025/01/23 15:12:27 ET]
Table 'Alcyone IV' 6-max Seat #5 is the button
Seat 4: reiyser ($195.01 in chips) is sitting out
Seat 6: nastja336 ($100 in chips) is sitting out
Seat 1: xcinaz ($248.22 in chips) 
Seat 2: giuppexcvi ($12.50 in chips) 
Seat 3: ImaPeppaPig ($129.24 in chips) 
Seat 5: AlexPinsk1 ($100 in chips) 
xcinaz: posts small blind $0.50
giuppexcvi: posts big blind $1
*** HOLE CARDS ***
ImaPeppaPig: folds 
AlexPinsk1: folds 
xcinaz: folds 
Uncalled bet ($0.50) returned to giuppexcvi
giuppexcvi collected $1 from pot
giuppexcvi: doesn't show hand 
*** SUMMARY ***
Total pot $1 | Rake $0 
Seat 4: reiyser
Seat 6: nastja336
Seat 1: xcinaz (small blind) folded before Flop
Seat 2: giuppexcvi (big blind) collected ($1)
Seat 3: ImaPeppaPig folded before Flop (didn't bet)
Seat 5: AlexPinsk1 (button) folded before Flop (didn't bet)



PokerStars Hand #254518614190:  Hold'em No Limit ($0.50/$1.00 USD) - 2025/01/23 20:12:38 WET [2025/01/23 15:12:38 ET]
Table 'Alcyone IV' 6-max Seat #1 is the button
Seat 4: reiyser ($195.01 in chips) is sitting out
Seat 6: nastja336 ($100 in chips) is sitting out
Seat 1: xcinaz ($247.72 in chips) 
Seat 2: giuppexcvi ($13 in chips) 
Seat 3: ImaPeppaPig ($129.24 in chips) 
Seat 5: AlexPinsk1 ($100 in chips) 
giuppexcvi: posts small blind $0.50
ImaPeppaPig: posts big blind $1
nastja336: sits out 
*** HOLE CARDS ***
AlexPinsk1: raises $1.50 to $2.50
xcinaz: folds 
giuppexcvi: calls $2
ImaPeppaPig: folds 
*** FLOP *** [8s 9d 6c]
giuppexcvi: checks 
AlexPinsk1: checks 
*** TURN *** [8s 9d 6c] [Qc]
giuppexcvi: checks 
AlexPinsk1: bets $2.50
giuppexcvi: calls $2.50
*** RIVER *** [8s 9d 6c Qc] [6h]
giuppexcvi: checks 
reiyser leaves the table
AlexPinsk1: bets $13.06
giuppexcvi: folds 
Uncalled bet ($13.06) returned to AlexPinsk1
AlexPinsk1 collected $10.45 from pot
AlexPinsk1: doesn't show hand 
*** SUMMARY ***
Total pot $11 | Rake $0.55 
Board [8s 9d 6c Qc 6h]
Seat 4: reiyser
Seat 6: nastja336
Seat 1: xcinaz (button) folded before Flop (didn't bet)
Seat 2: giuppexcvi (small blind) folded on the River
Seat 3: ImaPeppaPig (big blind) folded before Flop
Seat 5: AlexPinsk1 collected ($10.45)



PokerStars Hand #254518626372:  Hold'em No Limit ($0.50/$1.00 USD) - 2025/01/23 20:13:20 WET [2025/01/23 15:13:20 ET]
Table 'Alcyone IV' 6-max Seat #2 is the button
Seat 6: nastja336 ($100 in chips) is sitting out
Seat 1: xcinaz ($247.72 in chips) 
Seat 2: giuppexcvi ($8 in chips) 
Seat 3: ImaPeppaPig ($128.24 in chips) 
Seat 5: AlexPinsk1 ($105.45 in chips) 
ImaPeppaPig: posts small blind $0.50
AlexPinsk1: posts big blind $1
nastja336: sits out 
*** HOLE CARDS ***
xcinaz: folds 
giuppexcvi: folds 
ImaPeppaPig: raises $2 to $3
AlexPinsk1: calls $2
*** FLOP *** [4d Ks Ah]
ImaPeppaPig: bets $4.33
AlexPinsk1: calls $4.33
*** TURN *** [4d Ks Ah] [5h]
ImaPeppaPig: checks 
YeeesMan joins the table at seat #4 
AlexPinsk1: checks 
*** RIVER *** [4d Ks Ah 5h] [6d]
ImaPeppaPig: checks 
AlexPinsk1: bets $6.96
ImaPeppaPig: folds 
Uncalled bet ($6.96) returned to AlexPinsk1
AlexPinsk1 collected $13.93 from pot
AlexPinsk1: doesn't show hand 
*** SUMMARY ***
Total pot $14.66 | Rake $0.73 
Board [4d Ks Ah 5h 6d]
Seat 6: nastja336
Seat 1: xcinaz folded before Flop (didn't bet)
Seat 2: giuppexcvi (button) folded before Flop (didn't bet)
Seat 3: ImaPeppaPig (small blind) folded on the River
Seat 5: AlexPinsk1 (big blind) collected ($13.93)



PokerStars Hand #254518642033:  Hold'em No Limit ($0.50/$1.00 USD) - 2025/01/23 20:14:13 WET [2025/01/23 15:14:13 ET]
Table 'Alcyone IV' 6-max Seat #3 is the button
Seat 4: YeeesMan ($100 in chips) is sitting out
Seat 1: xcinaz ($247.72 in chips) 
Seat 2: giuppexcvi ($8 in chips) 
Seat 3: ImaPeppaPig ($120.91 in chips) 
Seat 5: AlexPinsk1 ($112.05 in chips) 
Seat 6: nastja336 ($100 in chips) 
AlexPinsk1: posts small blind $0.50
nastja336: posts big blind $1
*** HOLE CARDS ***
xcinaz: raises $1 to $2
giuppexcvi: folds 
ImaPeppaPig: folds 
AlexPinsk1: folds 
nastja336: folds 
Uncalled bet ($1) returned to xcinaz
xcinaz collected $2.50 from pot
xcinaz: doesn't show hand 
*** SUMMARY ***
Total pot $2.50 | Rake $0 
Seat 4: YeeesMan
Seat 1: xcinaz collected ($2.50)
Seat 2: giuppexcvi folded before Flop (didn't bet)
Seat 3: ImaPeppaPig (button) folded before Flop (didn't bet)
Seat 5: AlexPinsk1 (small blind) folded before Flop
Seat 6: nastja336 (big blind) folded before Flop



PokerStars Hand #254518646341:  Hold'em No Limit ($0.50/$1.00 USD) - 2025/01/23 20:14:27 WET [2025/01/23 15:14:27 ET]
Table 'Alcyone IV' 6-max Seat #5 is the button
Seat 4: YeeesMan ($100 in chips) is sitting out
Seat 1: xcinaz ($249.22 in chips) 
Seat 2: giuppexcvi ($8 in chips) 
Seat 3: ImaPeppaPig ($120.91 in chips) 
Seat 5: AlexPinsk1 ($111.55 in chips) 
Seat 6: nastja336 ($100 in chips) 
nastja336: posts small blind $0.50
xcinaz: posts big blind $1
YeeesMan: sits out 
*** HOLE CARDS ***
giuppexcvi: folds 
ImaPeppaPig: folds 
AlexPinsk1: folds 
nastja336: folds 
Uncalled bet ($0.50) returned to xcinaz
xcinaz collected $1 from pot
xcinaz: doesn't show hand 
*** SUMMARY ***
Total pot $1 | Rake $0 
Seat 4: YeeesMan
Seat 1: xcinaz (big blind) collected ($1)
Seat 2: giuppexcvi folded before Flop (didn't bet)
Seat 3: ImaPeppaPig folded before Flop (didn't bet)
Seat 5: AlexPinsk1 (button) folded before Flop (didn't bet)
Seat 6: nastja336 (small blind) folded before Flop



PokerStars Hand #254518649930:  Hold'em No Limit ($0.50/$1.00 USD) - 2025/01/23 20:14:40 WET [2025/01/23 15:14:40 ET]
Table 'Alcyone IV' 6-max Seat #6 is the button
Seat 4: YeeesMan ($100 in chips) is sitting out
Seat 1: xcinaz ($249.72 in chips) 
Seat 2: giuppexcvi ($8 in chips) 
Seat 3: ImaPeppaPig ($120.91 in chips) 
Seat 5: AlexPinsk1 ($111.55 in chips) 
Seat 6: nastja336 ($100 in chips) 
xcinaz: posts small blind $0.50
giuppexcvi: posts big blind $1
YeeesMan: sits out 
*** HOLE CARDS ***
ImaPeppaPig: folds 
AlexPinsk1: folds 
nastja336: folds 
xcinaz: raises $11 to $12
giuppexcvi: calls $7 and is all-in
Uncalled bet ($4) returned to xcinaz
*** FLOP *** [9d Jd Ks]
*** TURN *** [9d Jd Ks] [Ah]
*** RIVER *** [9d Jd Ks Ah] [7s]
*** SHOW DOWN ***
xcinaz: shows [5h Ac] (a pair of Aces)
giuppexcvi: shows [Qc 2h] (high card Ace)
xcinaz collected $15.20 from pot
*** SUMMARY ***
Total pot $16 | Rake $0.80 
Board [9d Jd Ks Ah 7s]
Seat 4: YeeesMan
Seat 1: xcinaz (small blind) showed [5h Ac] and won ($15.20) with a pair of Aces
Seat 2: giuppexcvi (big blind) showed [Qc 2h] and lost with high card Ace
Seat 3: ImaPeppaPig folded before Flop (didn't bet)
Seat 5: AlexPinsk1 folded before Flop (didn't bet)
Seat 6: nastja336 (button) folded before Flop (didn't bet)



PokerStars Hand #254518657131:  Hold'em No Limit ($0.50/$1.00 USD) - 2025/01/23 20:15:04 WET [2025/01/23 15:15:04 ET]
Table 'Alcyone IV' 6-max Seat #1 is the button
Seat 2: giuppexcvi ($0 in chips) is sitting out
Seat 1: xcinaz ($256.92 in chips) 
Seat 3: ImaPeppaPig ($120.91 in chips) 
Seat 4: YeeesMan ($100 in chips) 
Seat 5: AlexPinsk1 ($111.55 in chips) 
Seat 6: nastja336 ($100 in chips) 
ImaPeppaPig: posts small blind $0.50
YeeesMan: posts big blind $1
*** HOLE CARDS ***
AlexPinsk1: raises $1.50 to $2.50
giuppexcvi leaves the table
nastja336: folds 
xcinaz: folds 
ImaPeppaPig: folds 
YeeesMan: folds 
Uncalled bet ($1.50) returned to AlexPinsk1
AlexPinsk1 collected $2.50 from pot
AlexPinsk1: doesn't show hand 
*** SUMMARY ***
Total pot $2.50 | Rake $0 
Seat 2: giuppexcvi
Seat 1: xcinaz (button) folded before Flop (didn't bet)
Seat 3: ImaPeppaPig (small blind) folded before Flop
Seat 4: YeeesMan (big blind) folded before Flop
Seat 5: AlexPinsk1 collected ($2.50)
Seat 6: nastja336 folded before Flop (didn't bet)



PokerStars Hand #254518667039:  Hold'em No Limit ($0.50/$1.00 USD) - 2025/01/23 20:15:37 WET [2025/01/23 15:15:37 ET]
Table 'Alcyone IV' 6-max Seat #3 is the button
Seat 1: xcinaz ($256.92 in chips) 
Seat 3: ImaPeppaPig ($120.41 in chips) 
Seat 4: YeeesMan ($100 in chips) 
Seat 5: AlexPinsk1 ($113.05 in chips) 
Seat 6: nastja336 ($100 in chips) 
YeeesMan: posts small blind $0.50
AlexPinsk1: posts big blind $1
*** HOLE CARDS ***
nastja336: folds 
xcinaz: folds 
ImaPeppaPig: raises $1.50 to $2.50
YeeesMan: folds 
UnderC@t joins the table at seat #2 
AlexPinsk1: calls $1.50
*** FLOP *** [4d Qc 2c]
AlexPinsk1: checks 
ImaPeppaPig: bets $1.62
AlexPinsk1: folds 
Uncalled bet ($1.62) returned to ImaPeppaPig
UnderC@t leaves the table
ImaPeppaPig collected $5.22 from pot
ImaPeppaPig: doesn't show hand 
*** SUMMARY ***
Total pot $5.50 | Rake $0.28 
Board [4d Qc 2c]
Seat 1: xcinaz folded before Flop (didn't bet)
Seat 3: ImaPeppaPig (button) collected ($5.22)
Seat 4: YeeesMan (small blind) folded before Flop
Seat 5: AlexPinsk1 (big blind) folded on the Flop
Seat 6: nastja336 folded before Flop (didn't bet)



PokerStars Hand #254518677611:  Hold'em No Limit ($0.50/$1.00 USD) - 2025/01/23 20:16:13 WET [2025/01/23 15:16:13 ET]
Table 'Alcyone IV' 6-max Seat #4 is the button
Seat 6: nastja336 ($100 in chips) is sitting out
Seat 1: xcinaz ($256.92 in chips) 
Seat 3: ImaPeppaPig ($123.13 in chips) 
Seat 4: YeeesMan ($100 in chips) 
Seat 5: AlexPinsk1 ($110.55 in chips) 
AlexPinsk1: posts small blind $0.50
nastja336: is sitting out 
xcinaz: posts big blind $1
*** HOLE CARDS ***
nastja336 leaves the table
ImaPeppaPig: folds 
UnderC@t joins the table at seat #2 
YeeesMan: folds 
AlexPinsk1: raises $2 to $3
xcinaz: raises $6 to $9
AlexPinsk1: calls $6
*** FLOP *** [9s 8c 2h]
vikku24 joins the table at seat #6 
AlexPinsk1: checks 
xcinaz: bets $14.54
AlexPinsk1: raises $87.01 to $101.55 and is all-in
xcinaz: calls $87.01
*** TURN *** [9s 8c 2h] [Jh]
*** RIVER *** [9s 8c 2h Jh] [Jc]
*** SHOW DOWN ***
AlexPinsk1: shows [8d Ad] (two pair, Jacks and Eights)
xcinaz: shows [Kh Ks] (two pair, Kings and Jacks)
xcinaz collected $220.10 from pot
*** SUMMARY ***
Total pot $221.10 | Rake $1 
Board [9s 8c 2h Jh Jc]
Seat 6: nastja336
Seat 1: xcinaz (big blind) showed [Kh Ks] and won ($220.10) with two pair, Kings and Jacks
Seat 3: ImaPeppaPig folded before Flop (didn't bet)
Seat 4: YeeesMan (button) folded before Flop (didn't bet)
Seat 5: AlexPinsk1 (small blind) showed [8d Ad] and lost with two pair, Jacks and Eights



PokerStars Hand #254518699182:  Hold'em No Limit ($0.50/$1.00 USD) - 2025/01/23 20:17:25 WET [2025/01/23 15:17:25 ET]
Table 'Alcyone IV' 6-max Seat #5 is the button
Seat 6: vikku24 ($70.60 in chips) is sitting out
Seat 1: xcinaz ($366.47 in chips) 
Seat 2: UnderC@t ($100 in chips) 
Seat 3: ImaPeppaPig ($123.13 in chips) 
Seat 4: YeeesMan ($100 in chips) 
Seat 5: AlexPinsk1 ($100 in chips) 
xcinaz: posts small blind $0.50
UnderC@t: posts big blind $1
*** HOLE CARDS ***
ImaPeppaPig: raises $1.50 to $2.50
YeeesMan: folds 
AlexPinsk1: folds 
xcinaz: folds 
UnderC@t: calls $1.50
*** FLOP *** [Kh As 6h]
UnderC@t: checks 
ImaPeppaPig: bets $3.97
UnderC@t: folds 
Uncalled bet ($3.97) returned to ImaPeppaPig
ImaPeppaPig collected $5.22 from pot
ImaPeppaPig: doesn't show hand 
*** SUMMARY ***
Total pot $5.50 | Rake $0.28 
Board [Kh As 6h]
Seat 6: vikku24
Seat 1: xcinaz (small blind) folded before Flop
Seat 2: UnderC@t (big blind) folded on the Flop
Seat 3: ImaPeppaPig collected ($5.22)
Seat 4: YeeesMan folded before Flop (didn't bet)
Seat 5: AlexPinsk1 (button) folded before Flop (didn't bet)



PokerStars Hand #254518706239:  Hold'em No Limit ($0.50/$1.00 USD) - 2025/01/23 20:17:49 WET [2025/01/23 15:17:49 ET]
Table 'Alcyone IV' 6-max Seat #1 is the button
Seat 1: xcinaz ($365.97 in chips) 
Seat 2: UnderC@t ($100 in chips) 
Seat 3: ImaPeppaPig ($125.85 in chips) 
Seat 4: YeeesMan ($100 in chips) 
Seat 5: AlexPinsk1 ($100 in chips) 
Seat 6: vikku24 ($70.60 in chips) 
UnderC@t: posts small blind $0.50
ImaPeppaPig: posts big blind $1
vikku24: posts big blind $1
*** HOLE CARDS ***
YeeesMan: folds 
AlexPinsk1: folds 
vikku24: checks 
xcinaz: folds 
UnderC@t: raises $4 to $5
ImaPeppaPig: folds 
vikku24: calls $4
*** FLOP *** [4s Tc 6h]
UnderC@t: bets $3.14
vikku24: raises $9.86 to $13
UnderC@t: folds 
Uncalled bet ($9.86) returned to vikku24
vikku24 collected $16.42 from pot
vikku24: doesn't show hand 
*** SUMMARY ***
Total pot $17.28 | Rake $0.86 
Board [4s Tc 6h]
Seat 1: xcinaz (button) folded before Flop (didn't bet)
Seat 2: UnderC@t (small blind) folded on the Flop
Seat 3: ImaPeppaPig (big blind) folded before Flop
Seat 4: YeeesMan folded before Flop (didn't bet)
Seat 5: AlexPinsk1 folded before Flop (didn't bet)
Seat 6: vikku24 collected ($16.42)



PokerStars Hand #254518719787:  Hold'em No Limit ($0.50/$1.00 USD) - 2025/01/23 20:18:35 WET [2025/01/23 15:18:35 ET]
Table 'Alcyone IV' 6-max Seat #2 is the button
Seat 1: xcinaz ($365.97 in chips) 
Seat 2: UnderC@t ($100 in chips) 
Seat 3: ImaPeppaPig ($124.85 in chips) 
Seat 4: YeeesMan ($100 in chips) 
Seat 5: AlexPinsk1 ($100 in chips) 
Seat 6: vikku24 ($78.88 in chips) 
ImaPeppaPig: posts small blind $0.50
YeeesMan: posts big blind $1
*** HOLE CARDS ***
AlexPinsk1: folds 
vikku24: folds 
xcinaz: raises $1.20 to $2.20
UnderC@t: folds 
ImaPeppaPig: folds 
YeeesMan: folds 
Uncalled bet ($1.20) returned to xcinaz
xcinaz collected $2.50 from pot
xcinaz: doesn't show hand 
*** SUMMARY ***
Total pot $2.50 | Rake $0 
Seat 1: xcinaz collected ($2.50)
Seat 2: UnderC@t (button) folded before Flop (didn't bet)
Seat 3: ImaPeppaPig (small blind) folded before Flop
Seat 4: YeeesMan (big blind) folded before Flop
Seat 5: AlexPinsk1 folded before Flop (didn't bet)
Seat 6: vikku24 folded before Flop (didn't bet)



PokerStars Hand #254518727586:  Hold'em No Limit ($0.50/$1.00 USD) - 2025/01/23 20:19:01 WET [2025/01/23 15:19:01 ET]
Table 'Alcyone IV' 6-max Seat #3 is the button
Seat 1: xcinaz ($367.47 in chips) 
Seat 2: UnderC@t ($100 in chips) 
Seat 3: ImaPeppaPig ($124.35 in chips) 
Seat 4: YeeesMan ($100 in chips) 
Seat 5: AlexPinsk1 ($100 in chips) 
Seat 6: vikku24 ($78.88 in chips) 
YeeesMan: posts small blind $0.50
AlexPinsk1: posts big blind $1
*** HOLE CARDS ***
vikku24: raises $1.50 to $2.50
xcinaz: folds 
UnderC@t: folds 
ImaPeppaPig: folds 
YeeesMan: folds 
AlexPinsk1: folds 
Uncalled bet ($1.50) returned to vikku24
vikku24 collected $2.50 from pot
vikku24: doesn't show hand 
*** SUMMARY ***
Total pot $2.50 | Rake $0 
Seat 1: xcinaz folded before Flop (didn't bet)
Seat 2: UnderC@t folded before Flop (didn't bet)
Seat 3: ImaPeppaPig (button) folded before Flop (didn't bet)
Seat 4: YeeesMan (small blind) folded before Flop
Seat 5: AlexPinsk1 (big blind) folded before Flop
Seat 6: vikku24 collected ($2.50)



PokerStars Hand #254518735102:  Hold'em No Limit ($0.50/$1.00 USD) - 2025/01/23 20:19:26 WET [2025/01/23 15:19:26 ET]
Table 'Alcyone IV' 6-max Seat #4 is the button
Seat 1: xcinaz ($367.47 in chips) 
Seat 2: UnderC@t ($100 in chips) 
Seat 3: ImaPeppaPig ($124.35 in chips) 
Seat 4: YeeesMan ($100 in chips) 
Seat 5: AlexPinsk1 ($100 in chips) 
Seat 6: vikku24 ($80.38 in chips) 
AlexPinsk1: posts small blind $0.50
vikku24: posts big blind $1
*** HOLE CARDS ***
xcinaz: folds 
UnderC@t: folds 
ImaPeppaPig: raises $1.50 to $2.50
YeeesMan: folds 
AlexPinsk1: folds 
vikku24: folds 
Uncalled bet ($1.50) returned to ImaPeppaPig
ImaPeppaPig collected $2.50 from pot
ImaPeppaPig: doesn't show hand 
*** SUMMARY ***
Total pot $2.50 | Rake $0 
Seat 1: xcinaz folded before Flop (didn't bet)
Seat 2: UnderC@t folded before Flop (didn't bet)
Seat 3: ImaPeppaPig collected ($2.50)
Seat 4: YeeesMan (button) folded before Flop (didn't bet)
Seat 5: AlexPinsk1 (small blind) folded before Flop
Seat 6: vikku24 (big blind) folded before Flop



PokerStars Hand #254518742044:  Hold'em No Limit ($0.50/$1.00 USD) - 2025/01/23 20:19:49 WET [2025/01/23 15:19:49 ET]
Table 'Alcyone IV' 6-max Seat #5 is the button
Seat 1: xcinaz ($367.47 in chips) 
Seat 2: UnderC@t ($100 in chips) 
Seat 3: ImaPeppaPig ($125.85 in chips) 
Seat 4: YeeesMan ($100 in chips) 
Seat 5: AlexPinsk1 ($100 in chips) 
Seat 6: vikku24 ($79.38 in chips) 
vikku24: posts small blind $0.50
xcinaz: posts big blind $1
*** HOLE CARDS ***
UnderC@t: raises $1.50 to $2.50
ImaPeppaPig: folds 
YeeesMan: folds 
AlexPinsk1: folds 
vikku24: folds 
xcinaz: folds 
Uncalled bet ($1.50) returned to UnderC@t
UnderC@t collected $2.50 from pot
UnderC@t: doesn't show hand 
*** SUMMARY ***
Total pot $2.50 | Rake $0 
Seat 1: xcinaz (big blind) folded before Flop
Seat 2: UnderC@t collected ($2.50)
Seat 3: ImaPeppaPig folded before Flop (didn't bet)
Seat 4: YeeesMan folded before Flop (didn't bet)
Seat 5: AlexPinsk1 (button) folded before Flop (didn't bet)
Seat 6: vikku24 (small blind) folded before Flop



PokerStars Hand #254518746578:  Hold'em No Limit ($0.50/$1.00 USD) - 2025/01/23 20:20:05 WET [2025/01/23 15:20:05 ET]
Table 'Alcyone IV' 6-max Seat #1 is the button
Seat 6: vikku24 ($78.88 in chips) is sitting out
Seat 1: xcinaz ($366.47 in chips) 
Seat 2: UnderC@t ($101.50 in chips) 
Seat 3: ImaPeppaPig ($125.85 in chips) 
Seat 4: YeeesMan ($100 in chips) 
Seat 5: AlexPinsk1 ($100 in chips) 
UnderC@t: posts small blind $0.50
ImaPeppaPig: posts big blind $1
*** HOLE CARDS ***
YeeesMan: folds 
AlexPinsk1: raises $1.50 to $2.50
xcinaz: raises $5.50 to $8
UnderC@t: folds 
ImaPeppaPig: folds 
AlexPinsk1: folds 
Uncalled bet ($5.50) returned to xcinaz
xcinaz collected $6.50 from pot
xcinaz: doesn't show hand 
*** SUMMARY ***
Total pot $6.50 | Rake $0 
Seat 6: vikku24
Seat 1: xcinaz (button) collected ($6.50)
Seat 2: UnderC@t (small blind) folded before Flop
Seat 3: ImaPeppaPig (big blind) folded before Flop
Seat 4: YeeesMan folded before Flop (didn't bet)
Seat 5: AlexPinsk1 folded before Flop



PokerStars Hand #254518757611:  Hold'em No Limit ($0.50/$1.00 USD) - 2025/01/23 20:20:42 WET [2025/01/23 15:20:42 ET]
Table 'Alcyone IV' 6-max Seat #2 is the button
Seat 6: vikku24 ($78.88 in chips) is sitting out
Seat 1: xcinaz ($370.47 in chips) 
Seat 2: UnderC@t ($101 in chips) 
Seat 3: ImaPeppaPig ($124.85 in chips) 
Seat 4: YeeesMan ($100 in chips) 
Seat 5: AlexPinsk1 ($100 in chips) 
ImaPeppaPig: posts small blind $0.50
YeeesMan: posts big blind $1
*** HOLE CARDS ***
AlexPinsk1: folds 
xcinaz: folds 
UnderC@t: folds 
ImaPeppaPig: folds 
Uncalled bet ($0.50) returned to YeeesMan
YeeesMan collected $1 from pot
YeeesMan: doesn't show hand 
*** SUMMARY ***
Total pot $1 | Rake $0 
Seat 6: vikku24
Seat 1: xcinaz folded before Flop (didn't bet)
Seat 2: UnderC@t (button) folded before Flop (didn't bet)
Seat 3: ImaPeppaPig (small blind) folded before Flop
Seat 4: YeeesMan (big blind) collected ($1)
Seat 5: AlexPinsk1 folded before Flop (didn't bet)



PokerStars Hand #254518760237:  Hold'em No Limit ($0.50/$1.00 USD) - 2025/01/23 20:20:51 WET [2025/01/23 15:20:51 ET]
Table 'Alcyone IV' 6-max Seat #3 is the button
Seat 6: vikku24 ($78.88 in chips) is sitting out
Seat 1: xcinaz ($370.47 in chips) 
Seat 2: UnderC@t ($101 in chips) 
Seat 3: ImaPeppaPig ($124.35 in chips) 
Seat 4: YeeesMan ($100.50 in chips) 
Seat 5: AlexPinsk1 ($100 in chips) 
YeeesMan: posts small blind $0.50
AlexPinsk1: posts big blind $1
*** HOLE CARDS ***
xcinaz: folds 
UnderC@t: folds 
ImaPeppaPig: raises $1.50 to $2.50
YeeesMan: folds 
AlexPinsk1: calls $1.50
*** FLOP *** [Tc Kc Js]
AlexPinsk1: checks 
ImaPeppaPig: bets $3.97
AlexPinsk1: folds 
Uncalled bet ($3.97) returned to ImaPeppaPig
ImaPeppaPig collected $5.22 from pot
ImaPeppaPig: doesn't show hand 
*** SUMMARY ***
Total pot $5.50 | Rake $0.28 
Board [Tc Kc Js]
Seat 6: vikku24
Seat 1: xcinaz folded before Flop (didn't bet)
Seat 2: UnderC@t folded before Flop (didn't bet)
Seat 3: ImaPeppaPig (button) collected ($5.22)
Seat 4: YeeesMan (small blind) folded before Flop
Seat 5: AlexPinsk1 (big blind) folded on the Flop



PokerStars Hand #254518771814:  Hold'em No Limit ($0.50/$1.00 USD) - 2025/01/23 20:21:30 WET [2025/01/23 15:21:30 ET]
Table 'Alcyone IV' 6-max Seat #4 is the button
Seat 1: xcinaz ($370.47 in chips) 
Seat 2: UnderC@t ($101 in chips) 
Seat 3: ImaPeppaPig ($127.07 in chips) 
Seat 4: YeeesMan ($100 in chips) 
Seat 5: AlexPinsk1 ($100 in chips) 
Seat 6: vikku24 ($78.88 in chips) 
AlexPinsk1: posts small blind $0.50
vikku24: posts big blind $1
*** HOLE CARDS ***
xcinaz: folds 
UnderC@t: folds 
ImaPeppaPig: raises $1.50 to $2.50
YeeesMan: folds 
AlexPinsk1: folds 
vikku24: calls $1.50
*** FLOP *** [2h 8h Ah]
vikku24: checks 
ImaPeppaPig: bets $1.62
vikku24: folds 
Uncalled bet ($1.62) returned to ImaPeppaPig
ImaPeppaPig collected $5.22 from pot
ImaPeppaPig: doesn't show hand 
*** SUMMARY ***
Total pot $5.50 | Rake $0.28 
Board [2h 8h Ah]
Seat 1: xcinaz folded before Flop (didn't bet)
Seat 2: UnderC@t folded before Flop (didn't bet)
Seat 3: ImaPeppaPig collected ($5.22)
Seat 4: YeeesMan (button) folded before Flop (didn't bet)
Seat 5: AlexPinsk1 (small blind) folded before Flop
Seat 6: vikku24 (big blind) folded on the Flop



PokerStars Hand #254518782117:  Hold'em No Limit ($0.50/$1.00 USD) - 2025/01/23 20:22:05 WET [2025/01/23 15:22:05 ET]
Table 'Alcyone IV' 6-max Seat #5 is the button
Seat 1: xcinaz ($370.47 in chips) 
Seat 2: UnderC@t ($101 in chips) 
Seat 3: ImaPeppaPig ($129.79 in chips) 
Seat 4: YeeesMan ($100 in chips) 
Seat 5: AlexPinsk1 ($100 in chips) 
Seat 6: vikku24 ($76.38 in chips) 
vikku24: posts small blind $0.50
xcinaz: posts big blind $1
*** HOLE CARDS ***
UnderC@t: folds 
ImaPeppaPig: folds 
YeeesMan: folds 
AlexPinsk1: raises $1.50 to $2.50
vikku24: raises $5 to $7.50
xcinaz: folds 
AlexPinsk1: raises $21 to $28.50
vikku24: raises $47.88 to $76.38 and is all-in
AlexPinsk1: calls $47.88
*** FLOP *** [7h 7d 2d]
*** TURN *** [7h 7d 2d] [7s]
*** RIVER *** [7h 7d 2d 7s] [9d]
*** SHOW DOWN ***
vikku24: shows [Ad Kc] (three of a kind, Sevens)
AlexPinsk1: shows [Ac Kh] (three of a kind, Sevens)
vikku24 collected $75.63 from pot
AlexPinsk1 collected $75.63 from pot
*** SUMMARY ***
Total pot $153.76 | Rake $2.50 
Board [7h 7d 2d 7s 9d]
Seat 1: xcinaz (big blind) folded before Flop
Seat 2: UnderC@t folded before Flop (didn't bet)
Seat 3: ImaPeppaPig folded before Flop (didn't bet)
Seat 4: YeeesMan folded before Flop (didn't bet)
Seat 5: AlexPinsk1 (button) showed [Ac Kh] and won ($75.63) with three of a kind, Sevens
Seat 6: vikku24 (small blind) showed [Ad Kc] and won ($75.63) with three of a kind, Sevens



PokerStars Hand #254518798984:  Hold'em No Limit ($0.50/$1.00 USD) - 2025/01/23 20:23:01 WET [2025/01/23 15:23:01 ET]
Table 'Alcyone IV' 6-max Seat #6 is the button
Seat 1: xcinaz ($369.47 in chips) 
Seat 2: UnderC@t ($101 in chips) 
Seat 3: ImaPeppaPig ($129.79 in chips) 
Seat 4: YeeesMan ($100 in chips) 
Seat 5: AlexPinsk1 ($100 in chips) 
Seat 6: vikku24 ($75.63 in chips) 
xcinaz: posts small blind $0.50
UnderC@t: posts big blind $1
*** HOLE CARDS ***
ImaPeppaPig: folds 
YeeesMan: folds 
AlexPinsk1: raises $1.50 to $2.50
vikku24: folds 
xcinaz: folds 
UnderC@t: folds 
Uncalled bet ($1.50) returned to AlexPinsk1
AlexPinsk1 collected $2.50 from pot
AlexPinsk1: doesn't show hand 
*** SUMMARY ***
Total pot $2.50 | Rake $0 
Seat 1: xcinaz (small blind) folded before Flop
Seat 2: UnderC@t (big blind) folded before Flop
Seat 3: ImaPeppaPig folded before Flop (didn't bet)
Seat 4: YeeesMan folded before Flop (didn't bet)
Seat 5: AlexPinsk1 collected ($2.50)
Seat 6: vikku24 (button) folded before Flop (didn't bet)



PokerStars Hand #254518806002:  Hold'em No Limit ($0.50/$1.00 USD) - 2025/01/23 20:23:25 WET [2025/01/23 15:23:25 ET]
Table 'Alcyone IV' 6-max Seat #1 is the button
Seat 1: xcinaz ($368.97 in chips) 
Seat 2: UnderC@t ($100 in chips) 
Seat 3: ImaPeppaPig ($129.79 in chips) 
Seat 4: YeeesMan ($100 in chips) 
Seat 5: AlexPinsk1 ($101.50 in chips) 
Seat 6: vikku24 ($75.63 in chips) 
UnderC@t: posts small blind $0.50
ImaPeppaPig: posts big blind $1
*** HOLE CARDS ***
YeeesMan: folds 
AlexPinsk1: folds 
vikku24: folds 
xcinaz: folds 
UnderC@t: folds 
Uncalled bet ($0.50) returned to ImaPeppaPig
ImaPeppaPig collected $1 from pot
ImaPeppaPig: doesn't show hand 
*** SUMMARY ***
Total pot $1 | Rake $0 
Seat 1: xcinaz (button) folded before Flop (didn't bet)
Seat 2: UnderC@t (small blind) folded before Flop
Seat 3: ImaPeppaPig (big blind) collected ($1)
Seat 4: YeeesMan folded before Flop (didn't bet)
Seat 5: AlexPinsk1 folded before Flop (didn't bet)
Seat 6: vikku24 folded before Flop (didn't bet)



PokerStars Hand #254518809318:  Hold'em No Limit ($0.50/$1.00 USD) - 2025/01/23 20:23:36 WET [2025/01/23 15:23:36 ET]
Table 'Alcyone IV' 6-max Seat #2 is the button
Seat 1: xcinaz ($368.97 in chips) 
Seat 2: UnderC@t ($100 in chips) 
Seat 3: ImaPeppaPig ($130.29 in chips) 
Seat 4: YeeesMan ($100 in chips) 
Seat 5: AlexPinsk1 ($101.50 in chips) 
Seat 6: vikku24 ($75.63 in chips) 
ImaPeppaPig: posts small blind $0.50
YeeesMan: posts big blind $1
*** HOLE CARDS ***
AlexPinsk1: folds 
vikku24: raises $1.50 to $2.50
xcinaz: folds 
UnderC@t: folds 
ImaPeppaPig: folds 
YeeesMan: folds 
Uncalled bet ($1.50) returned to vikku24
vikku24 collected $2.50 from pot
vikku24: doesn't show hand 
*** SUMMARY ***
Total pot $2.50 | Rake $0 
Seat 1: xcinaz folded before Flop (didn't bet)
Seat 2: UnderC@t (button) folded before Flop (didn't bet)
Seat 3: ImaPeppaPig (small blind) folded before Flop
Seat 4: YeeesMan (big blind) folded before Flop
Seat 5: AlexPinsk1 folded before Flop (didn't bet)
Seat 6: vikku24 collected ($2.50)



PokerStars Hand #254518817051:  Hold'em No Limit ($0.50/$1.00 USD) - 2025/01/23 20:24:02 WET [2025/01/23 15:24:02 ET]
Table 'Alcyone IV' 6-max Seat #3 is the button
Seat 1: xcinaz ($368.97 in chips) 
Seat 2: UnderC@t ($100 in chips) 
Seat 3: ImaPeppaPig ($129.79 in chips) 
Seat 4: YeeesMan ($100 in chips) 
Seat 5: AlexPinsk1 ($101.50 in chips) 
Seat 6: vikku24 ($77.13 in chips) 
YeeesMan: posts small blind $0.50
AlexPinsk1: posts big blind $1
*** HOLE CARDS ***
vikku24: folds 
xcinaz: folds 
UnderC@t: raises $1.50 to $2.50
ImaPeppaPig: raises $5.50 to $8
YeeesMan: folds 
AlexPinsk1: folds 
UnderC@t: folds 
Uncalled bet ($5.50) returned to ImaPeppaPig
ImaPeppaPig collected $6.50 from pot
ImaPeppaPig: doesn't show hand 
*** SUMMARY ***
Total pot $6.50 | Rake $0 
Seat 1: xcinaz folded before Flop (didn't bet)
Seat 2: UnderC@t folded before Flop
Seat 3: ImaPeppaPig (button) collected ($6.50)
Seat 4: YeeesMan (small blind) folded before Flop
Seat 5: AlexPinsk1 (big blind) folded before Flop
Seat 6: vikku24 folded before Flop (didn't bet)



PokerStars Hand #254518824703:  Hold'em No Limit ($0.50/$1.00 USD) - 2025/01/23 20:24:28 WET [2025/01/23 15:24:28 ET]
Table 'Alcyone IV' 6-max Seat #4 is the button
Seat 1: xcinaz ($368.97 in chips) 
Seat 2: UnderC@t ($100 in chips) 
Seat 3: ImaPeppaPig ($133.79 in chips) 
Seat 4: YeeesMan ($100 in chips) 
Seat 5: AlexPinsk1 ($100.50 in chips) 
Seat 6: vikku24 ($77.13 in chips) 
AlexPinsk1: posts small blind $0.50
vikku24: posts big blind $1
*** HOLE CARDS ***
xcinaz: folds 
UnderC@t: folds 
ImaPeppaPig: folds 
YeeesMan: folds 
AlexPinsk1: folds 
Uncalled bet ($0.50) returned to vikku24
vikku24 collected $1 from pot
vikku24: doesn't show hand 
*** SUMMARY ***
Total pot $1 | Rake $0 
Seat 1: xcinaz folded before Flop (didn't bet)
Seat 2: UnderC@t folded before Flop (didn't bet)
Seat 3: ImaPeppaPig folded before Flop (didn't bet)
Seat 4: YeeesMan (button) folded before Flop (didn't bet)
Seat 5: AlexPinsk1 (small blind) folded before Flop
Seat 6: vikku24 (big blind) collected ($1)



PokerStars Hand #254518832517:  Hold'em No Limit ($0.50/$1.00 USD) - 2025/01/23 20:24:54 WET [2025/01/23 15:24:54 ET]
Table 'Alcyone IV' 6-max Seat #5 is the button
Seat 1: xcinaz ($368.97 in chips) 
Seat 2: UnderC@t ($100 in chips) 
Seat 3: ImaPeppaPig ($133.79 in chips) 
Seat 4: YeeesMan ($100 in chips) 
Seat 5: AlexPinsk1 ($100 in chips) 
Seat 6: vikku24 ($77.63 in chips) 
vikku24: posts small blind $0.50
xcinaz: posts big blind $1
*** HOLE CARDS ***
UnderC@t: folds 
ImaPeppaPig: folds 
YeeesMan: folds 
AlexPinsk1: folds 
vikku24: raises $1.50 to $2.50
xcinaz: calls $1.50
*** FLOP *** [5h 5c 6h]
vikku24: bets $1.50
xcinaz: calls $1.50
*** TURN *** [5h 5c 6h] [6c]
vikku24: bets $2.50
xcinaz: folds 
Uncalled bet ($2.50) returned to vikku24
vikku24 collected $7.60 from pot
vikku24: doesn't show hand 
*** SUMMARY ***
Total pot $8 | Rake $0.40 
Board [5h 5c 6h 6c]
Seat 1: xcinaz (big blind) folded on the Turn
Seat 2: UnderC@t folded before Flop (didn't bet)
Seat 3: ImaPeppaPig folded before Flop (didn't bet)
Seat 4: YeeesMan folded before Flop (didn't bet)
Seat 5: AlexPinsk1 (button) folded before Flop (didn't bet)
Seat 6: vikku24 (small blind) collected ($7.60)



PokerStars Hand #254518849608:  Hold'em No Limit ($0.50/$1.00 USD) - 2025/01/23 20:25:52 WET [2025/01/23 15:25:52 ET]
Table 'Alcyone IV' 6-max Seat #6 is the button
Seat 1: xcinaz ($364.97 in chips) 
Seat 2: UnderC@t ($100 in chips) 
Seat 3: ImaPeppaPig ($133.79 in chips) 
Seat 4: YeeesMan ($100 in chips) 
Seat 5: AlexPinsk1 ($100 in chips) 
Seat 6: vikku24 ($81.23 in chips) 
xcinaz: posts small blind $0.50
UnderC@t: posts big blind $1
*** HOLE CARDS ***
ImaPeppaPig: folds 
YeeesMan: raises $1.50 to $2.50
AlexPinsk1: folds 
vikku24: folds 
xcinaz: folds 
UnderC@t: folds 
Uncalled bet ($1.50) returned to YeeesMan
YeeesMan collected $2.50 from pot
YeeesMan: doesn't show hand 
*** SUMMARY ***
Total pot $2.50 | Rake $0 
Seat 1: xcinaz (small blind) folded before Flop
Seat 2: UnderC@t (big blind) folded before Flop
Seat 3: ImaPeppaPig folded before Flop (didn't bet)
Seat 4: YeeesMan collected ($2.50)
Seat 5: AlexPinsk1 folded before Flop (didn't bet)
Seat 6: vikku24 (button) folded before Flop (didn't bet)



PokerStars Hand #254518853320:  Hold'em No Limit ($0.50/$1.00 USD) - 2025/01/23 20:26:04 WET [2025/01/23 15:26:04 ET]
Table 'Alcyone IV' 6-max Seat #1 is the button
Seat 1: xcinaz ($364.47 in chips) 
Seat 2: UnderC@t ($100 in chips) 
Seat 3: ImaPeppaPig ($133.79 in chips) 
Seat 4: YeeesMan ($101.50 in chips) 
Seat 5: AlexPinsk1 ($100 in chips) 
Seat 6: vikku24 ($81.23 in chips) 
UnderC@t: posts small blind $0.50
ImaPeppaPig: posts big blind $1
*** HOLE CARDS ***
YeeesMan: folds 
AlexPinsk1: folds 
vikku24: folds 
xcinaz: raises $1.50 to $2.50
UnderC@t: folds 
ImaPeppaPig: calls $1.50
*** FLOP *** [Qd Qh Th]
ImaPeppaPig: checks 
xcinaz: bets $1.31
ImaPeppaPig: folds 
Uncalled bet ($1.31) returned to xcinaz
xcinaz collected $5.22 from pot
xcinaz: doesn't show hand 
*** SUMMARY ***
Total pot $5.50 | Rake $0.28 
Board [Qd Qh Th]
Seat 1: xcinaz (button) collected ($5.22)
Seat 2: UnderC@t (small blind) folded before Flop
Seat 3: ImaPeppaPig (big blind) folded on the Flop
Seat 4: YeeesMan folded before Flop (didn't bet)
Seat 5: AlexPinsk1 folded before Flop (didn't bet)
Seat 6: vikku24 folded before Flop (didn't bet)



PokerStars Hand #254518861442:  Hold'em No Limit ($0.50/$1.00 USD) - 2025/01/23 20:26:32 WET [2025/01/23 15:26:32 ET]
Table 'Alcyone IV' 6-max Seat #2 is the button
Seat 1: xcinaz ($367.19 in chips) 
Seat 2: UnderC@t ($100 in chips) 
Seat 3: ImaPeppaPig ($131.29 in chips) 
Seat 4: YeeesMan ($101.50 in chips) 
Seat 5: AlexPinsk1 ($100 in chips) 
Seat 6: vikku24 ($81.23 in chips) 
ImaPeppaPig: posts small blind $0.50
YeeesMan: posts big blind $1
*** HOLE CARDS ***
AlexPinsk1: folds 
vikku24: folds 
xcinaz: folds 
UnderC@t: raises $1.50 to $2.50
ImaPeppaPig: folds 
YeeesMan: folds 
Uncalled bet ($1.50) returned to UnderC@t
UnderC@t collected $2.50 from pot
UnderC@t: doesn't show hand 
*** SUMMARY ***
Total pot $2.50 | Rake $0 
Seat 1: xcinaz folded before Flop (didn't bet)
Seat 2: UnderC@t (button) collected ($2.50)
Seat 3: ImaPeppaPig (small blind) folded before Flop
Seat 4: YeeesMan (big blind) folded before Flop
Seat 5: AlexPinsk1 folded before Flop (didn't bet)
Seat 6: vikku24 folded before Flop (didn't bet)



PokerStars Hand #254518865257:  Hold'em No Limit ($0.50/$1.00 USD) - 2025/01/23 20:26:45 WET [2025/01/23 15:26:45 ET]
Table 'Alcyone IV' 6-max Seat #3 is the button
Seat 1: xcinaz ($367.19 in chips) 
Seat 2: UnderC@t ($101.50 in chips) 
Seat 3: ImaPeppaPig ($130.79 in chips) 
Seat 4: YeeesMan ($100.50 in chips) 
Seat 5: AlexPinsk1 ($100 in chips) 
Seat 6: vikku24 ($81.23 in chips) 
YeeesMan: posts small blind $0.50
AlexPinsk1: posts big blind $1
*** HOLE CARDS ***
vikku24: folds 
xcinaz: folds 
UnderC@t: raises $1.50 to $2.50
ImaPeppaPig: folds 
YeeesMan: folds 
AlexPinsk1: folds 
Uncalled bet ($1.50) returned to UnderC@t
UnderC@t collected $2.50 from pot
UnderC@t: doesn't show hand 
*** SUMMARY ***
Total pot $2.50 | Rake $0 
Seat 1: xcinaz folded before Flop (didn't bet)
Seat 2: UnderC@t collected ($2.50)
Seat 3: ImaPeppaPig (button) folded before Flop (didn't bet)
Seat 4: YeeesMan (small blind) folded before Flop
Seat 5: AlexPinsk1 (big blind) folded before Flop
Seat 6: vikku24 folded before Flop (didn't bet)



PokerStars Hand #254518870174:  Hold'em No Limit ($0.50/$1.00 USD) - 2025/01/23 20:27:01 WET [2025/01/23 15:27:01 ET]
Table 'Alcyone IV' 6-max Seat #4 is the button
Seat 1: xcinaz ($367.19 in chips) 
Seat 2: UnderC@t ($103 in chips) 
Seat 3: ImaPeppaPig ($130.79 in chips) 
Seat 4: YeeesMan ($100 in chips) 
Seat 5: AlexPinsk1 ($100 in chips) 
Seat 6: vikku24 ($81.23 in chips) 
AlexPinsk1: posts small blind $0.50
vikku24: posts big blind $1
*** HOLE CARDS ***
xcinaz: folds 
UnderC@t: raises $1.50 to $2.50
ImaPeppaPig: folds 
YeeesMan: folds 
AlexPinsk1: folds 
vikku24: folds 
Uncalled bet ($1.50) returned to UnderC@t
UnderC@t collected $2.50 from pot
UnderC@t: doesn't show hand 
*** SUMMARY ***
Total pot $2.50 | Rake $0 
Seat 1: xcinaz folded before Flop (didn't bet)
Seat 2: UnderC@t collected ($2.50)
Seat 3: ImaPeppaPig folded before Flop (didn't bet)
Seat 4: YeeesMan (button) folded before Flop (didn't bet)
Seat 5: AlexPinsk1 (small blind) folded before Flop
Seat 6: vikku24 (big blind) folded before Flop



PokerStars Hand #254518875034:  Hold'em No Limit ($0.50/$1.00 USD) - 2025/01/23 20:27:18 WET [2025/01/23 15:27:18 ET]
Table 'Alcyone IV' 6-max Seat #5 is the button
Seat 1: xcinaz ($367.19 in chips) 
Seat 2: UnderC@t ($104.50 in chips) 
Seat 3: ImaPeppaPig ($130.79 in chips) 
Seat 4: YeeesMan ($100 in chips) 
Seat 5: AlexPinsk1 ($100 in chips) 
Seat 6: vikku24 ($80.23 in chips) 
vikku24: posts small blind $0.50
xcinaz: posts big blind $1
*** HOLE CARDS ***
UnderC@t: folds 
ImaPeppaPig: raises $1.50 to $2.50
YeeesMan: folds 
AlexPinsk1: folds 
vikku24: raises $5 to $7.50
xcinaz: folds 
ImaPeppaPig: calls $5
*** FLOP *** [8c Td 3c]
vikku24: bets $6
ImaPeppaPig: calls $6
*** TURN *** [8c Td 3c] [9c]
vikku24: bets $13
ImaPeppaPig: calls $13
*** RIVER *** [8c Td 3c 9c] [6s]
vikku24: bets $53.73 and is all-in
ImaPeppaPig: calls $53.73
*** SHOW DOWN ***
vikku24: shows [Ad Qd] (high card Ace)
ImaPeppaPig: shows [4c Ac] (a flush, Ace high)
ImaPeppaPig collected $158.96 from pot
*** SUMMARY ***
Total pot $161.46 | Rake $2.50 
Board [8c Td 3c 9c 6s]
Seat 1: xcinaz (big blind) folded before Flop
Seat 2: UnderC@t folded before Flop (didn't bet)
Seat 3: ImaPeppaPig showed [4c Ac] and won ($158.96) with a flush, Ace high
Seat 4: YeeesMan folded before Flop (didn't bet)
Seat 5: AlexPinsk1 (button) folded before Flop (didn't bet)
Seat 6: vikku24 (small blind) showed [Ad Qd] and lost with high card Ace



PokerStars Hand #254518895584:  Hold'em No Limit ($0.50/$1.00 USD) - 2025/01/23 20:28:27 WET [2025/01/23 15:28:27 ET]
Table 'Alcyone IV' 6-max Seat #1 is the button
Seat 6: vikku24 ($0 in chips) is sitting out
Seat 1: xcinaz ($366.19 in chips) 
Seat 2: UnderC@t ($104.50 in chips) 
Seat 3: ImaPeppaPig ($209.52 in chips) 
Seat 4: YeeesMan ($100 in chips) 
Seat 5: AlexPinsk1 ($100 in chips) 
UnderC@t: posts small blind $0.50
ImaPeppaPig: posts big blind $1
*** HOLE CARDS ***
vikku24 leaves the table
YeeesMan: raises $1.50 to $2.50
AlexPinsk1: folds 
xcinaz: folds 
UnderC@t: folds 
ImaPeppaPig: folds 
Uncalled bet ($1.50) returned to YeeesMan
YeeesMan collected $2.50 from pot
YeeesMan: doesn't show hand 
BoyLoc0 joins the table at seat #6 
*** SUMMARY ***
Total pot $2.50 | Rake $0 
Seat 6: vikku24
Seat 1: xcinaz (button) folded before Flop (didn't bet)
Seat 2: UnderC@t (small blind) folded before Flop
Seat 3: ImaPeppaPig (big blind) folded before Flop
Seat 4: YeeesMan collected ($2.50)
Seat 5: AlexPinsk1 folded before Flop (didn't bet)



PokerStars Hand #254518900034:  Hold'em No Limit ($0.50/$1.00 USD) - 2025/01/23 20:28:43 WET [2025/01/23 15:28:43 ET]
Table 'Alcyone IV' 6-max Seat #2 is the button
Seat 4: YeeesMan ($101.50 in chips) is sitting out
Seat 6: BoyLoc0 ($100 in chips) is sitting out
Seat 1: xcinaz ($366.19 in chips) 
Seat 2: UnderC@t ($104 in chips) 
Seat 3: ImaPeppaPig ($208.52 in chips) 
Seat 5: AlexPinsk1 ($100 in chips) 
ImaPeppaPig: posts small blind $0.50
YeeesMan: is sitting out 
AlexPinsk1: posts big blind $1
BoyLoc0: sits out 
*** HOLE CARDS ***
xcinaz: folds 
UnderC@t: folds 
BoyLoc0 leaves the table
YeeesMan leaves the table
ImaPeppaPig: folds 
Uncalled bet ($0.50) returned to AlexPinsk1
AlexPinsk1 collected $1 from pot
AlexPinsk1: doesn't show hand 
*** SUMMARY ***
Total pot $1 | Rake $0 
Seat 4: YeeesMan
Seat 6: BoyLoc0
Seat 1: xcinaz folded before Flop (didn't bet)
Seat 2: UnderC@t (button) folded before Flop (didn't bet)
Seat 3: ImaPeppaPig (small blind) folded before Flop
Seat 5: AlexPinsk1 (big blind) collected ($1)



PokerStars Hand #254518903316:  Hold'em No Limit ($0.50/$1.00 USD) - 2025/01/23 20:28:54 WET [2025/01/23 15:28:54 ET]
Table 'Alcyone IV' 6-max Seat #3 is the button
Seat 1: xcinaz ($366.19 in chips) is sitting out
Seat 2: UnderC@t ($104 in chips) 
Seat 3: ImaPeppaPig ($208.02 in chips) 
Seat 5: AlexPinsk1 ($100.50 in chips) 
AlexPinsk1: posts small blind $0.50
xcinaz: is sitting out 
UnderC@t: posts big blind $1
*** HOLE CARDS ***
ImaPeppaPig: folds 
xcinaz leaves the table
AlexPinsk1: raises $2 to $3
UnderC@t: folds 
Uncalled bet ($2) returned to AlexPinsk1
AlexPinsk1 collected $2 from pot
AlexPinsk1: doesn't show hand 
*** SUMMARY ***
Total pot $2 | Rake $0 
Seat 1: xcinaz
Seat 2: UnderC@t (big blind) folded before Flop
Seat 3: ImaPeppaPig (button) folded before Flop (didn't bet)
Seat 5: AlexPinsk1 (small blind) collected ($2)



PokerStars Hand #254518906138:  Hold'em No Limit ($0.50/$1.00 USD) - 2025/01/23 20:29:03 WET [2025/01/23 15:29:03 ET]
Table 'Alcyone IV' 6-max Seat #5 is the button
Seat 2: UnderC@t ($103 in chips) 
Seat 3: ImaPeppaPig ($208.02 in chips) 
Seat 5: AlexPinsk1 ($101.50 in chips) 
UnderC@t: posts small blind $0.50
ImaPeppaPig: posts big blind $1
*** HOLE CARDS ***
AlexPinsk1: folds 
UnderC@t: raises $2 to $3
ImaPeppaPig: raises $6 to $9
UnderC@t: folds 
Uncalled bet ($6) returned to ImaPeppaPig
ImaPeppaPig collected $6 from pot
ImaPeppaPig: doesn't show hand 
*** SUMMARY ***
Total pot $6 | Rake $0 
Seat 2: UnderC@t (small blind) folded before Flop
Seat 3: ImaPeppaPig (big blind) collected ($6)
Seat 5: AlexPinsk1 (button) folded before Flop (didn't bet)



PokerStars Hand #254518910022:  Hold'em No Limit ($0.50/$1.00 USD) - 2025/01/23 20:29:16 WET [2025/01/23 15:29:16 ET]
Table 'Alcyone IV' 6-max Seat #3 is the button
Seat 5: AlexPinsk1 ($101.50 in chips) is sitting out
Seat 2: UnderC@t ($100 in chips) 
Seat 3: ImaPeppaPig ($211.02 in chips) 
ImaPeppaPig: posts small blind $0.50
AlexPinsk1: is sitting out 
UnderC@t: posts big blind $1
*** HOLE CARDS ***
ImaPeppaPig: folds 
Uncalled bet ($0.50) returned to UnderC@t
UnderC@t collected $1 from pot
UnderC@t: doesn't show hand 
AlexPinsk1 leaves the table
*** SUMMARY ***
Total pot $1 | Rake $0 
Seat 5: AlexPinsk1
Seat 2: UnderC@t (big blind) collected ($1)
Seat 3: ImaPeppaPig (button) (small blind) folded before Flop



PokerStars Hand #254518912056:  Hold'em No Limit ($0.50/$1.00 USD) - 2025/01/23 20:29:23 WET [2025/01/23 15:29:23 ET]
Table 'Alcyone IV' 6-max Seat #2 is the button
Seat 2: UnderC@t ($100.50 in chips) 
Seat 3: ImaPeppaPig ($210.52 in chips) 
UnderC@t: posts small blind $0.50
ImaPeppaPig: posts big blind $1
*** HOLE CARDS ***
UnderC@t: folds 
Uncalled bet ($0.50) returned to ImaPeppaPig
ImaPeppaPig collected $1 from pot
ImaPeppaPig: doesn't show hand 
*** SUMMARY ***
Total pot $1 | Rake $0 
Seat 2: UnderC@t (button) (small blind) folded before Flop
Seat 3: ImaPeppaPig (big blind) collected ($1)



PokerStars Hand #254518913821:  Hold'em No Limit ($0.50/$1.00 USD) - 2025/01/23 20:29:29 WET [2025/01/23 15:29:29 ET]
Table 'Alcyone IV' 6-max Seat #3 is the button
Seat 2: UnderC@t ($100 in chips) 
Seat 3: ImaPeppaPig ($211.02 in chips) 
ImaPeppaPig: posts small blind $0.50
UnderC@t: posts big blind $1
*** HOLE CARDS ***
ImaPeppaPig: folds 
Uncalled bet ($0.50) returned to UnderC@t
UnderC@t collected $1 from pot
UnderC@t: doesn't show hand 
*** SUMMARY ***
Total pot $1 | Rake $0 
Seat 2: UnderC@t (big blind) collected ($1)
Seat 3: ImaPeppaPig (button) (small blind) folded before Flop



