PokerStars Hand #254511533728:  Hold'em No Limit ($0.50/$1.00 USD) - 2025/01/23 7:12:47 WET [2025/01/23 2:12:47 ET]
Table 'Ruzena III' 6-max Seat #4 is the button
Seat 1: jeffy27dt1 ($100 in chips) is sitting out
Seat 3: MoRsCeReBruM ($100 in chips) is sitting out
Seat 2: ptolejmus ($31.20 in chips) 
Seat 4: przemasek ($11 in chips) 
Seat 5: steepfell ($100 in chips) 
Seat 6: radu10101 ($21.49 in chips) 
steepfell: posts small blind $0.50
radu10101: posts big blind $1
jeffy27dt1: sits out 
MoRsCeReBruM: sits out 
*** HOLE CARDS ***
ptolejmus: folds 
przemasek: calls $1
steepfell: folds 
radu10101: raises $1 to $2
przemasek: calls $1
*** FLOP *** [Jh 4s Th]
radu10101: bets $2
przemasek: calls $2
*** TURN *** [Jh 4s Th] [Jd]
radu10101: bets $2
przemasek: calls $2
*** RIVER *** [Jh 4s Th Jd] [Jc]
radu10101: checks 
przemasek: bets $2.51
radu10101: calls $2.51
*** SHOW DOWN ***
przemasek: shows [Qh Ts] (a full house, Jacks full of Tens)
radu10101: mucks hand 
przemasek collected $16.64 from pot
*** SUMMARY ***
Total pot $17.52 | Rake $0.88 
Board [Jh 4s Th Jd Jc]
Seat 1: jeffy27dt1
Seat 3: MoRsCeReBruM
Seat 2: ptolejmus folded before Flop (didn't bet)
Seat 4: przemasek (button) showed [Qh Ts] and won ($16.64) with a full house, Jacks full of Tens
Seat 5: steepfell (small blind) folded before Flop
Seat 6: radu10101 (big blind) mucked



PokerStars Hand #254511537042:  Hold'em No Limit ($0.50/$1.00 USD) - 2025/01/23 7:13:35 WET [2025/01/23 2:13:35 ET]
Table 'Ruzena III' 6-max Seat #5 is the button
Seat 3: MoRsCeReBruM ($100 in chips) is sitting out
Seat 1: jeffy27dt1 ($100 in chips) 
Seat 2: ptolejmus ($31.20 in chips) 
Seat 4: przemasek ($19.13 in chips) 
Seat 5: steepfell ($100 in chips) 
Seat 6: radu10101 ($12.98 in chips) 
radu10101: posts small blind $0.50
jeffy27dt1: posts big blind $1
MoRsCeReBruM: sits out 
*** HOLE CARDS ***
ptolejmus: folds 
przemasek: calls $1
steepfell: raises $3 to $4
ptolejmus leaves the table
radu10101: folds 
jeffy27dt1: folds 
przemasek: calls $3
*** FLOP *** [7d 9h 3h]
peak joker33 joins the table at seat #2 
przemasek: checks 
steepfell: bets $6.77
przemasek: calls $6.77
*** TURN *** [7d 9h 3h] [5c]
przemasek: bets $8.36 and is all-in
steepfell: calls $8.36
*** RIVER *** [7d 9h 3h 5c] [4c]
*** SHOW DOWN ***
przemasek: shows [6s 8s] (a straight, Five to Nine)
steepfell: shows [Ad As] (a pair of Aces)
przemasek collected $37.77 from pot
*** SUMMARY ***
Total pot $39.76 | Rake $1.99 
Board [7d 9h 3h 5c 4c]
Seat 3: MoRsCeReBruM
Seat 1: jeffy27dt1 (big blind) folded before Flop
Seat 2: ptolejmus folded before Flop (didn't bet)
Seat 4: przemasek showed [6s 8s] and won ($37.77) with a straight, Five to Nine
Seat 5: steepfell (button) showed [Ad As] and lost with a pair of Aces
Seat 6: radu10101 (small blind) folded before Flop



PokerStars Hand #254511539065:  Hold'em No Limit ($0.50/$1.00 USD) - 2025/01/23 7:14:05 WET [2025/01/23 2:14:05 ET]
Table 'Ruzena III' 6-max Seat #6 is the button
Seat 3: MoRsCeReBruM ($100 in chips) is sitting out
Seat 1: jeffy27dt1 ($100 in chips) 
Seat 2: peak joker33 ($100 in chips) 
Seat 4: przemasek ($37.77 in chips) 
Seat 5: steepfell ($100 in chips) 
Seat 6: radu10101 ($12.48 in chips) 
jeffy27dt1: posts small blind $0.50
peak joker33: posts big blind $1
MoRsCeReBruM: sits out 
*** HOLE CARDS ***
przemasek: calls $1
steepfell: folds 
radu10101: calls $1
jeffy27dt1: folds 
peak joker33: checks 
*** FLOP *** [6s 5c 5s]
peak joker33: bets $2
przemasek: folds 
radu10101: folds 
Uncalled bet ($2) returned to peak joker33
peak joker33 collected $3.32 from pot
peak joker33: doesn't show hand 
*** SUMMARY ***
Total pot $3.50 | Rake $0.18 
Board [6s 5c 5s]
Seat 3: MoRsCeReBruM
Seat 1: jeffy27dt1 (small blind) folded before Flop
Seat 2: peak joker33 (big blind) collected ($3.32)
Seat 4: przemasek folded on the Flop
Seat 5: steepfell folded before Flop (didn't bet)
Seat 6: radu10101 (button) folded on the Flop



PokerStars Hand #254511540680:  Hold'em No Limit ($0.50/$1.00 USD) - 2025/01/23 7:14:29 WET [2025/01/23 2:14:29 ET]
Table 'Ruzena III' 6-max Seat #1 is the button
Seat 1: jeffy27dt1 ($100 in chips) 
Seat 2: peak joker33 ($102.32 in chips) 
Seat 3: MoRsCeReBruM ($100 in chips) 
Seat 4: przemasek ($36.77 in chips) 
Seat 5: steepfell ($100 in chips) 
Seat 6: radu10101 ($11.48 in chips) 
peak joker33: posts small blind $0.50
MoRsCeReBruM: posts big blind $1
*** HOLE CARDS ***
przemasek: folds 
steepfell: folds 
radu10101: calls $1
jeffy27dt1: folds 
peak joker33: folds 
MoRsCeReBruM: raises $99 to $100 and is all-in
radu10101: folds 
Uncalled bet ($99) returned to MoRsCeReBruM
MoRsCeReBruM collected $2.50 from pot
MoRsCeReBruM: doesn't show hand 
*** SUMMARY ***
Total pot $2.50 | Rake $0 
Seat 1: jeffy27dt1 (button) folded before Flop (didn't bet)
Seat 2: peak joker33 (small blind) folded before Flop
Seat 3: MoRsCeReBruM (big blind) collected ($2.50)
Seat 4: przemasek folded before Flop (didn't bet)
Seat 5: steepfell folded before Flop (didn't bet)
Seat 6: radu10101 folded before Flop



PokerStars Hand #254511542149:  Hold'em No Limit ($0.50/$1.00 USD) - 2025/01/23 7:14:51 WET [2025/01/23 2:14:51 ET]
Table 'Ruzena III' 6-max Seat #2 is the button
Seat 1: jeffy27dt1 ($100 in chips) 
Seat 2: peak joker33 ($101.82 in chips) 
Seat 3: MoRsCeReBruM ($101.50 in chips) 
Seat 4: przemasek ($36.77 in chips) 
Seat 5: steepfell ($100 in chips) 
Seat 6: radu10101 ($10.48 in chips) 
MoRsCeReBruM: posts small blind $0.50
przemasek: posts big blind $1
*** HOLE CARDS ***
steepfell: folds 
radu10101: folds 
jeffy27dt1: folds 
peak joker33: folds 
MoRsCeReBruM: raises $2 to $3
przemasek: calls $2
*** FLOP *** [4s Kc 4c]
MoRsCeReBruM: bets $1.88
przemasek: calls $1.88
*** TURN *** [4s Kc 4c] [Tc]
MoRsCeReBruM: checks 
przemasek: checks 
*** RIVER *** [4s Kc 4c Tc] [Th]
MoRsCeReBruM: checks 
przemasek: bets $6.15
MoRsCeReBruM: folds 
Uncalled bet ($6.15) returned to przemasek
przemasek collected $9.27 from pot
przemasek: doesn't show hand 
*** SUMMARY ***
Total pot $9.76 | Rake $0.49 
Board [4s Kc 4c Tc Th]
Seat 1: jeffy27dt1 folded before Flop (didn't bet)
Seat 2: peak joker33 (button) folded before Flop (didn't bet)
Seat 3: MoRsCeReBruM (small blind) folded on the River
Seat 4: przemasek (big blind) collected ($9.27)
Seat 5: steepfell folded before Flop (didn't bet)
Seat 6: radu10101 folded before Flop (didn't bet)



PokerStars Hand #254511545399:  Hold'em No Limit ($0.50/$1.00 USD) - 2025/01/23 7:15:38 WET [2025/01/23 2:15:38 ET]
Table 'Ruzena III' 6-max Seat #3 is the button
Seat 1: jeffy27dt1 ($100 in chips) 
Seat 2: peak joker33 ($101.82 in chips) 
Seat 3: MoRsCeReBruM ($100 in chips) 
Seat 4: przemasek ($41.16 in chips) 
Seat 5: steepfell ($100 in chips) 
Seat 6: radu10101 ($10.48 in chips) 
przemasek: posts small blind $0.50
steepfell: posts big blind $1
*** HOLE CARDS ***
radu10101: folds 
jeffy27dt1: folds 
peak joker33: folds 
MoRsCeReBruM: raises $1.50 to $2.50
przemasek: calls $2
steepfell: calls $1.50
*** FLOP *** [8h Qd 4c]
przemasek: bets $1
steepfell: calls $1
MoRsCeReBruM: raises $6.50 to $7.50
przemasek: folds 
steepfell: folds 
Uncalled bet ($6.50) returned to MoRsCeReBruM
MoRsCeReBruM collected $9.98 from pot
MoRsCeReBruM: doesn't show hand 
*** SUMMARY ***
Total pot $10.50 | Rake $0.52 
Board [8h Qd 4c]
Seat 1: jeffy27dt1 folded before Flop (didn't bet)
Seat 2: peak joker33 folded before Flop (didn't bet)
Seat 3: MoRsCeReBruM (button) collected ($9.98)
Seat 4: przemasek (small blind) folded on the Flop
Seat 5: steepfell (big blind) folded on the Flop
Seat 6: radu10101 folded before Flop (didn't bet)



PokerStars Hand #254511549818:  Hold'em No Limit ($0.50/$1.00 USD) - 2025/01/23 7:16:42 WET [2025/01/23 2:16:42 ET]
Table 'Ruzena III' 6-max Seat #4 is the button
Seat 1: jeffy27dt1 ($100 in chips) 
Seat 2: peak joker33 ($101.82 in chips) 
Seat 3: MoRsCeReBruM ($106.48 in chips) 
Seat 4: przemasek ($37.66 in chips) 
Seat 5: steepfell ($100 in chips) 
Seat 6: radu10101 ($10.48 in chips) 
steepfell: posts small blind $0.50
radu10101: posts big blind $1
*** HOLE CARDS ***
jeffy27dt1: raises $1.50 to $2.50
peak joker33: folds 
MoRsCeReBruM: folds 
przemasek: calls $2.50
steepfell: folds 
radu10101: calls $1.50
*** FLOP *** [9c 5s Jd]
radu10101: bets $1
jeffy27dt1: raises $3 to $4
przemasek: folds 
radu10101: raises $3.98 to $7.98 and is all-in
jeffy27dt1: calls $3.98
*** TURN *** [9c 5s Jd] [Kd]
*** RIVER *** [9c 5s Jd Kd] [8c]
*** SHOW DOWN ***
radu10101: shows [Ts 9d] (a pair of Nines)
jeffy27dt1: shows [Qh Qc] (a pair of Queens)
jeffy27dt1 collected $22.76 from pot
*** SUMMARY ***
Total pot $23.96 | Rake $1.20 
Board [9c 5s Jd Kd 8c]
Seat 1: jeffy27dt1 showed [Qh Qc] and won ($22.76) with a pair of Queens
Seat 2: peak joker33 folded before Flop (didn't bet)
Seat 3: MoRsCeReBruM folded before Flop (didn't bet)
Seat 4: przemasek (button) folded on the Flop
Seat 5: steepfell (small blind) folded before Flop
Seat 6: radu10101 (big blind) showed [Ts 9d] and lost with a pair of Nines



PokerStars Hand #254511552786:  Hold'em No Limit ($0.50/$1.00 USD) - 2025/01/23 7:17:25 WET [2025/01/23 2:17:25 ET]
Table 'Ruzena III' 6-max Seat #5 is the button
Seat 6: radu10101 ($0 in chips) is sitting out
Seat 1: jeffy27dt1 ($112.28 in chips) 
Seat 2: peak joker33 ($101.82 in chips) 
Seat 3: MoRsCeReBruM ($106.48 in chips) 
Seat 4: przemasek ($35.16 in chips) 
Seat 5: steepfell ($100 in chips) 
jeffy27dt1: posts small blind $0.50
peak joker33: posts big blind $1
*** HOLE CARDS ***
MoRsCeReBruM: folds 
przemasek: raises $1 to $2
steepfell: folds 
jeffy27dt1: folds 
peak joker33: folds 
Uncalled bet ($1) returned to przemasek
przemasek collected $2.50 from pot
przemasek: doesn't show hand 
*** SUMMARY ***
Total pot $2.50 | Rake $0 
Seat 6: radu10101
Seat 1: jeffy27dt1 (small blind) folded before Flop
Seat 2: peak joker33 (big blind) folded before Flop
Seat 3: MoRsCeReBruM folded before Flop (didn't bet)
Seat 4: przemasek collected ($2.50)
Seat 5: steepfell (button) folded before Flop (didn't bet)



PokerStars Hand #254511553983:  Hold'em No Limit ($0.50/$1.00 USD) - 2025/01/23 7:17:43 WET [2025/01/23 2:17:43 ET]
Table 'Ruzena III' 6-max Seat #1 is the button
Seat 6: radu10101 ($0 in chips) is sitting out
Seat 1: jeffy27dt1 ($111.78 in chips) 
Seat 2: peak joker33 ($100.82 in chips) 
Seat 3: MoRsCeReBruM ($106.48 in chips) 
Seat 4: przemasek ($36.66 in chips) 
Seat 5: steepfell ($100 in chips) 
peak joker33: posts small blind $0.50
MoRsCeReBruM: posts big blind $1
*** HOLE CARDS ***
przemasek: calls $1
steepfell: raises $3 to $4
jeffy27dt1: raises $7 to $11
peak joker33: folds 
MoRsCeReBruM: folds 
przemasek: folds 
steepfell: raises $15 to $26
jeffy27dt1: calls $15
*** FLOP *** [8s Ts Th]
steepfell: bets $17.16
jeffy27dt1: calls $17.16
*** TURN *** [8s Ts Th] [8h]
steepfell: bets $56.84 and is all-in
jeffy27dt1 is disconnected 
jeffy27dt1 is connected 
jeffy27dt1: calls $56.84
*** RIVER *** [8s Ts Th 8h] [5h]
*** SHOW DOWN ***
steepfell: shows [Kd Kh] (two pair, Kings and Tens)
jeffy27dt1: shows [Qd Qs] (two pair, Queens and Tens)
steepfell collected $200 from pot
*** SUMMARY ***
Total pot $202.50 | Rake $2.50 
Board [8s Ts Th 8h 5h]
Seat 6: radu10101
Seat 1: jeffy27dt1 (button) showed [Qd Qs] and lost with two pair, Queens and Tens
Seat 2: peak joker33 (small blind) folded before Flop
Seat 3: MoRsCeReBruM (big blind) folded before Flop
Seat 4: przemasek folded before Flop
Seat 5: steepfell showed [Kd Kh] and won ($200) with two pair, Kings and Tens



PokerStars Hand #254511565447:  Hold'em No Limit ($0.50/$1.00 USD) - 2025/01/23 7:20:30 WET [2025/01/23 2:20:30 ET]
Table 'Ruzena III' 6-max Seat #2 is the button
Seat 1: jeffy27dt1 ($100 in chips) 
Seat 2: peak joker33 ($100.32 in chips) 
Seat 3: MoRsCeReBruM ($105.48 in chips) 
Seat 4: przemasek ($35.66 in chips) 
Seat 5: steepfell ($200 in chips) 
Seat 6: radu10101 ($29.72 in chips) 
MoRsCeReBruM: posts small blind $0.50
przemasek: posts big blind $1
radu10101: posts small blind $0.50
*** HOLE CARDS ***
steepfell: raises $1.50 to $2.50
radu10101: folds 
jeffy27dt1: folds 
peak joker33: folds 
MoRsCeReBruM: folds 
przemasek: calls $1.50
*** FLOP *** [6h 5s 3s]
przemasek: checks 
steepfell: bets $2.85
przemasek: calls $2.85
*** TURN *** [6h 5s 3s] [Th]
przemasek: checks 
steepfell: bets $8.34
przemasek: calls $8.34
*** RIVER *** [6h 5s 3s Th] [2h]
przemasek: checks 
steepfell: checks 
*** SHOW DOWN ***
przemasek: shows [6s Qh] (a pair of Sixes)
steepfell: shows [Ts As] (a pair of Tens)
steepfell collected $26.96 from pot
*** SUMMARY ***
Total pot $28.38 | Rake $1.42 
Board [6h 5s 3s Th 2h]
Seat 1: jeffy27dt1 folded before Flop (didn't bet)
Seat 2: peak joker33 (button) folded before Flop (didn't bet)
Seat 3: MoRsCeReBruM (small blind) folded before Flop
Seat 4: przemasek (big blind) showed [6s Qh] and lost with a pair of Sixes
Seat 5: steepfell showed [Ts As] and won ($26.96) with a pair of Tens
Seat 6: radu10101 folded before Flop (didn't bet)



PokerStars Hand #254511569121:  Hold'em No Limit ($0.50/$1.00 USD) - 2025/01/23 7:21:24 WET [2025/01/23 2:21:24 ET]
Table 'Ruzena III' 6-max Seat #3 is the button
Seat 1: jeffy27dt1 ($100 in chips) 
Seat 2: peak joker33 ($100.32 in chips) 
Seat 3: MoRsCeReBruM ($104.98 in chips) 
Seat 4: przemasek ($21.97 in chips) 
Seat 5: steepfell ($213.27 in chips) 
Seat 6: radu10101 ($29.22 in chips) 
przemasek: posts small blind $0.50
steepfell: posts big blind $1
*** HOLE CARDS ***
radu10101: calls $1
jeffy27dt1: folds 
peak joker33: folds 
MoRsCeReBruM: raises $2 to $3
przemasek: raises $6.11 to $9.11
steepfell: folds 
radu10101: folds 
MoRsCeReBruM: folds 
Uncalled bet ($6.11) returned to przemasek
przemasek collected $8 from pot
przemasek: doesn't show hand 
*** SUMMARY ***
Total pot $8 | Rake $0 
Seat 1: jeffy27dt1 folded before Flop (didn't bet)
Seat 2: peak joker33 folded before Flop (didn't bet)
Seat 3: MoRsCeReBruM (button) folded before Flop
Seat 4: przemasek (small blind) collected ($8)
Seat 5: steepfell (big blind) folded before Flop
Seat 6: radu10101 folded before Flop



PokerStars Hand #254511573013:  Hold'em No Limit ($0.50/$1.00 USD) - 2025/01/23 7:22:19 WET [2025/01/23 2:22:19 ET]
Table 'Ruzena III' 6-max Seat #4 is the button
Seat 1: jeffy27dt1 ($100 in chips) 
Seat 2: peak joker33 ($100.32 in chips) 
Seat 3: MoRsCeReBruM ($101.98 in chips) 
Seat 4: przemasek ($26.97 in chips) 
Seat 5: steepfell ($212.27 in chips) 
Seat 6: radu10101 ($28.22 in chips) 
steepfell: posts small blind $0.50
radu10101: posts big blind $1
*** HOLE CARDS ***
jeffy27dt1: raises $1.50 to $2.50
peak joker33: raises $5 to $7.50
MoRsCeReBruM: folds 
przemasek: folds 
steepfell: raises $14.50 to $22
radu10101: folds 
jeffy27dt1: folds 
peak joker33: raises $78.32 to $100.32 and is all-in
steepfell: folds 
Uncalled bet ($78.32) returned to peak joker33
peak joker33 collected $47.50 from pot
peak joker33: doesn't show hand 
*** SUMMARY ***
Total pot $47.50 | Rake $0 
Seat 1: jeffy27dt1 folded before Flop
Seat 2: peak joker33 collected ($47.50)
Seat 3: MoRsCeReBruM folded before Flop (didn't bet)
Seat 4: przemasek (button) folded before Flop (didn't bet)
Seat 5: steepfell (small blind) folded before Flop
Seat 6: radu10101 (big blind) folded before Flop



PokerStars Hand #254511577267:  Hold'em No Limit ($0.50/$1.00 USD) - 2025/01/23 7:23:21 WET [2025/01/23 2:23:21 ET]
Table 'Ruzena III' 6-max Seat #5 is the button
Seat 1: jeffy27dt1 ($100 in chips) 
Seat 2: peak joker33 ($125.82 in chips) 
Seat 3: MoRsCeReBruM ($101.98 in chips) 
Seat 4: przemasek ($26.97 in chips) 
Seat 5: steepfell ($190.27 in chips) 
Seat 6: radu10101 ($27.22 in chips) 
radu10101: posts small blind $0.50
jeffy27dt1: posts big blind $1
*** HOLE CARDS ***
peak joker33: folds 
MoRsCeReBruM: folds 
przemasek: raises $1 to $2
steepfell: folds 
radu10101: folds 
jeffy27dt1: folds 
Uncalled bet ($1) returned to przemasek
przemasek collected $2.50 from pot
przemasek: doesn't show hand 
*** SUMMARY ***
Total pot $2.50 | Rake $0 
Seat 1: jeffy27dt1 (big blind) folded before Flop
Seat 2: peak joker33 folded before Flop (didn't bet)
Seat 3: MoRsCeReBruM folded before Flop (didn't bet)
Seat 4: przemasek collected ($2.50)
Seat 5: steepfell (button) folded before Flop (didn't bet)
Seat 6: radu10101 (small blind) folded before Flop



PokerStars Hand #254511578124:  Hold'em No Limit ($0.50/$1.00 USD) - 2025/01/23 7:23:33 WET [2025/01/23 2:23:33 ET]
Table 'Ruzena III' 6-max Seat #6 is the button
Seat 1: jeffy27dt1 ($100 in chips) 
Seat 2: peak joker33 ($125.82 in chips) 
Seat 3: MoRsCeReBruM ($101.98 in chips) 
Seat 4: przemasek ($28.47 in chips) 
Seat 5: steepfell ($190.27 in chips) 
Seat 6: radu10101 ($26.72 in chips) 
jeffy27dt1: posts small blind $0.50
peak joker33: posts big blind $1
*** HOLE CARDS ***
MoRsCeReBruM: raises $1 to $2
przemasek: folds 
steepfell: folds 
radu10101: folds 
jeffy27dt1: folds 
peak joker33: folds 
Uncalled bet ($1) returned to MoRsCeReBruM
MoRsCeReBruM collected $2.50 from pot
MoRsCeReBruM: doesn't show hand 
*** SUMMARY ***
Total pot $2.50 | Rake $0 
Seat 1: jeffy27dt1 (small blind) folded before Flop
Seat 2: peak joker33 (big blind) folded before Flop
Seat 3: MoRsCeReBruM collected ($2.50)
Seat 4: przemasek folded before Flop (didn't bet)
Seat 5: steepfell folded before Flop (didn't bet)
Seat 6: radu10101 (button) folded before Flop (didn't bet)



PokerStars Hand #254511581099:  Hold'em No Limit ($0.50/$1.00 USD) - 2025/01/23 7:24:16 WET [2025/01/23 2:24:16 ET]
Table 'Ruzena III' 6-max Seat #1 is the button
Seat 1: jeffy27dt1 ($100 in chips) 
Seat 2: peak joker33 ($124.82 in chips) 
Seat 3: MoRsCeReBruM ($103.48 in chips) 
Seat 4: przemasek ($28.47 in chips) 
Seat 5: steepfell ($190.27 in chips) 
Seat 6: radu10101 ($26.72 in chips) 
peak joker33: posts small blind $0.50
MoRsCeReBruM: posts big blind $1
*** HOLE CARDS ***
przemasek: raises $1 to $2
steepfell: folds 
radu10101: calls $2
jeffy27dt1: folds 
peak joker33: folds 
MoRsCeReBruM: calls $1
*** FLOP *** [9d 3c 2d]
MoRsCeReBruM: checks 
przemasek: bets $1
radu10101: folds 
MoRsCeReBruM: calls $1
*** TURN *** [9d 3c 2d] [Ah]
MoRsCeReBruM: checks 
przemasek: bets $2.49
MoRsCeReBruM: folds 
Uncalled bet ($2.49) returned to przemasek
przemasek collected $8.08 from pot
przemasek: doesn't show hand 
*** SUMMARY ***
Total pot $8.50 | Rake $0.42 
Board [9d 3c 2d Ah]
Seat 1: jeffy27dt1 (button) folded before Flop (didn't bet)
Seat 2: peak joker33 (small blind) folded before Flop
Seat 3: MoRsCeReBruM (big blind) folded on the Turn
Seat 4: przemasek collected ($8.08)
Seat 5: steepfell folded before Flop (didn't bet)
Seat 6: radu10101 folded on the Flop



PokerStars Hand #254511584238:  Hold'em No Limit ($0.50/$1.00 USD) - 2025/01/23 7:25:01 WET [2025/01/23 2:25:01 ET]
Table 'Ruzena III' 6-max Seat #2 is the button
Seat 1: jeffy27dt1 ($100 in chips) 
Seat 2: peak joker33 ($124.32 in chips) 
Seat 3: MoRsCeReBruM ($100.48 in chips) 
Seat 4: przemasek ($33.55 in chips) 
Seat 5: steepfell ($190.27 in chips) 
Seat 6: radu10101 ($24.72 in chips) 
MoRsCeReBruM: posts small blind $0.50
przemasek: posts big blind $1
*** HOLE CARDS ***
steepfell: folds 
radu10101: calls $1
jeffy27dt1: folds 
peak joker33: folds 
MoRsCeReBruM: folds 
przemasek: raises $4 to $5
radu10101: folds 
Uncalled bet ($4) returned to przemasek
przemasek collected $2.50 from pot
przemasek: doesn't show hand 
*** SUMMARY ***
Total pot $2.50 | Rake $0 
Seat 1: jeffy27dt1 folded before Flop (didn't bet)
Seat 2: peak joker33 (button) folded before Flop (didn't bet)
Seat 3: MoRsCeReBruM (small blind) folded before Flop
Seat 4: przemasek (big blind) collected ($2.50)
Seat 5: steepfell folded before Flop (didn't bet)
Seat 6: radu10101 folded before Flop



PokerStars Hand #254511588167:  Hold'em No Limit ($0.50/$1.00 USD) - 2025/01/23 7:25:57 WET [2025/01/23 2:25:57 ET]
Table 'Ruzena III' 6-max Seat #3 is the button
Seat 1: jeffy27dt1 ($100 in chips) 
Seat 2: peak joker33 ($124.32 in chips) 
Seat 3: MoRsCeReBruM ($100 in chips) 
Seat 4: przemasek ($35.05 in chips) 
Seat 5: steepfell ($190.27 in chips) 
Seat 6: radu10101 ($23.72 in chips) 
przemasek: posts small blind $0.50
steepfell: posts big blind $1
*** HOLE CARDS ***
radu10101 has timed out
radu10101: folds 
jeffy27dt1: folds 
peak joker33: folds 
MoRsCeReBruM: folds 
przemasek: raises $1 to $2
steepfell: folds 
Uncalled bet ($1) returned to przemasek
przemasek collected $2 from pot
przemasek: doesn't show hand 
*** SUMMARY ***
Total pot $2 | Rake $0 
Seat 1: jeffy27dt1 folded before Flop (didn't bet)
Seat 2: peak joker33 folded before Flop (didn't bet)
Seat 3: MoRsCeReBruM (button) folded before Flop (didn't bet)
Seat 4: przemasek (small blind) collected ($2)
Seat 5: steepfell (big blind) folded before Flop
Seat 6: radu10101 folded before Flop (didn't bet)



PokerStars Hand #254511589835:  Hold'em No Limit ($0.50/$1.00 USD) - 2025/01/23 7:26:22 WET [2025/01/23 2:26:22 ET]
Table 'Ruzena III' 6-max Seat #4 is the button
Seat 1: jeffy27dt1 ($100 in chips) 
Seat 2: peak joker33 ($124.32 in chips) 
Seat 3: MoRsCeReBruM ($100 in chips) 
Seat 4: przemasek ($36.05 in chips) 
Seat 5: steepfell ($189.27 in chips) 
Seat 6: radu10101 ($23.72 in chips) 
steepfell: posts small blind $0.50
radu10101: posts big blind $1
*** HOLE CARDS ***
jeffy27dt1: folds 
peak joker33: folds 
MoRsCeReBruM: folds 
przemasek: raises $1 to $2
steepfell: folds 
radu10101: calls $1
*** FLOP *** [4c 4h 6d]
radu10101: checks 
przemasek: checks 
*** TURN *** [4c 4h 6d] [2s]
radu10101: bets $1
przemasek: calls $1
*** RIVER *** [4c 4h 6d 2s] [6h]
radu10101: bets $2
przemasek: folds 
Uncalled bet ($2) returned to radu10101
radu10101 collected $6.18 from pot
*** SUMMARY ***
Total pot $6.50 | Rake $0.32 
Board [4c 4h 6d 2s 6h]
Seat 1: jeffy27dt1 folded before Flop (didn't bet)
Seat 2: peak joker33 folded before Flop (didn't bet)
Seat 3: MoRsCeReBruM folded before Flop (didn't bet)
Seat 4: przemasek (button) folded on the River
Seat 5: steepfell (small blind) folded before Flop
Seat 6: radu10101 (big blind) collected ($6.18)



PokerStars Hand #254511592561:  Hold'em No Limit ($0.50/$1.00 USD) - 2025/01/23 7:27:01 WET [2025/01/23 2:27:01 ET]
Table 'Ruzena III' 6-max Seat #5 is the button
Seat 1: jeffy27dt1 ($100 in chips) 
Seat 2: peak joker33 ($124.32 in chips) 
Seat 3: MoRsCeReBruM ($100 in chips) 
Seat 4: przemasek ($33.05 in chips) 
Seat 5: steepfell ($188.77 in chips) 
Seat 6: radu10101 ($26.90 in chips) 
radu10101: posts small blind $0.50
jeffy27dt1: posts big blind $1
*** HOLE CARDS ***
peak joker33: folds 
MoRsCeReBruM: folds 
przemasek: folds 
steepfell: raises $1.50 to $2.50
radu10101: calls $2
jeffy27dt1: calls $1.50
*** FLOP *** [3c Qc Kd]
radu10101: checks 
jeffy27dt1: checks 
steepfell: checks 
*** TURN *** [3c Qc Kd] [6c]
radu10101: checks 
jeffy27dt1: checks 
steepfell: checks 
*** RIVER *** [3c Qc Kd 6c] [2s]
radu10101: checks 
jeffy27dt1: bets $3
steepfell: folds 
radu10101: folds 
Uncalled bet ($3) returned to jeffy27dt1
jeffy27dt1 collected $7.12 from pot
jeffy27dt1: doesn't show hand 
*** SUMMARY ***
Total pot $7.50 | Rake $0.38 
Board [3c Qc Kd 6c 2s]
Seat 1: jeffy27dt1 (big blind) collected ($7.12)
Seat 2: peak joker33 folded before Flop (didn't bet)
Seat 3: MoRsCeReBruM folded before Flop (didn't bet)
Seat 4: przemasek folded before Flop (didn't bet)
Seat 5: steepfell (button) folded on the River
Seat 6: radu10101 (small blind) folded on the River



PokerStars Hand #254511597381:  Hold'em No Limit ($0.50/$1.00 USD) - 2025/01/23 7:28:11 WET [2025/01/23 2:28:11 ET]
Table 'Ruzena III' 6-max Seat #6 is the button
Seat 2: peak joker33 ($124.32 in chips) is sitting out
Seat 1: jeffy27dt1 ($104.62 in chips) 
Seat 3: MoRsCeReBruM ($100 in chips) 
Seat 4: przemasek ($33.05 in chips) 
Seat 5: steepfell ($186.27 in chips) 
Seat 6: radu10101 ($24.40 in chips) 
jeffy27dt1: posts small blind $0.50
MoRsCeReBruM: posts big blind $1
*** HOLE CARDS ***
przemasek: folds 
steepfell: folds 
radu10101: calls $1
jeffy27dt1: folds 
MoRsCeReBruM: checks 
*** FLOP *** [Ad Ks Jc]
MoRsCeReBruM: checks 
radu10101: checks 
*** TURN *** [Ad Ks Jc] [Js]
MoRsCeReBruM: bets $1
radu10101: folds 
Uncalled bet ($1) returned to MoRsCeReBruM
MoRsCeReBruM collected $2.38 from pot
MoRsCeReBruM: doesn't show hand 
*** SUMMARY ***
Total pot $2.50 | Rake $0.12 
Board [Ad Ks Jc Js]
Seat 2: peak joker33
Seat 1: jeffy27dt1 (small blind) folded before Flop
Seat 3: MoRsCeReBruM (big blind) collected ($2.38)
Seat 4: przemasek folded before Flop (didn't bet)
Seat 5: steepfell folded before Flop (didn't bet)
Seat 6: radu10101 (button) folded on the Turn



PokerStars Hand #254511599579:  Hold'em No Limit ($0.50/$1.00 USD) - 2025/01/23 7:28:42 WET [2025/01/23 2:28:42 ET]
Table 'Ruzena III' 6-max Seat #1 is the button
Seat 2: peak joker33 ($124.32 in chips) is sitting out
Seat 1: jeffy27dt1 ($104.12 in chips) 
Seat 3: MoRsCeReBruM ($101.38 in chips) 
Seat 4: przemasek ($33.05 in chips) 
Seat 5: steepfell ($186.27 in chips) 
Seat 6: radu10101 ($23.40 in chips) 
MoRsCeReBruM: posts small blind $0.50
przemasek: posts big blind $1
*** HOLE CARDS ***
steepfell: folds 
radu10101: folds 
jeffy27dt1: folds 
MoRsCeReBruM: raises $2 to $3
przemasek: calls $2
*** FLOP *** [9c 4s Jh]
MoRsCeReBruM: checks 
przemasek: checks 
*** TURN *** [9c 4s Jh] [4h]
MoRsCeReBruM: checks 
przemasek: bets $3.10
MoRsCeReBruM: folds 
Uncalled bet ($3.10) returned to przemasek
przemasek collected $5.70 from pot
przemasek: doesn't show hand 
*** SUMMARY ***
Total pot $6 | Rake $0.30 
Board [9c 4s Jh 4h]
Seat 2: peak joker33
Seat 1: jeffy27dt1 (button) folded before Flop (didn't bet)
Seat 3: MoRsCeReBruM (small blind) folded on the Turn
Seat 4: przemasek (big blind) collected ($5.70)
Seat 5: steepfell folded before Flop (didn't bet)
Seat 6: radu10101 folded before Flop (didn't bet)



PokerStars Hand #254511603331:  Hold'em No Limit ($0.50/$1.00 USD) - 2025/01/23 7:29:35 WET [2025/01/23 2:29:35 ET]
Table 'Ruzena III' 6-max Seat #3 is the button
Seat 2: peak joker33 ($124.32 in chips) is sitting out
Seat 1: jeffy27dt1 ($104.12 in chips) 
Seat 3: MoRsCeReBruM ($100 in chips) 
Seat 4: przemasek ($35.75 in chips) 
Seat 5: steepfell ($186.27 in chips) 
Seat 6: radu10101 ($23.40 in chips) 
przemasek: posts small blind $0.50
steepfell: posts big blind $1
peak joker33: sits out 
*** HOLE CARDS ***
radu10101: calls $1
jeffy27dt1: folds 
MoRsCeReBruM: folds 
przemasek: raises $1 to $2
steepfell: calls $1
radu10101: calls $1
*** FLOP *** [As 4c 3c]
przemasek: bets $1
steepfell: folds 
radu10101: folds 
Uncalled bet ($1) returned to przemasek
przemasek collected $5.70 from pot
przemasek: doesn't show hand 
*** SUMMARY ***
Total pot $6 | Rake $0.30 
Board [As 4c 3c]
Seat 2: peak joker33
Seat 1: jeffy27dt1 folded before Flop (didn't bet)
Seat 3: MoRsCeReBruM (button) folded before Flop (didn't bet)
Seat 4: przemasek (small blind) collected ($5.70)
Seat 5: steepfell (big blind) folded on the Flop
Seat 6: radu10101 folded on the Flop



PokerStars Hand #254511606429:  Hold'em No Limit ($0.50/$1.00 USD) - 2025/01/23 7:30:19 WET [2025/01/23 2:30:19 ET]
Table 'Ruzena III' 6-max Seat #4 is the button
Seat 2: peak joker33 ($124.32 in chips) is sitting out
Seat 1: jeffy27dt1 ($104.12 in chips) 
Seat 3: MoRsCeReBruM ($100 in chips) 
Seat 4: przemasek ($39.45 in chips) 
Seat 5: steepfell ($184.27 in chips) 
Seat 6: radu10101 ($21.40 in chips) 
steepfell: posts small blind $0.50
radu10101: posts big blind $1
peak joker33: sits out 
*** HOLE CARDS ***
jeffy27dt1: folds 
MoRsCeReBruM: folds 
przemasek: calls $1
steepfell: folds 
radu10101: raises $1 to $2
przemasek: calls $1
*** FLOP *** [7h 6h Ad]
radu10101: bets $2
przemasek: folds 
Uncalled bet ($2) returned to radu10101
radu10101 collected $4.28 from pot
*** SUMMARY ***
Total pot $4.50 | Rake $0.22 
Board [7h 6h Ad]
Seat 2: peak joker33
Seat 1: jeffy27dt1 folded before Flop (didn't bet)
Seat 3: MoRsCeReBruM folded before Flop (didn't bet)
Seat 4: przemasek (button) folded on the Flop
Seat 5: steepfell (small blind) folded before Flop
Seat 6: radu10101 (big blind) collected ($4.28)



PokerStars Hand #254511608104:  Hold'em No Limit ($0.50/$1.00 USD) - 2025/01/23 7:30:43 WET [2025/01/23 2:30:43 ET]
Table 'Ruzena III' 6-max Seat #5 is the button
Seat 2: peak joker33 ($124.32 in chips) is sitting out
Seat 1: jeffy27dt1 ($104.12 in chips) 
Seat 3: MoRsCeReBruM ($100 in chips) 
Seat 4: przemasek ($37.45 in chips) 
Seat 5: steepfell ($183.77 in chips) 
Seat 6: radu10101 ($23.68 in chips) 
radu10101: posts small blind $0.50
jeffy27dt1: posts big blind $1
peak joker33: sits out 
*** HOLE CARDS ***
MoRsCeReBruM: raises $1 to $2
przemasek: folds 
steepfell: folds 
radu10101: folds 
jeffy27dt1: raises $10 to $12
MoRsCeReBruM: folds 
Uncalled bet ($10) returned to jeffy27dt1
jeffy27dt1 collected $4.50 from pot
jeffy27dt1: doesn't show hand 
*** SUMMARY ***
Total pot $4.50 | Rake $0 
Seat 2: peak joker33
Seat 1: jeffy27dt1 (big blind) collected ($4.50)
Seat 3: MoRsCeReBruM folded before Flop
Seat 4: przemasek folded before Flop (didn't bet)
Seat 5: steepfell (button) folded before Flop (didn't bet)
Seat 6: radu10101 (small blind) folded before Flop



PokerStars Hand #254511609978:  Hold'em No Limit ($0.50/$1.00 USD) - 2025/01/23 7:31:10 WET [2025/01/23 2:31:10 ET]
Table 'Ruzena III' 6-max Seat #6 is the button
Seat 1: jeffy27dt1 ($106.62 in chips) 
Seat 2: peak joker33 ($124.32 in chips) 
Seat 3: MoRsCeReBruM ($100 in chips) 
Seat 4: przemasek ($37.45 in chips) 
Seat 5: steepfell ($183.77 in chips) 
Seat 6: radu10101 ($23.18 in chips) 
jeffy27dt1: posts small blind $0.50
peak joker33: posts big blind $1
*** HOLE CARDS ***
MoRsCeReBruM: folds 
przemasek: raises $1 to $2
steepfell: folds 
radu10101: calls $2
jeffy27dt1: folds 
peak joker33: folds 
*** FLOP *** [Js 9h 2h]
przemasek: bets $2.45
radu10101: calls $2.45
*** TURN *** [Js 9h 2h] [Kd]
przemasek: bets $1.99
radu10101: calls $1.99
*** RIVER *** [Js 9h 2h Kd] [6s]
przemasek: checks 
radu10101: bets $3
przemasek: folds 
Uncalled bet ($3) returned to radu10101
radu10101 collected $13.66 from pot
*** SUMMARY ***
Total pot $14.38 | Rake $0.72 
Board [Js 9h 2h Kd 6s]
Seat 1: jeffy27dt1 (small blind) folded before Flop
Seat 2: peak joker33 (big blind) folded before Flop
Seat 3: MoRsCeReBruM folded before Flop (didn't bet)
Seat 4: przemasek folded on the River
Seat 5: steepfell folded before Flop (didn't bet)
Seat 6: radu10101 (button) collected ($13.66)



PokerStars Hand #254511612338:  Hold'em No Limit ($0.50/$1.00 USD) - 2025/01/23 7:31:44 WET [2025/01/23 2:31:44 ET]
Table 'Ruzena III' 6-max Seat #1 is the button
Seat 1: jeffy27dt1 ($106.12 in chips) 
Seat 2: peak joker33 ($123.32 in chips) 
Seat 3: MoRsCeReBruM ($100 in chips) 
Seat 4: przemasek ($31.01 in chips) 
Seat 5: steepfell ($183.77 in chips) 
Seat 6: radu10101 ($30.40 in chips) 
peak joker33: posts small blind $0.50
MoRsCeReBruM: posts big blind $1
*** HOLE CARDS ***
przemasek: calls $1
steepfell: raises $3 to $4
radu10101: folds 
jeffy27dt1: raises $7 to $11
peak joker33: folds 
MoRsCeReBruM: folds 
przemasek: folds 
steepfell: calls $7
*** FLOP *** [9s 4d Th]
steepfell: checks 
jeffy27dt1: bets $17
steepfell: folds 
Uncalled bet ($17) returned to jeffy27dt1
jeffy27dt1 collected $23.28 from pot
jeffy27dt1: doesn't show hand 
*** SUMMARY ***
Total pot $24.50 | Rake $1.22 
Board [9s 4d Th]
Seat 1: jeffy27dt1 (button) collected ($23.28)
Seat 2: peak joker33 (small blind) folded before Flop
Seat 3: MoRsCeReBruM (big blind) folded before Flop
Seat 4: przemasek folded before Flop
Seat 5: steepfell folded on the Flop
Seat 6: radu10101 folded before Flop (didn't bet)



PokerStars Hand #254511618133:  Hold'em No Limit ($0.50/$1.00 USD) - 2025/01/23 7:33:08 WET [2025/01/23 2:33:08 ET]
Table 'Ruzena III' 6-max Seat #2 is the button
Seat 1: jeffy27dt1 ($118.40 in chips) 
Seat 2: peak joker33 ($122.82 in chips) 
Seat 3: MoRsCeReBruM ($100 in chips) 
Seat 4: przemasek ($30.01 in chips) 
Seat 5: steepfell ($172.77 in chips) 
Seat 6: radu10101 ($30.40 in chips) 
MoRsCeReBruM: posts small blind $0.50
przemasek: posts big blind $1
*** HOLE CARDS ***
steepfell: raises $1.50 to $2.50
radu10101: folds 
jeffy27dt1: folds 
peak joker33: folds 
MoRsCeReBruM: folds 
przemasek: calls $1.50
*** FLOP *** [Jd 9c 4s]
przemasek: checks 
steepfell: checks 
*** TURN *** [Jd 9c 4s] [8s]
przemasek: bets $4.82
steepfell: folds 
Uncalled bet ($4.82) returned to przemasek
przemasek collected $5.22 from pot
przemasek: doesn't show hand 
*** SUMMARY ***
Total pot $5.50 | Rake $0.28 
Board [Jd 9c 4s 8s]
Seat 1: jeffy27dt1 folded before Flop (didn't bet)
Seat 2: peak joker33 (button) folded before Flop (didn't bet)
Seat 3: MoRsCeReBruM (small blind) folded before Flop
Seat 4: przemasek (big blind) collected ($5.22)
Seat 5: steepfell folded on the Turn
Seat 6: radu10101 folded before Flop (didn't bet)



PokerStars Hand #254511619937:  Hold'em No Limit ($0.50/$1.00 USD) - 2025/01/23 7:33:35 WET [2025/01/23 2:33:35 ET]
Table 'Ruzena III' 6-max Seat #3 is the button
Seat 1: jeffy27dt1 ($118.40 in chips) 
Seat 2: peak joker33 ($122.82 in chips) 
Seat 3: MoRsCeReBruM ($100 in chips) 
Seat 4: przemasek ($32.73 in chips) 
Seat 5: steepfell ($170.27 in chips) 
Seat 6: radu10101 ($30.40 in chips) 
przemasek: posts small blind $0.50
steepfell: posts big blind $1
*** HOLE CARDS ***
radu10101: folds 
jeffy27dt1: folds 
peak joker33: folds 
MoRsCeReBruM: raises $1.50 to $2.50
przemasek: calls $2
steepfell: folds 
*** FLOP *** [2s Kh Th]
przemasek: checks 
MoRsCeReBruM: bets $1.88
przemasek: calls $1.88
*** TURN *** [2s Kh Th] [4s]
przemasek: checks 
MoRsCeReBruM: checks 
*** RIVER *** [2s Kh Th 4s] [6s]
przemasek: bets $28.35 and is all-in
MoRsCeReBruM: folds 
Uncalled bet ($28.35) returned to przemasek
przemasek collected $9.27 from pot
przemasek: doesn't show hand 
*** SUMMARY ***
Total pot $9.76 | Rake $0.49 
Board [2s Kh Th 4s 6s]
Seat 1: jeffy27dt1 folded before Flop (didn't bet)
Seat 2: peak joker33 folded before Flop (didn't bet)
Seat 3: MoRsCeReBruM (button) folded on the River
Seat 4: przemasek (small blind) collected ($9.27)
Seat 5: steepfell (big blind) folded before Flop
Seat 6: radu10101 folded before Flop (didn't bet)



PokerStars Hand #254511624367:  Hold'em No Limit ($0.50/$1.00 USD) - 2025/01/23 7:34:38 WET [2025/01/23 2:34:38 ET]
Table 'Ruzena III' 6-max Seat #4 is the button
Seat 1: jeffy27dt1 ($118.40 in chips) 
Seat 2: peak joker33 ($122.82 in chips) 
Seat 3: MoRsCeReBruM ($100 in chips) 
Seat 4: przemasek ($37.62 in chips) 
Seat 5: steepfell ($169.27 in chips) 
Seat 6: radu10101 ($30.40 in chips) 
steepfell: posts small blind $0.50
radu10101: posts big blind $1
*** HOLE CARDS ***
jeffy27dt1: folds 
peak joker33: folds 
MoRsCeReBruM: folds 
przemasek: calls $1
steepfell: folds 
radu10101: raises $1 to $2
przemasek: calls $1
*** FLOP *** [2c Ts 8s]
radu10101: bets $2
przemasek: folds 
Uncalled bet ($2) returned to radu10101
radu10101 collected $4.28 from pot
*** SUMMARY ***
Total pot $4.50 | Rake $0.22 
Board [2c Ts 8s]
Seat 1: jeffy27dt1 folded before Flop (didn't bet)
Seat 2: peak joker33 folded before Flop (didn't bet)
Seat 3: MoRsCeReBruM folded before Flop (didn't bet)
Seat 4: przemasek (button) folded on the Flop
Seat 5: steepfell (small blind) folded before Flop
Seat 6: radu10101 (big blind) collected ($4.28)



PokerStars Hand #254511626633:  Hold'em No Limit ($0.50/$1.00 USD) - 2025/01/23 7:35:11 WET [2025/01/23 2:35:11 ET]
Table 'Ruzena III' 6-max Seat #5 is the button
Seat 1: jeffy27dt1 ($118.40 in chips) 
Seat 2: peak joker33 ($122.82 in chips) 
Seat 3: MoRsCeReBruM ($100 in chips) 
Seat 4: przemasek ($35.62 in chips) 
Seat 5: steepfell ($168.77 in chips) 
Seat 6: radu10101 ($32.68 in chips) 
radu10101: posts small blind $0.50
jeffy27dt1: posts big blind $1
*** HOLE CARDS ***
peak joker33: folds 
MoRsCeReBruM: raises $1 to $2
przemasek: calls $2
steepfell: folds 
radu10101: folds 
jeffy27dt1: calls $1
*** FLOP *** [Kh Ts 5c]
jeffy27dt1: checks 
MoRsCeReBruM: checks 
przemasek: checks 
*** TURN *** [Kh Ts 5c] [Js]
jeffy27dt1: checks 
MoRsCeReBruM: bets $4.64
przemasek: folds 
jeffy27dt1: folds 
Uncalled bet ($4.64) returned to MoRsCeReBruM
MoRsCeReBruM collected $6.18 from pot
MoRsCeReBruM: doesn't show hand 
*** SUMMARY ***
Total pot $6.50 | Rake $0.32 
Board [Kh Ts 5c Js]
Seat 1: jeffy27dt1 (big blind) folded on the Turn
Seat 2: peak joker33 folded before Flop (didn't bet)
Seat 3: MoRsCeReBruM collected ($6.18)
Seat 4: przemasek folded on the Turn
Seat 5: steepfell (button) folded before Flop (didn't bet)
Seat 6: radu10101 (small blind) folded before Flop



PokerStars Hand #254511630651:  Hold'em No Limit ($0.50/$1.00 USD) - 2025/01/23 7:36:09 WET [2025/01/23 2:36:09 ET]
Table 'Ruzena III' 6-max Seat #6 is the button
Seat 1: jeffy27dt1 ($116.40 in chips) 
Seat 2: peak joker33 ($122.82 in chips) 
Seat 3: MoRsCeReBruM ($104.18 in chips) 
Seat 4: przemasek ($33.62 in chips) 
Seat 5: steepfell ($168.77 in chips) 
Seat 6: radu10101 ($32.18 in chips) 
jeffy27dt1: posts small blind $0.50
peak joker33: posts big blind $1
*** HOLE CARDS ***
MoRsCeReBruM: folds 
przemasek: raises $1 to $2
steepfell: folds 
radu10101: folds 
jeffy27dt1: raises $4 to $6
peak joker33: folds 
przemasek: calls $4
*** FLOP *** [9d 7c Jh]
jeffy27dt1: bets $4.09
przemasek: calls $4.09
*** TURN *** [9d 7c Jh] [9s]
jeffy27dt1: checks 
przemasek: checks 
*** RIVER *** [9d 7c Jh 9s] [Qh]
jeffy27dt1: checks 
przemasek: checks 
*** SHOW DOWN ***
jeffy27dt1: shows [Td As] (a pair of Nines)
przemasek: shows [7d Ah] (two pair, Nines and Sevens)
przemasek collected $20.12 from pot
*** SUMMARY ***
Total pot $21.18 | Rake $1.06 
Board [9d 7c Jh 9s Qh]
Seat 1: jeffy27dt1 (small blind) showed [Td As] and lost with a pair of Nines
Seat 2: peak joker33 (big blind) folded before Flop
Seat 3: MoRsCeReBruM folded before Flop (didn't bet)
Seat 4: przemasek showed [7d Ah] and won ($20.12) with two pair, Nines and Sevens
Seat 5: steepfell folded before Flop (didn't bet)
Seat 6: radu10101 (button) folded before Flop (didn't bet)



PokerStars Hand #254511635694:  Hold'em No Limit ($0.50/$1.00 USD) - 2025/01/23 7:37:22 WET [2025/01/23 2:37:22 ET]
Table 'Ruzena III' 6-max Seat #1 is the button
Seat 1: jeffy27dt1 ($106.31 in chips) 
Seat 2: peak joker33 ($121.82 in chips) 
Seat 3: MoRsCeReBruM ($104.18 in chips) 
Seat 4: przemasek ($43.65 in chips) 
Seat 5: steepfell ($168.77 in chips) 
Seat 6: radu10101 ($32.18 in chips) 
peak joker33: posts small blind $0.50
MoRsCeReBruM: posts big blind $1
*** HOLE CARDS ***
przemasek: calls $1
steepfell: folds 
radu10101: calls $1
jeffy27dt1: folds 
peak joker33: folds 
MoRsCeReBruM: checks 
*** FLOP *** [Jd Qc 8d]
MoRsCeReBruM: bets $2.49
przemasek: folds 
radu10101: calls $2.49
*** TURN *** [Jd Qc 8d] [8s]
MoRsCeReBruM: checks 
radu10101: bets $2
MoRsCeReBruM: calls $2
*** RIVER *** [Jd Qc 8d 8s] [7s]
MoRsCeReBruM: checks 
radu10101: checks 
*** SHOW DOWN ***
MoRsCeReBruM: shows [Qs 4c] (two pair, Queens and Eights)
radu10101: mucks hand 
MoRsCeReBruM collected $11.86 from pot
*** SUMMARY ***
Total pot $12.48 | Rake $0.62 
Board [Jd Qc 8d 8s 7s]
Seat 1: jeffy27dt1 (button) folded before Flop (didn't bet)
Seat 2: peak joker33 (small blind) folded before Flop
Seat 3: MoRsCeReBruM (big blind) showed [Qs 4c] and won ($11.86) with two pair, Queens and Eights
Seat 4: przemasek folded on the Flop
Seat 5: steepfell folded before Flop (didn't bet)
Seat 6: radu10101 mucked



PokerStars Hand #254511639197:  Hold'em No Limit ($0.50/$1.00 USD) - 2025/01/23 7:38:11 WET [2025/01/23 2:38:11 ET]
Table 'Ruzena III' 6-max Seat #2 is the button
Seat 1: jeffy27dt1 ($106.31 in chips) 
Seat 2: peak joker33 ($121.32 in chips) 
Seat 3: MoRsCeReBruM ($110.55 in chips) 
Seat 4: przemasek ($42.65 in chips) 
Seat 5: steepfell ($168.77 in chips) 
Seat 6: radu10101 ($26.69 in chips) 
MoRsCeReBruM: posts small blind $0.50
przemasek: posts big blind $1
*** HOLE CARDS ***
steepfell: folds 
radu10101: folds 
jeffy27dt1: raises $1.50 to $2.50
peak joker33: folds 
MoRsCeReBruM: folds 
przemasek: calls $1.50
*** FLOP *** [3d 2c Kd]
przemasek: checks 
jeffy27dt1: bets $1.72
przemasek: folds 
Uncalled bet ($1.72) returned to jeffy27dt1
jeffy27dt1 collected $5.22 from pot
jeffy27dt1: doesn't show hand 
*** SUMMARY ***
Total pot $5.50 | Rake $0.28 
Board [3d 2c Kd]
Seat 1: jeffy27dt1 collected ($5.22)
Seat 2: peak joker33 (button) folded before Flop (didn't bet)
Seat 3: MoRsCeReBruM (small blind) folded before Flop
Seat 4: przemasek (big blind) folded on the Flop
Seat 5: steepfell folded before Flop (didn't bet)
Seat 6: radu10101 folded before Flop (didn't bet)



PokerStars Hand #254511641395:  Hold'em No Limit ($0.50/$1.00 USD) - 2025/01/23 7:38:42 WET [2025/01/23 2:38:42 ET]
Table 'Ruzena III' 6-max Seat #3 is the button
Seat 1: jeffy27dt1 ($109.03 in chips) 
Seat 2: peak joker33 ($121.32 in chips) 
Seat 3: MoRsCeReBruM ($110.05 in chips) 
Seat 4: przemasek ($40.15 in chips) 
Seat 5: steepfell ($168.77 in chips) 
Seat 6: radu10101 ($26.69 in chips) 
przemasek: posts small blind $0.50
steepfell: posts big blind $1
*** HOLE CARDS ***
radu10101: calls $1
jeffy27dt1: folds 
peak joker33: folds 
MoRsCeReBruM: folds 
przemasek: calls $0.50
steepfell: checks 
*** FLOP *** [Ac Ah 5c]
przemasek: checks 
steepfell: checks 
radu10101: checks 
*** TURN *** [Ac Ah 5c] [4c]
przemasek: bets $1
steepfell: folds 
radu10101: calls $1
*** RIVER *** [Ac Ah 5c 4c] [8d]
przemasek: bets $1
radu10101: calls $1
*** SHOW DOWN ***
przemasek: shows [4d 6h] (two pair, Aces and Fours)
radu10101: shows [8c 7s] (two pair, Aces and Eights)
radu10101 collected $6.65 from pot
*** SUMMARY ***
Total pot $7 | Rake $0.35 
Board [Ac Ah 5c 4c 8d]
Seat 1: jeffy27dt1 folded before Flop (didn't bet)
Seat 2: peak joker33 folded before Flop (didn't bet)
Seat 3: MoRsCeReBruM (button) folded before Flop (didn't bet)
Seat 4: przemasek (small blind) showed [4d 6h] and lost with two pair, Aces and Fours
Seat 5: steepfell (big blind) folded on the Turn
Seat 6: radu10101 showed [8c 7s] and won ($6.65) with two pair, Aces and Eights



PokerStars Hand #254511643879:  Hold'em No Limit ($0.50/$1.00 USD) - 2025/01/23 7:39:17 WET [2025/01/23 2:39:17 ET]
Table 'Ruzena III' 6-max Seat #4 is the button
Seat 1: jeffy27dt1 ($109.03 in chips) 
Seat 2: peak joker33 ($121.32 in chips) 
Seat 3: MoRsCeReBruM ($110.05 in chips) 
Seat 4: przemasek ($37.15 in chips) 
Seat 5: steepfell ($167.77 in chips) 
Seat 6: radu10101 ($30.34 in chips) 
steepfell: posts small blind $0.50
radu10101: posts big blind $1
*** HOLE CARDS ***
jeffy27dt1: folds 
peak joker33: raises $1.50 to $2.50
MoRsCeReBruM: folds 
przemasek: folds 
steepfell: folds 
radu10101: folds 
Uncalled bet ($1.50) returned to peak joker33
peak joker33 collected $2.50 from pot
peak joker33: doesn't show hand 
*** SUMMARY ***
Total pot $2.50 | Rake $0 
Seat 1: jeffy27dt1 folded before Flop (didn't bet)
Seat 2: peak joker33 collected ($2.50)
Seat 3: MoRsCeReBruM folded before Flop (didn't bet)
Seat 4: przemasek (button) folded before Flop (didn't bet)
Seat 5: steepfell (small blind) folded before Flop
Seat 6: radu10101 (big blind) folded before Flop



PokerStars Hand #254511646014:  Hold'em No Limit ($0.50/$1.00 USD) - 2025/01/23 7:39:48 WET [2025/01/23 2:39:48 ET]
Table 'Ruzena III' 6-max Seat #5 is the button
Seat 1: jeffy27dt1 ($109.03 in chips) 
Seat 2: peak joker33 ($122.82 in chips) 
Seat 3: MoRsCeReBruM ($110.05 in chips) 
Seat 4: przemasek ($37.15 in chips) 
Seat 5: steepfell ($167.27 in chips) 
Seat 6: radu10101 ($29.34 in chips) 
radu10101: posts small blind $0.50
jeffy27dt1: posts big blind $1
*** HOLE CARDS ***
peak joker33: folds 
MoRsCeReBruM: folds 
przemasek: raises $1 to $2
steepfell: folds 
radu10101: folds 
jeffy27dt1: folds 
Uncalled bet ($1) returned to przemasek
przemasek collected $2.50 from pot
przemasek: doesn't show hand 
*** SUMMARY ***
Total pot $2.50 | Rake $0 
Seat 1: jeffy27dt1 (big blind) folded before Flop
Seat 2: peak joker33 folded before Flop (didn't bet)
Seat 3: MoRsCeReBruM folded before Flop (didn't bet)
Seat 4: przemasek collected ($2.50)
Seat 5: steepfell (button) folded before Flop (didn't bet)
Seat 6: radu10101 (small blind) folded before Flop



PokerStars Hand #254511647266:  Hold'em No Limit ($0.50/$1.00 USD) - 2025/01/23 7:40:05 WET [2025/01/23 2:40:05 ET]
Table 'Ruzena III' 6-max Seat #6 is the button
Seat 1: jeffy27dt1 ($108.03 in chips) 
Seat 2: peak joker33 ($122.82 in chips) 
Seat 3: MoRsCeReBruM ($110.05 in chips) 
Seat 4: przemasek ($38.65 in chips) 
Seat 5: steepfell ($167.27 in chips) 
Seat 6: radu10101 ($28.84 in chips) 
jeffy27dt1: posts small blind $0.50
peak joker33: posts big blind $1
*** HOLE CARDS ***
MoRsCeReBruM: folds 
przemasek: calls $1
steepfell: raises $3 to $4
radu10101: folds 
jeffy27dt1: folds 
peak joker33: folds 
przemasek: calls $3
*** FLOP *** [5s Th 5d]
przemasek: checks 
steepfell: bets $2.25
przemasek: calls $2.25
*** TURN *** [5s Th 5d] [9c]
przemasek: checks 
steepfell: checks 
*** RIVER *** [5s Th 5d 9c] [Kd]
przemasek: bets $9.80
steepfell: folds 
Uncalled bet ($9.80) returned to przemasek
przemasek collected $13.30 from pot
przemasek: doesn't show hand 
*** SUMMARY ***
Total pot $14 | Rake $0.70 
Board [5s Th 5d 9c Kd]
Seat 1: jeffy27dt1 (small blind) folded before Flop
Seat 2: peak joker33 (big blind) folded before Flop
Seat 3: MoRsCeReBruM folded before Flop (didn't bet)
Seat 4: przemasek collected ($13.30)
Seat 5: steepfell folded on the River
Seat 6: radu10101 (button) folded before Flop (didn't bet)



PokerStars Hand #254511650711:  Hold'em No Limit ($0.50/$1.00 USD) - 2025/01/23 7:40:53 WET [2025/01/23 2:40:53 ET]
Table 'Ruzena III' 6-max Seat #1 is the button
Seat 1: jeffy27dt1 ($107.53 in chips) 
Seat 2: peak joker33 ($121.82 in chips) 
Seat 3: MoRsCeReBruM ($110.05 in chips) 
Seat 4: przemasek ($45.70 in chips) 
Seat 5: steepfell ($161.02 in chips) 
Seat 6: radu10101 ($28.84 in chips) 
peak joker33: posts small blind $0.50
MoRsCeReBruM: posts big blind $1
*** HOLE CARDS ***
przemasek: folds 
steepfell: folds 
radu10101: calls $1
jeffy27dt1: raises $2 to $3
peak joker33: folds 
MoRsCeReBruM: folds 
radu10101: calls $2
*** FLOP *** [3c 6s Kc]
radu10101: checks 
jeffy27dt1: bets $2.35
radu10101: folds 
Uncalled bet ($2.35) returned to jeffy27dt1
jeffy27dt1 collected $7.12 from pot
jeffy27dt1: doesn't show hand 
*** SUMMARY ***
Total pot $7.50 | Rake $0.38 
Board [3c 6s Kc]
Seat 1: jeffy27dt1 (button) collected ($7.12)
Seat 2: peak joker33 (small blind) folded before Flop
Seat 3: MoRsCeReBruM (big blind) folded before Flop
Seat 4: przemasek folded before Flop (didn't bet)
Seat 5: steepfell folded before Flop (didn't bet)
Seat 6: radu10101 folded on the Flop



PokerStars Hand #254511653627:  Hold'em No Limit ($0.50/$1.00 USD) - 2025/01/23 7:41:33 WET [2025/01/23 2:41:33 ET]
Table 'Ruzena III' 6-max Seat #2 is the button
Seat 1: jeffy27dt1 ($111.65 in chips) 
Seat 2: peak joker33 ($121.32 in chips) 
Seat 3: MoRsCeReBruM ($109.05 in chips) 
Seat 4: przemasek ($45.70 in chips) 
Seat 5: steepfell ($161.02 in chips) 
Seat 6: radu10101 ($25.84 in chips) 
MoRsCeReBruM: posts small blind $0.50
przemasek: posts big blind $1
*** HOLE CARDS ***
steepfell: folds 
radu10101: calls $1
jeffy27dt1: folds 
peak joker33: folds 
MoRsCeReBruM: calls $0.50
przemasek: checks 
*** FLOP *** [9h Td 5c]
MoRsCeReBruM: checks 
przemasek: bets $1.85
radu10101: calls $1.85
MoRsCeReBruM: folds 
*** TURN *** [9h Td 5c] [Ad]
przemasek: bets $1
radu10101: folds 
Uncalled bet ($1) returned to przemasek
przemasek collected $6.36 from pot
przemasek: doesn't show hand 
*** SUMMARY ***
Total pot $6.70 | Rake $0.34 
Board [9h Td 5c Ad]
Seat 1: jeffy27dt1 folded before Flop (didn't bet)
Seat 2: peak joker33 (button) folded before Flop (didn't bet)
Seat 3: MoRsCeReBruM (small blind) folded on the Flop
Seat 4: przemasek (big blind) collected ($6.36)
Seat 5: steepfell folded before Flop (didn't bet)
Seat 6: radu10101 folded on the Turn



PokerStars Hand #254511656555:  Hold'em No Limit ($0.50/$1.00 USD) - 2025/01/23 7:42:15 WET [2025/01/23 2:42:15 ET]
Table 'Ruzena III' 6-max Seat #3 is the button
Seat 1: jeffy27dt1 ($111.65 in chips) 
Seat 2: peak joker33 ($121.32 in chips) 
Seat 3: MoRsCeReBruM ($108.05 in chips) 
Seat 4: przemasek ($49.21 in chips) 
Seat 5: steepfell ($161.02 in chips) 
Seat 6: radu10101 ($22.99 in chips) 
przemasek: posts small blind $0.50
steepfell: posts big blind $1
*** HOLE CARDS ***
radu10101: folds 
jeffy27dt1: raises $1.50 to $2.50
peak joker33: folds 
MoRsCeReBruM: folds 
przemasek: folds 
steepfell: folds 
Uncalled bet ($1.50) returned to jeffy27dt1
jeffy27dt1 collected $2.50 from pot
jeffy27dt1: doesn't show hand 
*** SUMMARY ***
Total pot $2.50 | Rake $0 
Seat 1: jeffy27dt1 collected ($2.50)
Seat 2: peak joker33 folded before Flop (didn't bet)
Seat 3: MoRsCeReBruM (button) folded before Flop (didn't bet)
Seat 4: przemasek (small blind) folded before Flop
Seat 5: steepfell (big blind) folded before Flop
Seat 6: radu10101 folded before Flop (didn't bet)



PokerStars Hand #254511658059:  Hold'em No Limit ($0.50/$1.00 USD) - 2025/01/23 7:42:35 WET [2025/01/23 2:42:35 ET]
Table 'Ruzena III' 6-max Seat #4 is the button
Seat 1: jeffy27dt1 ($113.15 in chips) 
Seat 2: peak joker33 ($121.32 in chips) 
Seat 3: MoRsCeReBruM ($108.05 in chips) 
Seat 4: przemasek ($48.71 in chips) 
Seat 5: steepfell ($160.02 in chips) 
Seat 6: radu10101 ($22.99 in chips) 
steepfell: posts small blind $0.50
radu10101: posts big blind $1
*** HOLE CARDS ***
jeffy27dt1: folds 
peak joker33: raises $1.50 to $2.50
MoRsCeReBruM: calls $2.50
przemasek: folds 
steepfell: folds 
radu10101: calls $1.50
*** FLOP *** [5c 4d 9s]
radu10101: checks 
peak joker33: checks 
MoRsCeReBruM: bets $3
radu10101: calls $3
peak joker33: calls $3
*** TURN *** [5c 4d 9s] [Ah]
radu10101: checks 
peak joker33: bets $8.08
MoRsCeReBruM: folds 
radu10101: folds 
Uncalled bet ($8.08) returned to peak joker33
peak joker33 collected $16.15 from pot
peak joker33: doesn't show hand 
*** SUMMARY ***
Total pot $17 | Rake $0.85 
Board [5c 4d 9s Ah]
Seat 1: jeffy27dt1 folded before Flop (didn't bet)
Seat 2: peak joker33 collected ($16.15)
Seat 3: MoRsCeReBruM folded on the Turn
Seat 4: przemasek (button) folded before Flop (didn't bet)
Seat 5: steepfell (small blind) folded before Flop
Seat 6: radu10101 (big blind) folded on the Turn



PokerStars Hand #254511663151:  Hold'em No Limit ($0.50/$1.00 USD) - 2025/01/23 7:43:43 WET [2025/01/23 2:43:43 ET]
Table 'Ruzena III' 6-max Seat #5 is the button
Seat 1: jeffy27dt1 ($113.15 in chips) is sitting out
Seat 2: peak joker33 ($131.97 in chips) 
Seat 3: MoRsCeReBruM ($102.55 in chips) 
Seat 4: przemasek ($48.71 in chips) 
Seat 5: steepfell ($159.52 in chips) 
Seat 6: radu10101 ($17.49 in chips) 
radu10101: posts small blind $0.50
jeffy27dt1: is sitting out 
peak joker33: posts big blind $1
*** HOLE CARDS ***
MoRsCeReBruM: folds 
przemasek: raises $1 to $2
steepfell: raises $6 to $8
radu10101: folds 
peak joker33: folds 
przemasek: folds 
Uncalled bet ($6) returned to steepfell
steepfell collected $5.50 from pot
steepfell: doesn't show hand 
*** SUMMARY ***
Total pot $5.50 | Rake $0 
Seat 1: jeffy27dt1
Seat 2: peak joker33 (big blind) folded before Flop
Seat 3: MoRsCeReBruM folded before Flop (didn't bet)
Seat 4: przemasek folded before Flop
Seat 5: steepfell (button) collected ($5.50)
Seat 6: radu10101 (small blind) folded before Flop



PokerStars Hand #254511664915:  Hold'em No Limit ($0.50/$1.00 USD) - 2025/01/23 7:44:07 WET [2025/01/23 2:44:07 ET]
Table 'Ruzena III' 6-max Seat #6 is the button
Seat 1: jeffy27dt1 ($113.15 in chips) is sitting out
Seat 2: peak joker33 ($130.97 in chips) 
Seat 3: MoRsCeReBruM ($102.55 in chips) 
Seat 4: przemasek ($46.71 in chips) 
Seat 5: steepfell ($163.02 in chips) 
Seat 6: radu10101 ($16.99 in chips) 
peak joker33: posts small blind $0.50
MoRsCeReBruM: posts big blind $1
*** HOLE CARDS ***
przemasek: raises $1 to $2
steepfell: folds 
radu10101: calls $2
peak joker33: folds 
MoRsCeReBruM: calls $1
*** FLOP *** [Td 6c As]
MoRsCeReBruM: checks 
przemasek: bets $7.30
radu10101: folds 
MoRsCeReBruM: folds 
Uncalled bet ($7.30) returned to przemasek
przemasek collected $6.18 from pot
przemasek: doesn't show hand 
*** SUMMARY ***
Total pot $6.50 | Rake $0.32 
Board [Td 6c As]
Seat 1: jeffy27dt1
Seat 2: peak joker33 (small blind) folded before Flop
Seat 3: MoRsCeReBruM (big blind) folded on the Flop
Seat 4: przemasek collected ($6.18)
Seat 5: steepfell folded before Flop (didn't bet)
Seat 6: radu10101 (button) folded on the Flop



PokerStars Hand #254511667694:  Hold'em No Limit ($0.50/$1.00 USD) - 2025/01/23 7:44:45 WET [2025/01/23 2:44:45 ET]
Table 'Ruzena III' 6-max Seat #2 is the button
Seat 1: jeffy27dt1 ($113.15 in chips) is sitting out
Seat 2: peak joker33 ($130.47 in chips) 
Seat 3: MoRsCeReBruM ($100.55 in chips) 
Seat 4: przemasek ($50.89 in chips) 
Seat 5: steepfell ($163.02 in chips) 
Seat 6: radu10101 ($14.99 in chips) 
MoRsCeReBruM: posts small blind $0.50
przemasek: posts big blind $1
*** HOLE CARDS ***
steepfell: folds 
radu10101: raises $1 to $2
peak joker33: folds 
MoRsCeReBruM: calls $1.50
przemasek: calls $1
*** FLOP *** [Qd Tc 8s]
MoRsCeReBruM: checks 
przemasek: bets $5.19
radu10101: raises $7.80 to $12.99 and is all-in
MoRsCeReBruM: folds 
przemasek: calls $7.80
*** TURN *** [Qd Tc 8s] [3d]
*** RIVER *** [Qd Tc 8s 3d] [Ac]
*** SHOW DOWN ***
przemasek: shows [Jh Qh] (a pair of Queens)
radu10101: shows [Jc Ah] (a pair of Aces)
radu10101 collected $30.38 from pot
*** SUMMARY ***
Total pot $31.98 | Rake $1.60 
Board [Qd Tc 8s 3d Ac]
Seat 1: jeffy27dt1
Seat 2: peak joker33 (button) folded before Flop (didn't bet)
Seat 3: MoRsCeReBruM (small blind) folded on the Flop
Seat 4: przemasek (big blind) showed [Jh Qh] and lost with a pair of Queens
Seat 5: steepfell folded before Flop (didn't bet)
Seat 6: radu10101 showed [Jc Ah] and won ($30.38) with a pair of Aces



PokerStars Hand #254511672559:  Hold'em No Limit ($0.50/$1.00 USD) - 2025/01/23 7:45:51 WET [2025/01/23 2:45:51 ET]
Table 'Ruzena III' 6-max Seat #3 is the button
Seat 1: jeffy27dt1 ($113.15 in chips) is sitting out
Seat 2: peak joker33 ($130.47 in chips) 
Seat 3: MoRsCeReBruM ($100 in chips) 
Seat 4: przemasek ($35.90 in chips) 
Seat 5: steepfell ($163.02 in chips) 
Seat 6: radu10101 ($30.38 in chips) 
przemasek: posts small blind $0.50
steepfell: posts big blind $1
*** HOLE CARDS ***
radu10101: folds 
peak joker33: raises $1.50 to $2.50
MoRsCeReBruM: raises $5 to $7.50
przemasek: folds 
steepfell: folds 
peak joker33: calls $5
*** FLOP *** [Tc Qc 8c]
peak joker33: checks 
MoRsCeReBruM: bets $5.17
peak joker33: calls $5.17
*** TURN *** [Tc Qc 8c] [As]
peak joker33: checks 
MoRsCeReBruM: bets $19.13
peak joker33: folds 
Uncalled bet ($19.13) returned to MoRsCeReBruM
MoRsCeReBruM collected $25.50 from pot
MoRsCeReBruM: doesn't show hand 
*** SUMMARY ***
Total pot $26.84 | Rake $1.34 
Board [Tc Qc 8c As]
Seat 1: jeffy27dt1
Seat 2: peak joker33 folded on the Turn
Seat 3: MoRsCeReBruM (button) collected ($25.50)
Seat 4: przemasek (small blind) folded before Flop
Seat 5: steepfell (big blind) folded before Flop
Seat 6: radu10101 folded before Flop (didn't bet)



PokerStars Hand #254511676814:  Hold'em No Limit ($0.50/$1.00 USD) - 2025/01/23 7:46:48 WET [2025/01/23 2:46:48 ET]
Table 'Ruzena III' 6-max Seat #4 is the button
Seat 1: jeffy27dt1 ($113.15 in chips) is sitting out
Seat 2: peak joker33 ($117.80 in chips) 
Seat 3: MoRsCeReBruM ($112.83 in chips) 
Seat 4: przemasek ($35.40 in chips) 
Seat 5: steepfell ($162.02 in chips) 
Seat 6: radu10101 ($30.38 in chips) 
steepfell: posts small blind $0.50
radu10101: posts big blind $1
*** HOLE CARDS ***
peak joker33: folds 
MoRsCeReBruM: folds 
przemasek: raises $2.79 to $3.79
steepfell: folds 
radu10101: folds 
Uncalled bet ($2.79) returned to przemasek
przemasek collected $2.50 from pot
przemasek: doesn't show hand 
*** SUMMARY ***
Total pot $2.50 | Rake $0 
Seat 1: jeffy27dt1
Seat 2: peak joker33 folded before Flop (didn't bet)
Seat 3: MoRsCeReBruM folded before Flop (didn't bet)
Seat 4: przemasek (button) collected ($2.50)
Seat 5: steepfell (small blind) folded before Flop
Seat 6: radu10101 (big blind) folded before Flop



PokerStars Hand #254511678003:  Hold'em No Limit ($0.50/$1.00 USD) - 2025/01/23 7:47:04 WET [2025/01/23 2:47:04 ET]
Table 'Ruzena III' 6-max Seat #5 is the button
Seat 1: jeffy27dt1 ($113.15 in chips) is sitting out
Seat 2: peak joker33 ($117.80 in chips) 
Seat 3: MoRsCeReBruM ($112.83 in chips) 
Seat 4: przemasek ($36.90 in chips) 
Seat 5: steepfell ($161.52 in chips) 
Seat 6: radu10101 ($29.38 in chips) 
radu10101: posts small blind $0.50
peak joker33: posts big blind $1
*** HOLE CARDS ***
MoRsCeReBruM: folds 
przemasek: folds 
steepfell: folds 
radu10101: calls $0.50
peak joker33: raises $3 to $4
radu10101: folds 
Uncalled bet ($3) returned to peak joker33
peak joker33 collected $2 from pot
peak joker33: doesn't show hand 
*** SUMMARY ***
Total pot $2 | Rake $0 
Seat 1: jeffy27dt1
Seat 2: peak joker33 (big blind) collected ($2)
Seat 3: MoRsCeReBruM folded before Flop (didn't bet)
Seat 4: przemasek folded before Flop (didn't bet)
Seat 5: steepfell (button) folded before Flop (didn't bet)
Seat 6: radu10101 (small blind) folded before Flop



PokerStars Hand #254511679479:  Hold'em No Limit ($0.50/$1.00 USD) - 2025/01/23 7:47:23 WET [2025/01/23 2:47:23 ET]
Table 'Ruzena III' 6-max Seat #6 is the button
Seat 1: jeffy27dt1 ($113.15 in chips) is sitting out
Seat 3: MoRsCeReBruM ($112.83 in chips) is sitting out
Seat 2: peak joker33 ($118.80 in chips) 
Seat 4: przemasek ($36.90 in chips) 
Seat 5: steepfell ($161.52 in chips) 
Seat 6: radu10101 ($28.38 in chips) 
peak joker33: posts small blind $0.50
MoRsCeReBruM: is sitting out 
przemasek: posts big blind $1
*** HOLE CARDS ***
steepfell: raises $1.50 to $2.50
MoRsCeReBruM leaves the table
radu10101: folds 
peak joker33: folds 
przemasek: calls $1.50
*** FLOP *** [As 8h 3c]
przemasek: checks 
steepfell: checks 
*** TURN *** [As 8h 3c] [9d]
przemasek: bets $1
steepfell: calls $1
*** RIVER *** [As 8h 3c 9d] [Jd]
przemasek: bets $1
steepfell: calls $1
*** SHOW DOWN ***
przemasek: shows [8c 5c] (a pair of Eights)
steepfell: shows [Js Kc] (a pair of Jacks)
steepfell collected $9.02 from pot
*** SUMMARY ***
Total pot $9.50 | Rake $0.48 
Board [As 8h 3c 9d Jd]
Seat 1: jeffy27dt1
Seat 3: MoRsCeReBruM
Seat 2: peak joker33 (small blind) folded before Flop
Seat 4: przemasek (big blind) showed [8c 5c] and lost with a pair of Eights
Seat 5: steepfell showed [Js Kc] and won ($9.02) with a pair of Jacks
Seat 6: radu10101 (button) folded before Flop (didn't bet)



PokerStars Hand #254511682373:  Hold'em No Limit ($0.50/$1.00 USD) - 2025/01/23 7:48:02 WET [2025/01/23 2:48:02 ET]
Table 'Ruzena III' 6-max Seat #2 is the button
Seat 1: jeffy27dt1 ($113.15 in chips) is sitting out
Seat 2: peak joker33 ($118.30 in chips) 
Seat 4: przemasek ($32.40 in chips) 
Seat 5: steepfell ($166.04 in chips) 
Seat 6: radu10101 ($28.38 in chips) 
przemasek: posts small blind $0.50
steepfell: posts big blind $1
*** HOLE CARDS ***
radu10101: calls $1
peak joker33: raises $3 to $4
przemasek: calls $3.50
Pon4uk.ua joins the table at seat #3 
steepfell: folds 
radu10101: folds 
*** FLOP *** [8c 6d 2d]
przemasek: checks 
peak joker33: checks 
*** TURN *** [8c 6d 2d] [9d]
przemasek: bets $1.95
peak joker33: calls $1.95
*** RIVER *** [8c 6d 2d 9d] [Qc]
przemasek: bets $6.30
peak joker33: raises $7.70 to $14
przemasek: folds 
Uncalled bet ($7.70) returned to peak joker33
peak joker33 collected $25.50 from pot
peak joker33: doesn't show hand 
*** SUMMARY ***
Total pot $26.50 | Rake $1 
Board [8c 6d 2d 9d Qc]
Seat 1: jeffy27dt1
Seat 2: peak joker33 (button) collected ($25.50)
Seat 4: przemasek (small blind) folded on the River
Seat 5: steepfell (big blind) folded before Flop
Seat 6: radu10101 folded before Flop



PokerStars Hand #254511687624:  Hold'em No Limit ($0.50/$1.00 USD) - 2025/01/23 7:49:13 WET [2025/01/23 2:49:13 ET]
Table 'Ruzena III' 6-max Seat #4 is the button
Seat 1: jeffy27dt1 ($113.15 in chips) is sitting out
Seat 3: Pon4uk.ua ($100 in chips) is sitting out
Seat 2: peak joker33 ($131.55 in chips) 
Seat 4: przemasek ($20.15 in chips) 
Seat 5: steepfell ($165.04 in chips) 
Seat 6: radu10101 ($27.38 in chips) 
steepfell: posts small blind $0.50
radu10101: posts big blind $1
jeffy27dt1: sits out 
Pon4uk.ua: sits out 
*** HOLE CARDS ***
peak joker33: folds 
przemasek: raises $1 to $2
steepfell: folds 
radu10101: folds 
Uncalled bet ($1) returned to przemasek
przemasek collected $2.50 from pot
przemasek: doesn't show hand 
*** SUMMARY ***
Total pot $2.50 | Rake $0 
Seat 1: jeffy27dt1
Seat 3: Pon4uk.ua
Seat 2: peak joker33 folded before Flop (didn't bet)
Seat 4: przemasek (button) collected ($2.50)
Seat 5: steepfell (small blind) folded before Flop
Seat 6: radu10101 (big blind) folded before Flop



PokerStars Hand #254511688856:  Hold'em No Limit ($0.50/$1.00 USD) - 2025/01/23 7:49:30 WET [2025/01/23 2:49:30 ET]
Table 'Ruzena III' 6-max Seat #5 is the button
Seat 3: Pon4uk.ua ($100 in chips) is sitting out
Seat 1: jeffy27dt1 ($113.15 in chips) 
Seat 2: peak joker33 ($131.55 in chips) 
Seat 4: przemasek ($21.65 in chips) 
Seat 5: steepfell ($164.54 in chips) 
Seat 6: radu10101 ($26.38 in chips) 
radu10101: posts small blind $0.50
jeffy27dt1: posts big blind $1
Pon4uk.ua: sits out 
*** HOLE CARDS ***
peak joker33: folds 
przemasek: raises $1 to $2
steepfell: folds 
radu10101: calls $1.50
jeffy27dt1: calls $1
*** FLOP *** [Qs Th Kd]
radu10101: checks 
jeffy27dt1: checks 
przemasek: checks 
*** TURN *** [Qs Th Kd] [Qh]
radu10101: bets $2
jeffy27dt1: folds 
przemasek: calls $2
*** RIVER *** [Qs Th Kd Qh] [7h]
radu10101: checks 
przemasek: bets $5.79
radu10101: folds 
Uncalled bet ($5.79) returned to przemasek
przemasek collected $9.50 from pot
przemasek: doesn't show hand 
*** SUMMARY ***
Total pot $10 | Rake $0.50 
Board [Qs Th Kd Qh 7h]
Seat 3: Pon4uk.ua
Seat 1: jeffy27dt1 (big blind) folded on the Turn
Seat 2: peak joker33 folded before Flop (didn't bet)
Seat 4: przemasek collected ($9.50)
Seat 5: steepfell (button) folded before Flop (didn't bet)
Seat 6: radu10101 (small blind) folded on the River



PokerStars Hand #254511692937:  Hold'em No Limit ($0.50/$1.00 USD) - 2025/01/23 7:50:23 WET [2025/01/23 2:50:23 ET]
Table 'Ruzena III' 6-max Seat #6 is the button
Seat 3: Pon4uk.ua ($100 in chips) is sitting out
Seat 1: jeffy27dt1 ($111.15 in chips) 
Seat 2: peak joker33 ($131.55 in chips) 
Seat 4: przemasek ($27.15 in chips) 
Seat 5: steepfell ($164.54 in chips) 
Seat 6: radu10101 ($22.38 in chips) 
jeffy27dt1: posts small blind $0.50
peak joker33: posts big blind $1
Pon4uk.ua: sits out 
*** HOLE CARDS ***
przemasek: folds 
steepfell: raises $1.50 to $2.50
radu10101: folds 
jeffy27dt1: folds 
peak joker33: calls $1.50
*** FLOP *** [Kd Jh 4s]
peak joker33: checks 
steepfell: bets $2.61
peak joker33: folds 
Uncalled bet ($2.61) returned to steepfell
steepfell collected $5.22 from pot
steepfell: doesn't show hand 
*** SUMMARY ***
Total pot $5.50 | Rake $0.28 
Board [Kd Jh 4s]
Seat 3: Pon4uk.ua
Seat 1: jeffy27dt1 (small blind) folded before Flop
Seat 2: peak joker33 (big blind) folded on the Flop
Seat 4: przemasek folded before Flop (didn't bet)
Seat 5: steepfell collected ($5.22)
Seat 6: radu10101 (button) folded before Flop (didn't bet)



PokerStars Hand #254511695188:  Hold'em No Limit ($0.50/$1.00 USD) - 2025/01/23 7:50:54 WET [2025/01/23 2:50:54 ET]
Table 'Ruzena III' 6-max Seat #1 is the button
Seat 3: Pon4uk.ua ($100 in chips) is sitting out
Seat 1: jeffy27dt1 ($110.65 in chips) 
Seat 2: peak joker33 ($129.05 in chips) 
Seat 4: przemasek ($27.15 in chips) 
Seat 5: steepfell ($167.26 in chips) 
Seat 6: radu10101 ($22.38 in chips) 
peak joker33: posts small blind $0.50
Pon4uk.ua: is sitting out 
przemasek: posts big blind $1
*** HOLE CARDS ***
Pon4uk.ua leaves the table
steepfell: folds 
radu10101: folds 
jeffy27dt1: raises $1.50 to $2.50
peak joker33: folds 
przemasek: calls $1.50
*** FLOP *** [Kc Jc 3c]
przemasek: checks 
jeffy27dt1: checks 
*** TURN *** [Kc Jc 3c] [3h]
przemasek: bets $1
jeffy27dt1: calls $1
*** RIVER *** [Kc Jc 3c 3h] [Td]
przemasek: bets $3.67
jeffy27dt1: calls $3.67
*** SHOW DOWN ***
przemasek: shows [4s 7s] (a pair of Threes)
jeffy27dt1: shows [Jh Ts] (two pair, Jacks and Tens)
jeffy27dt1 collected $14.10 from pot
*** SUMMARY ***
Total pot $14.84 | Rake $0.74 
Board [Kc Jc 3c 3h Td]
Seat 3: Pon4uk.ua
Seat 1: jeffy27dt1 (button) showed [Jh Ts] and won ($14.10) with two pair, Jacks and Tens
Seat 2: peak joker33 (small blind) folded before Flop
Seat 4: przemasek (big blind) showed [4s 7s] and lost with a pair of Threes
Seat 5: steepfell folded before Flop (didn't bet)
Seat 6: radu10101 folded before Flop (didn't bet)



PokerStars Hand #254511698971:  Hold'em No Limit ($0.50/$1.00 USD) - 2025/01/23 7:51:44 WET [2025/01/23 2:51:44 ET]
Table 'Ruzena III' 6-max Seat #2 is the button
Seat 1: jeffy27dt1 ($117.58 in chips) 
Seat 2: peak joker33 ($128.55 in chips) 
Seat 4: przemasek ($19.98 in chips) 
Seat 5: steepfell ($167.26 in chips) 
Seat 6: radu10101 ($22.38 in chips) 
przemasek: posts small blind $0.50
steepfell: posts big blind $1
*** HOLE CARDS ***
janarr5 joins the table at seat #3 
radu10101: folds 
jeffy27dt1: raises $1.50 to $2.50
peak joker33: folds 
przemasek: calls $2
steepfell: folds 
*** FLOP *** [Ad Ah As]
przemasek: checks 
jeffy27dt1: bets $1.88
przemasek: calls $1.88
*** TURN *** [Ad Ah As] [Kc]
przemasek: checks 
jeffy27dt1: checks 
*** RIVER *** [Ad Ah As Kc] [5d]
przemasek: checks 
jeffy27dt1: checks 
*** SHOW DOWN ***
przemasek: shows [5h Jd] (a full house, Aces full of Fives)
jeffy27dt1: mucks hand 
przemasek collected $9.27 from pot
*** SUMMARY ***
Total pot $9.76 | Rake $0.49 
Board [Ad Ah As Kc 5d]
Seat 1: jeffy27dt1 mucked
Seat 2: peak joker33 (button) folded before Flop (didn't bet)
Seat 4: przemasek (small blind) showed [5h Jd] and won ($9.27) with a full house, Aces full of Fives
Seat 5: steepfell (big blind) folded before Flop
Seat 6: radu10101 folded before Flop (didn't bet)



PokerStars Hand #254511702516:  Hold'em No Limit ($0.50/$1.00 USD) - 2025/01/23 7:52:32 WET [2025/01/23 2:52:32 ET]
Table 'Ruzena III' 6-max Seat #4 is the button
Seat 3: janarr5 ($100 in chips) is sitting out
Seat 1: jeffy27dt1 ($113.20 in chips) 
Seat 2: peak joker33 ($128.55 in chips) 
Seat 4: przemasek ($24.87 in chips) 
Seat 5: steepfell ($166.26 in chips) 
Seat 6: radu10101 ($22.38 in chips) 
steepfell: posts small blind $0.50
radu10101: posts big blind $1
janarr5: sits out 
*** HOLE CARDS ***
jeffy27dt1: raises $1.50 to $2.50
peak joker33: folds 
przemasek: calls $2.50
steepfell: raises $11.50 to $14
radu10101: folds 
jeffy27dt1: folds 
przemasek: calls $11.50
*** FLOP *** [2d 6c 5d]
steepfell: bets $14.96
przemasek: calls $10.87 and is all-in
Uncalled bet ($4.09) returned to steepfell
*** TURN *** [2d 6c 5d] [Qs]
*** RIVER *** [2d 6c 5d Qs] [Ad]
*** SHOW DOWN ***
steepfell: shows [Ts Th] (a pair of Tens)
przemasek: shows [8h 7h] (high card Ace)
steepfell collected $50.74 from pot
*** SUMMARY ***
Total pot $53.24 | Rake $2.50 
Board [2d 6c 5d Qs Ad]
Seat 3: janarr5
Seat 1: jeffy27dt1 folded before Flop
Seat 2: peak joker33 folded before Flop (didn't bet)
Seat 4: przemasek (button) showed [8h 7h] and lost with high card Ace
Seat 5: steepfell (small blind) showed [Ts Th] and won ($50.74) with a pair of Tens
Seat 6: radu10101 (big blind) folded before Flop



PokerStars Hand #254511706128:  Hold'em No Limit ($0.50/$1.00 USD) - 2025/01/23 7:53:21 WET [2025/01/23 2:53:21 ET]
Table 'Ruzena III' 6-max Seat #5 is the button
Seat 3: janarr5 ($100 in chips) is sitting out
Seat 4: przemasek ($0 in chips) is sitting out
Seat 1: jeffy27dt1 ($110.70 in chips) 
Seat 2: peak joker33 ($128.55 in chips) 
Seat 5: steepfell ($192.13 in chips) 
Seat 6: radu10101 ($21.38 in chips) 
radu10101: posts small blind $0.50
jeffy27dt1: posts big blind $1
janarr5: sits out 
*** HOLE CARDS ***
peak joker33: folds 
steepfell: folds 
radu10101: calls $0.50
przemasek leaves the table
jeffy27dt1: checks 
*** FLOP *** [3d Kh 3h]
radu10101: bets $2
jeffy27dt1: folds 
Uncalled bet ($2) returned to radu10101
radu10101 collected $1.90 from pot
*** SUMMARY ***
Total pot $2 | Rake $0.10 
Board [3d Kh 3h]
Seat 3: janarr5
Seat 4: przemasek
Seat 1: jeffy27dt1 (big blind) folded on the Flop
Seat 2: peak joker33 folded before Flop (didn't bet)
Seat 5: steepfell (button) folded before Flop (didn't bet)
Seat 6: radu10101 (small blind) collected ($1.90)



PokerStars Hand #254511707494:  Hold'em No Limit ($0.50/$1.00 USD) - 2025/01/23 7:53:40 WET [2025/01/23 2:53:40 ET]
Table 'Ruzena III' 6-max Seat #6 is the button
Seat 2: peak joker33 ($128.55 in chips) is sitting out
Seat 1: jeffy27dt1 ($109.70 in chips) 
Seat 3: janarr5 ($100 in chips) 
Seat 5: steepfell ($192.13 in chips) 
Seat 6: radu10101 ($22.28 in chips) 
jeffy27dt1: posts small blind $0.50
peak joker33: is sitting out 
janarr5: posts big blind $1
*** HOLE CARDS ***
steepfell: folds 
radu10101: folds 
jeffy27dt1: folds 
Uncalled bet ($0.50) returned to janarr5
janarr5 collected $1 from pot
janarr5: doesn't show hand 
*** SUMMARY ***
Total pot $1 | Rake $0 
Seat 2: peak joker33
Seat 1: jeffy27dt1 (small blind) folded before Flop
Seat 3: janarr5 (big blind) collected ($1)
Seat 5: steepfell folded before Flop (didn't bet)
Seat 6: radu10101 (button) folded before Flop (didn't bet)



PokerStars Hand #254511708996:  Hold'em No Limit ($0.50/$1.00 USD) - 2025/01/23 7:53:59 WET [2025/01/23 2:53:59 ET]
Table 'Ruzena III' 6-max Seat #1 is the button
Seat 2: peak joker33 ($128.55 in chips) is sitting out
Seat 1: jeffy27dt1 ($109.20 in chips) 
Seat 3: janarr5 ($100.50 in chips) 
Seat 5: steepfell ($192.13 in chips) 
Seat 6: radu10101 ($22.28 in chips) 
janarr5: posts small blind $0.50
steepfell: posts big blind $1
*** HOLE CARDS ***
radu10101: folds 
jeffy27dt1: folds 
janarr5: raises $2 to $3
steepfell: calls $2
*** FLOP *** [Qd 9s 8c]
janarr5: checks 
steepfell: bets $1.88
janarr5: calls $1.88
*** TURN *** [Qd 9s 8c] [3d]
janarr5: checks 
steepfell: checks 
*** RIVER *** [Qd 9s 8c 3d] [Jc]
janarr5: checks 
steepfell: bets $14
janarr5: folds 
Uncalled bet ($14) returned to steepfell
steepfell collected $9.27 from pot
steepfell: doesn't show hand 
*** SUMMARY ***
Total pot $9.76 | Rake $0.49 
Board [Qd 9s 8c 3d Jc]
Seat 2: peak joker33
Seat 1: jeffy27dt1 (button) folded before Flop (didn't bet)
Seat 3: janarr5 (small blind) folded on the River
Seat 5: steepfell (big blind) collected ($9.27)
Seat 6: radu10101 folded before Flop (didn't bet)



PokerStars Hand #254511712436:  Hold'em No Limit ($0.50/$1.00 USD) - 2025/01/23 7:54:46 WET [2025/01/23 2:54:46 ET]
Table 'Ruzena III' 6-max Seat #3 is the button
Seat 2: peak joker33 ($128.55 in chips) is sitting out
Seat 1: jeffy27dt1 ($109.20 in chips) 
Seat 3: janarr5 ($100 in chips) 
Seat 5: steepfell ($196.52 in chips) 
Seat 6: radu10101 ($22.28 in chips) 
steepfell: posts small blind $0.50
radu10101: posts big blind $1
*** HOLE CARDS ***
jeffy27dt1: folds 
janarr5: raises $1.50 to $2.50
steepfell: folds 
radu10101: calls $1.50
*** FLOP *** [4s 7s As]
mironchikvld joins the table at seat #4 
radu10101: checks 
janarr5: checks 
*** TURN *** [4s 7s As] [Ts]
radu10101: checks 
janarr5: checks 
*** RIVER *** [4s 7s As Ts] [3d]
radu10101: checks 
janarr5: checks 
*** SHOW DOWN ***
radu10101: shows [Kd Jh] (high card Ace)
janarr5: shows [Th Qc] (a pair of Tens)
janarr5 collected $5.22 from pot
*** SUMMARY ***
Total pot $5.50 | Rake $0.28 
Board [4s 7s As Ts 3d]
Seat 2: peak joker33
Seat 1: jeffy27dt1 folded before Flop (didn't bet)
Seat 3: janarr5 (button) showed [Th Qc] and won ($5.22) with a pair of Tens
Seat 5: steepfell (small blind) folded before Flop
Seat 6: radu10101 (big blind) showed [Kd Jh] and lost with high card Ace



PokerStars Hand #254511715229:  Hold'em No Limit ($0.50/$1.00 USD) - 2025/01/23 7:55:25 WET [2025/01/23 2:55:25 ET]
Table 'Ruzena III' 6-max Seat #5 is the button
Seat 2: peak joker33 ($128.55 in chips) is sitting out
Seat 4: mironchikvld ($100 in chips) is sitting out
Seat 1: jeffy27dt1 ($109.20 in chips) 
Seat 3: janarr5 ($102.72 in chips) 
Seat 5: steepfell ($196.02 in chips) 
Seat 6: radu10101 ($19.78 in chips) 
radu10101: posts small blind $0.50
jeffy27dt1: posts big blind $1
mironchikvld: sits out 
*** HOLE CARDS ***
janarr5: raises $1.25 to $2.25
steepfell: folds 
radu10101: calls $1.75
jeffy27dt1: calls $1.25
*** FLOP *** [Qs 3c Ac]
radu10101: bets $1
jeffy27dt1: folds 
janarr5: calls $1
*** TURN *** [Qs 3c Ac] [7c]
radu10101: checks 
janarr5: checks 
*** RIVER *** [Qs 3c Ac 7c] [2c]
radu10101: bets $1
janarr5: folds 
Uncalled bet ($1) returned to radu10101
radu10101 collected $8.31 from pot
*** SUMMARY ***
Total pot $8.75 | Rake $0.44 
Board [Qs 3c Ac 7c 2c]
Seat 2: peak joker33
Seat 4: mironchikvld
Seat 1: jeffy27dt1 (big blind) folded on the Flop
Seat 3: janarr5 folded on the River
Seat 5: steepfell (button) folded before Flop (didn't bet)
Seat 6: radu10101 (small blind) collected ($8.31)



PokerStars Hand #254511720878:  Hold'em No Limit ($0.50/$1.00 USD) - 2025/01/23 7:56:49 WET [2025/01/23 2:56:49 ET]
Table 'Ruzena III' 6-max Seat #6 is the button
Seat 2: peak joker33 ($128.55 in chips) is sitting out
Seat 4: mironchikvld ($100 in chips) is sitting out
Seat 1: jeffy27dt1 ($106.95 in chips) 
Seat 3: janarr5 ($100 in chips) 
Seat 5: steepfell ($196.02 in chips) 
Seat 6: radu10101 ($24.84 in chips) 
jeffy27dt1: posts small blind $0.50
janarr5: posts big blind $1
mironchikvld: sits out 
*** HOLE CARDS ***
steepfell: raises $1.50 to $2.50
radu10101: folds 
radu10101 leaves the table
jeffy27dt1: folds 
janarr5: folds 
Uncalled bet ($1.50) returned to steepfell
steepfell collected $2.50 from pot
steepfell: doesn't show hand 
*** SUMMARY ***
Total pot $2.50 | Rake $0 
Seat 2: peak joker33
Seat 4: mironchikvld
Seat 1: jeffy27dt1 (small blind) folded before Flop
Seat 3: janarr5 (big blind) folded before Flop
Seat 5: steepfell collected ($2.50)
Seat 6: radu10101 (button) folded before Flop (didn't bet)



PokerStars Hand #254511721622:  Hold'em No Limit ($0.50/$1.00 USD) - 2025/01/23 7:57:01 WET [2025/01/23 2:57:01 ET]
Table 'Ruzena III' 6-max Seat #1 is the button
Seat 2: peak joker33 ($128.55 in chips) is sitting out
Seat 1: jeffy27dt1 ($106.45 in chips) 
Seat 3: janarr5 ($100 in chips) 
Seat 4: mironchikvld ($100 in chips) 
Seat 5: steepfell ($197.52 in chips) 
janarr5: posts small blind $0.50
mironchikvld: posts big blind $1
*** HOLE CARDS ***
steepfell: folds 
jeffy27dt1: folds 
Confusohu3 joins the table at seat #6 
janarr5: raises $2 to $3
mironchikvld: calls $2
*** FLOP *** [2d Jc 5h]
janarr5: bets $1.88
mironchikvld: calls $1.88
*** TURN *** [2d Jc 5h] [2c]
janarr5: bets $3.06
mironchikvld: calls $3.06
*** RIVER *** [2d Jc 5h 2c] [Js]
janarr5: checks 
mironchikvld: checks 
*** SHOW DOWN ***
janarr5: shows [8c 7c] (two pair, Jacks and Deuces)
mironchikvld: mucks hand 
janarr5 collected $15.09 from pot
*** SUMMARY ***
Total pot $15.88 | Rake $0.79 
Board [2d Jc 5h 2c Js]
Seat 2: peak joker33
Seat 1: jeffy27dt1 (button) folded before Flop (didn't bet)
Seat 3: janarr5 (small blind) showed [8c 7c] and won ($15.09) with two pair, Jacks and Deuces
Seat 4: mironchikvld (big blind) mucked
Seat 5: steepfell folded before Flop (didn't bet)



PokerStars Hand #254511727619:  Hold'em No Limit ($0.50/$1.00 USD) - 2025/01/23 7:58:32 WET [2025/01/23 2:58:32 ET]
Table 'Ruzena III' 6-max Seat #3 is the button
Seat 2: peak joker33 ($128.55 in chips) is sitting out
Seat 5: steepfell ($197.52 in chips) is sitting out
Seat 1: jeffy27dt1 ($106.45 in chips) 
Seat 3: janarr5 ($107.15 in chips) 
Seat 4: mironchikvld ($100 in chips) 
Seat 6: Confusohu3 ($13.60 in chips) 
mironchikvld: posts small blind $0.50
steepfell: is sitting out 
steepfell leaves the table
Confusohu3: posts big blind $1
peak joker33: sits out 
*** HOLE CARDS ***
jeffy27dt1: folds 
janarr5: folds 
mironchikvld: raises $2 to $3
Confusohu3: folds 
Uncalled bet ($2) returned to mironchikvld
mironchikvld collected $2 from pot
mironchikvld: doesn't show hand 
*** SUMMARY ***
Total pot $2 | Rake $0 
Seat 2: peak joker33
Seat 5: steepfell
Seat 1: jeffy27dt1 folded before Flop (didn't bet)
Seat 3: janarr5 (button) folded before Flop (didn't bet)
Seat 4: mironchikvld (small blind) collected ($2)
Seat 6: Confusohu3 (big blind) folded before Flop



PokerStars Hand #254511736683:  Hold'em No Limit ($0.50/$1.00 USD) - 2025/01/23 8:00:50 WET [2025/01/23 3:00:50 ET]
Table 'Ruzena III' 6-max Seat #2 is the button
Seat 4: mironchikvld ($104.18 in chips) is sitting out
Seat 6: Confusohu3 ($0 in chips) is sitting out
Seat 1: jeffy27dt1 ($115.29 in chips) 
Seat 2: peak joker33 ($127.05 in chips) 
Seat 3: janarr5 ($107.65 in chips) 
janarr5: posts small blind $0.50
mironchikvld: is sitting out 
jeffy27dt1: posts big blind $1
*** HOLE CARDS ***
peak joker33: folds 
Confusohu3 leaves the table
janarr5: folds 
Uncalled bet ($0.50) returned to jeffy27dt1
jeffy27dt1 collected $1 from pot
jeffy27dt1: doesn't show hand 
*** SUMMARY ***
Total pot $1 | Rake $0 
Seat 4: mironchikvld
Seat 6: Confusohu3
Seat 1: jeffy27dt1 (big blind) collected ($1)
Seat 2: peak joker33 (button) folded before Flop (didn't bet)
Seat 3: janarr5 (small blind) folded before Flop



PokerStars Hand #254511737697:  Hold'em No Limit ($0.50/$1.00 USD) - 2025/01/23 8:01:04 WET [2025/01/23 3:01:04 ET]
Table 'Ruzena III' 6-max Seat #1 is the button
Seat 2: peak joker33 ($127.05 in chips) is sitting out
Seat 4: mironchikvld ($104.18 in chips) is sitting out
Seat 1: jeffy27dt1 ($115.79 in chips) 
Seat 3: janarr5 ($107.15 in chips) 
jeffy27dt1: posts small blind $0.50
peak joker33: is sitting out 
janarr5: posts big blind $1
*** HOLE CARDS ***
peak joker33 leaves the table
jeffy27dt1: folds 
Uncalled bet ($0.50) returned to janarr5
janarr5 collected $1 from pot
janarr5: doesn't show hand 
*** SUMMARY ***
Total pot $1 | Rake $0 
Seat 2: peak joker33
Seat 4: mironchikvld
Seat 1: jeffy27dt1 (button) (small blind) folded before Flop
Seat 3: janarr5 (big blind) collected ($1)



PokerStars Hand #254511738241:  Hold'em No Limit ($0.50/$1.00 USD) - 2025/01/23 8:01:11 WET [2025/01/23 3:01:11 ET]
Table 'Ruzena III' 6-max Seat #1 is the button
Seat 1: jeffy27dt1 ($115.29 in chips) 
Seat 3: janarr5 ($107.65 in chips) 
Seat 4: mironchikvld ($104.18 in chips) 
janarr5: posts small blind $0.50
mironchikvld: posts big blind $1
*** HOLE CARDS ***
jeffy27dt1: raises $1.50 to $2.50
janarr5: folds 
mironchikvld: calls $1.50
*** FLOP *** [Tc 6s As]
mironchikvld: checks 
jeffy27dt1: bets $1.72
trueYes.3970 joins the table at seat #2 
trueYes.3970 is disconnected 
mironchikvld: calls $1.72
*** TURN *** [Tc 6s As] [8s]
mironchikvld: checks 
jeffy27dt1: checks 
*** RIVER *** [Tc 6s As 8s] [Ad]
mironchikvld: checks 
zizizib joins the table at seat #6 
jeffy27dt1: checks 
*** SHOW DOWN ***
mironchikvld: shows [2c Qc] (a pair of Aces)
jeffy27dt1: shows [Kh Kc] (two pair, Aces and Kings)
jeffy27dt1 collected $8.49 from pot
*** SUMMARY ***
Total pot $8.94 | Rake $0.45 
Board [Tc 6s As 8s Ad]
Seat 1: jeffy27dt1 (button) showed [Kh Kc] and won ($8.49) with two pair, Aces and Kings
Seat 3: janarr5 (small blind) folded before Flop
Seat 4: mironchikvld (big blind) showed [2c Qc] and lost with a pair of Aces



PokerStars Hand #254511745990:  Hold'em No Limit ($0.50/$1.00 USD) - 2025/01/23 8:02:56 WET [2025/01/23 3:02:56 ET]
Table 'Ruzena III' 6-max Seat #3 is the button
Seat 2: trueYes.3970 ($10 in chips) is sitting out
Seat 1: jeffy27dt1 ($119.56 in chips) 
Seat 3: janarr5 ($107.15 in chips) 
Seat 4: mironchikvld ($100 in chips) 
Seat 6: zizizib ($100 in chips) 
mironchikvld: posts small blind $0.50
zizizib: posts big blind $1
trueYes.3970: sits out 
*** HOLE CARDS ***
jeffy27dt1: folds 
janarr5: folds 
mironchikvld: folds 
Uncalled bet ($0.50) returned to zizizib
zizizib collected $1 from pot
zizizib: doesn't show hand 
*** SUMMARY ***
Total pot $1 | Rake $0 
Seat 2: trueYes.3970
Seat 1: jeffy27dt1 folded before Flop (didn't bet)
Seat 3: janarr5 (button) folded before Flop (didn't bet)
Seat 4: mironchikvld (small blind) folded before Flop
Seat 6: zizizib (big blind) collected ($1)



PokerStars Hand #254511747257:  Hold'em No Limit ($0.50/$1.00 USD) - 2025/01/23 8:03:13 WET [2025/01/23 3:03:13 ET]
Table 'Ruzena III' 6-max Seat #4 is the button
Seat 1: jeffy27dt1 ($119.56 in chips) is sitting out
Seat 2: trueYes.3970 ($10 in chips) 
Seat 3: janarr5 ($107.15 in chips) 
Seat 4: mironchikvld ($100 in chips) 
Seat 6: zizizib ($100.50 in chips) 
zizizib: posts small blind $0.50
jeffy27dt1: is sitting out 
trueYes.3970: posts big blind $1
*** HOLE CARDS ***
janarr5: folds 
mironchikvld: raises $1.50 to $2.50
zizizib: folds 
trueYes.3970: folds 
Uncalled bet ($1.50) returned to mironchikvld
mironchikvld collected $2.50 from pot
mironchikvld: doesn't show hand 
*** SUMMARY ***
Total pot $2.50 | Rake $0 
Seat 1: jeffy27dt1
Seat 2: trueYes.3970 (big blind) folded before Flop
Seat 3: janarr5 folded before Flop (didn't bet)
Seat 4: mironchikvld (button) collected ($2.50)
Seat 6: zizizib (small blind) folded before Flop



PokerStars Hand #254511748386:  Hold'em No Limit ($0.50/$1.00 USD) - 2025/01/23 8:03:29 WET [2025/01/23 3:03:29 ET]
Table 'Ruzena III' 6-max Seat #6 is the button
Seat 1: jeffy27dt1 ($119.56 in chips) is sitting out
Seat 2: trueYes.3970 ($9 in chips) 
Seat 3: janarr5 ($107.15 in chips) 
Seat 4: mironchikvld ($101.50 in chips) 
Seat 6: zizizib ($100 in chips) 
trueYes.3970: posts small blind $0.50
janarr5: posts big blind $1
*** HOLE CARDS ***
mironchikvld: folds 
zizizib: folds 
Unicorneagle joins the table at seat #5 
trueYes.3970: folds 
Uncalled bet ($0.50) returned to janarr5
Unicorneagle is disconnected 
janarr5 collected $1 from pot
janarr5: doesn't show hand 
*** SUMMARY ***
Total pot $1 | Rake $0 
Seat 1: jeffy27dt1
Seat 2: trueYes.3970 (small blind) folded before Flop
Seat 3: janarr5 (big blind) collected ($1)
Seat 4: mironchikvld folded before Flop (didn't bet)
Seat 6: zizizib (button) folded before Flop (didn't bet)



PokerStars Hand #254511749216:  Hold'em No Limit ($0.50/$1.00 USD) - 2025/01/23 8:03:40 WET [2025/01/23 3:03:40 ET]
Table 'Ruzena III' 6-max Seat #2 is the button
Seat 1: jeffy27dt1 ($119.56 in chips) is sitting out
Seat 2: trueYes.3970 ($8.50 in chips) 
Seat 3: janarr5 ($107.65 in chips) 
Seat 4: mironchikvld ($101.50 in chips) 
Seat 5: Unicorneagle ($100 in chips) 
Seat 6: zizizib ($100 in chips) 
janarr5: posts small blind $0.50
mironchikvld: posts big blind $1
Unicorneagle: posts big blind $1
*** HOLE CARDS ***
Unicorneagle: checks 
zizizib: folds 
trueYes.3970: raises $3.50 to $4.50
janarr5: folds 
mironchikvld: folds 
Unicorneagle: raises $95.50 to $100 and is all-in
trueYes.3970: calls $4 and is all-in
Uncalled bet ($91.50) returned to Unicorneagle
*** FLOP *** [4s Js 5c]
*** TURN *** [4s Js 5c] [Ah]
*** RIVER *** [4s Js 5c Ah] [Th]
*** SHOW DOWN ***
Unicorneagle: shows [Kc Jc] (a pair of Jacks)
trueYes.3970: shows [3c 3h] (a pair of Threes)
Unicorneagle collected $17.58 from pot
*** SUMMARY ***
Total pot $18.50 | Rake $0.92 
Board [4s Js 5c Ah Th]
Seat 1: jeffy27dt1
Seat 2: trueYes.3970 (button) showed [3c 3h] and lost with a pair of Threes
Seat 3: janarr5 (small blind) folded before Flop
Seat 4: mironchikvld (big blind) folded before Flop
Seat 5: Unicorneagle showed [Kc Jc] and won ($17.58) with a pair of Jacks
Seat 6: zizizib folded before Flop (didn't bet)



PokerStars Hand #254511751425:  Hold'em No Limit ($0.50/$1.00 USD) - 2025/01/23 8:04:11 WET [2025/01/23 3:04:11 ET]
Table 'Ruzena III' 6-max Seat #3 is the button
Seat 1: jeffy27dt1 ($119.56 in chips) is sitting out
Seat 2: trueYes.3970 ($0 in chips) is sitting out
Seat 3: janarr5 ($107.15 in chips) 
Seat 4: mironchikvld ($100.50 in chips) 
Seat 5: Unicorneagle ($109.08 in chips) 
Seat 6: zizizib ($100 in chips) 
mironchikvld: posts small blind $0.50
Unicorneagle: posts big blind $1
*** HOLE CARDS ***
zizizib: folds 
janarr5: raises $1.50 to $2.50
mironchikvld: raises $9.50 to $12
Unicorneagle: folds 
janarr5: folds 
Uncalled bet ($9.50) returned to mironchikvld
mironchikvld collected $6 from pot
mironchikvld: doesn't show hand 
*** SUMMARY ***
Total pot $6 | Rake $0 
Seat 1: jeffy27dt1
Seat 2: trueYes.3970
Seat 3: janarr5 (button) folded before Flop
Seat 4: mironchikvld (small blind) collected ($6)
Seat 5: Unicorneagle (big blind) folded before Flop
Seat 6: zizizib folded before Flop (didn't bet)



PokerStars Hand #254511753390:  Hold'em No Limit ($0.50/$1.00 USD) - 2025/01/23 8:04:38 WET [2025/01/23 3:04:38 ET]
Table 'Ruzena III' 6-max Seat #4 is the button
Seat 1: jeffy27dt1 ($119.56 in chips) is sitting out
Seat 2: trueYes.3970 ($10 in chips) 
Seat 3: janarr5 ($104.65 in chips) 
Seat 4: mironchikvld ($104 in chips) 
Seat 5: Unicorneagle ($108.08 in chips) 
Seat 6: zizizib ($100 in chips) 
Unicorneagle: posts small blind $0.50
zizizib: posts big blind $1
*** HOLE CARDS ***
trueYes.3970: folds 
janarr5: folds 
mironchikvld: folds 
Unicorneagle: folds 
Uncalled bet ($0.50) returned to zizizib
zizizib collected $1 from pot
zizizib: doesn't show hand 
*** SUMMARY ***
Total pot $1 | Rake $0 
Seat 1: jeffy27dt1
Seat 2: trueYes.3970 folded before Flop (didn't bet)
Seat 3: janarr5 folded before Flop (didn't bet)
Seat 4: mironchikvld (button) folded before Flop (didn't bet)
Seat 5: Unicorneagle (small blind) folded before Flop
Seat 6: zizizib (big blind) collected ($1)



PokerStars Hand #254511754973:  Hold'em No Limit ($0.50/$1.00 USD) - 2025/01/23 8:05:00 WET [2025/01/23 3:05:00 ET]
Table 'Ruzena III' 6-max Seat #5 is the button
Seat 1: jeffy27dt1 ($119.56 in chips) is sitting out
Seat 2: trueYes.3970 ($10 in chips) 
Seat 3: janarr5 ($104.65 in chips) 
Seat 4: mironchikvld ($104 in chips) 
Seat 5: Unicorneagle ($107.58 in chips) 
Seat 6: zizizib ($100.50 in chips) 
zizizib: posts small blind $0.50
trueYes.3970: posts big blind $1
*** HOLE CARDS ***
janarr5: folds 
mironchikvld: folds 
Unicorneagle: raises $2 to $3
zizizib: folds 
trueYes.3970: calls $2
*** FLOP *** [6s Qc Qs]
trueYes.3970: checks 
Unicorneagle: checks 
*** TURN *** [6s Qc Qs] [4d]
trueYes.3970: bets $6.18
Unicorneagle: raises $6.18 to $12.36
trueYes.3970: calls $0.82 and is all-in
Uncalled bet ($5.36) returned to Unicorneagle
*** RIVER *** [6s Qc Qs 4d] [8d]
*** SHOW DOWN ***
trueYes.3970: shows [2h 2c] (two pair, Queens and Deuces)
Unicorneagle: shows [Ad Qh] (three of a kind, Queens)
Unicorneagle collected $19.48 from pot
*** SUMMARY ***
Total pot $20.50 | Rake $1.02 
Board [6s Qc Qs 4d 8d]
Seat 1: jeffy27dt1
Seat 2: trueYes.3970 (big blind) showed [2h 2c] and lost with two pair, Queens and Deuces
Seat 3: janarr5 folded before Flop (didn't bet)
Seat 4: mironchikvld folded before Flop (didn't bet)
Seat 5: Unicorneagle (button) showed [Ad Qh] and won ($19.48) with three of a kind, Queens
Seat 6: zizizib (small blind) folded before Flop



PokerStars Hand #254511757827:  Hold'em No Limit ($0.50/$1.00 USD) - 2025/01/23 8:05:39 WET [2025/01/23 3:05:39 ET]
Table 'Ruzena III' 6-max Seat #6 is the button
Seat 1: jeffy27dt1 ($119.56 in chips) is sitting out
Seat 2: trueYes.3970 ($0 in chips) is sitting out
Seat 3: janarr5 ($104.65 in chips) 
Seat 4: mironchikvld ($104 in chips) 
Seat 5: Unicorneagle ($117.06 in chips) 
Seat 6: zizizib ($100 in chips) 
janarr5: posts small blind $0.50
mironchikvld: posts big blind $1
*** HOLE CARDS ***
Unicorneagle: raises $2 to $3
zizizib: raises $6 to $9
janarr5: folds 
mironchikvld: folds 
Unicorneagle: calls $6
*** FLOP *** [4h Kh 2c]
Unicorneagle: checks 
zizizib: bets $6.11
Unicorneagle: raises $8.89 to $15
zizizib: calls $8.89
*** TURN *** [4h Kh 2c] [7c]
Unicorneagle: bets $24.25
zizizib: calls $24.25
*** RIVER *** [4h Kh 2c 7c] [6s]
Unicorneagle: bets $68.81 and is all-in
zizizib: calls $51.75 and is all-in
Uncalled bet ($17.06) returned to Unicorneagle
*** SHOW DOWN ***
Unicorneagle: shows [Kd Ad] (a pair of Kings)
zizizib: shows [Ts Th] (a pair of Tens)
Unicorneagle collected $200.50 from pot
*** SUMMARY ***
Total pot $201.50 | Rake $1 
Board [4h Kh 2c 7c 6s]
Seat 1: jeffy27dt1
Seat 2: trueYes.3970
Seat 3: janarr5 (small blind) folded before Flop
Seat 4: mironchikvld (big blind) folded before Flop
Seat 5: Unicorneagle showed [Kd Ad] and won ($200.50) with a pair of Kings
Seat 6: zizizib (button) showed [Ts Th] and lost with a pair of Tens



PokerStars Hand #254511761157:  Hold'em No Limit ($0.50/$1.00 USD) - 2025/01/23 8:06:24 WET [2025/01/23 3:06:24 ET]
Table 'Ruzena III' 6-max Seat #3 is the button
Seat 1: jeffy27dt1 ($119.56 in chips) is sitting out
Seat 2: trueYes.3970 ($10.70 in chips) 
Seat 3: janarr5 ($104.15 in chips) 
Seat 4: mironchikvld ($103 in chips) 
Seat 5: Unicorneagle ($217.56 in chips) 
Seat 6: zizizib ($100 in chips) 
mironchikvld: posts small blind $0.50
Unicorneagle: posts big blind $1
jeffy27dt1: sits out 
trueYes.3970: posts small blind $0.50
*** HOLE CARDS ***
zizizib: folds 
trueYes.3970: folds 
trueYes.3970 leaves the table
janarr5: raises $1.50 to $2.50
mironchikvld: folds 
Unicorneagle: folds 
Uncalled bet ($1.50) returned to janarr5
janarr5 collected $3 from pot
janarr5: doesn't show hand 
*** SUMMARY ***
Total pot $3 | Rake $0 
Seat 1: jeffy27dt1
Seat 2: trueYes.3970 folded before Flop (didn't bet)
Seat 3: janarr5 (button) collected ($3)
Seat 4: mironchikvld (small blind) folded before Flop
Seat 5: Unicorneagle (big blind) folded before Flop
Seat 6: zizizib folded before Flop (didn't bet)



PokerStars Hand #254511762276:  Hold'em No Limit ($0.50/$1.00 USD) - 2025/01/23 8:06:39 WET [2025/01/23 3:06:39 ET]
Table 'Ruzena III' 6-max Seat #4 is the button
Seat 6: zizizib ($100 in chips) is sitting out
Seat 1: jeffy27dt1 ($119.56 in chips) 
Seat 3: janarr5 ($106.15 in chips) 
Seat 4: mironchikvld ($102.50 in chips) 
Seat 5: Unicorneagle ($216.56 in chips) 
Unicorneagle: posts small blind $0.50
zizizib: is sitting out 
jeffy27dt1: posts big blind $1
*** HOLE CARDS ***
janarr5: folds 
mironchikvld: folds 
Unicorneagle: raises $2 to $3
jeffy27dt1: folds 
Uncalled bet ($2) returned to Unicorneagle
Unicorneagle collected $2 from pot
zizizib leaves the table
*** SUMMARY ***
Total pot $2 | Rake $0 
Seat 6: zizizib
Seat 1: jeffy27dt1 (big blind) folded before Flop
Seat 3: janarr5 folded before Flop (didn't bet)
Seat 4: mironchikvld (button) folded before Flop (didn't bet)
Seat 5: Unicorneagle (small blind) collected ($2)



PokerStars Hand #254511763545:  Hold'em No Limit ($0.50/$1.00 USD) - 2025/01/23 8:06:57 WET [2025/01/23 3:06:57 ET]
Table 'Ruzena III' 6-max Seat #5 is the button
Seat 1: jeffy27dt1 ($118.56 in chips) 
Seat 3: janarr5 ($106.15 in chips) 
Seat 4: mironchikvld ($102.50 in chips) 
Seat 5: Unicorneagle ($217.56 in chips) 
jeffy27dt1: posts small blind $0.50
janarr5: posts big blind $1
*** HOLE CARDS ***
mironchikvld: folds 
Unicorneagle: raises $2 to $3
jeffy27dt1: folds 
janarr5: raises $9 to $12
Unicorneagle: folds 
Uncalled bet ($9) returned to janarr5
janarr5 collected $6.50 from pot
janarr5: doesn't show hand 
*** SUMMARY ***
Total pot $6.50 | Rake $0 
Seat 1: jeffy27dt1 (small blind) folded before Flop
Seat 3: janarr5 (big blind) collected ($6.50)
Seat 4: mironchikvld folded before Flop (didn't bet)
Seat 5: Unicorneagle (button) folded before Flop



PokerStars Hand #254511765364:  Hold'em No Limit ($0.50/$1.00 USD) - 2025/01/23 8:07:21 WET [2025/01/23 3:07:21 ET]
Table 'Ruzena III' 6-max Seat #1 is the button
Seat 4: mironchikvld ($102.50 in chips) is sitting out
Seat 1: jeffy27dt1 ($118.06 in chips) 
Seat 3: janarr5 ($109.65 in chips) 
Seat 5: Unicorneagle ($214.56 in chips) 
janarr5: posts small blind $0.50
mironchikvld: is sitting out 
Unicorneagle: posts big blind $1
*** HOLE CARDS ***
mironchikvld leaves the table
jeffy27dt1: raises $1.50 to $2.50
janarr5: folds 
Unicorneagle: calls $1.50
*** FLOP *** [3c 6c 4h]
Unicorneagle: checks 
jeffy27dt1: checks 
*** TURN *** [3c 6c 4h] [4c]
Unicorneagle: checks 
jeffy27dt1: checks 
*** RIVER *** [3c 6c 4h 4c] [2s]
Unicorneagle: checks 
jeffy27dt1: checks 
*** SHOW DOWN ***
Unicorneagle: shows [4d 8d] (three of a kind, Fours)
jeffy27dt1: mucks hand 
Unicorneagle collected $5.22 from pot
*** SUMMARY ***
Total pot $5.50 | Rake $0.28 
Board [3c 6c 4h 4c 2s]
Seat 4: mironchikvld
Seat 1: jeffy27dt1 (button) mucked
Seat 3: janarr5 (small blind) folded before Flop
Seat 5: Unicorneagle (big blind) showed [4d 8d] and won ($5.22) with three of a kind, Fours



PokerStars Hand #254511769059:  Hold'em No Limit ($0.50/$1.00 USD) - 2025/01/23 8:08:11 WET [2025/01/23 3:08:11 ET]
Table 'Ruzena III' 6-max Seat #3 is the button
Seat 1: jeffy27dt1 ($115.56 in chips) 
Seat 3: janarr5 ($109.15 in chips) 
Seat 5: Unicorneagle ($217.28 in chips) 
Unicorneagle: posts small blind $0.50
jeffy27dt1: posts big blind $1
*** HOLE CARDS ***
janarr5: raises $1.50 to $2.50
Unicorneagle: calls $2
jeffy27dt1: calls $1.50
*** FLOP *** [5h Kh Ad]
Unicorneagle: checks 
jeffy27dt1: checks 
janarr5: checks 
*** TURN *** [5h Kh Ad] [Ac]
Unicorneagle: checks 
jeffy27dt1: checks 
janarr5: checks 
*** RIVER *** [5h Kh Ad Ac] [Ts]
Unicorneagle: bets $3.56
jeffy27dt1: folds 
janarr5: folds 
Uncalled bet ($3.56) returned to Unicorneagle
Unicorneagle collected $7.12 from pot
*** SUMMARY ***
Total pot $7.50 | Rake $0.38 
Board [5h Kh Ad Ac Ts]
Seat 1: jeffy27dt1 (big blind) folded on the River
Seat 3: janarr5 (button) folded on the River
Seat 5: Unicorneagle (small blind) collected ($7.12)



PokerStars Hand #254511772896:  Hold'em No Limit ($0.50/$1.00 USD) - 2025/01/23 8:09:04 WET [2025/01/23 3:09:04 ET]
Table 'Ruzena III' 6-max Seat #5 is the button
Seat 1: jeffy27dt1 ($113.06 in chips) 
Seat 3: janarr5 ($106.65 in chips) 
Seat 5: Unicorneagle ($221.90 in chips) 
jeffy27dt1: posts small blind $0.50
janarr5: posts big blind $1
*** HOLE CARDS ***
Unicorneagle: raises $2 to $3
jeffy27dt1: folds 
janarr5: folds 
Uncalled bet ($2) returned to Unicorneagle
Unicorneagle collected $2.50 from pot
*** SUMMARY ***
Total pot $2.50 | Rake $0 
Seat 1: jeffy27dt1 (small blind) folded before Flop
Seat 3: janarr5 (big blind) folded before Flop
Seat 5: Unicorneagle (button) collected ($2.50)



PokerStars Hand #254511774883:  Hold'em No Limit ($0.50/$1.00 USD) - 2025/01/23 8:09:32 WET [2025/01/23 3:09:32 ET]
Table 'Ruzena III' 6-max Seat #1 is the button
Seat 1: jeffy27dt1 ($112.56 in chips) 
Seat 3: janarr5 ($105.65 in chips) 
Seat 5: Unicorneagle ($223.40 in chips) 
janarr5: posts small blind $0.50
Unicorneagle: posts big blind $1
*** HOLE CARDS ***
jeffy27dt1: folds 
janarr5: raises $2 to $3
Unicorneagle: folds 
Uncalled bet ($2) returned to janarr5
janarr5 collected $2 from pot
janarr5: doesn't show hand 
*** SUMMARY ***
Total pot $2 | Rake $0 
Seat 1: jeffy27dt1 (button) folded before Flop (didn't bet)
Seat 3: janarr5 (small blind) collected ($2)
Seat 5: Unicorneagle (big blind) folded before Flop



PokerStars Hand #254511775750:  Hold'em No Limit ($0.50/$1.00 USD) - 2025/01/23 8:09:43 WET [2025/01/23 3:09:43 ET]
Table 'Ruzena III' 6-max Seat #3 is the button
Seat 1: jeffy27dt1 ($112.56 in chips) 
Seat 3: janarr5 ($106.65 in chips) 
Seat 5: Unicorneagle ($222.40 in chips) 
Unicorneagle: posts small blind $0.50
jeffy27dt1: posts big blind $1
*** HOLE CARDS ***
janarr5: raises $1.50 to $2.50
Unicorneagle: folds 
jeffy27dt1: calls $1.50
*** FLOP *** [2h Jd Ad]
jeffy27dt1: checks 
janarr5: bets $1.31
jeffy27dt1: calls $1.31
*** TURN *** [2h Jd Ad] [Ks]
jeffy27dt1: checks 
janarr5: bets $5.09
GSGsteel joins the table at seat #6 
GSGsteel is disconnected 
GSGsteel leaves the table
jeffy27dt1: raises $17.91 to $23
mironchikvld joins the table at seat #4 
janarr5: folds 
Uncalled bet ($17.91) returned to jeffy27dt1
jeffy27dt1 collected $17.38 from pot
jeffy27dt1: doesn't show hand 
*** SUMMARY ***
Total pot $18.30 | Rake $0.92 
Board [2h Jd Ad Ks]
Seat 1: jeffy27dt1 (big blind) collected ($17.38)
Seat 3: janarr5 (button) folded on the Turn
Seat 5: Unicorneagle (small blind) folded before Flop



PokerStars Hand #254511781636:  Hold'em No Limit ($0.50/$1.00 USD) - 2025/01/23 8:11:02 WET [2025/01/23 3:11:02 ET]
Table 'Ruzena III' 6-max Seat #5 is the button
Seat 4: mironchikvld ($102.50 in chips) is sitting out
Seat 1: jeffy27dt1 ($121.04 in chips) 
Seat 3: janarr5 ($100 in chips) 
Seat 5: Unicorneagle ($221.90 in chips) 
jeffy27dt1: posts small blind $0.50
janarr5: posts big blind $1
mironchikvld: sits out 
*** HOLE CARDS ***
Unicorneagle: folds 
jeffy27dt1: folds 
Uncalled bet ($0.50) returned to janarr5
janarr5 collected $1 from pot
janarr5: doesn't show hand 
*** SUMMARY ***
Total pot $1 | Rake $0 
Seat 4: mironchikvld
Seat 1: jeffy27dt1 (small blind) folded before Flop
Seat 3: janarr5 (big blind) collected ($1)
Seat 5: Unicorneagle (button) folded before Flop (didn't bet)



PokerStars Hand #254511782333:  Hold'em No Limit ($0.50/$1.00 USD) - 2025/01/23 8:11:11 WET [2025/01/23 3:11:11 ET]
Table 'Ruzena III' 6-max Seat #1 is the button
Seat 1: jeffy27dt1 ($120.54 in chips) 
Seat 3: janarr5 ($100.50 in chips) 
Seat 4: mironchikvld ($102.50 in chips) 
Seat 5: Unicorneagle ($221.90 in chips) 
janarr5: posts small blind $0.50
mironchikvld: posts big blind $1
*** HOLE CARDS ***
radu10101 joins the table at seat #2 
radu10101 is disconnected 
Unicorneagle: folds 
jeffy27dt1: raises $1.50 to $2.50
janarr5: folds 
Unicorneagle leaves the table
Desverdi joins the table at seat #5 
Desverdi is disconnected 
przemasek joins the table at seat #6 
mironchikvld: folds 
Uncalled bet ($1.50) returned to jeffy27dt1
jeffy27dt1 collected $2.50 from pot
jeffy27dt1: doesn't show hand 
*** SUMMARY ***
Total pot $2.50 | Rake $0 
Seat 1: jeffy27dt1 (button) collected ($2.50)
Seat 3: janarr5 (small blind) folded before Flop
Seat 4: mironchikvld (big blind) folded before Flop
Seat 5: Unicorneagle folded before Flop (didn't bet)



PokerStars Hand #254511785718:  Hold'em No Limit ($0.50/$1.00 USD) - 2025/01/23 8:11:56 WET [2025/01/23 3:11:56 ET]
Table 'Ruzena III' 6-max Seat #3 is the button
Seat 1: jeffy27dt1 ($122.04 in chips) 
Seat 2: radu10101 ($24.84 in chips) 
Seat 3: janarr5 ($100 in chips) 
Seat 4: mironchikvld ($101.50 in chips) 
Seat 5: Desverdi ($10 in chips) 
Seat 6: przemasek ($10 in chips) 
mironchikvld: posts small blind $0.50
Desverdi: posts big blind $1
przemasek: posts big blind $1
radu10101: posts big blind $1
*** HOLE CARDS ***
przemasek: raises $2.03 to $3.03
jeffy27dt1: folds 
radu10101: folds 
janarr5: folds 
mironchikvld: folds 
Desverdi: raises $6.97 to $10 and is all-in
przemasek: calls $6.97 and is all-in
*** FLOP *** [7c 6c 2c]
*** TURN *** [7c 6c 2c] [3c]
*** RIVER *** [7c 6c 2c 3c] [4c]
*** SHOW DOWN ***
Desverdi: shows [7d 7h] (a flush, Seven high)
przemasek: shows [Qh As] (a flush, Seven high)
Desverdi collected $10.21 from pot
przemasek collected $10.21 from pot
*** SUMMARY ***
Total pot $21.50 | Rake $1.08 
Board [7c 6c 2c 3c 4c]
Seat 1: jeffy27dt1 folded before Flop (didn't bet)
Seat 2: radu10101 folded before Flop (didn't bet)
Seat 3: janarr5 (button) folded before Flop (didn't bet)
Seat 4: mironchikvld (small blind) folded before Flop
Seat 5: Desverdi (big blind) showed [7d 7h] and won ($10.21) with a flush, Seven high
Seat 6: przemasek showed [Qh As] and won ($10.21) with a flush, Seven high



PokerStars Hand #254511787936:  Hold'em No Limit ($0.50/$1.00 USD) - 2025/01/23 8:12:25 WET [2025/01/23 3:12:25 ET]
Table 'Ruzena III' 6-max Seat #4 is the button
Seat 1: jeffy27dt1 ($122.04 in chips) 
Seat 2: radu10101 ($23.84 in chips) 
Seat 3: janarr5 ($100 in chips) 
Seat 4: mironchikvld ($101 in chips) 
Seat 5: Desverdi ($10.21 in chips) 
Seat 6: przemasek ($10.21 in chips) 
Desverdi: posts small blind $0.50
przemasek: posts big blind $1
*** HOLE CARDS ***
jeffy27dt1: folds 
radu10101: calls $1
janarr5: raises $2.50 to $3.50
mironchikvld: folds 
Desverdi: folds 
przemasek: calls $2.50
radu10101: calls $2.50
*** FLOP *** [Jh Ad 6s]
przemasek: checks 
radu10101: checks 
janarr5: checks 
*** TURN *** [Jh Ad 6s] [8s]
przemasek: checks 
radu10101: bets $2
janarr5: calls $2
przemasek: folds 
*** RIVER *** [Jh Ad 6s 8s] [3h]
radu10101: bets $3
janarr5: folds 
Uncalled bet ($3) returned to radu10101
radu10101 collected $14.25 from pot
*** SUMMARY ***
Total pot $15 | Rake $0.75 
Board [Jh Ad 6s 8s 3h]
Seat 1: jeffy27dt1 folded before Flop (didn't bet)
Seat 2: radu10101 collected ($14.25)
Seat 3: janarr5 folded on the River
Seat 4: mironchikvld (button) folded before Flop (didn't bet)
Seat 5: Desverdi (small blind) folded before Flop
Seat 6: przemasek (big blind) folded on the Turn



PokerStars Hand #254511791934:  Hold'em No Limit ($0.50/$1.00 USD) - 2025/01/23 8:13:18 WET [2025/01/23 3:13:18 ET]
Table 'Ruzena III' 6-max Seat #5 is the button
Seat 1: jeffy27dt1 ($122.04 in chips) 
Seat 2: radu10101 ($32.59 in chips) 
Seat 3: janarr5 ($100 in chips) 
Seat 4: mironchikvld ($101 in chips) 
Seat 5: Desverdi ($9.71 in chips) 
Seat 6: przemasek ($6.71 in chips) 
przemasek: posts small blind $0.50
jeffy27dt1: posts big blind $1
*** HOLE CARDS ***
radu10101: folds 
janarr5: raises $1.25 to $2.25
mironchikvld: folds 
Desverdi: calls $2.25
przemasek: calls $1.75
jeffy27dt1: folds 
*** FLOP *** [Tc Qh 7d]
przemasek: bets $4.46 and is all-in
janarr5: raises $11.54 to $16
Desverdi: folds 
Uncalled bet ($11.54) returned to janarr5
*** TURN *** [Tc Qh 7d] [Qc]
*** RIVER *** [Tc Qh 7d Qc] [Th]
*** SHOW DOWN ***
przemasek: shows [9c Td] (a full house, Tens full of Queens)
janarr5: shows [Qs Ks] (a full house, Queens full of Tens)
janarr5 collected $15.84 from pot
*** SUMMARY ***
Total pot $16.67 | Rake $0.83 
Board [Tc Qh 7d Qc Th]
Seat 1: jeffy27dt1 (big blind) folded before Flop
Seat 2: radu10101 folded before Flop (didn't bet)
Seat 3: janarr5 showed [Qs Ks] and won ($15.84) with a full house, Queens full of Tens
Seat 4: mironchikvld folded before Flop (didn't bet)
Seat 5: Desverdi (button) folded on the Flop
Seat 6: przemasek (small blind) showed [9c Td] and lost with a full house, Tens full of Queens



PokerStars Hand #254511796042:  Hold'em No Limit ($0.50/$1.00 USD) - 2025/01/23 8:14:11 WET [2025/01/23 3:14:11 ET]
Table 'Ruzena III' 6-max Seat #1 is the button
Seat 6: przemasek ($0 in chips) is sitting out
Seat 1: jeffy27dt1 ($121.04 in chips) 
Seat 2: radu10101 ($32.59 in chips) 
Seat 3: janarr5 ($109.13 in chips) 
Seat 4: mironchikvld ($101 in chips) 
Seat 5: Desverdi ($7.46 in chips) 
radu10101: posts small blind $0.50
janarr5: posts big blind $1
*** HOLE CARDS ***
mironchikvld has timed out
mironchikvld: folds 
Desverdi: folds 
przemasek leaves the table
jeffy27dt1: raises $1.50 to $2.50
radu10101: calls $2
janarr5: folds 
*** FLOP *** [3h 2d Th]
radu10101: bets $2
jeffy27dt1: calls $2
*** TURN *** [3h 2d Th] [Qd]
radu10101: checks 
jeffy27dt1: checks 
*** RIVER *** [3h 2d Th Qd] [2s]
radu10101: bets $2
jeffy27dt1: calls $2
*** SHOW DOWN ***
radu10101: shows [5d 5c] (two pair, Fives and Deuces)
jeffy27dt1: mucks hand 
radu10101 collected $13.30 from pot
*** SUMMARY ***
Total pot $14 | Rake $0.70 
Board [3h 2d Th Qd 2s]
Seat 6: przemasek
Seat 1: jeffy27dt1 (button) mucked
Seat 2: radu10101 (small blind) showed [5d 5c] and won ($13.30) with two pair, Fives and Deuces
Seat 3: janarr5 (big blind) folded before Flop
Seat 4: mironchikvld folded before Flop (didn't bet)
Seat 5: Desverdi folded before Flop (didn't bet)



PokerStars Hand #254511801823:  Hold'em No Limit ($0.50/$1.00 USD) - 2025/01/23 8:15:28 WET [2025/01/23 3:15:28 ET]
Table 'Ruzena III' 6-max Seat #2 is the button
Seat 1: jeffy27dt1 ($114.54 in chips) 
Seat 2: radu10101 ($39.39 in chips) 
Seat 3: janarr5 ($108.13 in chips) 
Seat 4: mironchikvld ($101 in chips) 
Seat 5: Desverdi ($7.46 in chips) 
janarr5: posts small blind $0.50
mironchikvld: posts big blind $1
*** HOLE CARDS ***
Desverdi: calls $1
jeffy27dt1: folds 
radu10101: calls $1
janarr5: folds 
mironchikvld: checks 
*** FLOP *** [3c 2c Jd]
mironchikvld: checks 
Desverdi: bets $2
radu10101: calls $2
mironchikvld: folds 
*** TURN *** [3c 2c Jd] [Jh]
Desverdi: bets $4.46 and is all-in
radu10101: calls $4.46
*** RIVER *** [3c 2c Jd Jh] [Qd]
*** SHOW DOWN ***
Desverdi: shows [8h 8s] (two pair, Jacks and Eights)
radu10101: shows [Jc Qs] (a full house, Jacks full of Queens)
radu10101 collected $15.60 from pot
*** SUMMARY ***
Total pot $16.42 | Rake $0.82 
Board [3c 2c Jd Jh Qd]
Seat 1: jeffy27dt1 folded before Flop (didn't bet)
Seat 2: radu10101 (button) showed [Jc Qs] and won ($15.60) with a full house, Jacks full of Queens
Seat 3: janarr5 (small blind) folded before Flop
Seat 4: mironchikvld (big blind) folded on the Flop
Seat 5: Desverdi showed [8h 8s] and lost with two pair, Jacks and Eights



PokerStars Hand #254511804708:  Hold'em No Limit ($0.50/$1.00 USD) - 2025/01/23 8:16:05 WET [2025/01/23 3:16:05 ET]
Table 'Ruzena III' 6-max Seat #3 is the button
Seat 5: Desverdi ($0 in chips) is sitting out
Seat 1: jeffy27dt1 ($114.54 in chips) 
Seat 2: radu10101 ($47.53 in chips) 
Seat 3: janarr5 ($107.63 in chips) 
Seat 4: mironchikvld ($100 in chips) 
mironchikvld: posts small blind $0.50
jeffy27dt1: posts big blind $1
*** HOLE CARDS ***
radu10101: folds 
janarr5: raises $1.50 to $2.50
mironchikvld: folds 
jeffy27dt1: folds 
Uncalled bet ($1.50) returned to janarr5
fedor0f joins the table at seat #6 
janarr5 collected $2.50 from pot
janarr5: doesn't show hand 
*** SUMMARY ***
Total pot $2.50 | Rake $0 
Seat 5: Desverdi
Seat 1: jeffy27dt1 (big blind) folded before Flop
Seat 2: radu10101 folded before Flop (didn't bet)
Seat 3: janarr5 (button) collected ($2.50)
Seat 4: mironchikvld (small blind) folded before Flop



PokerStars Hand #254511805905:  Hold'em No Limit ($0.50/$1.00 USD) - 2025/01/23 8:16:21 WET [2025/01/23 3:16:21 ET]
Table 'Ruzena III' 6-max Seat #4 is the button
Seat 5: Desverdi ($100 in chips) is sitting out
Seat 6: fedor0f ($100 in chips) is sitting out
Seat 1: jeffy27dt1 ($113.54 in chips) 
Seat 2: radu10101 ($47.53 in chips) 
Seat 3: janarr5 ($109.13 in chips) 
Seat 4: mironchikvld ($100 in chips) 
jeffy27dt1: posts small blind $0.50
radu10101: posts big blind $1
*** HOLE CARDS ***
janarr5: folds 
mironchikvld: raises $2 to $3
jeffy27dt1: folds 
radu10101: folds 
Uncalled bet ($2) returned to mironchikvld
mironchikvld collected $2.50 from pot
mironchikvld: doesn't show hand 
*** SUMMARY ***
Total pot $2.50 | Rake $0 
Seat 5: Desverdi
Seat 6: fedor0f
Seat 1: jeffy27dt1 (small blind) folded before Flop
Seat 2: radu10101 (big blind) folded before Flop
Seat 3: janarr5 folded before Flop (didn't bet)
Seat 4: mironchikvld (button) collected ($2.50)



PokerStars Hand #254511807501:  Hold'em No Limit ($0.50/$1.00 USD) - 2025/01/23 8:16:42 WET [2025/01/23 3:16:42 ET]
Table 'Ruzena III' 6-max Seat #1 is the button
Seat 6: fedor0f ($100 in chips) is sitting out
Seat 1: jeffy27dt1 ($113.04 in chips) 
Seat 2: radu10101 ($46.53 in chips) 
Seat 3: janarr5 ($109.13 in chips) 
Seat 4: mironchikvld ($101.50 in chips) 
Seat 5: Desverdi ($100 in chips) 
radu10101: posts small blind $0.50
janarr5: posts big blind $1
Desverdi: posts small & big blinds $1.50
fedor0f: sits out 
*** HOLE CARDS ***
mironchikvld: folds 
Desverdi: checks 
jeffy27dt1: raises $4 to $5
radu10101: folds 
janarr5: calls $4
Desverdi: folds 
*** FLOP *** [8c 7s 6c]
janarr5: checks 
jeffy27dt1: bets $5.70
janarr5: calls $5.70
*** TURN *** [8c 7s 6c] [6s]
janarr5: checks 
jeffy27dt1: bets $16.65
janarr5: calls $16.65
*** RIVER *** [8c 7s 6c 6s] [3s]
janarr5: checks 
jeffy27dt1: checks 
*** SHOW DOWN ***
janarr5: shows [8d 8h] (a full house, Eights full of Sixes)
jeffy27dt1: mucks hand 
janarr5 collected $54.20 from pot
*** SUMMARY ***
Total pot $56.70 | Rake $2.50 
Board [8c 7s 6c 6s 3s]
Seat 6: fedor0f
Seat 1: jeffy27dt1 (button) mucked
Seat 2: radu10101 (small blind) folded before Flop
Seat 3: janarr5 (big blind) showed [8d 8h] and won ($54.20) with a full house, Eights full of Sixes
Seat 4: mironchikvld folded before Flop (didn't bet)
Seat 5: Desverdi folded before Flop (didn't bet)



PokerStars Hand #254511816807:  Hold'em No Limit ($0.50/$1.00 USD) - 2025/01/23 8:18:41 WET [2025/01/23 3:18:41 ET]
Table 'Ruzena III' 6-max Seat #2 is the button
Seat 6: fedor0f ($100 in chips) is sitting out
Seat 1: jeffy27dt1 ($100 in chips) 
Seat 2: radu10101 ($46.03 in chips) 
Seat 3: janarr5 ($135.98 in chips) 
Seat 4: mironchikvld ($101.50 in chips) 
Seat 5: Desverdi ($98.50 in chips) 
janarr5: posts small blind $0.50
mironchikvld: posts big blind $1
fedor0f: sits out 
*** HOLE CARDS ***
Desverdi: calls $1
jeffy27dt1: raises $4 to $5
radu10101: calls $5
janarr5: folds 
mironchikvld: folds 
Desverdi: calls $4
*** FLOP *** [Jd 7d Ac]
Desverdi: checks 
jeffy27dt1: bets $5.18
radu10101: calls $5.18
Desverdi: folds 
*** TURN *** [Jd 7d Ac] [4h]
jeffy27dt1: bets $12.75
radu10101: raises $23.10 to $35.85 and is all-in
jeffy27dt1: calls $23.10
*** RIVER *** [Jd 7d Ac 4h] [2h]
*** SHOW DOWN ***
jeffy27dt1: shows [Ah 9h] (a pair of Aces)
radu10101: shows [Qc Qd] (a pair of Queens)
jeffy27dt1 collected $96.06 from pot
*** SUMMARY ***
Total pot $98.56 | Rake $2.50 
Board [Jd 7d Ac 4h 2h]
Seat 6: fedor0f
Seat 1: jeffy27dt1 showed [Ah 9h] and won ($96.06) with a pair of Aces
Seat 2: radu10101 (button) showed [Qc Qd] and lost with a pair of Queens
Seat 3: janarr5 (small blind) folded before Flop
Seat 4: mironchikvld (big blind) folded before Flop
Seat 5: Desverdi folded on the Flop



PokerStars Hand #254511822705:  Hold'em No Limit ($0.50/$1.00 USD) - 2025/01/23 8:19:56 WET [2025/01/23 3:19:56 ET]
Table 'Ruzena III' 6-max Seat #3 is the button
Seat 2: radu10101 ($0 in chips) is sitting out
Seat 6: fedor0f ($100 in chips) is sitting out
Seat 1: jeffy27dt1 ($150.03 in chips) 
Seat 3: janarr5 ($135.48 in chips) 
Seat 4: mironchikvld ($100.50 in chips) 
Seat 5: Desverdi ($93.50 in chips) 
mironchikvld: posts small blind $0.50
Desverdi: posts big blind $1
fedor0f: sits out 
*** HOLE CARDS ***
jeffy27dt1: folds 
janarr5: folds 
mironchikvld: raises $2 to $3
Desverdi: calls $2
*** FLOP *** [Qc Th 4d]
mironchikvld: checks 
Desverdi: bets $5
mironchikvld: folds 
Uncalled bet ($5) returned to Desverdi
Desverdi collected $5.70 from pot
*** SUMMARY ***
Total pot $6 | Rake $0.30 
Board [Qc Th 4d]
Seat 2: radu10101
Seat 6: fedor0f
Seat 1: jeffy27dt1 folded before Flop (didn't bet)
Seat 3: janarr5 (button) folded before Flop (didn't bet)
Seat 4: mironchikvld (small blind) folded on the Flop
Seat 5: Desverdi (big blind) collected ($5.70)



PokerStars Hand #254511826341:  Hold'em No Limit ($0.50/$1.00 USD) - 2025/01/23 8:20:43 WET [2025/01/23 3:20:43 ET]
Table 'Ruzena III' 6-max Seat #4 is the button
Seat 1: jeffy27dt1 ($150.03 in chips) 
Seat 2: radu10101 ($29.71 in chips) 
Seat 3: janarr5 ($135.48 in chips) 
Seat 4: mironchikvld ($100 in chips) 
Seat 5: Desverdi ($96.20 in chips) 
Seat 6: fedor0f ($100 in chips) 
Desverdi: posts small blind $0.50
fedor0f: posts big blind $1
*** HOLE CARDS ***
jeffy27dt1: folds 
radu10101: calls $1
janarr5: folds 
mironchikvld: folds 
Desverdi: folds 
fedor0f: checks 
*** FLOP *** [2c 3s 4s]
fedor0f: checks 
radu10101: bets $2
fedor0f: calls $2
*** TURN *** [2c 3s 4s] [2s]
fedor0f: checks 
radu10101: checks 
*** RIVER *** [2c 3s 4s 2s] [6d]
fedor0f: bets $4.33
radu10101: calls $4.33
*** SHOW DOWN ***
fedor0f: shows [5c 9s] (a straight, Deuce to Six)
radu10101: mucks hand 
fedor0f collected $14.40 from pot
*** SUMMARY ***
Total pot $15.16 | Rake $0.76 
Board [2c 3s 4s 2s 6d]
Seat 1: jeffy27dt1 folded before Flop (didn't bet)
Seat 2: radu10101 mucked
Seat 3: janarr5 folded before Flop (didn't bet)
Seat 4: mironchikvld (button) folded before Flop (didn't bet)
Seat 5: Desverdi (small blind) folded before Flop
Seat 6: fedor0f (big blind) showed [5c 9s] and won ($14.40) with a straight, Deuce to Six



PokerStars Hand #254511832639:  Hold'em No Limit ($0.50/$1.00 USD) - 2025/01/23 8:22:05 WET [2025/01/23 3:22:05 ET]
Table 'Ruzena III' 6-max Seat #5 is the button
Seat 1: jeffy27dt1 ($150.03 in chips) 
Seat 2: radu10101 ($22.38 in chips) 
Seat 3: janarr5 ($135.48 in chips) 
Seat 4: mironchikvld ($100 in chips) 
Seat 5: Desverdi ($95.70 in chips) 
Seat 6: fedor0f ($107.07 in chips) 
fedor0f: posts small blind $0.50
jeffy27dt1: posts big blind $1
*** HOLE CARDS ***
radu10101: folds 
janarr5: folds 
mironchikvld: raises $2 to $3
Desverdi: folds 
fedor0f: folds 
jeffy27dt1: folds 
Uncalled bet ($2) returned to mironchikvld
mironchikvld collected $2.50 from pot
mironchikvld: doesn't show hand 
*** SUMMARY ***
Total pot $2.50 | Rake $0 
Seat 1: jeffy27dt1 (big blind) folded before Flop
Seat 2: radu10101 folded before Flop (didn't bet)
Seat 3: janarr5 folded before Flop (didn't bet)
Seat 4: mironchikvld collected ($2.50)
Seat 5: Desverdi (button) folded before Flop (didn't bet)
Seat 6: fedor0f (small blind) folded before Flop



PokerStars Hand #254511833936:  Hold'em No Limit ($0.50/$1.00 USD) - 2025/01/23 8:22:22 WET [2025/01/23 3:22:22 ET]
Table 'Ruzena III' 6-max Seat #6 is the button
Seat 1: jeffy27dt1 ($149.03 in chips) 
Seat 2: radu10101 ($22.38 in chips) 
Seat 3: janarr5 ($135.48 in chips) 
Seat 4: mironchikvld ($101.50 in chips) 
Seat 5: Desverdi ($95.70 in chips) 
Seat 6: fedor0f ($106.57 in chips) 
jeffy27dt1: posts small blind $0.50
radu10101: posts big blind $1
*** HOLE CARDS ***
janarr5: folds 
mironchikvld has timed out
mironchikvld: folds 
Desverdi: calls $1
fedor0f: raises $2.50 to $3.50
jeffy27dt1: raises $9.50 to $13
radu10101: folds 
Desverdi: folds 
fedor0f: calls $9.50
*** FLOP *** [5s 4c 4d]
Desverdi leaves the table
jeffy27dt1: bets $17
fedor0f: folds 
Uncalled bet ($17) returned to jeffy27dt1
jeffy27dt1 collected $26.60 from pot
jeffy27dt1: doesn't show hand 
*** SUMMARY ***
Total pot $28 | Rake $1.40 
Board [5s 4c 4d]
Seat 1: jeffy27dt1 (small blind) collected ($26.60)
Seat 2: radu10101 (big blind) folded before Flop
Seat 3: janarr5 folded before Flop (didn't bet)
Seat 4: mironchikvld folded before Flop (didn't bet)
Seat 5: Desverdi folded before Flop
Seat 6: fedor0f (button) folded on the Flop



PokerStars Hand #254511839055:  Hold'em No Limit ($0.50/$1.00 USD) - 2025/01/23 8:23:27 WET [2025/01/23 3:23:27 ET]
Table 'Ruzena III' 6-max Seat #1 is the button
Seat 4: mironchikvld ($101.50 in chips) is sitting out
Seat 1: jeffy27dt1 ($162.63 in chips) 
Seat 2: radu10101 ($21.38 in chips) 
Seat 3: janarr5 ($135.48 in chips) 
Seat 6: fedor0f ($100 in chips) 
radu10101: posts small blind $0.50
janarr5: posts big blind $1
*** HOLE CARDS ***
fedor0f: folds 
jeffy27dt1: folds 
radu10101: calls $0.50
janarr5: raises $3 to $4
radu10101: folds 
Uncalled bet ($3) returned to janarr5
janarr5 collected $2 from pot
janarr5: doesn't show hand 
*** SUMMARY ***
Total pot $2 | Rake $0 
Seat 4: mironchikvld
Seat 1: jeffy27dt1 (button) folded before Flop (didn't bet)
Seat 2: radu10101 (small blind) folded before Flop
Seat 3: janarr5 (big blind) collected ($2)
Seat 6: fedor0f folded before Flop (didn't bet)



PokerStars Hand #254511840907:  Hold'em No Limit ($0.50/$1.00 USD) - 2025/01/23 8:23:51 WET [2025/01/23 3:23:51 ET]
Table 'Ruzena III' 6-max Seat #2 is the button
Seat 4: mironchikvld ($101.50 in chips) is sitting out
Seat 1: jeffy27dt1 ($162.63 in chips) 
Seat 2: radu10101 ($20.38 in chips) 
Seat 3: janarr5 ($136.48 in chips) 
Seat 6: fedor0f ($100 in chips) 
janarr5: posts small blind $0.50
fedor0f: posts big blind $1
*** HOLE CARDS ***
jeffy27dt1: raises $1.50 to $2.50
radu10101: calls $2.50
janarr5: folds 
fedor0f: calls $1.50
*** FLOP *** [9c 2s 8c]
fedor0f: checks 
jeffy27dt1: bets $3.80
radu10101: calls $3.80
fedor0f: raises $13.30 to $17.10
jeffy27dt1: folds 
radu10101: folds 
Uncalled bet ($13.30) returned to fedor0f
fedor0f collected $18.43 from pot
fedor0f: doesn't show hand 
*** SUMMARY ***
Total pot $19.40 | Rake $0.97 
Board [9c 2s 8c]
Seat 4: mironchikvld
Seat 1: jeffy27dt1 folded on the Flop
Seat 2: radu10101 (button) folded on the Flop
Seat 3: janarr5 (small blind) folded before Flop
Seat 6: fedor0f (big blind) collected ($18.43)



PokerStars Hand #254511845315:  Hold'em No Limit ($0.50/$1.00 USD) - 2025/01/23 8:24:48 WET [2025/01/23 3:24:48 ET]
Table 'Ruzena III' 6-max Seat #6 is the button
Seat 3: janarr5 ($135.98 in chips) is sitting out
Seat 4: mironchikvld ($101.50 in chips) is sitting out
Seat 1: jeffy27dt1 ($156.33 in chips) 
Seat 2: radu10101 ($14.08 in chips) 
Seat 6: fedor0f ($112.13 in chips) 
jeffy27dt1: posts small blind $0.50
radu10101: posts big blind $1
mironchikvld: sits out 
*** HOLE CARDS ***
fedor0f: folds 
CashfishT joins the table at seat #5 
jeffy27dt1: folds 
Uncalled bet ($0.50) returned to radu10101
radu10101 collected $1 from pot
*** SUMMARY ***
Total pot $1 | Rake $0 
Seat 3: janarr5
Seat 4: mironchikvld
Seat 1: jeffy27dt1 (small blind) folded before Flop
Seat 2: radu10101 (big blind) collected ($1)
Seat 6: fedor0f (button) folded before Flop (didn't bet)



PokerStars Hand #254511845917:  Hold'em No Limit ($0.50/$1.00 USD) - 2025/01/23 8:24:56 WET [2025/01/23 3:24:56 ET]
Table 'Ruzena III' 6-max Seat #1 is the button
Seat 3: janarr5 ($135.98 in chips) is sitting out
Seat 5: CashfishT ($100 in chips) is sitting out
Seat 1: jeffy27dt1 ($155.83 in chips) 
Seat 2: radu10101 ($14.58 in chips) 
Seat 4: mironchikvld ($101.50 in chips) 
Seat 6: fedor0f ($112.13 in chips) 
radu10101: posts small blind $0.50
mironchikvld: posts big blind $1
CashfishT: sits out 
*** HOLE CARDS ***
fedor0f: folds 
jeffy27dt1: folds 
radu10101: calls $0.50
mironchikvld: raises $14 to $15
radu10101: folds 
Uncalled bet ($14) returned to mironchikvld
mironchikvld collected $2 from pot
mironchikvld: doesn't show hand 
*** SUMMARY ***
Total pot $2 | Rake $0 
Seat 3: janarr5
Seat 5: CashfishT
Seat 1: jeffy27dt1 (button) folded before Flop (didn't bet)
Seat 2: radu10101 (small blind) folded before Flop
Seat 4: mironchikvld (big blind) collected ($2)
Seat 6: fedor0f folded before Flop (didn't bet)



PokerStars Hand #254511848547:  Hold'em No Limit ($0.50/$1.00 USD) - 2025/01/23 8:25:30 WET [2025/01/23 3:25:30 ET]
Table 'Ruzena III' 6-max Seat #2 is the button
Seat 3: janarr5 ($135.98 in chips) is sitting out
Seat 1: jeffy27dt1 ($155.83 in chips) 
Seat 2: radu10101 ($13.58 in chips) 
Seat 4: mironchikvld ($102.50 in chips) 
Seat 5: CashfishT ($100 in chips) 
Seat 6: fedor0f ($112.13 in chips) 
mironchikvld: posts small blind $0.50
CashfishT: posts big blind $1
*** HOLE CARDS ***
fedor0f: folds 
jeffy27dt1: folds 
radu10101: calls $1
mironchikvld: raises $2 to $3
CashfishT: folds 
radu10101: calls $2
*** FLOP *** [Td 6h 8s]
mironchikvld: bets $11
radu10101: folds 
Uncalled bet ($11) returned to mironchikvld
mironchikvld collected $6.65 from pot
mironchikvld: doesn't show hand 
*** SUMMARY ***
Total pot $7 | Rake $0.35 
Board [Td 6h 8s]
Seat 3: janarr5
Seat 1: jeffy27dt1 folded before Flop (didn't bet)
Seat 2: radu10101 (button) folded on the Flop
Seat 4: mironchikvld (small blind) collected ($6.65)
Seat 5: CashfishT (big blind) folded before Flop
Seat 6: fedor0f folded before Flop (didn't bet)



PokerStars Hand #254511851917:  Hold'em No Limit ($0.50/$1.00 USD) - 2025/01/23 8:26:12 WET [2025/01/23 3:26:12 ET]
Table 'Ruzena III' 6-max Seat #4 is the button
Seat 3: janarr5 ($135.98 in chips) is sitting out
Seat 1: jeffy27dt1 ($155.83 in chips) 
Seat 2: radu10101 ($10.58 in chips) 
Seat 4: mironchikvld ($106.15 in chips) 
Seat 5: CashfishT ($100 in chips) 
Seat 6: fedor0f ($112.13 in chips) 
CashfishT: posts small blind $0.50
fedor0f: posts big blind $1
*** HOLE CARDS ***
jeffy27dt1: folds 
radu10101: calls $1
mironchikvld: folds 
CashfishT: raises $4 to $5
fedor0f: raises $7.50 to $12.50
radu10101: folds 
CashfishT: folds 
Uncalled bet ($7.50) returned to fedor0f
fedor0f collected $11 from pot
fedor0f: doesn't show hand 
*** SUMMARY ***
Total pot $11 | Rake $0 
Seat 3: janarr5
Seat 1: jeffy27dt1 folded before Flop (didn't bet)
Seat 2: radu10101 folded before Flop
Seat 4: mironchikvld (button) folded before Flop (didn't bet)
Seat 5: CashfishT (small blind) folded before Flop
Seat 6: fedor0f (big blind) collected ($11)



PokerStars Hand #254511853928:  Hold'em No Limit ($0.50/$1.00 USD) - 2025/01/23 8:26:38 WET [2025/01/23 3:26:38 ET]
Table 'Ruzena III' 6-max Seat #5 is the button
Seat 3: janarr5 ($135.98 in chips) is sitting out
Seat 1: jeffy27dt1 ($155.83 in chips) 
Seat 2: radu10101 ($9.58 in chips) 
Seat 4: mironchikvld ($106.15 in chips) 
Seat 5: CashfishT ($100 in chips) 
Seat 6: fedor0f ($118.13 in chips) 
fedor0f: posts small blind $0.50
jeffy27dt1: posts big blind $1
janarr5: sits out 
*** HOLE CARDS ***
radu10101: calls $1
mironchikvld: folds 
CashfishT: folds 
fedor0f: raises $2.50 to $3.50
jeffy27dt1: calls $2.50
radu10101: calls $2.50
*** FLOP *** [Th 8c 4h]
fedor0f: checks 
jeffy27dt1: bets $3
radu10101: raises $3.08 to $6.08 and is all-in
fedor0f: raises $12.57 to $18.65
jeffy27dt1: raises $133.68 to $152.33 and is all-in
fedor0f: calls $95.98 and is all-in
Uncalled bet ($37.70) returned to jeffy27dt1
*** TURN *** [Th 8c 4h] [Qd]
*** RIVER *** [Th 8c 4h Qd] [8s]
*** SHOW DOWN ***
fedor0f: shows [Qh Jh] (two pair, Queens and Eights)
jeffy27dt1: shows [Td Ad] (two pair, Tens and Eights)
fedor0f collected $216.04 from side pot
radu10101: shows [Js 7s] (a pair of Eights)
fedor0f collected $27.30 from main pot
*** SUMMARY ***
Total pot $245.84 Main pot $27.30. Side pot $216.04. | Rake $2.50 
Board [Th 8c 4h Qd 8s]
Seat 3: janarr5
Seat 1: jeffy27dt1 (big blind) showed [Td Ad] and lost with two pair, Tens and Eights
Seat 2: radu10101 showed [Js 7s] and lost with a pair of Eights
Seat 4: mironchikvld folded before Flop (didn't bet)
Seat 5: CashfishT (button) folded before Flop (didn't bet)
Seat 6: fedor0f (small blind) showed [Qh Jh] and won ($243.34) with two pair, Queens and Eights



PokerStars Hand #254511861780:  Hold'em No Limit ($0.50/$1.00 USD) - 2025/01/23 8:28:18 WET [2025/01/23 3:28:18 ET]
Table 'Ruzena III' 6-max Seat #6 is the button
Seat 2: radu10101 ($0 in chips) is sitting out
Seat 1: jeffy27dt1 ($100 in chips) 
Seat 3: janarr5 ($135.98 in chips) 
Seat 4: mironchikvld ($106.15 in chips) 
Seat 5: CashfishT ($100 in chips) 
Seat 6: fedor0f ($243.34 in chips) 
jeffy27dt1: posts small blind $0.50
janarr5: posts big blind $1
*** HOLE CARDS ***
mironchikvld: folds 
CashfishT: folds 
fedor0f: folds 
jeffy27dt1: folds 
Uncalled bet ($0.50) returned to janarr5
janarr5 collected $1 from pot
janarr5: doesn't show hand 
*** SUMMARY ***
Total pot $1 | Rake $0 
Seat 2: radu10101
Seat 1: jeffy27dt1 (small blind) folded before Flop
Seat 3: janarr5 (big blind) collected ($1)
Seat 4: mironchikvld folded before Flop (didn't bet)
Seat 5: CashfishT folded before Flop (didn't bet)
Seat 6: fedor0f (button) folded before Flop (didn't bet)



PokerStars Hand #254511862696:  Hold'em No Limit ($0.50/$1.00 USD) - 2025/01/23 8:28:30 WET [2025/01/23 3:28:30 ET]
Table 'Ruzena III' 6-max Seat #1 is the button
Seat 1: jeffy27dt1 ($100 in chips) 
Seat 3: janarr5 ($136.48 in chips) 
Seat 4: mironchikvld ($106.15 in chips) 
Seat 5: CashfishT ($100 in chips) 
Seat 6: fedor0f ($243.34 in chips) 
janarr5: posts small blind $0.50
radu10101 leaves the table
mironchikvld: posts big blind $1
*** HOLE CARDS ***
CashfishT: raises $1.20 to $2.20
fedor0f: folds 
jeffy27dt1: folds 
janarr5: folds 
mironchikvld: folds 
Uncalled bet ($1.20) returned to CashfishT
CashfishT collected $2.50 from pot
CashfishT: doesn't show hand 
*** SUMMARY ***
Total pot $2.50 | Rake $0 
Seat 1: jeffy27dt1 (button) folded before Flop (didn't bet)
Seat 3: janarr5 (small blind) folded before Flop
Seat 4: mironchikvld (big blind) folded before Flop
Seat 5: CashfishT collected ($2.50)
Seat 6: fedor0f folded before Flop (didn't bet)



PokerStars Hand #254511956576:  Hold'em No Limit ($0.50/$1.00 USD) - 2025/01/23 8:47:48 WET [2025/01/23 3:47:48 ET]
Table 'Ruzena III' 6-max Seat #5 is the button
Seat 1: fedor0f ($243.34 in chips) 
Seat 3: daynamite23 ($17.01 in chips) 
Seat 4: Poker9803 ($113.25 in chips) 
Seat 5: Supermegopro ($100 in chips) 
Seat 6: fataleggs13 ($75 in chips) 
fataleggs13: posts small blind $0.50
fedor0f: posts big blind $1
*** HOLE CARDS ***
daynamite23: folds 
Poker9803: folds 
Supermegopro: folds 
fataleggs13: raises $2 to $3
fedor0f: raises $5.50 to $8.50
fataleggs13: calls $5.50
*** FLOP *** [9h 3c 3s]
fataleggs13: checks 
fedor0f: bets $4.85
fataleggs13: calls $4.85
*** TURN *** [9h 3c 3s] [Qd]
fataleggs13: checks 
fedor0f: checks 
*** RIVER *** [9h 3c 3s Qd] [6d]
fataleggs13: checks 
fedor0f: checks 
*** SHOW DOWN ***
fataleggs13: shows [As 7s] (a pair of Threes)
fedor0f: shows [8d 8h] (two pair, Eights and Threes)
fedor0f collected $25.36 from pot
*** SUMMARY ***
Total pot $26.70 | Rake $1.34 
Board [9h 3c 3s Qd 6d]
Seat 1: fedor0f (big blind) showed [8d 8h] and won ($25.36) with two pair, Eights and Threes
Seat 3: daynamite23 folded before Flop (didn't bet)
Seat 4: Poker9803 folded before Flop (didn't bet)
Seat 5: Supermegopro (button) folded before Flop (didn't bet)
Seat 6: fataleggs13 (small blind) showed [As 7s] and lost with a pair of Threes



PokerStars Hand #254511963716:  Hold'em No Limit ($0.50/$1.00 USD) - 2025/01/23 8:49:14 WET [2025/01/23 3:49:14 ET]
Table 'Ruzena III' 6-max Seat #6 is the button
Seat 1: fedor0f ($255.35 in chips) 
Seat 3: daynamite23 ($17.01 in chips) 
Seat 4: Poker9803 ($113.25 in chips) 
Seat 5: Supermegopro ($100 in chips) 
Seat 6: fataleggs13 ($75 in chips) 
fedor0f: posts small blind $0.50
daynamite23: posts big blind $1
*** HOLE CARDS ***
Poker9803: folds 
Supermegopro: folds 
fataleggs13: raises $1.50 to $2.50
fedor0f: folds 
daynamite23: calls $1.50
*** FLOP *** [Qd 3s Th]
daynamite23: checks 
fataleggs13: bets $3.92
daynamite23: calls $3.92
*** TURN *** [Qd 3s Th] [6s]
daynamite23: checks 
fataleggs13: bets $9.50
daynamite23: folds 
Uncalled bet ($9.50) returned to fataleggs13
fataleggs13 collected $12.67 from pot
fataleggs13: doesn't show hand 
*** SUMMARY ***
Total pot $13.34 | Rake $0.67 
Board [Qd 3s Th 6s]
Seat 1: fedor0f (small blind) folded before Flop
Seat 3: daynamite23 (big blind) folded on the Turn
Seat 4: Poker9803 folded before Flop (didn't bet)
Seat 5: Supermegopro folded before Flop (didn't bet)
Seat 6: fataleggs13 (button) collected ($12.67)



PokerStars Hand #254511966848:  Hold'em No Limit ($0.50/$1.00 USD) - 2025/01/23 8:49:53 WET [2025/01/23 3:49:53 ET]
Table 'Ruzena III' 6-max Seat #1 is the button
Seat 1: fedor0f ($254.85 in chips) 
Seat 3: daynamite23 ($10.59 in chips) 
Seat 4: Poker9803 ($113.25 in chips) 
Seat 5: Supermegopro ($100 in chips) 
Seat 6: fataleggs13 ($81.25 in chips) 
daynamite23: posts small blind $0.50
Poker9803: posts big blind $1
*** HOLE CARDS ***
Supermegopro: folds 
fataleggs13: folds 
fedor0f: raises $1.20 to $2.20
daynamite23: raises $8.39 to $10.59 and is all-in
Poker9803: folds 
fedor0f: folds 
Uncalled bet ($8.39) returned to daynamite23
daynamite23 collected $5.40 from pot
*** SUMMARY ***
Total pot $5.40 | Rake $0 
Seat 1: fedor0f (button) folded before Flop
Seat 3: daynamite23 (small blind) collected ($5.40)
Seat 4: Poker9803 (big blind) folded before Flop
Seat 5: Supermegopro folded before Flop (didn't bet)
Seat 6: fataleggs13 folded before Flop (didn't bet)



PokerStars Hand #254511968420:  Hold'em No Limit ($0.50/$1.00 USD) - 2025/01/23 8:50:11 WET [2025/01/23 3:50:11 ET]
Table 'Ruzena III' 6-max Seat #3 is the button
Seat 1: fedor0f ($252.65 in chips) 
Seat 3: daynamite23 ($13.79 in chips) 
Seat 4: Poker9803 ($112.25 in chips) 
Seat 5: Supermegopro ($100 in chips) 
Seat 6: fataleggs13 ($81.25 in chips) 
Poker9803: posts small blind $0.50
Supermegopro: posts big blind $1
*** HOLE CARDS ***
fataleggs13: folds 
fedor0f: raises $1.20 to $2.20
daynamite23: folds 
Poker9803: folds 
Supermegopro: calls $1.20
*** FLOP *** [As 4s Ks]
Supermegopro: checks 
fedor0f: checks 
*** TURN *** [As 4s Ks] [5d]
Supermegopro: bets $3.11
fedor0f: calls $3.11
*** RIVER *** [As 4s Ks 5d] [Jc]
janarr5 joins the table at seat #2 
Supermegopro: bets $7.04
fedor0f: folds 
Uncalled bet ($7.04) returned to Supermegopro
Supermegopro collected $10.56 from pot
Supermegopro: doesn't show hand 
*** SUMMARY ***
Total pot $11.12 | Rake $0.56 
Board [As 4s Ks 5d Jc]
Seat 1: fedor0f folded on the River
Seat 3: daynamite23 (button) folded before Flop (didn't bet)
Seat 4: Poker9803 (small blind) folded before Flop
Seat 5: Supermegopro (big blind) collected ($10.56)
Seat 6: fataleggs13 folded before Flop (didn't bet)



PokerStars Hand #254511973248:  Hold'em No Limit ($0.50/$1.00 USD) - 2025/01/23 8:51:10 WET [2025/01/23 3:51:10 ET]
Table 'Ruzena III' 6-max Seat #4 is the button
Seat 2: janarr5 ($137.98 in chips) is sitting out
Seat 1: fedor0f ($247.34 in chips) 
Seat 3: daynamite23 ($13.79 in chips) 
Seat 4: Poker9803 ($111.75 in chips) 
Seat 5: Supermegopro ($105.25 in chips) 
Seat 6: fataleggs13 ($81.25 in chips) 
Supermegopro: posts small blind $0.50
fataleggs13: posts big blind $1
janarr5: sits out 
*** HOLE CARDS ***
fedor0f: folds 
daynamite23: folds 
Poker9803: folds 
Supermegopro: raises $2 to $3
fataleggs13: raises $6 to $9
Supermegopro: folds 
Uncalled bet ($6) returned to fataleggs13
fataleggs13 collected $6 from pot
fataleggs13: doesn't show hand 
*** SUMMARY ***
Total pot $6 | Rake $0 
Seat 2: janarr5
Seat 1: fedor0f folded before Flop (didn't bet)
Seat 3: daynamite23 folded before Flop (didn't bet)
Seat 4: Poker9803 (button) folded before Flop (didn't bet)
Seat 5: Supermegopro (small blind) folded before Flop
Seat 6: fataleggs13 (big blind) collected ($6)



PokerStars Hand #254511977033:  Hold'em No Limit ($0.50/$1.00 USD) - 2025/01/23 8:51:55 WET [2025/01/23 3:51:55 ET]
Table 'Ruzena III' 6-max Seat #5 is the button
Seat 2: janarr5 ($137.98 in chips) is sitting out
Seat 1: fedor0f ($247.34 in chips) 
Seat 3: daynamite23 ($13.79 in chips) 
Seat 4: Poker9803 ($111.75 in chips) 
Seat 5: Supermegopro ($102.25 in chips) 
Seat 6: fataleggs13 ($84.25 in chips) 
fataleggs13: posts small blind $0.50
fedor0f: posts big blind $1
janarr5: sits out 
*** HOLE CARDS ***
daynamite23: raises $2 to $3
Poker9803: raises $5 to $8
Supermegopro: folds 
fataleggs13: folds 
fedor0f: folds 
daynamite23: raises $5.79 to $13.79 and is all-in
Poker9803: calls $5.79
*** FLOP *** [Qs 4c Kd]
*** TURN *** [Qs 4c Kd] [Ts]
*** RIVER *** [Qs 4c Kd Ts] [3c]
*** SHOW DOWN ***
daynamite23: shows [3d Qd] (two pair, Queens and Threes)
Poker9803: shows [Js Jh] (a pair of Jacks)
daynamite23 collected $27.63 from pot
*** SUMMARY ***
Total pot $29.08 | Rake $1.45 
Board [Qs 4c Kd Ts 3c]
Seat 2: janarr5
Seat 1: fedor0f (big blind) folded before Flop
Seat 3: daynamite23 showed [3d Qd] and won ($27.63) with two pair, Queens and Threes
Seat 4: Poker9803 showed [Js Jh] and lost with a pair of Jacks
Seat 5: Supermegopro (button) folded before Flop (didn't bet)
Seat 6: fataleggs13 (small blind) folded before Flop



PokerStars Hand #254511979211:  Hold'em No Limit ($0.50/$1.00 USD) - 2025/01/23 8:52:21 WET [2025/01/23 3:52:21 ET]
Table 'Ruzena III' 6-max Seat #6 is the button
Seat 1: fedor0f ($246.34 in chips) 
Seat 2: janarr5 ($137.98 in chips) 
Seat 3: daynamite23 ($27.63 in chips) 
Seat 4: Poker9803 ($100 in chips) 
Seat 5: Supermegopro ($102.25 in chips) 
Seat 6: fataleggs13 ($83.75 in chips) 
fedor0f: posts small blind $0.50
janarr5: posts big blind $1
*** HOLE CARDS ***
daynamite23: folds 
Poker9803: folds 
Supermegopro: raises $1.50 to $2.50
fataleggs13: raises $5 to $7.50
fedor0f: folds 
janarr5: folds 
Supermegopro: calls $5
*** FLOP *** [Qh 3s 3h]
Supermegopro: checks 
fataleggs13: bets $8.15
Supermegopro: folds 
Uncalled bet ($8.15) returned to fataleggs13
fataleggs13 collected $15.68 from pot
fataleggs13: doesn't show hand 
*** SUMMARY ***
Total pot $16.50 | Rake $0.82 
Board [Qh 3s 3h]
Seat 1: fedor0f (small blind) folded before Flop
Seat 2: janarr5 (big blind) folded before Flop
Seat 3: daynamite23 folded before Flop (didn't bet)
Seat 4: Poker9803 folded before Flop (didn't bet)
Seat 5: Supermegopro folded on the Flop
Seat 6: fataleggs13 (button) collected ($15.68)



PokerStars Hand #254511982182:  Hold'em No Limit ($0.50/$1.00 USD) - 2025/01/23 8:52:56 WET [2025/01/23 3:52:56 ET]
Table 'Ruzena III' 6-max Seat #1 is the button
Seat 1: fedor0f ($245.84 in chips) 
Seat 2: janarr5 ($136.98 in chips) 
Seat 3: daynamite23 ($27.63 in chips) 
Seat 4: Poker9803 ($100 in chips) 
Seat 5: Supermegopro ($100 in chips) 
Seat 6: fataleggs13 ($91.93 in chips) 
janarr5: posts small blind $0.50
daynamite23: posts big blind $1
*** HOLE CARDS ***
Poker9803: folds 
Supermegopro: raises $1.50 to $2.50
fataleggs13: folds 
fedor0f: folds 
janarr5: folds 
daynamite23: raises $5.50 to $8
Supermegopro: calls $5.50
*** FLOP *** [7s 3h 6d]
daynamite23: bets $19.63 and is all-in
Supermegopro: folds 
Uncalled bet ($19.63) returned to daynamite23
daynamite23 collected $15.68 from pot
*** SUMMARY ***
Total pot $16.50 | Rake $0.82 
Board [7s 3h 6d]
Seat 1: fedor0f (button) folded before Flop (didn't bet)
Seat 2: janarr5 (small blind) folded before Flop
Seat 3: daynamite23 (big blind) collected ($15.68)
Seat 4: Poker9803 folded before Flop (didn't bet)
Seat 5: Supermegopro folded on the Flop
Seat 6: fataleggs13 folded before Flop (didn't bet)



PokerStars Hand #254511985758:  Hold'em No Limit ($0.50/$1.00 USD) - 2025/01/23 8:53:39 WET [2025/01/23 3:53:39 ET]
Table 'Ruzena III' 6-max Seat #2 is the button
Seat 1: fedor0f ($245.84 in chips) 
Seat 2: janarr5 ($136.48 in chips) 
Seat 3: daynamite23 ($35.31 in chips) 
Seat 4: Poker9803 ($100 in chips) 
Seat 5: Supermegopro ($100 in chips) 
Seat 6: fataleggs13 ($91.93 in chips) 
daynamite23: posts small blind $0.50
Poker9803: posts big blind $1
*** HOLE CARDS ***
Supermegopro: folds 
fataleggs13: folds 
fedor0f: raises $1.20 to $2.20
janarr5: folds 
daynamite23: folds 
Poker9803: folds 
Uncalled bet ($1.20) returned to fedor0f
fedor0f collected $2.50 from pot
fedor0f: doesn't show hand 
*** SUMMARY ***
Total pot $2.50 | Rake $0 
Seat 1: fedor0f collected ($2.50)
Seat 2: janarr5 (button) folded before Flop (didn't bet)
Seat 3: daynamite23 (small blind) folded before Flop
Seat 4: Poker9803 (big blind) folded before Flop
Seat 5: Supermegopro folded before Flop (didn't bet)
Seat 6: fataleggs13 folded before Flop (didn't bet)



PokerStars Hand #254511987130:  Hold'em No Limit ($0.50/$1.00 USD) - 2025/01/23 8:53:55 WET [2025/01/23 3:53:55 ET]
Table 'Ruzena III' 6-max Seat #3 is the button
Seat 1: fedor0f ($247.34 in chips) 
Seat 2: janarr5 ($136.48 in chips) 
Seat 3: daynamite23 ($34.81 in chips) 
Seat 4: Poker9803 ($100 in chips) 
Seat 5: Supermegopro ($100 in chips) 
Seat 6: fataleggs13 ($91.93 in chips) 
Poker9803: posts small blind $0.50
Supermegopro: posts big blind $1
*** HOLE CARDS ***
fataleggs13: folds 
fedor0f: raises $1 to $2
janarr5: folds 
daynamite23: calls $2
Poker9803: folds 
Supermegopro: calls $1
*** FLOP *** [2c 6s 8h]
Supermegopro: checks 
fedor0f: checks 
daynamite23: bets $2
Supermegopro: folds 
fedor0f: folds 
Uncalled bet ($2) returned to daynamite23
daynamite23 collected $6.18 from pot
*** SUMMARY ***
Total pot $6.50 | Rake $0.32 
Board [2c 6s 8h]
Seat 1: fedor0f folded on the Flop
Seat 2: janarr5 folded before Flop (didn't bet)
Seat 3: daynamite23 (button) collected ($6.18)
Seat 4: Poker9803 (small blind) folded before Flop
Seat 5: Supermegopro (big blind) folded on the Flop
Seat 6: fataleggs13 folded before Flop (didn't bet)



PokerStars Hand #254511991974:  Hold'em No Limit ($0.50/$1.00 USD) - 2025/01/23 8:54:54 WET [2025/01/23 3:54:54 ET]
Table 'Ruzena III' 6-max Seat #4 is the button
Seat 1: fedor0f ($245.34 in chips) 
Seat 2: janarr5 ($136.48 in chips) 
Seat 3: daynamite23 ($38.99 in chips) 
Seat 4: Poker9803 ($100 in chips) 
Seat 5: Supermegopro ($100 in chips) 
Seat 6: fataleggs13 ($91.93 in chips) 
Supermegopro: posts small blind $0.50
fataleggs13: posts big blind $1
*** HOLE CARDS ***
fedor0f: folds 
janarr5: folds 
daynamite23: folds 
Poker9803: folds 
Supermegopro: folds 
Uncalled bet ($0.50) returned to fataleggs13
fataleggs13 collected $1 from pot
fataleggs13: doesn't show hand 
*** SUMMARY ***
Total pot $1 | Rake $0 
Seat 1: fedor0f folded before Flop (didn't bet)
Seat 2: janarr5 folded before Flop (didn't bet)
Seat 3: daynamite23 folded before Flop (didn't bet)
Seat 4: Poker9803 (button) folded before Flop (didn't bet)
Seat 5: Supermegopro (small blind) folded before Flop
Seat 6: fataleggs13 (big blind) collected ($1)



PokerStars Hand #254511993408:  Hold'em No Limit ($0.50/$1.00 USD) - 2025/01/23 8:55:11 WET [2025/01/23 3:55:11 ET]
Table 'Ruzena III' 6-max Seat #5 is the button
Seat 1: fedor0f ($245.34 in chips) 
Seat 2: janarr5 ($136.48 in chips) 
Seat 3: daynamite23 ($38.99 in chips) 
Seat 4: Poker9803 ($100 in chips) 
Seat 5: Supermegopro ($100 in chips) 
Seat 6: fataleggs13 ($92.43 in chips) 
fataleggs13: posts small blind $0.50
fedor0f: posts big blind $1
*** HOLE CARDS ***
janarr5: raises $1.25 to $2.25
daynamite23: folds 
Poker9803: folds 
Supermegopro: folds 
fataleggs13: folds 
fedor0f: folds 
Uncalled bet ($1.25) returned to janarr5
janarr5 collected $2.50 from pot
janarr5: doesn't show hand 
*** SUMMARY ***
Total pot $2.50 | Rake $0 
Seat 1: fedor0f (big blind) folded before Flop
Seat 2: janarr5 collected ($2.50)
Seat 3: daynamite23 folded before Flop (didn't bet)
Seat 4: Poker9803 folded before Flop (didn't bet)
Seat 5: Supermegopro (button) folded before Flop (didn't bet)
Seat 6: fataleggs13 (small blind) folded before Flop



PokerStars Hand #254511995569:  Hold'em No Limit ($0.50/$1.00 USD) - 2025/01/23 8:55:40 WET [2025/01/23 3:55:40 ET]
Table 'Ruzena III' 6-max Seat #6 is the button
Seat 1: fedor0f ($244.34 in chips) 
Seat 2: janarr5 ($137.98 in chips) 
Seat 3: daynamite23 ($38.99 in chips) 
Seat 4: Poker9803 ($100 in chips) 
Seat 5: Supermegopro ($100 in chips) 
Seat 6: fataleggs13 ($91.93 in chips) 
fedor0f: posts small blind $0.50
janarr5: posts big blind $1
*** HOLE CARDS ***
daynamite23 has timed out
daynamite23: folds 
Poker9803: folds 
Supermegopro: folds 
fataleggs13: raises $1.50 to $2.50
fedor0f: folds 
janarr5: folds 
Uncalled bet ($1.50) returned to fataleggs13
fataleggs13 collected $2.50 from pot
fataleggs13: doesn't show hand 
*** SUMMARY ***
Total pot $2.50 | Rake $0 
Seat 1: fedor0f (small blind) folded before Flop
Seat 2: janarr5 (big blind) folded before Flop
Seat 3: daynamite23 folded before Flop (didn't bet)
Seat 4: Poker9803 folded before Flop (didn't bet)
Seat 5: Supermegopro folded before Flop (didn't bet)
Seat 6: fataleggs13 (button) collected ($2.50)



PokerStars Hand #254511998125:  Hold'em No Limit ($0.50/$1.00 USD) - 2025/01/23 8:56:15 WET [2025/01/23 3:56:15 ET]
Table 'Ruzena III' 6-max Seat #1 is the button
Seat 3: daynamite23 ($38.99 in chips) is sitting out
Seat 1: fedor0f ($243.84 in chips) 
Seat 2: janarr5 ($136.98 in chips) 
Seat 4: Poker9803 ($100 in chips) 
Seat 5: Supermegopro ($100 in chips) 
Seat 6: fataleggs13 ($93.43 in chips) 
janarr5: posts small blind $0.50
Poker9803: posts big blind $1
*** HOLE CARDS ***
Supermegopro: raises $1.50 to $2.50
fataleggs13: folds 
fedor0f: folds 
janarr5: folds 
Poker9803: folds 
Uncalled bet ($1.50) returned to Supermegopro
Supermegopro collected $2.50 from pot
Supermegopro: doesn't show hand 
*** SUMMARY ***
Total pot $2.50 | Rake $0 
Seat 3: daynamite23
Seat 1: fedor0f (button) folded before Flop (didn't bet)
Seat 2: janarr5 (small blind) folded before Flop
Seat 4: Poker9803 (big blind) folded before Flop
Seat 5: Supermegopro collected ($2.50)
Seat 6: fataleggs13 folded before Flop (didn't bet)



PokerStars Hand #254511999079:  Hold'em No Limit ($0.50/$1.00 USD) - 2025/01/23 8:56:29 WET [2025/01/23 3:56:29 ET]
Table 'Ruzena III' 6-max Seat #2 is the button
Seat 3: daynamite23 ($38.99 in chips) is sitting out
Seat 1: fedor0f ($243.84 in chips) 
Seat 2: janarr5 ($136.48 in chips) 
Seat 4: Poker9803 ($100 in chips) 
Seat 5: Supermegopro ($101.50 in chips) 
Seat 6: fataleggs13 ($93.43 in chips) 
Poker9803: posts small blind $0.50
Supermegopro: posts big blind $1
*** HOLE CARDS ***
fataleggs13: folds 
fedor0f: folds 
janarr5: folds 
daynamite23 is disconnected 
Poker9803: folds 
Uncalled bet ($0.50) returned to Supermegopro
Supermegopro collected $1 from pot
Supermegopro: doesn't show hand 
*** SUMMARY ***
Total pot $1 | Rake $0 
Seat 3: daynamite23
Seat 1: fedor0f folded before Flop (didn't bet)
Seat 2: janarr5 (button) folded before Flop (didn't bet)
Seat 4: Poker9803 (small blind) folded before Flop
Seat 5: Supermegopro (big blind) collected ($1)
Seat 6: fataleggs13 folded before Flop (didn't bet)



PokerStars Hand #254512000112:  Hold'em No Limit ($0.50/$1.00 USD) - 2025/01/23 8:56:43 WET [2025/01/23 3:56:43 ET]
Table 'Ruzena III' 6-max Seat #4 is the button
Seat 3: daynamite23 ($38.99 in chips) is sitting out
Seat 1: fedor0f ($243.84 in chips) 
Seat 2: janarr5 ($136.48 in chips) 
Seat 4: Poker9803 ($100 in chips) 
Seat 5: Supermegopro ($102 in chips) 
Seat 6: fataleggs13 ($93.43 in chips) 
Supermegopro: posts small blind $0.50
fataleggs13: posts big blind $1
*** HOLE CARDS ***
fedor0f: folds 
janarr5: folds 
Poker9803: raises $1.50 to $2.50
Supermegopro: folds 
fataleggs13: folds 
Uncalled bet ($1.50) returned to Poker9803
Poker9803 collected $2.50 from pot
Poker9803: doesn't show hand 
*** SUMMARY ***
Total pot $2.50 | Rake $0 
Seat 3: daynamite23
Seat 1: fedor0f folded before Flop (didn't bet)
Seat 2: janarr5 folded before Flop (didn't bet)
Seat 4: Poker9803 (button) collected ($2.50)
Seat 5: Supermegopro (small blind) folded before Flop
Seat 6: fataleggs13 (big blind) folded before Flop



PokerStars Hand #254512001628:  Hold'em No Limit ($0.50/$1.00 USD) - 2025/01/23 8:57:04 WET [2025/01/23 3:57:04 ET]
Table 'Ruzena III' 6-max Seat #5 is the button
Seat 3: daynamite23 ($38.99 in chips) is sitting out
Seat 1: fedor0f ($243.84 in chips) 
Seat 2: janarr5 ($136.48 in chips) 
Seat 4: Poker9803 ($101.50 in chips) 
Seat 5: Supermegopro ($101.50 in chips) 
Seat 6: fataleggs13 ($92.43 in chips) 
fataleggs13: posts small blind $0.50
fedor0f: posts big blind $1
daynamite23: sits out 
*** HOLE CARDS ***
janarr5: folds 
Poker9803: folds 
Supermegopro: folds 
fataleggs13: folds 
Uncalled bet ($0.50) returned to fedor0f
fedor0f collected $1 from pot
fedor0f: doesn't show hand 
*** SUMMARY ***
Total pot $1 | Rake $0 
Seat 3: daynamite23
Seat 1: fedor0f (big blind) collected ($1)
Seat 2: janarr5 folded before Flop (didn't bet)
Seat 4: Poker9803 folded before Flop (didn't bet)
Seat 5: Supermegopro (button) folded before Flop (didn't bet)
Seat 6: fataleggs13 (small blind) folded before Flop



PokerStars Hand #254512002289:  Hold'em No Limit ($0.50/$1.00 USD) - 2025/01/23 8:57:13 WET [2025/01/23 3:57:13 ET]
Table 'Ruzena III' 6-max Seat #6 is the button
Seat 3: daynamite23 ($38.99 in chips) is sitting out
Seat 1: fedor0f ($244.34 in chips) 
Seat 2: janarr5 ($136.48 in chips) 
Seat 4: Poker9803 ($101.50 in chips) 
Seat 5: Supermegopro ($101.50 in chips) 
Seat 6: fataleggs13 ($91.93 in chips) 
fedor0f: posts small blind $0.50
janarr5: posts big blind $1
daynamite23: sits out 
*** HOLE CARDS ***
Poker9803: folds 
Supermegopro: folds 
fataleggs13: folds 
fedor0f: folds 
Uncalled bet ($0.50) returned to janarr5
janarr5 collected $1 from pot
janarr5: doesn't show hand 
*** SUMMARY ***
Total pot $1 | Rake $0 
Seat 3: daynamite23
Seat 1: fedor0f (small blind) folded before Flop
Seat 2: janarr5 (big blind) collected ($1)
Seat 4: Poker9803 folded before Flop (didn't bet)
Seat 5: Supermegopro folded before Flop (didn't bet)
Seat 6: fataleggs13 (button) folded before Flop (didn't bet)



PokerStars Hand #254512003055:  Hold'em No Limit ($0.50/$1.00 USD) - 2025/01/23 8:57:24 WET [2025/01/23 3:57:24 ET]
Table 'Ruzena III' 6-max Seat #1 is the button
Seat 1: fedor0f ($243.84 in chips) 
Seat 2: janarr5 ($136.98 in chips) 
Seat 3: daynamite23 ($38.99 in chips) 
Seat 4: Poker9803 ($101.50 in chips) 
Seat 5: Supermegopro ($101.50 in chips) 
Seat 6: fataleggs13 ($91.93 in chips) 
janarr5: posts small blind $0.50
daynamite23: posts big blind $1
*** HOLE CARDS ***
Poker9803: raises $1 to $2
Supermegopro: raises $5.50 to $7.50
fataleggs13: folds 
fedor0f: folds 
janarr5: folds 
daynamite23 is disconnected 
daynamite23 is connected 
daynamite23: folds 
Poker9803: raises $12.75 to $20.25
Supermegopro: calls $12.75
*** FLOP *** [9s Kc Qc]
Poker9803: bets $9.97
Supermegopro: calls $9.97
*** TURN *** [9s Kc Qc] [9c]
Poker9803: checks 
Supermegopro: checks 
*** RIVER *** [9s Kc Qc 9c] [Qs]
Poker9803: bets $71.28 and is all-in
Supermegopro: folds 
Uncalled bet ($71.28) returned to Poker9803
Poker9803 collected $59.44 from pot
Poker9803: doesn't show hand 
*** SUMMARY ***
Total pot $61.94 | Rake $2.50 
Board [9s Kc Qc 9c Qs]
Seat 1: fedor0f (button) folded before Flop (didn't bet)
Seat 2: janarr5 (small blind) folded before Flop
Seat 3: daynamite23 (big blind) folded before Flop
Seat 4: Poker9803 collected ($59.44)
Seat 5: Supermegopro folded on the River
Seat 6: fataleggs13 folded before Flop (didn't bet)



PokerStars Hand #254512010924:  Hold'em No Limit ($0.50/$1.00 USD) - 2025/01/23 8:59:13 WET [2025/01/23 3:59:13 ET]
Table 'Ruzena III' 6-max Seat #2 is the button
Seat 1: fedor0f ($243.84 in chips) 
Seat 2: janarr5 ($136.48 in chips) 
Seat 3: daynamite23 ($37.99 in chips) 
Seat 4: Poker9803 ($130.72 in chips) 
Seat 5: Supermegopro ($100 in chips) 
Seat 6: fataleggs13 ($91.93 in chips) 
daynamite23: posts small blind $0.50
Poker9803: posts big blind $1
*** HOLE CARDS ***
Supermegopro: raises $1.50 to $2.50
fataleggs13: folds 
fedor0f: folds 
janarr5: folds 
daynamite23: calls $2
Poker9803: folds 
*** FLOP *** [Js 6s Kc]
daynamite23: checks 
Supermegopro: checks 
*** TURN *** [Js 6s Kc] [Jc]
daynamite23: checks 
Supermegopro: bets $4.28
daynamite23: calls $4.28
*** RIVER *** [Js 6s Kc Jc] [Qc]
daynamite23: checks 
Supermegopro: checks 
*** SHOW DOWN ***
daynamite23: shows [Jh Ts] (three of a kind, Jacks)
Supermegopro: mucks hand 
daynamite23 collected $13.83 from pot
*** SUMMARY ***
Total pot $14.56 | Rake $0.73 
Board [Js 6s Kc Jc Qc]
Seat 1: fedor0f folded before Flop (didn't bet)
Seat 2: janarr5 (button) folded before Flop (didn't bet)
Seat 3: daynamite23 (small blind) showed [Jh Ts] and won ($13.83) with three of a kind, Jacks
Seat 4: Poker9803 (big blind) folded before Flop
Seat 5: Supermegopro mucked
Seat 6: fataleggs13 folded before Flop (didn't bet)



PokerStars Hand #254512014386:  Hold'em No Limit ($0.50/$1.00 USD) - 2025/01/23 9:00:00 WET [2025/01/23 4:00:00 ET]
Table 'Ruzena III' 6-max Seat #3 is the button
Seat 1: fedor0f ($243.84 in chips) 
Seat 2: janarr5 ($136.48 in chips) 
Seat 3: daynamite23 ($45.04 in chips) 
Seat 4: Poker9803 ($129.72 in chips) 
Seat 5: Supermegopro ($100 in chips) 
Seat 6: fataleggs13 ($91.93 in chips) 
Poker9803: posts small blind $0.50
Supermegopro: posts big blind $1
*** HOLE CARDS ***
fataleggs13: folds 
fedor0f: folds 
janarr5: raises $1.25 to $2.25
daynamite23: folds 
Poker9803: folds 
Supermegopro: folds 
Uncalled bet ($1.25) returned to janarr5
janarr5 collected $2.50 from pot
janarr5: doesn't show hand 
*** SUMMARY ***
Total pot $2.50 | Rake $0 
Seat 1: fedor0f folded before Flop (didn't bet)
Seat 2: janarr5 collected ($2.50)
Seat 3: daynamite23 (button) folded before Flop (didn't bet)
Seat 4: Poker9803 (small blind) folded before Flop
Seat 5: Supermegopro (big blind) folded before Flop
Seat 6: fataleggs13 folded before Flop (didn't bet)



PokerStars Hand #254512016332:  Hold'em No Limit ($0.50/$1.00 USD) - 2025/01/23 9:00:27 WET [2025/01/23 4:00:27 ET]
Table 'Ruzena III' 6-max Seat #4 is the button
Seat 1: fedor0f ($243.84 in chips) 
Seat 2: janarr5 ($137.98 in chips) 
Seat 3: daynamite23 ($45.04 in chips) 
Seat 4: Poker9803 ($129.22 in chips) 
Seat 5: Supermegopro ($100 in chips) 
Seat 6: fataleggs13 ($91.93 in chips) 
Supermegopro: posts small blind $0.50
fataleggs13: posts big blind $1
*** HOLE CARDS ***
fedor0f: folds 
janarr5: folds 
daynamite23: folds 
Poker9803: raises $1.50 to $2.50
Supermegopro: folds 
fataleggs13: calls $1.50
*** FLOP *** [4d Kh 6c]
fataleggs13: checks 
Poker9803: checks 
*** TURN *** [4d Kh 6c] [Tc]
fataleggs13: checks 
Poker9803: checks 
*** RIVER *** [4d Kh 6c Tc] [Kc]
fataleggs13: bets $1.83
Poker9803: calls $1.83
*** SHOW DOWN ***
fataleggs13: shows [Ts 6s] (two pair, Kings and Tens)
Poker9803: mucks hand 
fataleggs13 collected $8.70 from pot
*** SUMMARY ***
Total pot $9.16 | Rake $0.46 
Board [4d Kh 6c Tc Kc]
Seat 1: fedor0f folded before Flop (didn't bet)
Seat 2: janarr5 folded before Flop (didn't bet)
Seat 3: daynamite23 folded before Flop (didn't bet)
Seat 4: Poker9803 (button) mucked
Seat 5: Supermegopro (small blind) folded before Flop
Seat 6: fataleggs13 (big blind) showed [Ts 6s] and won ($8.70) with two pair, Kings and Tens



PokerStars Hand #254512020968:  Hold'em No Limit ($0.50/$1.00 USD) - 2025/01/23 9:01:24 WET [2025/01/23 4:01:24 ET]
Table 'Ruzena III' 6-max Seat #5 is the button
Seat 1: fedor0f ($243.84 in chips) 
Seat 2: janarr5 ($137.98 in chips) 
Seat 3: daynamite23 ($45.04 in chips) 
Seat 4: Poker9803 ($124.89 in chips) 
Seat 5: Supermegopro ($100 in chips) 
Seat 6: fataleggs13 ($96.30 in chips) 
fataleggs13: posts small blind $0.50
fedor0f: posts big blind $1
*** HOLE CARDS ***
janarr5: folds 
janarr5 leaves the table
daynamite23: raises $2 to $3
Poker9803: folds 
Supermegopro: folds 
ChuckNorrisQ joins the table at seat #2 
fataleggs13: folds 
fedor0f: folds 
Uncalled bet ($2) returned to daynamite23
daynamite23 collected $2.50 from pot
*** SUMMARY ***
Total pot $2.50 | Rake $0 
Seat 1: fedor0f (big blind) folded before Flop
Seat 2: janarr5 folded before Flop (didn't bet)
Seat 3: daynamite23 collected ($2.50)
Seat 4: Poker9803 folded before Flop (didn't bet)
Seat 5: Supermegopro (button) folded before Flop (didn't bet)
Seat 6: fataleggs13 (small blind) folded before Flop



PokerStars Hand #254512022599:  Hold'em No Limit ($0.50/$1.00 USD) - 2025/01/23 9:01:45 WET [2025/01/23 4:01:45 ET]
Table 'Ruzena III' 6-max Seat #6 is the button
Seat 1: fedor0f ($242.84 in chips) 
Seat 2: ChuckNorrisQ ($100 in chips) 
Seat 3: daynamite23 ($46.54 in chips) 
Seat 4: Poker9803 ($124.89 in chips) 
Seat 5: Supermegopro ($100 in chips) 
Seat 6: fataleggs13 ($95.80 in chips) 
fedor0f: posts small blind $0.50
ChuckNorrisQ: posts big blind $1
*** HOLE CARDS ***
daynamite23: folds 
Poker9803: folds 
Supermegopro: folds 
fataleggs13: folds 
fedor0f: raises $2 to $3
ChuckNorrisQ: calls $2
*** FLOP *** [9d 4s 3h]
fedor0f: checks 
ChuckNorrisQ: bets $4.28
fedor0f: folds 
Uncalled bet ($4.28) returned to ChuckNorrisQ
ChuckNorrisQ collected $5.70 from pot
ChuckNorrisQ: doesn't show hand 
*** SUMMARY ***
Total pot $6 | Rake $0.30 
Board [9d 4s 3h]
Seat 1: fedor0f (small blind) folded on the Flop
Seat 2: ChuckNorrisQ (big blind) collected ($5.70)
Seat 3: daynamite23 folded before Flop (didn't bet)
Seat 4: Poker9803 folded before Flop (didn't bet)
Seat 5: Supermegopro folded before Flop (didn't bet)
Seat 6: fataleggs13 (button) folded before Flop (didn't bet)



PokerStars Hand #254512026596:  Hold'em No Limit ($0.50/$1.00 USD) - 2025/01/23 9:02:32 WET [2025/01/23 4:02:32 ET]
Table 'Ruzena III' 6-max Seat #1 is the button
Seat 1: fedor0f ($239.84 in chips) 
Seat 2: ChuckNorrisQ ($102.70 in chips) 
Seat 3: daynamite23 ($46.54 in chips) 
Seat 4: Poker9803 ($124.89 in chips) 
Seat 5: Supermegopro ($100 in chips) 
Seat 6: fataleggs13 ($95.80 in chips) 
ChuckNorrisQ: posts small blind $0.50
daynamite23: posts big blind $1
*** HOLE CARDS ***
Poker9803: folds 
Supermegopro: folds 
fataleggs13: raises $1.20 to $2.20
fedor0f: folds 
ChuckNorrisQ: folds 
daynamite23: folds 
Uncalled bet ($1.20) returned to fataleggs13
fataleggs13 collected $2.50 from pot
fataleggs13: doesn't show hand 
*** SUMMARY ***
Total pot $2.50 | Rake $0 
Seat 1: fedor0f (button) folded before Flop (didn't bet)
Seat 2: ChuckNorrisQ (small blind) folded before Flop
Seat 3: daynamite23 (big blind) folded before Flop
Seat 4: Poker9803 folded before Flop (didn't bet)
Seat 5: Supermegopro folded before Flop (didn't bet)
Seat 6: fataleggs13 collected ($2.50)



PokerStars Hand #254512028567:  Hold'em No Limit ($0.50/$1.00 USD) - 2025/01/23 9:02:56 WET [2025/01/23 4:02:56 ET]
Table 'Ruzena III' 6-max Seat #2 is the button
Seat 1: fedor0f ($239.84 in chips) 
Seat 2: ChuckNorrisQ ($102.20 in chips) 
Seat 3: daynamite23 ($45.54 in chips) 
Seat 4: Poker9803 ($124.89 in chips) 
Seat 5: Supermegopro ($100 in chips) 
Seat 6: fataleggs13 ($97.30 in chips) 
daynamite23: posts small blind $0.50
Poker9803: posts big blind $1
*** HOLE CARDS ***
Supermegopro: folds 
fataleggs13: raises $1.20 to $2.20
fedor0f: folds 
ChuckNorrisQ: folds 
daynamite23: folds 
Poker9803: calls $1.20
*** FLOP *** [5h Ts 2h]
Poker9803: checks 
fataleggs13: bets $1.63
Poker9803: calls $1.63
*** TURN *** [5h Ts 2h] [Ad]
Poker9803: checks 
fataleggs13: bets $5.81
Poker9803: calls $5.81
*** RIVER *** [5h Ts 2h Ad] [8h]
Poker9803: checks 
fataleggs13: checks 
*** SHOW DOWN ***
Poker9803: shows [9c Tc] (a pair of Tens)
fataleggs13: shows [Ah Js] (a pair of Aces)
fataleggs13 collected $18.79 from pot
*** SUMMARY ***
Total pot $19.78 | Rake $0.99 
Board [5h Ts 2h Ad 8h]
Seat 1: fedor0f folded before Flop (didn't bet)
Seat 2: ChuckNorrisQ (button) folded before Flop (didn't bet)
Seat 3: daynamite23 (small blind) folded before Flop
Seat 4: Poker9803 (big blind) showed [9c Tc] and lost with a pair of Tens
Seat 5: Supermegopro folded before Flop (didn't bet)
Seat 6: fataleggs13 showed [Ah Js] and won ($18.79) with a pair of Aces



PokerStars Hand #254512033579:  Hold'em No Limit ($0.50/$1.00 USD) - 2025/01/23 9:03:55 WET [2025/01/23 4:03:55 ET]
Table 'Ruzena III' 6-max Seat #3 is the button
Seat 1: fedor0f ($239.84 in chips) 
Seat 2: ChuckNorrisQ ($102.20 in chips) 
Seat 3: daynamite23 ($45.04 in chips) 
Seat 4: Poker9803 ($115.25 in chips) 
Seat 5: Supermegopro ($100 in chips) 
Seat 6: fataleggs13 ($106.45 in chips) 
Poker9803: posts small blind $0.50
Supermegopro: posts big blind $1
*** HOLE CARDS ***
fataleggs13: folds 
fedor0f: folds 
ChuckNorrisQ: folds 
daynamite23: raises $2 to $3
Poker9803: raises $9 to $12
Supermegopro: folds 
daynamite23: calls $9
*** FLOP *** [Jh Kd Tc]
Poker9803: bets $7.84
daynamite23: calls $7.84
*** TURN *** [Jh Kd Tc] [4c]
Poker9803: checks 
daynamite23: checks 
*** RIVER *** [Jh Kd Tc 4c] [7c]
Poker9803: bets $28.99
daynamite23: folds 
Uncalled bet ($28.99) returned to Poker9803
Poker9803 collected $38.65 from pot
Poker9803: doesn't show hand 
*** SUMMARY ***
Total pot $40.68 | Rake $2.03 
Board [Jh Kd Tc 4c 7c]
Seat 1: fedor0f folded before Flop (didn't bet)
Seat 2: ChuckNorrisQ folded before Flop (didn't bet)
Seat 3: daynamite23 (button) folded on the River
Seat 4: Poker9803 (small blind) collected ($38.65)
Seat 5: Supermegopro (big blind) folded before Flop
Seat 6: fataleggs13 folded before Flop (didn't bet)



PokerStars Hand #254512037069:  Hold'em No Limit ($0.50/$1.00 USD) - 2025/01/23 9:04:37 WET [2025/01/23 4:04:37 ET]
Table 'Ruzena III' 6-max Seat #4 is the button
Seat 1: fedor0f ($239.84 in chips) 
Seat 2: ChuckNorrisQ ($102.20 in chips) 
Seat 3: daynamite23 ($25.20 in chips) 
Seat 4: Poker9803 ($134.06 in chips) 
Seat 5: Supermegopro ($100 in chips) 
Seat 6: fataleggs13 ($106.45 in chips) 
Supermegopro: posts small blind $0.50
fataleggs13: posts big blind $1
*** HOLE CARDS ***
fedor0f: folds 
ChuckNorrisQ: folds 
daynamite23: raises $2 to $3
Poker9803: folds 
Supermegopro: folds 
fataleggs13: folds 
Uncalled bet ($2) returned to daynamite23
daynamite23 collected $2.50 from pot
*** SUMMARY ***
Total pot $2.50 | Rake $0 
Seat 1: fedor0f folded before Flop (didn't bet)
Seat 2: ChuckNorrisQ folded before Flop (didn't bet)
Seat 3: daynamite23 collected ($2.50)
Seat 4: Poker9803 (button) folded before Flop (didn't bet)
Seat 5: Supermegopro (small blind) folded before Flop
Seat 6: fataleggs13 (big blind) folded before Flop



PokerStars Hand #254512038146:  Hold'em No Limit ($0.50/$1.00 USD) - 2025/01/23 9:04:50 WET [2025/01/23 4:04:50 ET]
Table 'Ruzena III' 6-max Seat #5 is the button
Seat 1: fedor0f ($239.84 in chips) 
Seat 2: ChuckNorrisQ ($102.20 in chips) 
Seat 3: daynamite23 ($26.70 in chips) 
Seat 4: Poker9803 ($134.06 in chips) 
Seat 5: Supermegopro ($100 in chips) 
Seat 6: fataleggs13 ($105.45 in chips) 
fataleggs13: posts small blind $0.50
fedor0f: posts big blind $1
*** HOLE CARDS ***
ChuckNorrisQ: folds 
daynamite23: raises $2 to $3
Poker9803: folds 
Supermegopro: folds 
Poker9803 leaves the table
fataleggs13: folds 
fedor0f: folds 
Uncalled bet ($2) returned to daynamite23
daynamite23 collected $2.50 from pot
Joker007r joins the table at seat #4 
*** SUMMARY ***
Total pot $2.50 | Rake $0 
Seat 1: fedor0f (big blind) folded before Flop
Seat 2: ChuckNorrisQ folded before Flop (didn't bet)
Seat 3: daynamite23 collected ($2.50)
Seat 4: Poker9803 folded before Flop (didn't bet)
Seat 5: Supermegopro (button) folded before Flop (didn't bet)
Seat 6: fataleggs13 (small blind) folded before Flop



PokerStars Hand #254512040207:  Hold'em No Limit ($0.50/$1.00 USD) - 2025/01/23 9:05:13 WET [2025/01/23 4:05:13 ET]
Table 'Ruzena III' 6-max Seat #6 is the button
Seat 4: Joker007r ($100 in chips) is sitting out
Seat 1: fedor0f ($238.84 in chips) 
Seat 2: ChuckNorrisQ ($102.20 in chips) 
Seat 3: daynamite23 ($28.20 in chips) 
Seat 5: Supermegopro ($100 in chips) 
Seat 6: fataleggs13 ($104.95 in chips) 
fedor0f: posts small blind $0.50
ChuckNorrisQ: posts big blind $1
Joker007r: sits out 
*** HOLE CARDS ***
daynamite23: folds 
Supermegopro: folds 
fataleggs13: folds 
fedor0f: folds 
Uncalled bet ($0.50) returned to ChuckNorrisQ
ChuckNorrisQ collected $1 from pot
ChuckNorrisQ: doesn't show hand 
*** SUMMARY ***
Total pot $1 | Rake $0 
Seat 4: Joker007r
Seat 1: fedor0f (small blind) folded before Flop
Seat 2: ChuckNorrisQ (big blind) collected ($1)
Seat 3: daynamite23 folded before Flop (didn't bet)
Seat 5: Supermegopro folded before Flop (didn't bet)
Seat 6: fataleggs13 (button) folded before Flop (didn't bet)



PokerStars Hand #254512041345:  Hold'em No Limit ($0.50/$1.00 USD) - 2025/01/23 9:05:27 WET [2025/01/23 4:05:27 ET]
Table 'Ruzena III' 6-max Seat #1 is the button
Seat 4: Joker007r ($100 in chips) is sitting out
Seat 1: fedor0f ($238.34 in chips) 
Seat 2: ChuckNorrisQ ($102.70 in chips) 
Seat 3: daynamite23 ($28.20 in chips) 
Seat 5: Supermegopro ($100 in chips) 
Seat 6: fataleggs13 ($104.95 in chips) 
ChuckNorrisQ: posts small blind $0.50
daynamite23: posts big blind $1
Joker007r: sits out 
*** HOLE CARDS ***
Supermegopro: raises $1.50 to $2.50
fataleggs13: folds 
fedor0f: folds 
ChuckNorrisQ: folds 
daynamite23: folds 
Uncalled bet ($1.50) returned to Supermegopro
Supermegopro collected $2.50 from pot
Supermegopro: doesn't show hand 
*** SUMMARY ***
Total pot $2.50 | Rake $0 
Seat 4: Joker007r
Seat 1: fedor0f (button) folded before Flop (didn't bet)
Seat 2: ChuckNorrisQ (small blind) folded before Flop
Seat 3: daynamite23 (big blind) folded before Flop
Seat 5: Supermegopro collected ($2.50)
Seat 6: fataleggs13 folded before Flop (didn't bet)



PokerStars Hand #254512042423:  Hold'em No Limit ($0.50/$1.00 USD) - 2025/01/23 9:05:40 WET [2025/01/23 4:05:40 ET]
Table 'Ruzena III' 6-max Seat #2 is the button
Seat 1: fedor0f ($238.34 in chips) 
Seat 2: ChuckNorrisQ ($102.20 in chips) 
Seat 3: daynamite23 ($27.20 in chips) 
Seat 4: Joker007r ($100 in chips) 
Seat 5: Supermegopro ($101.50 in chips) 
Seat 6: fataleggs13 ($104.95 in chips) 
daynamite23: posts small blind $0.50
Joker007r: posts big blind $1
*** HOLE CARDS ***
Supermegopro: raises $1.50 to $2.50
fataleggs13: raises $5 to $7.50
fedor0f: folds 
ChuckNorrisQ: folds 
daynamite23: folds 
Joker007r: folds 
Supermegopro: raises $17.50 to $25
fataleggs13: folds 
Uncalled bet ($17.50) returned to Supermegopro
Supermegopro collected $16.50 from pot
Supermegopro: doesn't show hand 
*** SUMMARY ***
Total pot $16.50 | Rake $0 
Seat 1: fedor0f folded before Flop (didn't bet)
Seat 2: ChuckNorrisQ (button) folded before Flop (didn't bet)
Seat 3: daynamite23 (small blind) folded before Flop
Seat 4: Joker007r (big blind) folded before Flop
Seat 5: Supermegopro collected ($16.50)
Seat 6: fataleggs13 folded before Flop



PokerStars Hand #254512045463:  Hold'em No Limit ($0.50/$1.00 USD) - 2025/01/23 9:06:16 WET [2025/01/23 4:06:16 ET]
Table 'Ruzena III' 6-max Seat #3 is the button
Seat 1: fedor0f ($238.34 in chips) 
Seat 2: ChuckNorrisQ ($102.20 in chips) 
Seat 3: daynamite23 ($26.70 in chips) 
Seat 4: Joker007r ($100 in chips) 
Seat 5: Supermegopro ($110.50 in chips) 
Seat 6: fataleggs13 ($97.45 in chips) 
Joker007r: posts small blind $0.50
Supermegopro: posts big blind $1
*** HOLE CARDS ***
fataleggs13: folds 
fedor0f: folds 
ChuckNorrisQ: folds 
daynamite23: raises $2 to $3
Joker007r: folds 
Supermegopro: folds 
Uncalled bet ($2) returned to daynamite23
daynamite23 collected $2.50 from pot
*** SUMMARY ***
Total pot $2.50 | Rake $0 
Seat 1: fedor0f folded before Flop (didn't bet)
Seat 2: ChuckNorrisQ folded before Flop (didn't bet)
Seat 3: daynamite23 (button) collected ($2.50)
Seat 4: Joker007r (small blind) folded before Flop
Seat 5: Supermegopro (big blind) folded before Flop
Seat 6: fataleggs13 folded before Flop (didn't bet)



PokerStars Hand #254512047268:  Hold'em No Limit ($0.50/$1.00 USD) - 2025/01/23 9:06:36 WET [2025/01/23 4:06:36 ET]
Table 'Ruzena III' 6-max Seat #4 is the button
Seat 1: fedor0f ($238.34 in chips) 
Seat 2: ChuckNorrisQ ($102.20 in chips) 
Seat 3: daynamite23 ($28.20 in chips) 
Seat 4: Joker007r ($100 in chips) 
Seat 5: Supermegopro ($109.50 in chips) 
Seat 6: fataleggs13 ($97.45 in chips) 
Supermegopro: posts small blind $0.50
fataleggs13: posts big blind $1
*** HOLE CARDS ***
fedor0f: folds 
ChuckNorrisQ: folds 
daynamite23: raises $2 to $3
Joker007r: raises $6 to $9
Supermegopro: folds 
fataleggs13: folds 
daynamite23: calls $6
*** FLOP *** [Qh Jd 8d]
daynamite23: bets $19.20 and is all-in
Joker007r: calls $19.20
*** TURN *** [Qh Jd 8d] [Qs]
*** RIVER *** [Qh Jd 8d Qs] [Js]
*** SHOW DOWN ***
daynamite23: shows [Tc Kc] (two pair, Queens and Jacks)
Joker007r: shows [Kd 9d] (two pair, Queens and Jacks)
daynamite23 collected $27.70 from pot
Joker007r collected $27.70 from pot
*** SUMMARY ***
Total pot $57.90 | Rake $2.50 
Board [Qh Jd 8d Qs Js]
Seat 1: fedor0f folded before Flop (didn't bet)
Seat 2: ChuckNorrisQ folded before Flop (didn't bet)
Seat 3: daynamite23 showed [Tc Kc] and won ($27.70) with two pair, Queens and Jacks
Seat 4: Joker007r (button) showed [Kd 9d] and won ($27.70) with two pair, Queens and Jacks
Seat 5: Supermegopro (small blind) folded before Flop
Seat 6: fataleggs13 (big blind) folded before Flop



PokerStars Hand #254512050586:  Hold'em No Limit ($0.50/$1.00 USD) - 2025/01/23 9:07:15 WET [2025/01/23 4:07:15 ET]
Table 'Ruzena III' 6-max Seat #5 is the button
Seat 1: fedor0f ($238.34 in chips) 
Seat 2: ChuckNorrisQ ($102.20 in chips) 
Seat 3: daynamite23 ($27.70 in chips) 
Seat 4: Joker007r ($100 in chips) 
Seat 5: Supermegopro ($109 in chips) 
Seat 6: fataleggs13 ($96.45 in chips) 
fataleggs13: posts small blind $0.50
fedor0f: posts big blind $1
*** HOLE CARDS ***
ChuckNorrisQ: raises $1 to $2
daynamite23: folds 
Joker007r: folds 
Supermegopro: folds 
fataleggs13: folds 
fedor0f: folds 
Uncalled bet ($1) returned to ChuckNorrisQ
ChuckNorrisQ collected $2.50 from pot
ChuckNorrisQ: doesn't show hand 
*** SUMMARY ***
Total pot $2.50 | Rake $0 
Seat 1: fedor0f (big blind) folded before Flop
Seat 2: ChuckNorrisQ collected ($2.50)
Seat 3: daynamite23 folded before Flop (didn't bet)
Seat 4: Joker007r folded before Flop (didn't bet)
Seat 5: Supermegopro (button) folded before Flop (didn't bet)
Seat 6: fataleggs13 (small blind) folded before Flop



PokerStars Hand #254512207670:  Hold'em No Limit ($0.50/$1.00 USD) - 2025/01/23 9:36:25 WET [2025/01/23 4:36:25 ET]
Table 'Ruzena III' 6-max Seat #6 is the button
Seat 1: mironchikvld ($109.88 in chips) 
Seat 2: ChuckNorrisQ ($101.50 in chips) 
Seat 3: GeorgeSterg3 ($73.62 in chips) 
Seat 4: blistein ($103.90 in chips) 
Seat 5: Poker9803 ($129.58 in chips) 
Seat 6: ARCTlCkiss ($100 in chips) 
mironchikvld: posts small blind $0.50
ChuckNorrisQ: posts big blind $1
*** HOLE CARDS ***
GeorgeSterg3: raises $2 to $3
blistein: folds 
Poker9803: folds 
ARCTlCkiss: raises $6 to $9
mironchikvld: folds 
ChuckNorrisQ: folds 
GeorgeSterg3: calls $6
*** FLOP *** [8s Th 7c]
GeorgeSterg3: checks 
ARCTlCkiss: bets $9.63
GeorgeSterg3: folds 
Uncalled bet ($9.63) returned to ARCTlCkiss
ARCTlCkiss collected $18.52 from pot
ARCTlCkiss: doesn't show hand 
*** SUMMARY ***
Total pot $19.50 | Rake $0.98 
Board [8s Th 7c]
Seat 1: mironchikvld (small blind) folded before Flop
Seat 2: ChuckNorrisQ (big blind) folded before Flop
Seat 3: GeorgeSterg3 folded on the Flop
Seat 4: blistein folded before Flop (didn't bet)
Seat 5: Poker9803 folded before Flop (didn't bet)
Seat 6: ARCTlCkiss (button) collected ($18.52)



PokerStars Hand #254512212088:  Hold'em No Limit ($0.50/$1.00 USD) - 2025/01/23 9:37:13 WET [2025/01/23 4:37:13 ET]
Table 'Ruzena III' 6-max Seat #1 is the button
Seat 1: mironchikvld ($109.38 in chips) 
Seat 2: ChuckNorrisQ ($100.50 in chips) 
Seat 3: GeorgeSterg3 ($64.62 in chips) 
Seat 4: blistein ($103.90 in chips) 
Seat 5: Poker9803 ($129.58 in chips) 
Seat 6: ARCTlCkiss ($109.52 in chips) 
ChuckNorrisQ: posts small blind $0.50
GeorgeSterg3: posts big blind $1
*** HOLE CARDS ***
blistein: raises $1.20 to $2.20
Poker9803: folds 
ARCTlCkiss: folds 
mironchikvld: folds 
ChuckNorrisQ: folds 
GeorgeSterg3: calls $1.20
*** FLOP *** [3d 6h Ad]
GeorgeSterg3: checks 
blistein: checks 
*** TURN *** [3d 6h Ad] [Kd]
GeorgeSterg3: bets $4.66
blistein: calls $4.66
*** RIVER *** [3d 6h Ad Kd] [Ac]
GeorgeSterg3: bets $13.51
blistein: raises $83.53 to $97.04 and is all-in
GeorgeSterg3: calls $44.25 and is all-in
Uncalled bet ($39.28) returned to blistein
*** SHOW DOWN ***
blistein: shows [Kh Ks] (a full house, Kings full of Aces)
GeorgeSterg3: shows [Ah 7d] (three of a kind, Aces)
blistein collected $127.24 from pot
*** SUMMARY ***
Total pot $129.74 | Rake $2.50 
Board [3d 6h Ad Kd Ac]
Seat 1: mironchikvld (button) folded before Flop (didn't bet)
Seat 2: ChuckNorrisQ (small blind) folded before Flop
Seat 3: GeorgeSterg3 (big blind) showed [Ah 7d] and lost with three of a kind, Aces
Seat 4: blistein showed [Kh Ks] and won ($127.24) with a full house, Kings full of Aces
Seat 5: Poker9803 folded before Flop (didn't bet)
Seat 6: ARCTlCkiss folded before Flop (didn't bet)



PokerStars Hand #254512219409:  Hold'em No Limit ($0.50/$1.00 USD) - 2025/01/23 9:38:33 WET [2025/01/23 4:38:33 ET]
Table 'Ruzena III' 6-max Seat #2 is the button
Seat 3: GeorgeSterg3 ($0 in chips) is sitting out
Seat 1: mironchikvld ($109.38 in chips) 
Seat 2: ChuckNorrisQ ($100 in chips) 
Seat 4: blistein ($166.52 in chips) 
Seat 5: Poker9803 ($129.58 in chips) 
Seat 6: ARCTlCkiss ($109.52 in chips) 
blistein: posts small blind $0.50
Poker9803: posts big blind $1
*** HOLE CARDS ***
GeorgeSterg3 leaves the table
ARCTlCkiss: folds 
mironchikvld has timed out
mironchikvld: folds 
ChuckNorrisQ: folds 
blistein: folds 
Uncalled bet ($0.50) returned to Poker9803
Poker9803 collected $1 from pot
Poker9803: doesn't show hand 
*** SUMMARY ***
Total pot $1 | Rake $0 
Seat 3: GeorgeSterg3
Seat 1: mironchikvld folded before Flop (didn't bet)
Seat 2: ChuckNorrisQ (button) folded before Flop (didn't bet)
Seat 4: blistein (small blind) folded before Flop
Seat 5: Poker9803 (big blind) collected ($1)
Seat 6: ARCTlCkiss folded before Flop (didn't bet)



PokerStars Hand #254512221547:  Hold'em No Limit ($0.50/$1.00 USD) - 2025/01/23 9:38:56 WET [2025/01/23 4:38:56 ET]
Table 'Ruzena III' 6-max Seat #4 is the button
Seat 1: mironchikvld ($109.38 in chips) is sitting out
Seat 6: ARCTlCkiss ($109.52 in chips) is sitting out
Seat 2: ChuckNorrisQ ($100 in chips) 
Seat 4: blistein ($166.02 in chips) 
Seat 5: Poker9803 ($130.08 in chips) 
Poker9803: posts small blind $0.50
ARCTlCkiss: is sitting out 
ChuckNorrisQ: posts big blind $1
*** HOLE CARDS ***
blistein: folds 
blistein leaves the table
Poker9803: folds 
Uncalled bet ($0.50) returned to ChuckNorrisQ
ChuckNorrisQ collected $1 from pot
ChuckNorrisQ: doesn't show hand 
*** SUMMARY ***
Total pot $1 | Rake $0 
Seat 1: mironchikvld
Seat 6: ARCTlCkiss
Seat 2: ChuckNorrisQ (big blind) collected ($1)
Seat 4: blistein (button) folded before Flop (didn't bet)
Seat 5: Poker9803 (small blind) folded before Flop



