PokerStars Hand #254522742116:  Hold'em No Limit ($0.50/$1.00 USD) - 2025/01/23 0:31:47 WET [2025/01/23 19:31:47 ET]
Table 'Nauheima III' 6-max Seat #3 is the button
Seat 1: LeaveItYeah ($100 in chips) is sitting out
Seat 2: ptolejmus ($10 in chips) 
Seat 3: ivan77769 ($8 in chips) 
Seat 4: Manifestorr ($101 in chips) 
Seat 5: An1an1 ($100 in chips) 
Seat 6: pr0tecto ($109.50 in chips) 
Manifestorr: posts small blind $0.50
An1an1: posts big blind $1
LeaveItYeah: sits out 
*** HOLE CARDS ***
pr0tecto: folds 
ptolejmus: folds 
ivan77769: raises $1 to $2
Manifestorr: folds 
An1an1: calls $1
*** FLOP *** [Jh 3c 8d]
An1an1: checks 
ivan77769: bets $1
An1an1: calls $1
*** TURN *** [Jh 3c 8d] [3h]
An1an1: checks 
ivan77769: bets $5 and is all-in
An1an1: folds 
Uncalled bet ($5) returned to ivan77769
ivan77769 collected $6.18 from pot
*** SUMMARY ***
Total pot $6.50 | Rake $0.32 
Board [Jh 3c 8d 3h]
Seat 1: LeaveItYeah
Seat 2: ptolejmus folded before Flop (didn't bet)
Seat 3: ivan77769 (button) collected ($6.18)
Seat 4: Manifestorr (small blind) folded before Flop
Seat 5: An1an1 (big blind) folded on the Turn
Seat 6: pr0tecto folded before Flop (didn't bet)



PokerStars Hand #254522748585:  Hold'em No Limit ($0.50/$1.00 USD) - 2025/01/23 0:32:20 WET [2025/01/23 19:32:20 ET]
Table 'Nauheima III' 6-max Seat #4 is the button
Seat 6: pr0tecto ($109.50 in chips) is sitting out
Seat 1: LeaveItYeah ($100 in chips) 
Seat 2: ptolejmus ($10 in chips) 
Seat 3: ivan77769 ($11.18 in chips) 
Seat 4: Manifestorr ($100.50 in chips) 
Seat 5: An1an1 ($100 in chips) 
An1an1: posts small blind $0.50
pr0tecto: is sitting out 
LeaveItYeah: posts big blind $1
*** HOLE CARDS ***
ptolejmus: folds 
ivan77769: folds 
Manifestorr: raises $1.20 to $2.20
An1an1: folds 
LeaveItYeah: calls $1.20
*** FLOP *** [8s 2s Qh]
LeaveItYeah: checks 
Manifestorr: bets $1.54
LeaveItYeah: folds 
Uncalled bet ($1.54) returned to Manifestorr
Manifestorr collected $4.66 from pot
*** SUMMARY ***
Total pot $4.90 | Rake $0.24 
Board [8s 2s Qh]
Seat 6: pr0tecto
Seat 1: LeaveItYeah (big blind) folded on the Flop
Seat 2: ptolejmus folded before Flop (didn't bet)
Seat 3: ivan77769 folded before Flop (didn't bet)
Seat 4: Manifestorr (button) collected ($4.66)
Seat 5: An1an1 (small blind) folded before Flop



PokerStars Hand #254522755673:  Hold'em No Limit ($0.50/$1.00 USD) - 2025/01/23 0:32:56 WET [2025/01/23 19:32:56 ET]
Table 'Nauheima III' 6-max Seat #5 is the button
Seat 6: pr0tecto ($109.50 in chips) is sitting out
Seat 1: LeaveItYeah ($100 in chips) 
Seat 2: ptolejmus ($10 in chips) 
Seat 3: ivan77769 ($11.18 in chips) 
Seat 4: Manifestorr ($102.96 in chips) 
Seat 5: An1an1 ($100 in chips) 
LeaveItYeah: posts small blind $0.50
ptolejmus: posts big blind $1
*** HOLE CARDS ***
ivan77769: calls $1
Manifestorr: raises $4 to $5
An1an1: folds 
LeaveItYeah: folds 
ptolejmus: folds 
ivan77769: folds 
Uncalled bet ($4) returned to Manifestorr
Manifestorr collected $3.50 from pot
*** SUMMARY ***
Total pot $3.50 | Rake $0 
Seat 6: pr0tecto
Seat 1: LeaveItYeah (small blind) folded before Flop
Seat 2: ptolejmus (big blind) folded before Flop
Seat 3: ivan77769 folded before Flop
Seat 4: Manifestorr collected ($3.50)
Seat 5: An1an1 (button) folded before Flop (didn't bet)



PokerStars Hand #254522762079:  Hold'em No Limit ($0.50/$1.00 USD) - 2025/01/23 0:33:28 WET [2025/01/23 19:33:28 ET]
Table 'Nauheima III' 6-max Seat #1 is the button
Seat 6: pr0tecto ($109.50 in chips) is sitting out
Seat 1: LeaveItYeah ($100 in chips) 
Seat 2: ptolejmus ($10 in chips) 
Seat 3: ivan77769 ($10.18 in chips) 
Seat 4: Manifestorr ($105.46 in chips) 
Seat 5: An1an1 ($100 in chips) 
ptolejmus: posts small blind $0.50
ivan77769: posts big blind $1
pr0tecto: sits out 
*** HOLE CARDS ***
Manifestorr: folds 
An1an1: folds 
LeaveItYeah: folds 
ptolejmus: raises $1.50 to $2.50
ivan77769: calls $1.50
*** FLOP *** [Qc 8d 3c]
ptolejmus: bets $7.50 and is all-in
ivan77769: folds 
Uncalled bet ($7.50) returned to ptolejmus
ptolejmus collected $4.75 from pot
*** SUMMARY ***
Total pot $5 | Rake $0.25 
Board [Qc 8d 3c]
Seat 6: pr0tecto
Seat 1: LeaveItYeah (button) folded before Flop (didn't bet)
Seat 2: ptolejmus (small blind) collected ($4.75)
Seat 3: ivan77769 (big blind) folded on the Flop
Seat 4: Manifestorr folded before Flop (didn't bet)
Seat 5: An1an1 folded before Flop (didn't bet)



PokerStars Hand #254522770971:  Hold'em No Limit ($0.50/$1.00 USD) - 2025/01/23 0:34:13 WET [2025/01/23 19:34:13 ET]
Table 'Nauheima III' 6-max Seat #2 is the button
Seat 6: pr0tecto ($109.50 in chips) is sitting out
Seat 1: LeaveItYeah ($100 in chips) 
Seat 2: ptolejmus ($12.25 in chips) 
Seat 3: ivan77769 ($7.68 in chips) 
Seat 4: Manifestorr ($105.46 in chips) 
Seat 5: An1an1 ($100 in chips) 
ivan77769: posts small blind $0.50
Manifestorr: posts big blind $1
pr0tecto: sits out 
*** HOLE CARDS ***
An1an1: folds 
LeaveItYeah: folds 
ptolejmus: folds 
ivan77769: calls $0.50
Manifestorr: checks 
*** FLOP *** [Jd Qc 6c]
ivan77769: bets $1
Manifestorr: folds 
Uncalled bet ($1) returned to ivan77769
ivan77769 collected $1.90 from pot
*** SUMMARY ***
Total pot $2 | Rake $0.10 
Board [Jd Qc 6c]
Seat 6: pr0tecto
Seat 1: LeaveItYeah folded before Flop (didn't bet)
Seat 2: ptolejmus (button) folded before Flop (didn't bet)
Seat 3: ivan77769 (small blind) collected ($1.90)
Seat 4: Manifestorr (big blind) folded on the Flop
Seat 5: An1an1 folded before Flop (didn't bet)



PokerStars Hand #254522776799:  Hold'em No Limit ($0.50/$1.00 USD) - 2025/01/23 0:34:42 WET [2025/01/23 19:34:42 ET]
Table 'Nauheima III' 6-max Seat #3 is the button
Seat 6: pr0tecto ($109.50 in chips) is sitting out
Seat 1: LeaveItYeah ($100 in chips) 
Seat 2: ptolejmus ($12.25 in chips) 
Seat 3: ivan77769 ($8.58 in chips) 
Seat 4: Manifestorr ($104.46 in chips) 
Seat 5: An1an1 ($100 in chips) 
Manifestorr: posts small blind $0.50
An1an1: posts big blind $1
pr0tecto: sits out 
*** HOLE CARDS ***
LeaveItYeah: folds 
ptolejmus: folds 
ivan77769: calls $1
Manifestorr: raises $4 to $5
An1an1: folds 
ivan77769: raises $3.58 to $8.58 and is all-in
Manifestorr: calls $3.58
*** FLOP *** [3s 7d As]
*** TURN *** [3s 7d As] [5d]
*** RIVER *** [3s 7d As 5d] [Jc]
*** SHOW DOWN ***
Manifestorr: shows [Jh Qs] (a pair of Jacks)
ivan77769: shows [6s 8h] (high card Ace)
Manifestorr collected $17.25 from pot
*** SUMMARY ***
Total pot $18.16 | Rake $0.91 
Board [3s 7d As 5d Jc]
Seat 6: pr0tecto
Seat 1: LeaveItYeah folded before Flop (didn't bet)
Seat 2: ptolejmus folded before Flop (didn't bet)
Seat 3: ivan77769 (button) showed [6s 8h] and lost with high card Ace
Seat 4: Manifestorr (small blind) showed [Jh Qs] and won ($17.25) with a pair of Jacks
Seat 5: An1an1 (big blind) folded before Flop



PokerStars Hand #254522782826:  Hold'em No Limit ($0.50/$1.00 USD) - 2025/01/23 0:35:13 WET [2025/01/23 19:35:13 ET]
Table 'Nauheima III' 6-max Seat #4 is the button
Seat 3: ivan77769 ($0 in chips) is sitting out
Seat 1: LeaveItYeah ($100 in chips) 
Seat 2: ptolejmus ($12.25 in chips) 
Seat 4: Manifestorr ($113.13 in chips) 
Seat 5: An1an1 ($100 in chips) 
Seat 6: pr0tecto ($109.50 in chips) 
An1an1: posts small blind $0.50
pr0tecto: posts big blind $1
*** HOLE CARDS ***
LeaveItYeah: folds 
ivan77769 leaves the table
ptolejmus: folds 
Manifestorr: folds 
An1an1: raises $1.50 to $2.50
pr0tecto: raises $5.50 to $8
An1an1: folds 
Uncalled bet ($5.50) returned to pr0tecto
pr0tecto collected $5 from pot
pr0tecto: doesn't show hand 
*** SUMMARY ***
Total pot $5 | Rake $0 
Seat 3: ivan77769
Seat 1: LeaveItYeah folded before Flop (didn't bet)
Seat 2: ptolejmus folded before Flop (didn't bet)
Seat 4: Manifestorr (button) folded before Flop (didn't bet)
Seat 5: An1an1 (small blind) folded before Flop
Seat 6: pr0tecto (big blind) collected ($5)



PokerStars Hand #254522788317:  Hold'em No Limit ($0.50/$1.00 USD) - 2025/01/23 0:35:42 WET [2025/01/23 19:35:42 ET]
Table 'Nauheima III' 6-max Seat #5 is the button
Seat 1: LeaveItYeah ($100 in chips) 
Seat 2: ptolejmus ($12.25 in chips) 
Seat 4: Manifestorr ($113.13 in chips) 
Seat 5: An1an1 ($100 in chips) 
Seat 6: pr0tecto ($112 in chips) 
pr0tecto: posts small blind $0.50
LeaveItYeah: posts big blind $1
*** HOLE CARDS ***
ptolejmus: raises $1 to $2
Manifestorr: folds 
An1an1: folds 
pr0tecto: folds 
LeaveItYeah: calls $1
*** FLOP *** [4d Ts 4h]
LeaveItYeah: checks 
ptolejmus: bets $1.16
LeaveItYeah: folds 
Uncalled bet ($1.16) returned to ptolejmus
ptolejmus collected $4.28 from pot
*** SUMMARY ***
Total pot $4.50 | Rake $0.22 
Board [4d Ts 4h]
Seat 1: LeaveItYeah (big blind) folded on the Flop
Seat 2: ptolejmus collected ($4.28)
Seat 4: Manifestorr folded before Flop (didn't bet)
Seat 5: An1an1 (button) folded before Flop (didn't bet)
Seat 6: pr0tecto (small blind) folded before Flop



PokerStars Hand #254522799057:  Hold'em No Limit ($0.50/$1.00 USD) - 2025/01/23 0:36:36 WET [2025/01/23 19:36:36 ET]
Table 'Nauheima III' 6-max Seat #1 is the button
Seat 2: ptolejmus ($14.53 in chips) is sitting out
Seat 4: Manifestorr ($113.13 in chips) is sitting out
Seat 5: An1an1 ($100 in chips) is sitting out
Seat 1: LeaveItYeah ($100 in chips) 
Seat 6: pr0tecto ($111.50 in chips) 
LeaveItYeah: posts small blind $0.50
ptolejmus: is sitting out 
Manifestorr: is sitting out 
An1an1: is sitting out 
pr0tecto: posts big blind $1
*** HOLE CARDS ***
Manifestorr leaves the table
ptolejmus leaves the table
LeaveItYeah: raises $1.50 to $2.50
pr0tecto: folds 
Uncalled bet ($1.50) returned to LeaveItYeah
LeaveItYeah collected $2 from pot
LeaveItYeah: doesn't show hand 
*** SUMMARY ***
Total pot $2 | Rake $0 
Seat 2: ptolejmus
Seat 4: Manifestorr
Seat 5: An1an1
Seat 1: LeaveItYeah (button) (small blind) collected ($2)
Seat 6: pr0tecto (big blind) folded before Flop



PokerStars Hand #254522801691:  Hold'em No Limit ($0.50/$1.00 USD) - 2025/01/23 0:36:50 WET [2025/01/23 19:36:50 ET]
Table 'Nauheima III' 6-max Seat #6 is the button
Seat 5: An1an1 ($100 in chips) is sitting out
Seat 1: LeaveItYeah ($101 in chips) 
Seat 6: pr0tecto ($110.50 in chips) 
pr0tecto: posts small blind $0.50
LeaveItYeah: posts big blind $1
*** HOLE CARDS ***
An1an1 leaves the table
pr0tecto: raises $1.24 to $2.24
LeaveItYeah: raises $7.76 to $10
pr0tecto: folds 
Uncalled bet ($7.76) returned to LeaveItYeah
LeaveItYeah collected $4.48 from pot
LeaveItYeah: doesn't show hand 
*** SUMMARY ***
Total pot $4.48 | Rake $0 
Seat 5: An1an1
Seat 1: LeaveItYeah (big blind) collected ($4.48)
Seat 6: pr0tecto (button) (small blind) folded before Flop



