PokerStars Hand #254510751184:  Hold'em No Limit ($0.50/$1.00 USD) - 2025/01/23 4:26:08 WET [2025/01/22 23:26:08 ET]
Table 'Procyon IV' 6-max Seat #4 is the button
Seat 2: joaquin612 ($100 in chips) is sitting out
Seat 4: deanmillingt ($36.50 in chips) 
Seat 5: nastja336 ($105.52 in chips) 
Seat 6: steepfell ($100 in chips) 
nastja336: posts small blind $0.50
steepfell: posts big blind $1
joaquin612: sits out 
*** HOLE CARDS ***
deanmillingt: folds 
nastja336: raises $2 to $3
steepfell: calls $2
*** FLOP *** [7h 5s 4s]
7bekon7 joins the table at seat #1 
nastja336: checks 
steepfell: bets $2.85
nastja336: folds 
Uncalled bet ($2.85) returned to steepfell
steepfell collected $5.70 from pot
steepfell: doesn't show hand 
*** SUMMARY ***
Total pot $6 | Rake $0.30 
Board [7h 5s 4s]
Seat 2: joaquin612
Seat 4: deanmillingt (button) folded before Flop (didn't bet)
Seat 5: nastja336 (small blind) folded on the Flop
Seat 6: steepfell (big blind) collected ($5.70)



PokerStars Hand #254510753207:  Hold'em No Limit ($0.50/$1.00 USD) - 2025/01/23 4:26:28 WET [2025/01/22 23:26:28 ET]
Table 'Procyon IV' 6-max Seat #5 is the button
Seat 2: joaquin612 ($100 in chips) is sitting out
Seat 1: 7bekon7 ($100 in chips) 
Seat 4: deanmillingt ($36.50 in chips) 
Seat 5: nastja336 ($102.52 in chips) 
Seat 6: steepfell ($102.70 in chips) 
steepfell: posts small blind $0.50
7bekon7: posts big blind $1
joaquin612: sits out 
*** HOLE CARDS ***
deanmillingt: raises $2 to $3
nastja336: folds 
steepfell: folds 
7bekon7: folds 
Uncalled bet ($2) returned to deanmillingt
deanmillingt collected $2.50 from pot
*** SUMMARY ***
Total pot $2.50 | Rake $0 
Seat 2: joaquin612
Seat 1: 7bekon7 (big blind) folded before Flop
Seat 4: deanmillingt collected ($2.50)
Seat 5: nastja336 (button) folded before Flop (didn't bet)
Seat 6: steepfell (small blind) folded before Flop



PokerStars Hand #254510754813:  Hold'em No Limit ($0.50/$1.00 USD) - 2025/01/23 4:26:43 WET [2025/01/22 23:26:43 ET]
Table 'Procyon IV' 6-max Seat #6 is the button
Seat 1: 7bekon7 ($100 in chips) 
Seat 2: joaquin612 ($100 in chips) 
Seat 4: deanmillingt ($38 in chips) 
Seat 5: nastja336 ($102.52 in chips) 
Seat 6: steepfell ($102.20 in chips) 
7bekon7: posts small blind $0.50
joaquin612: posts big blind $1
*** HOLE CARDS ***
AlexEliseev7 joins the table at seat #3 
deanmillingt: folds 
nastja336: raises $1.50 to $2.50
steepfell: folds 
7bekon7: raises $6 to $8.50
joaquin612: folds 
nastja336: calls $6
*** FLOP *** [8h 2c 2d]
7bekon7: bets $8.55
nastja336: folds 
Uncalled bet ($8.55) returned to 7bekon7
7bekon7 collected $17.10 from pot
7bekon7: doesn't show hand 
*** SUMMARY ***
Total pot $18 | Rake $0.90 
Board [8h 2c 2d]
Seat 1: 7bekon7 (small blind) collected ($17.10)
Seat 2: joaquin612 (big blind) folded before Flop
Seat 4: deanmillingt folded before Flop (didn't bet)
Seat 5: nastja336 folded on the Flop
Seat 6: steepfell (button) folded before Flop (didn't bet)



PokerStars Hand #254510760840:  Hold'em No Limit ($0.50/$1.00 USD) - 2025/01/23 4:27:44 WET [2025/01/22 23:27:44 ET]
Table 'Procyon IV' 6-max Seat #1 is the button
Seat 1: 7bekon7 ($108.60 in chips) 
Seat 2: joaquin612 ($100 in chips) 
Seat 3: AlexEliseev7 ($100 in chips) 
Seat 4: deanmillingt ($38 in chips) 
Seat 5: nastja336 ($100 in chips) 
Seat 6: steepfell ($102.20 in chips) 
joaquin612: posts small blind $0.50
AlexEliseev7: posts big blind $1
*** HOLE CARDS ***
deanmillingt: raises $2 to $3
nastja336: folds 
steepfell: raises $6 to $9
7bekon7: folds 
joaquin612: folds 
AlexEliseev7: folds 
deanmillingt: calls $6
*** FLOP *** [3s 9h Jh]
deanmillingt: checks 
steepfell: bets $32
deanmillingt: calls $29 and is all-in
Uncalled bet ($3) returned to steepfell
*** TURN *** [3s 9h Jh] [9c]
*** RIVER *** [3s 9h Jh 9c] [Qc]
*** SHOW DOWN ***
deanmillingt: shows [Ts 9s] (three of a kind, Nines)
steepfell: shows [Qh Ah] (two pair, Queens and Nines)
deanmillingt collected $75 from pot
*** SUMMARY ***
Total pot $77.50 | Rake $2.50 
Board [3s 9h Jh 9c Qc]
Seat 1: 7bekon7 (button) folded before Flop (didn't bet)
Seat 2: joaquin612 (small blind) folded before Flop
Seat 3: AlexEliseev7 (big blind) folded before Flop
Seat 4: deanmillingt showed [Ts 9s] and won ($75) with three of a kind, Nines
Seat 5: nastja336 folded before Flop (didn't bet)
Seat 6: steepfell showed [Qh Ah] and lost with two pair, Queens and Nines



PokerStars Hand #254510766030:  Hold'em No Limit ($0.50/$1.00 USD) - 2025/01/23 4:28:36 WET [2025/01/22 23:28:36 ET]
Table 'Procyon IV' 6-max Seat #2 is the button
Seat 1: 7bekon7 ($108.60 in chips) 
Seat 2: joaquin612 ($100 in chips) 
Seat 3: AlexEliseev7 ($100 in chips) 
Seat 4: deanmillingt ($75 in chips) 
Seat 5: nastja336 ($100 in chips) 
Seat 6: steepfell ($100 in chips) 
AlexEliseev7: posts small blind $0.50
deanmillingt: posts big blind $1
*** HOLE CARDS ***
nastja336: folds 
steepfell: folds 
7bekon7: folds 
joaquin612: folds 
AlexEliseev7: folds 
Uncalled bet ($0.50) returned to deanmillingt
deanmillingt collected $1 from pot
*** SUMMARY ***
Total pot $1 | Rake $0 
Seat 1: 7bekon7 folded before Flop (didn't bet)
Seat 2: joaquin612 (button) folded before Flop (didn't bet)
Seat 3: AlexEliseev7 (small blind) folded before Flop
Seat 4: deanmillingt (big blind) collected ($1)
Seat 5: nastja336 folded before Flop (didn't bet)
Seat 6: steepfell folded before Flop (didn't bet)



PokerStars Hand #254510773616:  Hold'em No Limit ($0.50/$1.00 USD) - 2025/01/23 4:29:53 WET [2025/01/22 23:29:53 ET]
Table 'Procyon IV' 6-max Seat #5 is the button
Seat 1: 7bekon7 ($108.60 in chips) 
Seat 2: joaquin612 ($100 in chips) 
Seat 3: AlexEliseev7 ($100 in chips) 
Seat 4: deanmillingt ($81.89 in chips) 
Seat 5: nastja336 ($100 in chips) 
Seat 6: steepfell ($100 in chips) 
steepfell: posts small blind $0.50
7bekon7: posts big blind $1
*** HOLE CARDS ***
joaquin612: folds 
AlexEliseev7: folds 
deanmillingt: folds 
nastja336: folds 
steepfell: folds 
Uncalled bet ($0.50) returned to 7bekon7
7bekon7 collected $1 from pot
7bekon7: doesn't show hand 
*** SUMMARY ***
Total pot $1 | Rake $0 
Seat 1: 7bekon7 (big blind) collected ($1)
Seat 2: joaquin612 folded before Flop (didn't bet)
Seat 3: AlexEliseev7 folded before Flop (didn't bet)
Seat 4: deanmillingt folded before Flop (didn't bet)
Seat 5: nastja336 (button) folded before Flop (didn't bet)
Seat 6: steepfell (small blind) folded before Flop



PokerStars Hand #254510774746:  Hold'em No Limit ($0.50/$1.00 USD) - 2025/01/23 4:30:05 WET [2025/01/22 23:30:05 ET]
Table 'Procyon IV' 6-max Seat #6 is the button
Seat 1: 7bekon7 ($109.10 in chips) 
Seat 2: joaquin612 ($100 in chips) 
Seat 3: AlexEliseev7 ($100 in chips) 
Seat 4: deanmillingt ($81.89 in chips) 
Seat 5: nastja336 ($100 in chips) 
Seat 6: steepfell ($100 in chips) 
7bekon7: posts small blind $0.50
joaquin612: posts big blind $1
*** HOLE CARDS ***
AlexEliseev7: folds 
deanmillingt: folds 
nastja336: raises $1.50 to $2.50
steepfell: folds 
7bekon7: raises $6 to $8.50
joaquin612: folds 
nastja336: calls $6
*** FLOP *** [9d 6h 4h]
7bekon7: checks 
nastja336: bets $5.64
7bekon7: folds 
Uncalled bet ($5.64) returned to nastja336
nastja336 collected $17.10 from pot
nastja336: doesn't show hand 
*** SUMMARY ***
Total pot $18 | Rake $0.90 
Board [9d 6h 4h]
Seat 1: 7bekon7 (small blind) folded on the Flop
Seat 2: joaquin612 (big blind) folded before Flop
Seat 3: AlexEliseev7 folded before Flop (didn't bet)
Seat 4: deanmillingt folded before Flop (didn't bet)
Seat 5: nastja336 collected ($17.10)
Seat 6: steepfell (button) folded before Flop (didn't bet)



PokerStars Hand #254511006450:  Hold'em No Limit ($0.50/$1.00 USD) - 2025/01/23 5:13:54 WET [2025/01/23 0:13:54 ET]
Table 'Procyon IV' 6-max Seat #6 is the button
Seat 1: 7bekon7 ($145.89 in chips) 
Seat 2: pr0tecto ($117.44 in chips) 
Seat 3: AlexEliseev7 ($151.28 in chips) 
Seat 4: deanmillingt ($91.75 in chips) 
Seat 5: nastja336 ($145.82 in chips) 
Seat 6: steepfell ($101.94 in chips) 
7bekon7: posts small blind $0.50
pr0tecto: posts big blind $1
*** HOLE CARDS ***
AlexEliseev7: folds 
deanmillingt: folds 
nastja336: folds 
steepfell: folds 
7bekon7: folds 
Uncalled bet ($0.50) returned to pr0tecto
pr0tecto collected $1 from pot
pr0tecto: doesn't show hand 
*** SUMMARY ***
Total pot $1 | Rake $0 
Seat 1: 7bekon7 (small blind) folded before Flop
Seat 2: pr0tecto (big blind) collected ($1)
Seat 3: AlexEliseev7 folded before Flop (didn't bet)
Seat 4: deanmillingt folded before Flop (didn't bet)
Seat 5: nastja336 folded before Flop (didn't bet)
Seat 6: steepfell (button) folded before Flop (didn't bet)



PokerStars Hand #254511007687:  Hold'em No Limit ($0.50/$1.00 USD) - 2025/01/23 5:14:09 WET [2025/01/23 0:14:09 ET]
Table 'Procyon IV' 6-max Seat #1 is the button
Seat 1: 7bekon7 ($145.39 in chips) 
Seat 2: pr0tecto ($117.94 in chips) 
Seat 3: AlexEliseev7 ($151.28 in chips) 
Seat 4: deanmillingt ($91.75 in chips) 
Seat 5: nastja336 ($145.82 in chips) 
Seat 6: steepfell ($101.94 in chips) 
pr0tecto: posts small blind $0.50
AlexEliseev7: posts big blind $1
*** HOLE CARDS ***
deanmillingt: folds 
nastja336: folds 
steepfell: folds 
7bekon7: folds 
pr0tecto: raises $1.24 to $2.24
AlexEliseev7: folds 
Uncalled bet ($1.24) returned to pr0tecto
pr0tecto collected $2 from pot
pr0tecto: doesn't show hand 
*** SUMMARY ***
Total pot $2 | Rake $0 
Seat 1: 7bekon7 (button) folded before Flop (didn't bet)
Seat 2: pr0tecto (small blind) collected ($2)
Seat 3: AlexEliseev7 (big blind) folded before Flop
Seat 4: deanmillingt folded before Flop (didn't bet)
Seat 5: nastja336 folded before Flop (didn't bet)
Seat 6: steepfell folded before Flop (didn't bet)



PokerStars Hand #254511009188:  Hold'em No Limit ($0.50/$1.00 USD) - 2025/01/23 5:14:28 WET [2025/01/23 0:14:28 ET]
Table 'Procyon IV' 6-max Seat #2 is the button
Seat 1: 7bekon7 ($145.39 in chips) 
Seat 2: pr0tecto ($118.94 in chips) 
Seat 3: AlexEliseev7 ($150.28 in chips) 
Seat 4: deanmillingt ($91.75 in chips) 
Seat 5: nastja336 ($145.82 in chips) 
Seat 6: steepfell ($101.94 in chips) 
AlexEliseev7: posts small blind $0.50
deanmillingt: posts big blind $1
*** HOLE CARDS ***
nastja336: folds 
steepfell: folds 
7bekon7: folds 
pr0tecto: folds 
AlexEliseev7: folds 
Uncalled bet ($0.50) returned to deanmillingt
deanmillingt collected $1 from pot
*** SUMMARY ***
Total pot $1 | Rake $0 
Seat 1: 7bekon7 folded before Flop (didn't bet)
Seat 2: pr0tecto (button) folded before Flop (didn't bet)
Seat 3: AlexEliseev7 (small blind) folded before Flop
Seat 4: deanmillingt (big blind) collected ($1)
Seat 5: nastja336 folded before Flop (didn't bet)
Seat 6: steepfell folded before Flop (didn't bet)



PokerStars Hand #254511011355:  Hold'em No Limit ($0.50/$1.00 USD) - 2025/01/23 5:14:54 WET [2025/01/23 0:14:54 ET]
Table 'Procyon IV' 6-max Seat #3 is the button
Seat 1: 7bekon7 ($145.39 in chips) 
Seat 2: pr0tecto ($118.94 in chips) 
Seat 3: AlexEliseev7 ($149.78 in chips) 
Seat 4: deanmillingt ($92.25 in chips) 
Seat 5: nastja336 ($145.82 in chips) 
Seat 6: steepfell ($101.94 in chips) 
deanmillingt: posts small blind $0.50
nastja336: posts big blind $1
*** HOLE CARDS ***
steepfell: folds 
7bekon7: folds 
pr0tecto: folds 
AlexEliseev7: raises $1.50 to $2.50
deanmillingt: calls $2
nastja336: folds 
*** FLOP *** [4c 8d Ah]
deanmillingt: checks 
AlexEliseev7: bets $1.88
deanmillingt: calls $1.88
*** TURN *** [4c 8d Ah] [As]
deanmillingt: checks 
AlexEliseev7: checks 
*** RIVER *** [4c 8d Ah As] [9c]
deanmillingt: checks 
AlexEliseev7: bets $3.06
deanmillingt: raises $15.39 to $18.45
AlexEliseev7: folds 
Uncalled bet ($15.39) returned to deanmillingt
deanmillingt collected $15.09 from pot
*** SUMMARY ***
Total pot $15.88 | Rake $0.79 
Board [4c 8d Ah As 9c]
Seat 1: 7bekon7 folded before Flop (didn't bet)
Seat 2: pr0tecto folded before Flop (didn't bet)
Seat 3: AlexEliseev7 (button) folded on the River
Seat 4: deanmillingt (small blind) collected ($15.09)
Seat 5: nastja336 (big blind) folded before Flop
Seat 6: steepfell folded before Flop (didn't bet)



PokerStars Hand #254511016040:  Hold'em No Limit ($0.50/$1.00 USD) - 2025/01/23 5:15:49 WET [2025/01/23 0:15:49 ET]
Table 'Procyon IV' 6-max Seat #4 is the button
Seat 1: 7bekon7 ($145.39 in chips) 
Seat 2: pr0tecto ($118.94 in chips) 
Seat 3: AlexEliseev7 ($142.34 in chips) 
Seat 4: deanmillingt ($99.90 in chips) 
Seat 5: nastja336 ($144.82 in chips) 
Seat 6: steepfell ($101.94 in chips) 
nastja336: posts small blind $0.50
steepfell: posts big blind $1
*** HOLE CARDS ***
7bekon7: folds 
pr0tecto: folds 
AlexEliseev7: folds 
deanmillingt: raises $2 to $3
nastja336: folds 
steepfell: calls $2
*** FLOP *** [2d 3c 2h]
steepfell: checks 
deanmillingt: checks 
*** TURN *** [2d 3c 2h] [Th]
steepfell: bets $3.09
deanmillingt: calls $3.09
*** RIVER *** [2d 3c 2h Th] [4h]
steepfell: bets $10.50
deanmillingt: raises $16.53 to $27.03
steepfell: calls $16.53
*** SHOW DOWN ***
deanmillingt: shows [2c 6s] (three of a kind, Deuces)
steepfell: shows [5h 7h] (a flush, Ten high)
steepfell collected $64.24 from pot
*** SUMMARY ***
Total pot $66.74 | Rake $2.50 
Board [2d 3c 2h Th 4h]
Seat 1: 7bekon7 folded before Flop (didn't bet)
Seat 2: pr0tecto folded before Flop (didn't bet)
Seat 3: AlexEliseev7 folded before Flop (didn't bet)
Seat 4: deanmillingt (button) showed [2c 6s] and lost with three of a kind, Deuces
Seat 5: nastja336 (small blind) folded before Flop
Seat 6: steepfell (big blind) showed [5h 7h] and won ($64.24) with a flush, Ten high



PokerStars Hand #254511020652:  Hold'em No Limit ($0.50/$1.00 USD) - 2025/01/23 5:16:46 WET [2025/01/23 0:16:46 ET]
Table 'Procyon IV' 6-max Seat #5 is the button
Seat 1: 7bekon7 ($145.39 in chips) 
Seat 2: pr0tecto ($118.94 in chips) 
Seat 3: AlexEliseev7 ($142.34 in chips) 
Seat 4: deanmillingt ($66.78 in chips) 
Seat 5: nastja336 ($144.32 in chips) 
Seat 6: steepfell ($133.06 in chips) 
steepfell: posts small blind $0.50
7bekon7: posts big blind $1
*** HOLE CARDS ***
pr0tecto: raises $1.10 to $2.10
AlexEliseev7: folds 
deanmillingt: calls $2.10
nastja336: folds 
steepfell: folds 
7bekon7: calls $1.10
*** FLOP *** [5h As Qd]
7bekon7: checks 
pr0tecto: checks 
deanmillingt: checks 
*** TURN *** [5h As Qd] [9s]
7bekon7: checks 
pr0tecto: checks 
deanmillingt: checks 
*** RIVER *** [5h As Qd 9s] [Th]
7bekon7: bets $4.85
pr0tecto: folds 
deanmillingt: folds 
Uncalled bet ($4.85) returned to 7bekon7
7bekon7 collected $6.46 from pot
7bekon7: doesn't show hand 
*** SUMMARY ***
Total pot $6.80 | Rake $0.34 
Board [5h As Qd 9s Th]
Seat 1: 7bekon7 (big blind) collected ($6.46)
Seat 2: pr0tecto folded on the River
Seat 3: AlexEliseev7 folded before Flop (didn't bet)
Seat 4: deanmillingt folded on the River
Seat 5: nastja336 (button) folded before Flop (didn't bet)
Seat 6: steepfell (small blind) folded before Flop



PokerStars Hand #254511025324:  Hold'em No Limit ($0.50/$1.00 USD) - 2025/01/23 5:17:42 WET [2025/01/23 0:17:42 ET]
Table 'Procyon IV' 6-max Seat #6 is the button
Seat 1: 7bekon7 ($149.75 in chips) 
Seat 2: pr0tecto ($116.84 in chips) 
Seat 3: AlexEliseev7 ($142.34 in chips) 
Seat 4: deanmillingt ($64.68 in chips) 
Seat 5: nastja336 ($144.32 in chips) 
Seat 6: steepfell ($132.56 in chips) 
7bekon7: posts small blind $0.50
pr0tecto: posts big blind $1
*** HOLE CARDS ***
AlexEliseev7: folds 
deanmillingt: folds 
nastja336: folds 
steepfell: folds 
7bekon7: raises $2 to $3
pr0tecto: folds 
Uncalled bet ($2) returned to 7bekon7
7bekon7 collected $2 from pot
7bekon7: doesn't show hand 
*** SUMMARY ***
Total pot $2 | Rake $0 
Seat 1: 7bekon7 (small blind) collected ($2)
Seat 2: pr0tecto (big blind) folded before Flop
Seat 3: AlexEliseev7 folded before Flop (didn't bet)
Seat 4: deanmillingt folded before Flop (didn't bet)
Seat 5: nastja336 folded before Flop (didn't bet)
Seat 6: steepfell (button) folded before Flop (didn't bet)



PokerStars Hand #254511026849:  Hold'em No Limit ($0.50/$1.00 USD) - 2025/01/23 5:18:00 WET [2025/01/23 0:18:00 ET]
Table 'Procyon IV' 6-max Seat #1 is the button
Seat 1: 7bekon7 ($150.75 in chips) 
Seat 2: pr0tecto ($115.84 in chips) 
Seat 3: AlexEliseev7 ($142.34 in chips) 
Seat 4: deanmillingt ($64.68 in chips) 
Seat 5: nastja336 ($144.32 in chips) 
Seat 6: steepfell ($132.56 in chips) 
pr0tecto: posts small blind $0.50
AlexEliseev7: posts big blind $1
*** HOLE CARDS ***
deanmillingt: raises $3 to $4
nastja336: folds 
steepfell: folds 
7bekon7: folds 
pr0tecto: folds 
AlexEliseev7: raises $8 to $12
deanmillingt: calls $8
*** FLOP *** [Kh 9c 5d]
AlexEliseev7: checks 
deanmillingt: bets $11.64
AlexEliseev7: calls $11.64
*** TURN *** [Kh 9c 5d] [5h]
AlexEliseev7: checks 
deanmillingt: checks 
*** RIVER *** [Kh 9c 5d 5h] [3s]
AlexEliseev7: bets $68.54
deanmillingt: calls $41.04 and is all-in
Uncalled bet ($27.50) returned to AlexEliseev7
*** SHOW DOWN ***
AlexEliseev7: shows [As Ac] (two pair, Aces and Fives)
deanmillingt: shows [9s Jc] (two pair, Nines and Fives)
AlexEliseev7 collected $127.36 from pot
*** SUMMARY ***
Total pot $129.86 | Rake $2.50 
Board [Kh 9c 5d 5h 3s]
Seat 1: 7bekon7 (button) folded before Flop (didn't bet)
Seat 2: pr0tecto (small blind) folded before Flop
Seat 3: AlexEliseev7 (big blind) showed [As Ac] and won ($127.36) with two pair, Aces and Fives
Seat 4: deanmillingt showed [9s Jc] and lost with two pair, Nines and Fives
Seat 5: nastja336 folded before Flop (didn't bet)
Seat 6: steepfell folded before Flop (didn't bet)



PokerStars Hand #254511033817:  Hold'em No Limit ($0.50/$1.00 USD) - 2025/01/23 5:19:24 WET [2025/01/23 0:19:24 ET]
Table 'Procyon IV' 6-max Seat #2 is the button
Seat 4: deanmillingt ($0 in chips) is sitting out
Seat 1: 7bekon7 ($150.75 in chips) 
Seat 2: pr0tecto ($115.34 in chips) 
Seat 3: AlexEliseev7 ($205.02 in chips) 
Seat 5: nastja336 ($144.32 in chips) 
Seat 6: steepfell ($132.56 in chips) 
AlexEliseev7: posts small blind $0.50
nastja336: posts big blind $1
*** HOLE CARDS ***
steepfell: folds 
7bekon7: folds 
pr0tecto: folds 
AlexEliseev7: folds 
Uncalled bet ($0.50) returned to nastja336
nastja336 collected $1 from pot
nastja336: doesn't show hand 
*** SUMMARY ***
Total pot $1 | Rake $0 
Seat 4: deanmillingt
Seat 1: 7bekon7 folded before Flop (didn't bet)
Seat 2: pr0tecto (button) folded before Flop (didn't bet)
Seat 3: AlexEliseev7 (small blind) folded before Flop
Seat 5: nastja336 (big blind) collected ($1)
Seat 6: steepfell folded before Flop (didn't bet)



PokerStars Hand #254511034600:  Hold'em No Limit ($0.50/$1.00 USD) - 2025/01/23 5:19:33 WET [2025/01/23 0:19:33 ET]
Table 'Procyon IV' 6-max Seat #3 is the button
Seat 4: deanmillingt ($0 in chips) is sitting out
Seat 1: 7bekon7 ($150.75 in chips) 
Seat 2: pr0tecto ($115.34 in chips) 
Seat 3: AlexEliseev7 ($204.52 in chips) 
Seat 5: nastja336 ($144.82 in chips) 
Seat 6: steepfell ($132.56 in chips) 
nastja336: posts small blind $0.50
steepfell: posts big blind $1
*** HOLE CARDS ***
7bekon7: raises $1.25 to $2.25
pr0tecto: folds 
AlexEliseev7: folds 
nastja336: folds 
steepfell: folds 
Uncalled bet ($1.25) returned to 7bekon7
7bekon7 collected $2.50 from pot
*** SUMMARY ***
Total pot $2.50 | Rake $0 
Seat 4: deanmillingt
Seat 1: 7bekon7 collected ($2.50)
Seat 2: pr0tecto folded before Flop (didn't bet)
Seat 3: AlexEliseev7 (button) folded before Flop (didn't bet)
Seat 5: nastja336 (small blind) folded before Flop
Seat 6: steepfell (big blind) folded before Flop



PokerStars Hand #254511035959:  Hold'em No Limit ($0.50/$1.00 USD) - 2025/01/23 5:19:49 WET [2025/01/23 0:19:49 ET]
Table 'Procyon IV' 6-max Seat #5 is the button
Seat 4: deanmillingt ($0 in chips) is sitting out
Seat 1: 7bekon7 ($152.25 in chips) 
Seat 2: pr0tecto ($115.34 in chips) 
Seat 3: AlexEliseev7 ($204.52 in chips) 
Seat 5: nastja336 ($144.32 in chips) 
Seat 6: steepfell ($131.56 in chips) 
steepfell: posts small blind $0.50
7bekon7: posts big blind $1
*** HOLE CARDS ***
pr0tecto: folds 
AlexEliseev7: folds 
nastja336: folds 
steepfell: raises $2 to $3
7bekon7: calls $2
*** FLOP *** [6s 2d Qs]
steepfell: bets $1.88
7bekon7: folds 
Uncalled bet ($1.88) returned to steepfell
steepfell collected $5.70 from pot
steepfell: doesn't show hand 
*** SUMMARY ***
Total pot $6 | Rake $0.30 
Board [6s 2d Qs]
Seat 4: deanmillingt
Seat 1: 7bekon7 (big blind) folded on the Flop
Seat 2: pr0tecto folded before Flop (didn't bet)
Seat 3: AlexEliseev7 folded before Flop (didn't bet)
Seat 5: nastja336 (button) folded before Flop (didn't bet)
Seat 6: steepfell (small blind) collected ($5.70)



PokerStars Hand #254511040456:  Hold'em No Limit ($0.50/$1.00 USD) - 2025/01/23 5:20:43 WET [2025/01/23 0:20:43 ET]
Table 'Procyon IV' 6-max Seat #6 is the button
Seat 4: deanmillingt ($0 in chips) is sitting out
Seat 1: 7bekon7 ($149.25 in chips) 
Seat 2: pr0tecto ($115.34 in chips) 
Seat 3: AlexEliseev7 ($204.52 in chips) 
Seat 5: nastja336 ($144.32 in chips) 
Seat 6: steepfell ($134.26 in chips) 
7bekon7: posts small blind $0.50
pr0tecto: posts big blind $1
*** HOLE CARDS ***
AlexEliseev7: folds 
nastja336: folds 
steepfell: folds 
7bekon7: raises $2 to $3
pr0tecto: raises $6 to $9
7bekon7: folds 
Uncalled bet ($6) returned to pr0tecto
pr0tecto collected $6 from pot
pr0tecto: doesn't show hand 
*** SUMMARY ***
Total pot $6 | Rake $0 
Seat 4: deanmillingt
Seat 1: 7bekon7 (small blind) folded before Flop
Seat 2: pr0tecto (big blind) collected ($6)
Seat 3: AlexEliseev7 folded before Flop (didn't bet)
Seat 5: nastja336 folded before Flop (didn't bet)
Seat 6: steepfell (button) folded before Flop (didn't bet)



PokerStars Hand #254511043073:  Hold'em No Limit ($0.50/$1.00 USD) - 2025/01/23 5:21:16 WET [2025/01/23 0:21:16 ET]
Table 'Procyon IV' 6-max Seat #1 is the button
Seat 4: deanmillingt ($0 in chips) is sitting out
Seat 1: 7bekon7 ($146.25 in chips) 
Seat 2: pr0tecto ($118.34 in chips) 
Seat 3: AlexEliseev7 ($204.52 in chips) 
Seat 5: nastja336 ($144.32 in chips) 
Seat 6: steepfell ($134.26 in chips) 
pr0tecto: posts small blind $0.50
AlexEliseev7: posts big blind $1
*** HOLE CARDS ***
nastja336: folds 
steepfell: raises $1.50 to $2.50
7bekon7: folds 
pr0tecto: folds 
AlexEliseev7: folds 
Uncalled bet ($1.50) returned to steepfell
steepfell collected $2.50 from pot
steepfell: doesn't show hand 
*** SUMMARY ***
Total pot $2.50 | Rake $0 
Seat 4: deanmillingt
Seat 1: 7bekon7 (button) folded before Flop (didn't bet)
Seat 2: pr0tecto (small blind) folded before Flop
Seat 3: AlexEliseev7 (big blind) folded before Flop
Seat 5: nastja336 folded before Flop (didn't bet)
Seat 6: steepfell collected ($2.50)



PokerStars Hand #254511044769:  Hold'em No Limit ($0.50/$1.00 USD) - 2025/01/23 5:21:37 WET [2025/01/23 0:21:37 ET]
Table 'Procyon IV' 6-max Seat #2 is the button
Seat 4: deanmillingt ($0 in chips) is sitting out
Seat 1: 7bekon7 ($146.25 in chips) 
Seat 2: pr0tecto ($117.84 in chips) 
Seat 3: AlexEliseev7 ($203.52 in chips) 
Seat 5: nastja336 ($144.32 in chips) 
Seat 6: steepfell ($135.76 in chips) 
AlexEliseev7: posts small blind $0.50
nastja336: posts big blind $1
*** HOLE CARDS ***
steepfell: folds 
7bekon7: raises $1.25 to $2.25
pr0tecto: folds 
AlexEliseev7: raises $10.75 to $13
nastja336: folds 
7bekon7: calls $10.75
*** FLOP *** [4c 6d 3h]
AlexEliseev7: bets $20.01
7bekon7: calls $20.01
*** TURN *** [4c 6d 3h] [5c]
AlexEliseev7: checks 
7bekon7: bets $24.20
AlexEliseev7: calls $24.20
*** RIVER *** [4c 6d 3h 5c] [Ts]
AlexEliseev7: checks 
7bekon7: bets $89.04 and is all-in
AlexEliseev7: calls $89.04
*** SHOW DOWN ***
7bekon7: shows [Ac Jc] (high card Ace)
AlexEliseev7: shows [Qs Qh] (a pair of Queens)
AlexEliseev7 collected $291 from pot
*** SUMMARY ***
Total pot $293.50 | Rake $2.50 
Board [4c 6d 3h 5c Ts]
Seat 4: deanmillingt
Seat 1: 7bekon7 showed [Ac Jc] and lost with high card Ace
Seat 2: pr0tecto (button) folded before Flop (didn't bet)
Seat 3: AlexEliseev7 (small blind) showed [Qs Qh] and won ($291) with a pair of Queens
Seat 5: nastja336 (big blind) folded before Flop
Seat 6: steepfell folded before Flop (didn't bet)



PokerStars Hand #254511056113:  Hold'em No Limit ($0.50/$1.00 USD) - 2025/01/23 5:23:54 WET [2025/01/23 0:23:54 ET]
Table 'Procyon IV' 6-max Seat #3 is the button
Seat 4: deanmillingt ($0 in chips) is sitting out
Seat 1: 7bekon7 ($100 in chips) 
Seat 2: pr0tecto ($117.84 in chips) 
Seat 3: AlexEliseev7 ($348.27 in chips) 
Seat 5: nastja336 ($143.32 in chips) 
Seat 6: steepfell ($135.76 in chips) 
nastja336: posts small blind $0.50
steepfell: posts big blind $1
*** HOLE CARDS ***
7bekon7: raises $1.25 to $2.25
pr0tecto: folds 
AlexEliseev7: folds 
nastja336: folds 
steepfell: folds 
Uncalled bet ($1.25) returned to 7bekon7
7bekon7 collected $2.50 from pot
7bekon7: doesn't show hand 
*** SUMMARY ***
Total pot $2.50 | Rake $0 
Seat 4: deanmillingt
Seat 1: 7bekon7 collected ($2.50)
Seat 2: pr0tecto folded before Flop (didn't bet)
Seat 3: AlexEliseev7 (button) folded before Flop (didn't bet)
Seat 5: nastja336 (small blind) folded before Flop
Seat 6: steepfell (big blind) folded before Flop



PokerStars Hand #254511057662:  Hold'em No Limit ($0.50/$1.00 USD) - 2025/01/23 5:24:13 WET [2025/01/23 0:24:13 ET]
Table 'Procyon IV' 6-max Seat #5 is the button
Seat 4: deanmillingt ($0 in chips) is sitting out
Seat 1: 7bekon7 ($101.50 in chips) 
Seat 2: pr0tecto ($117.84 in chips) 
Seat 3: AlexEliseev7 ($348.27 in chips) 
Seat 5: nastja336 ($142.82 in chips) 
Seat 6: steepfell ($134.76 in chips) 
steepfell: posts small blind $0.50
7bekon7: posts big blind $1
*** HOLE CARDS ***
pr0tecto: folds 
AlexEliseev7: folds 
nastja336: raises $1.50 to $2.50
steepfell: folds 
7bekon7: folds 
Uncalled bet ($1.50) returned to nastja336
nastja336 collected $2.50 from pot
nastja336: doesn't show hand 
*** SUMMARY ***
Total pot $2.50 | Rake $0 
Seat 4: deanmillingt
Seat 1: 7bekon7 (big blind) folded before Flop
Seat 2: pr0tecto folded before Flop (didn't bet)
Seat 3: AlexEliseev7 folded before Flop (didn't bet)
Seat 5: nastja336 (button) collected ($2.50)
Seat 6: steepfell (small blind) folded before Flop



PokerStars Hand #254511058719:  Hold'em No Limit ($0.50/$1.00 USD) - 2025/01/23 5:24:26 WET [2025/01/23 0:24:26 ET]
Table 'Procyon IV' 6-max Seat #6 is the button
Seat 4: deanmillingt ($0 in chips) is sitting out
Seat 1: 7bekon7 ($100.50 in chips) 
Seat 2: pr0tecto ($117.84 in chips) 
Seat 3: AlexEliseev7 ($348.27 in chips) 
Seat 5: nastja336 ($144.32 in chips) 
Seat 6: steepfell ($134.26 in chips) 
7bekon7: posts small blind $0.50
pr0tecto: posts big blind $1
*** HOLE CARDS ***
AlexEliseev7: folds 
nastja336: folds 
steepfell: folds 
7bekon7: raises $2 to $3
pr0tecto: calls $2
*** FLOP *** [5s Tc 9c]
7bekon7: checks 
pr0tecto: checks 
*** TURN *** [5s Tc 9c] [Th]
7bekon7: bets $1.43
pr0tecto: folds 
Uncalled bet ($1.43) returned to 7bekon7
7bekon7 collected $5.70 from pot
7bekon7: doesn't show hand 
*** SUMMARY ***
Total pot $6 | Rake $0.30 
Board [5s Tc 9c Th]
Seat 4: deanmillingt
Seat 1: 7bekon7 (small blind) collected ($5.70)
Seat 2: pr0tecto (big blind) folded on the Turn
Seat 3: AlexEliseev7 folded before Flop (didn't bet)
Seat 5: nastja336 folded before Flop (didn't bet)
Seat 6: steepfell (button) folded before Flop (didn't bet)



PokerStars Hand #254511061908:  Hold'em No Limit ($0.50/$1.00 USD) - 2025/01/23 5:25:05 WET [2025/01/23 0:25:05 ET]
Table 'Procyon IV' 6-max Seat #1 is the button
Seat 4: deanmillingt ($0 in chips) is sitting out
Seat 1: 7bekon7 ($103.20 in chips) 
Seat 2: pr0tecto ($114.84 in chips) 
Seat 3: AlexEliseev7 ($348.27 in chips) 
Seat 5: nastja336 ($144.32 in chips) 
Seat 6: steepfell ($134.26 in chips) 
pr0tecto: posts small blind $0.50
AlexEliseev7: posts big blind $1
*** HOLE CARDS ***
nastja336: folds 
steepfell: folds 
7bekon7: folds 
pr0tecto: folds 
Uncalled bet ($0.50) returned to AlexEliseev7
AlexEliseev7 collected $1 from pot
AlexEliseev7: doesn't show hand 
*** SUMMARY ***
Total pot $1 | Rake $0 
Seat 4: deanmillingt
Seat 1: 7bekon7 (button) folded before Flop (didn't bet)
Seat 2: pr0tecto (small blind) folded before Flop
Seat 3: AlexEliseev7 (big blind) collected ($1)
Seat 5: nastja336 folded before Flop (didn't bet)
Seat 6: steepfell folded before Flop (didn't bet)



PokerStars Hand #254511063114:  Hold'em No Limit ($0.50/$1.00 USD) - 2025/01/23 5:25:20 WET [2025/01/23 0:25:20 ET]
Table 'Procyon IV' 6-max Seat #2 is the button
Seat 4: deanmillingt ($0 in chips) is sitting out
Seat 5: nastja336 ($144.32 in chips) is sitting out
Seat 1: 7bekon7 ($103.20 in chips) 
Seat 2: pr0tecto ($114.34 in chips) 
Seat 3: AlexEliseev7 ($348.77 in chips) 
Seat 6: steepfell ($134.26 in chips) 
AlexEliseev7: posts small blind $0.50
nastja336: is sitting out 
steepfell: posts big blind $1
*** HOLE CARDS ***
nastja336 leaves the table
7bekon7: raises $1.25 to $2.25
pr0tecto: folds 
AlexEliseev7: folds 
deanmillingt is disconnected 
steepfell: folds 
Uncalled bet ($1.25) returned to 7bekon7
7bekon7 collected $2.50 from pot
7bekon7: doesn't show hand 
*** SUMMARY ***
Total pot $2.50 | Rake $0 
Seat 4: deanmillingt
Seat 5: nastja336
Seat 1: 7bekon7 collected ($2.50)
Seat 2: pr0tecto (button) folded before Flop (didn't bet)
Seat 3: AlexEliseev7 (small blind) folded before Flop
Seat 6: steepfell (big blind) folded before Flop



PokerStars Hand #254511064371:  Hold'em No Limit ($0.50/$1.00 USD) - 2025/01/23 5:25:35 WET [2025/01/23 0:25:35 ET]
Table 'Procyon IV' 6-max Seat #3 is the button
Seat 1: 7bekon7 ($104.70 in chips) is sitting out
Seat 4: deanmillingt ($0 in chips) is sitting out
Seat 2: pr0tecto ($114.34 in chips) 
Seat 3: AlexEliseev7 ($348.27 in chips) 
Seat 6: steepfell ($133.26 in chips) 
steepfell: posts small blind $0.50
7bekon7 has timed out
7bekon7: is sitting out 
pr0tecto: posts big blind $1
*** HOLE CARDS ***
AlexEliseev7: raises $1.50 to $2.50
steepfell: folds 
7bekon7 leaves the table
pr0tecto: folds 
Uncalled bet ($1.50) returned to AlexEliseev7
AlexEliseev7 collected $2.50 from pot
AlexEliseev7: doesn't show hand 
*** SUMMARY ***
Total pot $2.50 | Rake $0 
Seat 1: 7bekon7
Seat 4: deanmillingt
Seat 2: pr0tecto (big blind) folded before Flop
Seat 3: AlexEliseev7 (button) collected ($2.50)
Seat 6: steepfell (small blind) folded before Flop



PokerStars Hand #254510902027:  Hold'em No Limit ($0.50/$1.00 USD) - 2025/01/23 4:52:35 WET [2025/01/22 23:52:35 ET]
Table 'Procyon IV' 6-max Seat #1 is the button
Seat 1: 7bekon7 ($100 in chips) 
Seat 2: pr0tecto ($99 in chips) 
Seat 3: AlexEliseev7 ($145.53 in chips) 
Seat 4: deanmillingt ($188.27 in chips) 
Seat 5: nastja336 ($100 in chips) 
Seat 6: steepfell ($100 in chips) 
pr0tecto: posts small blind $0.50
AlexEliseev7: posts big blind $1
*** HOLE CARDS ***
deanmillingt: raises $4 to $5
nastja336: folds 
steepfell: folds 
7bekon7: folds 
pr0tecto: folds 
AlexEliseev7: calls $4
*** FLOP *** [2h 8c Ts]
AlexEliseev7: checks 
deanmillingt: bets $9.98
AlexEliseev7: folds 
Uncalled bet ($9.98) returned to deanmillingt
deanmillingt collected $9.98 from pot
*** SUMMARY ***
Total pot $10.50 | Rake $0.52 
Board [2h 8c Ts]
Seat 1: 7bekon7 (button) folded before Flop (didn't bet)
Seat 2: pr0tecto (small blind) folded before Flop
Seat 3: AlexEliseev7 (big blind) folded on the Flop
Seat 4: deanmillingt collected ($9.98)
Seat 5: nastja336 folded before Flop (didn't bet)
Seat 6: steepfell folded before Flop (didn't bet)



PokerStars Hand #254510905781:  Hold'em No Limit ($0.50/$1.00 USD) - 2025/01/23 4:53:16 WET [2025/01/22 23:53:16 ET]
Table 'Procyon IV' 6-max Seat #2 is the button
Seat 1: 7bekon7 ($100 in chips) 
Seat 2: pr0tecto ($100 in chips) 
Seat 3: AlexEliseev7 ($140.53 in chips) 
Seat 4: deanmillingt ($193.25 in chips) 
Seat 5: nastja336 ($100 in chips) 
Seat 6: steepfell ($100 in chips) 
AlexEliseev7: posts small blind $0.50
deanmillingt: posts big blind $1
*** HOLE CARDS ***
nastja336: folds 
steepfell: folds 
7bekon7: folds 
pr0tecto: folds 
AlexEliseev7: folds 
Uncalled bet ($0.50) returned to deanmillingt
deanmillingt collected $1 from pot
*** SUMMARY ***
Total pot $1 | Rake $0 
Seat 1: 7bekon7 folded before Flop (didn't bet)
Seat 2: pr0tecto (button) folded before Flop (didn't bet)
Seat 3: AlexEliseev7 (small blind) folded before Flop
Seat 4: deanmillingt (big blind) collected ($1)
Seat 5: nastja336 folded before Flop (didn't bet)
Seat 6: steepfell folded before Flop (didn't bet)



PokerStars Hand #254510906868:  Hold'em No Limit ($0.50/$1.00 USD) - 2025/01/23 4:53:28 WET [2025/01/22 23:53:28 ET]
Table 'Procyon IV' 6-max Seat #3 is the button
Seat 1: 7bekon7 ($100 in chips) 
Seat 2: pr0tecto ($100 in chips) 
Seat 3: AlexEliseev7 ($140.03 in chips) 
Seat 4: deanmillingt ($193.75 in chips) 
Seat 5: nastja336 ($100 in chips) 
Seat 6: steepfell ($100 in chips) 
deanmillingt: posts small blind $0.50
nastja336: posts big blind $1
*** HOLE CARDS ***
steepfell: folds 
7bekon7: raises $1.50 to $2.50
pr0tecto: folds 
AlexEliseev7: raises $4.50 to $7
deanmillingt: calls $6.50
nastja336: folds 
7bekon7: calls $4.50
*** FLOP *** [Qh Jh 5s]
deanmillingt: checks 
7bekon7: checks 
AlexEliseev7: checks 
*** TURN *** [Qh Jh 5s] [6h]
deanmillingt: checks 
7bekon7: bets $5.23
AlexEliseev7: folds 
deanmillingt: raises $5.23 to $10.46
7bekon7: calls $5.23
*** RIVER *** [Qh Jh 5s 6h] [Jd]
deanmillingt: checks 
7bekon7: bets $10.19
deanmillingt: folds 
Uncalled bet ($10.19) returned to 7bekon7
7bekon7 collected $40.77 from pot
7bekon7: doesn't show hand 
*** SUMMARY ***
Total pot $42.92 | Rake $2.15 
Board [Qh Jh 5s 6h Jd]
Seat 1: 7bekon7 collected ($40.77)
Seat 2: pr0tecto folded before Flop (didn't bet)
Seat 3: AlexEliseev7 (button) folded on the Turn
Seat 4: deanmillingt (small blind) folded on the River
Seat 5: nastja336 (big blind) folded before Flop
Seat 6: steepfell folded before Flop (didn't bet)



PokerStars Hand #254510914149:  Hold'em No Limit ($0.50/$1.00 USD) - 2025/01/23 4:54:49 WET [2025/01/22 23:54:49 ET]
Table 'Procyon IV' 6-max Seat #4 is the button
Seat 1: 7bekon7 ($123.31 in chips) 
Seat 2: pr0tecto ($100 in chips) 
Seat 3: AlexEliseev7 ($133.03 in chips) 
Seat 4: deanmillingt ($176.29 in chips) 
Seat 5: nastja336 ($100 in chips) 
Seat 6: steepfell ($100 in chips) 
nastja336: posts small blind $0.50
steepfell: posts big blind $1
*** HOLE CARDS ***
7bekon7: folds 
pr0tecto: folds 
AlexEliseev7: folds 
deanmillingt: raises $1 to $2
nastja336: folds 
steepfell: folds 
Uncalled bet ($1) returned to deanmillingt
deanmillingt collected $2.50 from pot
*** SUMMARY ***
Total pot $2.50 | Rake $0 
Seat 1: 7bekon7 folded before Flop (didn't bet)
Seat 2: pr0tecto folded before Flop (didn't bet)
Seat 3: AlexEliseev7 folded before Flop (didn't bet)
Seat 4: deanmillingt (button) collected ($2.50)
Seat 5: nastja336 (small blind) folded before Flop
Seat 6: steepfell (big blind) folded before Flop



PokerStars Hand #254510915162:  Hold'em No Limit ($0.50/$1.00 USD) - 2025/01/23 4:55:00 WET [2025/01/22 23:55:00 ET]
Table 'Procyon IV' 6-max Seat #5 is the button
Seat 1: 7bekon7 ($123.31 in chips) 
Seat 2: pr0tecto ($100 in chips) 
Seat 3: AlexEliseev7 ($133.03 in chips) 
Seat 4: deanmillingt ($177.79 in chips) 
Seat 5: nastja336 ($100 in chips) 
Seat 6: steepfell ($100 in chips) 
steepfell: posts small blind $0.50
7bekon7: posts big blind $1
*** HOLE CARDS ***
pr0tecto: raises $1.10 to $2.10
AlexEliseev7: folds 
deanmillingt: calls $2.10
nastja336: calls $2.10
steepfell: calls $1.60
7bekon7: raises $11.50 to $13.60
pr0tecto: calls $11.50
deanmillingt: calls $11.50
nastja336: folds 
steepfell: folds 
*** FLOP *** [7s Ad Qs]
7bekon7: bets $10.69
pr0tecto: folds 
deanmillingt: folds 
Uncalled bet ($10.69) returned to 7bekon7
7bekon7 collected $42.75 from pot
7bekon7: doesn't show hand 
*** SUMMARY ***
Total pot $45 | Rake $2.25 
Board [7s Ad Qs]
Seat 1: 7bekon7 (big blind) collected ($42.75)
Seat 2: pr0tecto folded on the Flop
Seat 3: AlexEliseev7 folded before Flop (didn't bet)
Seat 4: deanmillingt folded on the Flop
Seat 5: nastja336 (button) folded before Flop
Seat 6: steepfell (small blind) folded before Flop



PokerStars Hand #254510920045:  Hold'em No Limit ($0.50/$1.00 USD) - 2025/01/23 4:56:03 WET [2025/01/22 23:56:03 ET]
Table 'Procyon IV' 6-max Seat #6 is the button
Seat 1: 7bekon7 ($152.46 in chips) 
Seat 2: pr0tecto ($100 in chips) 
Seat 3: AlexEliseev7 ($133.03 in chips) 
Seat 4: deanmillingt ($164.19 in chips) 
Seat 5: nastja336 ($100 in chips) 
Seat 6: steepfell ($100 in chips) 
7bekon7: posts small blind $0.50
pr0tecto: posts big blind $1
*** HOLE CARDS ***
AlexEliseev7: folds 
deanmillingt: raises $2.50 to $3.50
nastja336: folds 
steepfell: folds 
7bekon7: folds 
pr0tecto: folds 
Uncalled bet ($2.50) returned to deanmillingt
deanmillingt collected $2.50 from pot
*** SUMMARY ***
Total pot $2.50 | Rake $0 
Seat 1: 7bekon7 (small blind) folded before Flop
Seat 2: pr0tecto (big blind) folded before Flop
Seat 3: AlexEliseev7 folded before Flop (didn't bet)
Seat 4: deanmillingt collected ($2.50)
Seat 5: nastja336 folded before Flop (didn't bet)
Seat 6: steepfell (button) folded before Flop (didn't bet)



PokerStars Hand #254510920904:  Hold'em No Limit ($0.50/$1.00 USD) - 2025/01/23 4:56:15 WET [2025/01/22 23:56:15 ET]
Table 'Procyon IV' 6-max Seat #1 is the button
Seat 1: 7bekon7 ($151.96 in chips) 
Seat 2: pr0tecto ($99 in chips) 
Seat 3: AlexEliseev7 ($133.03 in chips) 
Seat 4: deanmillingt ($165.69 in chips) 
Seat 5: nastja336 ($100 in chips) 
Seat 6: steepfell ($100 in chips) 
pr0tecto: posts small blind $0.50
AlexEliseev7: posts big blind $1
*** HOLE CARDS ***
deanmillingt: raises $2.50 to $3.50
nastja336: folds 
steepfell: folds 
7bekon7: folds 
pr0tecto: folds 
AlexEliseev7: folds 
Uncalled bet ($2.50) returned to deanmillingt
deanmillingt collected $2.50 from pot
*** SUMMARY ***
Total pot $2.50 | Rake $0 
Seat 1: 7bekon7 (button) folded before Flop (didn't bet)
Seat 2: pr0tecto (small blind) folded before Flop
Seat 3: AlexEliseev7 (big blind) folded before Flop
Seat 4: deanmillingt collected ($2.50)
Seat 5: nastja336 folded before Flop (didn't bet)
Seat 6: steepfell folded before Flop (didn't bet)



PokerStars Hand #254510922161:  Hold'em No Limit ($0.50/$1.00 USD) - 2025/01/23 4:56:32 WET [2025/01/22 23:56:32 ET]
Table 'Procyon IV' 6-max Seat #2 is the button
Seat 1: 7bekon7 ($151.96 in chips) 
Seat 2: pr0tecto ($100 in chips) 
Seat 3: AlexEliseev7 ($132.03 in chips) 
Seat 4: deanmillingt ($167.19 in chips) 
Seat 5: nastja336 ($100 in chips) 
Seat 6: steepfell ($100 in chips) 
AlexEliseev7: posts small blind $0.50
deanmillingt: posts big blind $1
*** HOLE CARDS ***
nastja336: folds 
steepfell: folds 
7bekon7: folds 
pr0tecto: raises $2 to $3
AlexEliseev7: raises $9 to $12
deanmillingt: folds 
pr0tecto: folds 
Uncalled bet ($9) returned to AlexEliseev7
AlexEliseev7 collected $7 from pot
AlexEliseev7: doesn't show hand 
*** SUMMARY ***
Total pot $7 | Rake $0 
Seat 1: 7bekon7 folded before Flop (didn't bet)
Seat 2: pr0tecto (button) folded before Flop
Seat 3: AlexEliseev7 (small blind) collected ($7)
Seat 4: deanmillingt (big blind) folded before Flop
Seat 5: nastja336 folded before Flop (didn't bet)
Seat 6: steepfell folded before Flop (didn't bet)



PokerStars Hand #254510923971:  Hold'em No Limit ($0.50/$1.00 USD) - 2025/01/23 4:56:58 WET [2025/01/22 23:56:58 ET]
Table 'Procyon IV' 6-max Seat #3 is the button
Seat 1: 7bekon7 ($151.96 in chips) 
Seat 2: pr0tecto ($100 in chips) 
Seat 3: AlexEliseev7 ($136.03 in chips) 
Seat 4: deanmillingt ($166.19 in chips) 
Seat 5: nastja336 ($100 in chips) 
Seat 6: steepfell ($100 in chips) 
deanmillingt: posts small blind $0.50
nastja336: posts big blind $1
*** HOLE CARDS ***
steepfell: folds 
7bekon7: folds 
pr0tecto: raises $1.20 to $2.20
AlexEliseev7: folds 
deanmillingt: calls $1.70
nastja336: raises $11.80 to $14
pr0tecto: calls $11.80
deanmillingt: calls $11.80
*** FLOP *** [5d Qc 3d]
deanmillingt: checks 
nastja336: bets $20
pr0tecto: folds 
deanmillingt: folds 
Uncalled bet ($20) returned to nastja336
nastja336 collected $39.90 from pot
nastja336: doesn't show hand 
*** SUMMARY ***
Total pot $42 | Rake $2.10 
Board [5d Qc 3d]
Seat 1: 7bekon7 folded before Flop (didn't bet)
Seat 2: pr0tecto folded on the Flop
Seat 3: AlexEliseev7 (button) folded before Flop (didn't bet)
Seat 4: deanmillingt (small blind) folded on the Flop
Seat 5: nastja336 (big blind) collected ($39.90)
Seat 6: steepfell folded before Flop (didn't bet)



PokerStars Hand #254510927177:  Hold'em No Limit ($0.50/$1.00 USD) - 2025/01/23 4:57:43 WET [2025/01/22 23:57:43 ET]
Table 'Procyon IV' 6-max Seat #4 is the button
Seat 1: 7bekon7 ($151.96 in chips) 
Seat 2: pr0tecto ($100 in chips) 
Seat 3: AlexEliseev7 ($136.03 in chips) 
Seat 4: deanmillingt ($152.19 in chips) 
Seat 5: nastja336 ($125.90 in chips) 
Seat 6: steepfell ($100 in chips) 
nastja336: posts small blind $0.50
steepfell: posts big blind $1
*** HOLE CARDS ***
7bekon7: folds 
pr0tecto: folds 
AlexEliseev7: folds 
deanmillingt: raises $4 to $5
nastja336: folds 
steepfell: folds 
Uncalled bet ($4) returned to deanmillingt
deanmillingt collected $2.50 from pot
*** SUMMARY ***
Total pot $2.50 | Rake $0 
Seat 1: 7bekon7 folded before Flop (didn't bet)
Seat 2: pr0tecto folded before Flop (didn't bet)
Seat 3: AlexEliseev7 folded before Flop (didn't bet)
Seat 4: deanmillingt (button) collected ($2.50)
Seat 5: nastja336 (small blind) folded before Flop
Seat 6: steepfell (big blind) folded before Flop



PokerStars Hand #254510928175:  Hold'em No Limit ($0.50/$1.00 USD) - 2025/01/23 4:57:57 WET [2025/01/22 23:57:57 ET]
Table 'Procyon IV' 6-max Seat #5 is the button
Seat 1: 7bekon7 ($151.96 in chips) 
Seat 2: pr0tecto ($100 in chips) 
Seat 3: AlexEliseev7 ($136.03 in chips) 
Seat 4: deanmillingt ($153.69 in chips) 
Seat 5: nastja336 ($125.40 in chips) 
Seat 6: steepfell ($100 in chips) 
steepfell: posts small blind $0.50
7bekon7: posts big blind $1
*** HOLE CARDS ***
pr0tecto: raises $1.10 to $2.10
AlexEliseev7: folds 
deanmillingt: calls $2.10
nastja336: folds 
steepfell: folds 
7bekon7: folds 
*** FLOP *** [Ks 4s 2h]
pr0tecto: checks 
deanmillingt: checks 
*** TURN *** [Ks 4s 2h] [4c]
pr0tecto: checks 
deanmillingt: bets $2.71
pr0tecto: calls $2.71
*** RIVER *** [Ks 4s 2h 4c] [6d]
pr0tecto: checks 
deanmillingt: bets $10.56
pr0tecto: calls $10.56
*** SHOW DOWN ***
deanmillingt: shows [7h Qs] (a pair of Fours)
pr0tecto: shows [8c Ac] (a pair of Fours - Ace kicker)
pr0tecto collected $30.63 from pot
*** SUMMARY ***
Total pot $32.24 | Rake $1.61 
Board [Ks 4s 2h 4c 6d]
Seat 1: 7bekon7 (big blind) folded before Flop
Seat 2: pr0tecto showed [8c Ac] and won ($30.63) with a pair of Fours
Seat 3: AlexEliseev7 folded before Flop (didn't bet)
Seat 4: deanmillingt showed [7h Qs] and lost with a pair of Fours
Seat 5: nastja336 (button) folded before Flop (didn't bet)
Seat 6: steepfell (small blind) folded before Flop



PokerStars Hand #254510932833:  Hold'em No Limit ($0.50/$1.00 USD) - 2025/01/23 4:59:03 WET [2025/01/22 23:59:03 ET]
Table 'Procyon IV' 6-max Seat #6 is the button
Seat 1: 7bekon7 ($150.96 in chips) 
Seat 2: pr0tecto ($115.26 in chips) 
Seat 3: AlexEliseev7 ($136.03 in chips) 
Seat 4: deanmillingt ($138.32 in chips) 
Seat 5: nastja336 ($125.40 in chips) 
Seat 6: steepfell ($100 in chips) 
7bekon7: posts small blind $0.50
pr0tecto: posts big blind $1
*** HOLE CARDS ***
AlexEliseev7: folds 
deanmillingt: raises $2.50 to $3.50
nastja336: raises $10.50 to $14
steepfell: folds 
7bekon7: folds 
pr0tecto: folds 
deanmillingt: calls $10.50
*** FLOP *** [7d 8s 4s]
deanmillingt: checks 
nastja336: bets $24
deanmillingt: folds 
Uncalled bet ($24) returned to nastja336
nastja336 collected $28.02 from pot
nastja336: doesn't show hand 
*** SUMMARY ***
Total pot $29.50 | Rake $1.48 
Board [7d 8s 4s]
Seat 1: 7bekon7 (small blind) folded before Flop
Seat 2: pr0tecto (big blind) folded before Flop
Seat 3: AlexEliseev7 folded before Flop (didn't bet)
Seat 4: deanmillingt folded on the Flop
Seat 5: nastja336 collected ($28.02)
Seat 6: steepfell (button) folded before Flop (didn't bet)



PokerStars Hand #254510935880:  Hold'em No Limit ($0.50/$1.00 USD) - 2025/01/23 4:59:45 WET [2025/01/22 23:59:45 ET]
Table 'Procyon IV' 6-max Seat #1 is the button
Seat 1: 7bekon7 ($150.46 in chips) 
Seat 2: pr0tecto ($114.26 in chips) 
Seat 3: AlexEliseev7 ($136.03 in chips) 
Seat 4: deanmillingt ($124.32 in chips) 
Seat 5: nastja336 ($139.42 in chips) 
Seat 6: steepfell ($100 in chips) 
pr0tecto: posts small blind $0.50
AlexEliseev7: posts big blind $1
*** HOLE CARDS ***
deanmillingt: raises $2 to $3
nastja336: folds 
steepfell: folds 
7bekon7: folds 
pr0tecto: folds 
AlexEliseev7: folds 
Uncalled bet ($2) returned to deanmillingt
deanmillingt collected $2.50 from pot
*** SUMMARY ***
Total pot $2.50 | Rake $0 
Seat 1: 7bekon7 (button) folded before Flop (didn't bet)
Seat 2: pr0tecto (small blind) folded before Flop
Seat 3: AlexEliseev7 (big blind) folded before Flop
Seat 4: deanmillingt collected ($2.50)
Seat 5: nastja336 folded before Flop (didn't bet)
Seat 6: steepfell folded before Flop (didn't bet)



PokerStars Hand #254510937528:  Hold'em No Limit ($0.50/$1.00 USD) - 2025/01/23 5:00:08 WET [2025/01/23 0:00:08 ET]
Table 'Procyon IV' 6-max Seat #2 is the button
Seat 1: 7bekon7 ($150.46 in chips) 
Seat 2: pr0tecto ($113.76 in chips) 
Seat 3: AlexEliseev7 ($135.03 in chips) 
Seat 4: deanmillingt ($125.82 in chips) 
Seat 5: nastja336 ($139.42 in chips) 
Seat 6: steepfell ($100 in chips) 
AlexEliseev7: posts small blind $0.50
deanmillingt: posts big blind $1
*** HOLE CARDS ***
nastja336: folds 
steepfell: raises $1.50 to $2.50
7bekon7: folds 
pr0tecto: folds 
AlexEliseev7: calls $2
deanmillingt: calls $1.50
*** FLOP *** [4s Ad 5s]
AlexEliseev7: checks 
deanmillingt: checks 
steepfell: checks 
*** TURN *** [4s Ad 5s] [2h]
AlexEliseev7: bets $5.55
deanmillingt: folds 
steepfell: folds 
Uncalled bet ($5.55) returned to AlexEliseev7
AlexEliseev7 collected $7.12 from pot
AlexEliseev7: doesn't show hand 
*** SUMMARY ***
Total pot $7.50 | Rake $0.38 
Board [4s Ad 5s 2h]
Seat 1: 7bekon7 folded before Flop (didn't bet)
Seat 2: pr0tecto (button) folded before Flop (didn't bet)
Seat 3: AlexEliseev7 (small blind) collected ($7.12)
Seat 4: deanmillingt (big blind) folded on the Turn
Seat 5: nastja336 folded before Flop (didn't bet)
Seat 6: steepfell folded on the Turn



PokerStars Hand #254510941106:  Hold'em No Limit ($0.50/$1.00 USD) - 2025/01/23 5:00:54 WET [2025/01/23 0:00:54 ET]
Table 'Procyon IV' 6-max Seat #3 is the button
Seat 1: 7bekon7 ($150.46 in chips) 
Seat 2: pr0tecto ($113.76 in chips) 
Seat 3: AlexEliseev7 ($139.65 in chips) 
Seat 4: deanmillingt ($123.32 in chips) 
Seat 5: nastja336 ($139.42 in chips) 
Seat 6: steepfell ($100 in chips) 
deanmillingt: posts small blind $0.50
nastja336: posts big blind $1
*** HOLE CARDS ***
steepfell: folds 
7bekon7: folds 
pr0tecto: folds 
AlexEliseev7: folds 
deanmillingt: calls $0.50
nastja336: checks 
*** FLOP *** [As 3s Qs]
deanmillingt: checks 
nastja336: checks 
*** TURN *** [As 3s Qs] [5d]
deanmillingt: bets $1
nastja336: calls $1
*** RIVER *** [As 3s Qs 5d] [Js]
deanmillingt: checks 
nastja336: checks 
*** SHOW DOWN ***
deanmillingt: shows [4d Tc] (high card Ace)
nastja336: shows [Qc 2h] (a pair of Queens)
nastja336 collected $3.80 from pot
*** SUMMARY ***
Total pot $4 | Rake $0.20 
Board [As 3s Qs 5d Js]
Seat 1: 7bekon7 folded before Flop (didn't bet)
Seat 2: pr0tecto folded before Flop (didn't bet)
Seat 3: AlexEliseev7 (button) folded before Flop (didn't bet)
Seat 4: deanmillingt (small blind) showed [4d Tc] and lost with high card Ace
Seat 5: nastja336 (big blind) showed [Qc 2h] and won ($3.80) with a pair of Queens
Seat 6: steepfell folded before Flop (didn't bet)



PokerStars Hand #254510945345:  Hold'em No Limit ($0.50/$1.00 USD) - 2025/01/23 5:01:45 WET [2025/01/23 0:01:45 ET]
Table 'Procyon IV' 6-max Seat #4 is the button
Seat 1: 7bekon7 ($150.46 in chips) 
Seat 2: pr0tecto ($113.76 in chips) 
Seat 3: AlexEliseev7 ($139.65 in chips) 
Seat 4: deanmillingt ($121.32 in chips) 
Seat 5: nastja336 ($141.22 in chips) 
Seat 6: steepfell ($100 in chips) 
nastja336: posts small blind $0.50
steepfell: posts big blind $1
*** HOLE CARDS ***
7bekon7: folds 
pr0tecto: folds 
AlexEliseev7: folds 
deanmillingt: raises $2.50 to $3.50
nastja336: folds 
steepfell: raises $8.50 to $12
deanmillingt: calls $8.50
*** FLOP *** [Qd 8d 2c]
steepfell: checks 
deanmillingt: checks 
*** TURN *** [Qd 8d 2c] [7c]
steepfell: bets $7.68
deanmillingt: calls $7.68
*** RIVER *** [Qd 8d 2c 7c] [Ac]
steepfell: checks 
deanmillingt: checks 
*** SHOW DOWN ***
steepfell: shows [Jd Js] (a pair of Jacks)
deanmillingt: mucks hand 
steepfell collected $37.87 from pot
*** SUMMARY ***
Total pot $39.86 | Rake $1.99 
Board [Qd 8d 2c 7c Ac]
Seat 1: 7bekon7 folded before Flop (didn't bet)
Seat 2: pr0tecto folded before Flop (didn't bet)
Seat 3: AlexEliseev7 folded before Flop (didn't bet)
Seat 4: deanmillingt (button) mucked
Seat 5: nastja336 (small blind) folded before Flop
Seat 6: steepfell (big blind) showed [Jd Js] and won ($37.87) with a pair of Jacks



PokerStars Hand #254510949467:  Hold'em No Limit ($0.50/$1.00 USD) - 2025/01/23 5:02:34 WET [2025/01/23 0:02:34 ET]
Table 'Procyon IV' 6-max Seat #5 is the button
Seat 1: 7bekon7 ($150.46 in chips) 
Seat 2: pr0tecto ($113.76 in chips) 
Seat 3: AlexEliseev7 ($139.65 in chips) 
Seat 4: deanmillingt ($101.64 in chips) 
Seat 5: nastja336 ($140.72 in chips) 
Seat 6: steepfell ($118.19 in chips) 
steepfell: posts small blind $0.50
7bekon7: posts big blind $1
*** HOLE CARDS ***
pr0tecto: folds 
AlexEliseev7: raises $1.50 to $2.50
deanmillingt: calls $2.50
nastja336: folds 
steepfell: folds 
7bekon7: folds 
*** FLOP *** [9c Js Qh]
AlexEliseev7: checks 
deanmillingt: checks 
*** TURN *** [9c Js Qh] [Tc]
AlexEliseev7: checks 
deanmillingt: checks 
*** RIVER *** [9c Js Qh Tc] [3s]
AlexEliseev7: bets $2.04
deanmillingt: calls $2.04
*** SHOW DOWN ***
AlexEliseev7: shows [9d Qd] (two pair, Queens and Nines)
deanmillingt: mucks hand 
AlexEliseev7 collected $10.05 from pot
*** SUMMARY ***
Total pot $10.58 | Rake $0.53 
Board [9c Js Qh Tc 3s]
Seat 1: 7bekon7 (big blind) folded before Flop
Seat 2: pr0tecto folded before Flop (didn't bet)
Seat 3: AlexEliseev7 showed [9d Qd] and won ($10.05) with two pair, Queens and Nines
Seat 4: deanmillingt mucked
Seat 5: nastja336 (button) folded before Flop (didn't bet)
Seat 6: steepfell (small blind) folded before Flop



PokerStars Hand #254510953335:  Hold'em No Limit ($0.50/$1.00 USD) - 2025/01/23 5:03:19 WET [2025/01/23 0:03:19 ET]
Table 'Procyon IV' 6-max Seat #6 is the button
Seat 1: 7bekon7 ($149.46 in chips) 
Seat 2: pr0tecto ($113.76 in chips) 
Seat 3: AlexEliseev7 ($145.16 in chips) 
Seat 4: deanmillingt ($97.10 in chips) 
Seat 5: nastja336 ($140.72 in chips) 
Seat 6: steepfell ($117.69 in chips) 
7bekon7: posts small blind $0.50
pr0tecto: posts big blind $1
*** HOLE CARDS ***
AlexEliseev7: folds 
deanmillingt: raises $2.50 to $3.50
nastja336: folds 
steepfell: folds 
7bekon7: folds 
pr0tecto: folds 
Uncalled bet ($2.50) returned to deanmillingt
deanmillingt collected $2.50 from pot
*** SUMMARY ***
Total pot $2.50 | Rake $0 
Seat 1: 7bekon7 (small blind) folded before Flop
Seat 2: pr0tecto (big blind) folded before Flop
Seat 3: AlexEliseev7 folded before Flop (didn't bet)
Seat 4: deanmillingt collected ($2.50)
Seat 5: nastja336 folded before Flop (didn't bet)
Seat 6: steepfell (button) folded before Flop (didn't bet)



PokerStars Hand #254510955761:  Hold'em No Limit ($0.50/$1.00 USD) - 2025/01/23 5:03:48 WET [2025/01/23 0:03:48 ET]
Table 'Procyon IV' 6-max Seat #1 is the button
Seat 1: 7bekon7 ($148.96 in chips) 
Seat 2: pr0tecto ($112.76 in chips) 
Seat 3: AlexEliseev7 ($145.16 in chips) 
Seat 4: deanmillingt ($98.60 in chips) 
Seat 5: nastja336 ($140.72 in chips) 
Seat 6: steepfell ($117.69 in chips) 
pr0tecto: posts small blind $0.50
AlexEliseev7: posts big blind $1
*** HOLE CARDS ***
deanmillingt: raises $3.50 to $4.50
nastja336: folds 
steepfell: folds 
7bekon7: folds 
pr0tecto: folds 
AlexEliseev7: raises $10 to $14.50
deanmillingt: calls $10
*** FLOP *** [4d 3s As]
AlexEliseev7: checks 
deanmillingt: checks 
*** TURN *** [4d 3s As] [Qs]
AlexEliseev7: checks 
deanmillingt: checks 
*** RIVER *** [4d 3s As Qs] [6s]
AlexEliseev7: checks 
deanmillingt: checks 
*** SHOW DOWN ***
AlexEliseev7: shows [Jd Jc] (a pair of Jacks)
deanmillingt: shows [2c Ah] (a pair of Aces)
deanmillingt collected $28.02 from pot
*** SUMMARY ***
Total pot $29.50 | Rake $1.48 
Board [4d 3s As Qs 6s]
Seat 1: 7bekon7 (button) folded before Flop (didn't bet)
Seat 2: pr0tecto (small blind) folded before Flop
Seat 3: AlexEliseev7 (big blind) showed [Jd Jc] and lost with a pair of Jacks
Seat 4: deanmillingt showed [2c Ah] and won ($28.02) with a pair of Aces
Seat 5: nastja336 folded before Flop (didn't bet)
Seat 6: steepfell folded before Flop (didn't bet)



PokerStars Hand #254510961045:  Hold'em No Limit ($0.50/$1.00 USD) - 2025/01/23 5:04:51 WET [2025/01/23 0:04:51 ET]
Table 'Procyon IV' 6-max Seat #2 is the button
Seat 1: 7bekon7 ($148.96 in chips) 
Seat 2: pr0tecto ($112.26 in chips) 
Seat 3: AlexEliseev7 ($130.66 in chips) 
Seat 4: deanmillingt ($112.12 in chips) 
Seat 5: nastja336 ($140.72 in chips) 
Seat 6: steepfell ($117.69 in chips) 
AlexEliseev7: posts small blind $0.50
deanmillingt: posts big blind $1
*** HOLE CARDS ***
nastja336: folds 
steepfell: folds 
7bekon7: raises $2 to $3
pr0tecto: folds 
AlexEliseev7: folds 
deanmillingt: calls $2
*** FLOP *** [7s Jd 9h]
deanmillingt: checks 
7bekon7: bets $3.09
deanmillingt: folds 
Uncalled bet ($3.09) returned to 7bekon7
7bekon7 collected $6.18 from pot
7bekon7: doesn't show hand 
*** SUMMARY ***
Total pot $6.50 | Rake $0.32 
Board [7s Jd 9h]
Seat 1: 7bekon7 collected ($6.18)
Seat 2: pr0tecto (button) folded before Flop (didn't bet)
Seat 3: AlexEliseev7 (small blind) folded before Flop
Seat 4: deanmillingt (big blind) folded on the Flop
Seat 5: nastja336 folded before Flop (didn't bet)
Seat 6: steepfell folded before Flop (didn't bet)



PokerStars Hand #254510963021:  Hold'em No Limit ($0.50/$1.00 USD) - 2025/01/23 5:05:14 WET [2025/01/23 0:05:14 ET]
Table 'Procyon IV' 6-max Seat #3 is the button
Seat 1: 7bekon7 ($152.14 in chips) 
Seat 2: pr0tecto ($112.26 in chips) 
Seat 3: AlexEliseev7 ($130.16 in chips) 
Seat 4: deanmillingt ($109.12 in chips) 
Seat 5: nastja336 ($140.72 in chips) 
Seat 6: steepfell ($117.69 in chips) 
deanmillingt: posts small blind $0.50
nastja336: posts big blind $1
*** HOLE CARDS ***
steepfell: folds 
7bekon7: folds 
pr0tecto: raises $1.20 to $2.20
AlexEliseev7: folds 
deanmillingt: calls $1.70
nastja336: folds 
*** FLOP *** [5d 7c 8h]
deanmillingt: checks 
pr0tecto: bets $3.08
deanmillingt: calls $3.08
*** TURN *** [5d 7c 8h] [5h]
deanmillingt: checks 
pr0tecto: checks 
*** RIVER *** [5d 7c 8h 5h] [Kc]
deanmillingt: checks 
pr0tecto: bets $7.25
deanmillingt: folds 
Uncalled bet ($7.25) returned to pr0tecto
pr0tecto collected $10.98 from pot
pr0tecto: doesn't show hand 
*** SUMMARY ***
Total pot $11.56 | Rake $0.58 
Board [5d 7c 8h 5h Kc]
Seat 1: 7bekon7 folded before Flop (didn't bet)
Seat 2: pr0tecto collected ($10.98)
Seat 3: AlexEliseev7 (button) folded before Flop (didn't bet)
Seat 4: deanmillingt (small blind) folded on the River
Seat 5: nastja336 (big blind) folded before Flop
Seat 6: steepfell folded before Flop (didn't bet)



PokerStars Hand #254510966478:  Hold'em No Limit ($0.50/$1.00 USD) - 2025/01/23 5:05:54 WET [2025/01/23 0:05:54 ET]
Table 'Procyon IV' 6-max Seat #4 is the button
Seat 1: 7bekon7 ($152.14 in chips) 
Seat 2: pr0tecto ($117.96 in chips) 
Seat 3: AlexEliseev7 ($130.16 in chips) 
Seat 4: deanmillingt ($103.84 in chips) 
Seat 5: nastja336 ($139.72 in chips) 
Seat 6: steepfell ($117.69 in chips) 
nastja336: posts small blind $0.50
steepfell: posts big blind $1
*** HOLE CARDS ***
7bekon7: folds 
pr0tecto: folds 
AlexEliseev7: folds 
deanmillingt: folds 
nastja336: raises $2 to $3
steepfell: calls $2
*** FLOP *** [2s 7d 4d]
nastja336: checks 
steepfell: checks 
*** TURN *** [2s 7d 4d] [2d]
nastja336: checks 
steepfell: checks 
*** RIVER *** [2s 7d 4d 2d] [Kh]
nastja336: bets $7.58
steepfell: folds 
Uncalled bet ($7.58) returned to nastja336
nastja336 collected $5.70 from pot
nastja336: doesn't show hand 
*** SUMMARY ***
Total pot $6 | Rake $0.30 
Board [2s 7d 4d 2d Kh]
Seat 1: 7bekon7 folded before Flop (didn't bet)
Seat 2: pr0tecto folded before Flop (didn't bet)
Seat 3: AlexEliseev7 folded before Flop (didn't bet)
Seat 4: deanmillingt (button) folded before Flop (didn't bet)
Seat 5: nastja336 (small blind) collected ($5.70)
Seat 6: steepfell (big blind) folded on the River



PokerStars Hand #254510970640:  Hold'em No Limit ($0.50/$1.00 USD) - 2025/01/23 5:06:43 WET [2025/01/23 0:06:43 ET]
Table 'Procyon IV' 6-max Seat #5 is the button
Seat 1: 7bekon7 ($152.14 in chips) 
Seat 2: pr0tecto ($117.96 in chips) 
Seat 3: AlexEliseev7 ($130.16 in chips) 
Seat 4: deanmillingt ($103.84 in chips) 
Seat 5: nastja336 ($142.42 in chips) 
Seat 6: steepfell ($114.69 in chips) 
steepfell: posts small blind $0.50
7bekon7: posts big blind $1
*** HOLE CARDS ***
pr0tecto: folds 
AlexEliseev7: folds 
deanmillingt: raises $2.50 to $3.50
nastja336: folds 
steepfell: raises $8.50 to $12
7bekon7: folds 
deanmillingt: calls $8.50
*** FLOP *** [7c Ad Ac]
steepfell: checks 
deanmillingt: checks 
*** TURN *** [7c Ad Ac] [6c]
steepfell: bets $7.84
deanmillingt: calls $7.84
*** RIVER *** [7c Ad Ac 6c] [2c]
steepfell: bets $19.32
deanmillingt: calls $19.32
*** SHOW DOWN ***
steepfell: shows [Jc Js] (a flush, Ace high)
deanmillingt: mucks hand 
steepfell collected $76.82 from pot
*** SUMMARY ***
Total pot $79.32 | Rake $2.50 
Board [7c Ad Ac 6c 2c]
Seat 1: 7bekon7 (big blind) folded before Flop
Seat 2: pr0tecto folded before Flop (didn't bet)
Seat 3: AlexEliseev7 folded before Flop (didn't bet)
Seat 4: deanmillingt mucked
Seat 5: nastja336 (button) folded before Flop (didn't bet)
Seat 6: steepfell (small blind) showed [Jc Js] and won ($76.82) with a flush, Ace high



PokerStars Hand #254510975928:  Hold'em No Limit ($0.50/$1.00 USD) - 2025/01/23 5:07:46 WET [2025/01/23 0:07:46 ET]
Table 'Procyon IV' 6-max Seat #6 is the button
Seat 1: 7bekon7 ($151.14 in chips) 
Seat 2: pr0tecto ($117.96 in chips) 
Seat 3: AlexEliseev7 ($130.16 in chips) 
Seat 4: deanmillingt ($64.68 in chips) 
Seat 5: nastja336 ($142.42 in chips) 
Seat 6: steepfell ($152.35 in chips) 
7bekon7: posts small blind $0.50
pr0tecto: posts big blind $1
*** HOLE CARDS ***
AlexEliseev7: folds 
deanmillingt: raises $3.50 to $4.50
nastja336: folds 
steepfell: folds 
7bekon7: folds 
pr0tecto: folds 
Uncalled bet ($3.50) returned to deanmillingt
deanmillingt collected $2.50 from pot
*** SUMMARY ***
Total pot $2.50 | Rake $0 
Seat 1: 7bekon7 (small blind) folded before Flop
Seat 2: pr0tecto (big blind) folded before Flop
Seat 3: AlexEliseev7 folded before Flop (didn't bet)
Seat 4: deanmillingt collected ($2.50)
Seat 5: nastja336 folded before Flop (didn't bet)
Seat 6: steepfell (button) folded before Flop (didn't bet)



PokerStars Hand #254510977852:  Hold'em No Limit ($0.50/$1.00 USD) - 2025/01/23 5:08:09 WET [2025/01/23 0:08:09 ET]
Table 'Procyon IV' 6-max Seat #1 is the button
Seat 1: 7bekon7 ($150.64 in chips) 
Seat 2: pr0tecto ($116.96 in chips) 
Seat 3: AlexEliseev7 ($130.16 in chips) 
Seat 4: deanmillingt ($66.18 in chips) 
Seat 5: nastja336 ($142.42 in chips) 
Seat 6: steepfell ($152.35 in chips) 
pr0tecto: posts small blind $0.50
AlexEliseev7: posts big blind $1
*** HOLE CARDS ***
deanmillingt: folds 
nastja336: folds 
steepfell: folds 
7bekon7: raises $1.25 to $2.25
pr0tecto: raises $7.75 to $10
AlexEliseev7: folds 
7bekon7: folds 
Uncalled bet ($7.75) returned to pr0tecto
pr0tecto collected $5.50 from pot
pr0tecto: doesn't show hand 
*** SUMMARY ***
Total pot $5.50 | Rake $0 
Seat 1: 7bekon7 (button) folded before Flop
Seat 2: pr0tecto (small blind) collected ($5.50)
Seat 3: AlexEliseev7 (big blind) folded before Flop
Seat 4: deanmillingt folded before Flop (didn't bet)
Seat 5: nastja336 folded before Flop (didn't bet)
Seat 6: steepfell folded before Flop (didn't bet)



PokerStars Hand #254510979747:  Hold'em No Limit ($0.50/$1.00 USD) - 2025/01/23 5:08:31 WET [2025/01/23 0:08:31 ET]
Table 'Procyon IV' 6-max Seat #2 is the button
Seat 1: 7bekon7 ($148.39 in chips) 
Seat 2: pr0tecto ($120.21 in chips) 
Seat 3: AlexEliseev7 ($129.16 in chips) 
Seat 4: deanmillingt ($66.18 in chips) 
Seat 5: nastja336 ($142.42 in chips) 
Seat 6: steepfell ($152.35 in chips) 
AlexEliseev7: posts small blind $0.50
deanmillingt: posts big blind $1
*** HOLE CARDS ***
nastja336: folds 
steepfell: folds 
7bekon7: folds 
pr0tecto: folds 
AlexEliseev7: raises $2 to $3
deanmillingt: raises $6 to $9
AlexEliseev7: raises $120.16 to $129.16 and is all-in
deanmillingt: folds 
Uncalled bet ($120.16) returned to AlexEliseev7
AlexEliseev7 collected $18 from pot
AlexEliseev7: doesn't show hand 
*** SUMMARY ***
Total pot $18 | Rake $0 
Seat 1: 7bekon7 folded before Flop (didn't bet)
Seat 2: pr0tecto (button) folded before Flop (didn't bet)
Seat 3: AlexEliseev7 (small blind) collected ($18)
Seat 4: deanmillingt (big blind) folded before Flop
Seat 5: nastja336 folded before Flop (didn't bet)
Seat 6: steepfell folded before Flop (didn't bet)



PokerStars Hand #254510982732:  Hold'em No Limit ($0.50/$1.00 USD) - 2025/01/23 5:09:06 WET [2025/01/23 0:09:06 ET]
Table 'Procyon IV' 6-max Seat #3 is the button
Seat 1: 7bekon7 ($148.39 in chips) 
Seat 2: pr0tecto ($120.21 in chips) 
Seat 3: AlexEliseev7 ($138.16 in chips) 
Seat 4: deanmillingt ($57.18 in chips) 
Seat 5: nastja336 ($142.42 in chips) 
Seat 6: steepfell ($152.35 in chips) 
deanmillingt: posts small blind $0.50
nastja336: posts big blind $1
*** HOLE CARDS ***
steepfell: folds 
7bekon7: folds 
pr0tecto: raises $1.20 to $2.20
AlexEliseev7: folds 
deanmillingt: calls $1.70
nastja336: calls $1.20
*** FLOP *** [4s Ad Kd]
deanmillingt: checks 
nastja336: checks 
pr0tecto: bets $2.07
deanmillingt: calls $2.07
nastja336: calls $2.07
*** TURN *** [4s Ad Kd] [Js]
deanmillingt: checks 
nastja336: checks 
pr0tecto: checks 
*** RIVER *** [4s Ad Kd Js] [4d]
deanmillingt: checks 
nastja336: bets $9
pr0tecto: folds 
deanmillingt: folds 
Uncalled bet ($9) returned to nastja336
nastja336 collected $12.17 from pot
nastja336: doesn't show hand 
*** SUMMARY ***
Total pot $12.81 | Rake $0.64 
Board [4s Ad Kd Js 4d]
Seat 1: 7bekon7 folded before Flop (didn't bet)
Seat 2: pr0tecto folded on the River
Seat 3: AlexEliseev7 (button) folded before Flop (didn't bet)
Seat 4: deanmillingt (small blind) folded on the River
Seat 5: nastja336 (big blind) collected ($12.17)
Seat 6: steepfell folded before Flop (didn't bet)



PokerStars Hand #254510987417:  Hold'em No Limit ($0.50/$1.00 USD) - 2025/01/23 5:10:04 WET [2025/01/23 0:10:04 ET]
Table 'Procyon IV' 6-max Seat #4 is the button
Seat 1: 7bekon7 ($148.39 in chips) 
Seat 2: pr0tecto ($115.94 in chips) 
Seat 3: AlexEliseev7 ($138.16 in chips) 
Seat 4: deanmillingt ($52.91 in chips) 
Seat 5: nastja336 ($150.32 in chips) 
Seat 6: steepfell ($152.35 in chips) 
nastja336: posts small blind $0.50
steepfell: posts big blind $1
*** HOLE CARDS ***
7bekon7: folds 
pr0tecto: raises $1.10 to $2.10
AlexEliseev7: folds 
deanmillingt: folds 
nastja336: folds 
steepfell: folds 
Uncalled bet ($1.10) returned to pr0tecto
pr0tecto collected $2.50 from pot
pr0tecto: doesn't show hand 
*** SUMMARY ***
Total pot $2.50 | Rake $0 
Seat 1: 7bekon7 folded before Flop (didn't bet)
Seat 2: pr0tecto collected ($2.50)
Seat 3: AlexEliseev7 folded before Flop (didn't bet)
Seat 4: deanmillingt (button) folded before Flop (didn't bet)
Seat 5: nastja336 (small blind) folded before Flop
Seat 6: steepfell (big blind) folded before Flop



PokerStars Hand #254510988939:  Hold'em No Limit ($0.50/$1.00 USD) - 2025/01/23 5:10:23 WET [2025/01/23 0:10:23 ET]
Table 'Procyon IV' 6-max Seat #5 is the button
Seat 1: 7bekon7 ($148.39 in chips) 
Seat 2: pr0tecto ($117.44 in chips) 
Seat 3: AlexEliseev7 ($138.16 in chips) 
Seat 4: deanmillingt ($52.91 in chips) 
Seat 5: nastja336 ($149.82 in chips) 
Seat 6: steepfell ($151.35 in chips) 
steepfell: posts small blind $0.50
7bekon7: posts big blind $1
*** HOLE CARDS ***
pr0tecto: folds 
AlexEliseev7: folds 
deanmillingt: folds 
nastja336: raises $1.50 to $2.50
steepfell: raises $9.50 to $12
7bekon7: folds 
nastja336: folds 
Uncalled bet ($9.50) returned to steepfell
steepfell collected $6 from pot
steepfell: doesn't show hand 
*** SUMMARY ***
Total pot $6 | Rake $0 
Seat 1: 7bekon7 (big blind) folded before Flop
Seat 2: pr0tecto folded before Flop (didn't bet)
Seat 3: AlexEliseev7 folded before Flop (didn't bet)
Seat 4: deanmillingt folded before Flop (didn't bet)
Seat 5: nastja336 (button) folded before Flop
Seat 6: steepfell (small blind) collected ($6)



PokerStars Hand #254510990438:  Hold'em No Limit ($0.50/$1.00 USD) - 2025/01/23 5:10:40 WET [2025/01/23 0:10:40 ET]
Table 'Procyon IV' 6-max Seat #6 is the button
Seat 1: 7bekon7 ($147.39 in chips) 
Seat 2: pr0tecto ($117.44 in chips) 
Seat 3: AlexEliseev7 ($138.16 in chips) 
Seat 4: deanmillingt ($52.91 in chips) 
Seat 5: nastja336 ($147.32 in chips) 
Seat 6: steepfell ($154.85 in chips) 
7bekon7: posts small blind $0.50
pr0tecto: posts big blind $1
*** HOLE CARDS ***
AlexEliseev7: folds 
deanmillingt: folds 
nastja336: folds 
steepfell: raises $1.50 to $2.50
7bekon7: folds 
pr0tecto: folds 
Uncalled bet ($1.50) returned to steepfell
steepfell collected $2.50 from pot
steepfell: doesn't show hand 
*** SUMMARY ***
Total pot $2.50 | Rake $0 
Seat 1: 7bekon7 (small blind) folded before Flop
Seat 2: pr0tecto (big blind) folded before Flop
Seat 3: AlexEliseev7 folded before Flop (didn't bet)
Seat 4: deanmillingt folded before Flop (didn't bet)
Seat 5: nastja336 folded before Flop (didn't bet)
Seat 6: steepfell (button) collected ($2.50)



PokerStars Hand #254510991901:  Hold'em No Limit ($0.50/$1.00 USD) - 2025/01/23 5:10:58 WET [2025/01/23 0:10:58 ET]
Table 'Procyon IV' 6-max Seat #1 is the button
Seat 1: 7bekon7 ($146.89 in chips) 
Seat 2: pr0tecto ($116.44 in chips) 
Seat 3: AlexEliseev7 ($138.16 in chips) 
Seat 4: deanmillingt ($52.91 in chips) 
Seat 5: nastja336 ($147.32 in chips) 
Seat 6: steepfell ($156.35 in chips) 
pr0tecto: posts small blind $0.50
AlexEliseev7: posts big blind $1
*** HOLE CARDS ***
deanmillingt: folds 
nastja336: folds 
steepfell: folds 
7bekon7: folds 
pr0tecto: raises $1.24 to $2.24
AlexEliseev7: folds 
Uncalled bet ($1.24) returned to pr0tecto
pr0tecto collected $2 from pot
pr0tecto: doesn't show hand 
*** SUMMARY ***
Total pot $2 | Rake $0 
Seat 1: 7bekon7 (button) folded before Flop (didn't bet)
Seat 2: pr0tecto (small blind) collected ($2)
Seat 3: AlexEliseev7 (big blind) folded before Flop
Seat 4: deanmillingt folded before Flop (didn't bet)
Seat 5: nastja336 folded before Flop (didn't bet)
Seat 6: steepfell folded before Flop (didn't bet)



PokerStars Hand #254510993280:  Hold'em No Limit ($0.50/$1.00 USD) - 2025/01/23 5:11:14 WET [2025/01/23 0:11:14 ET]
Table 'Procyon IV' 6-max Seat #2 is the button
Seat 1: 7bekon7 ($146.89 in chips) 
Seat 2: pr0tecto ($117.44 in chips) 
Seat 3: AlexEliseev7 ($137.16 in chips) 
Seat 4: deanmillingt ($52.91 in chips) 
Seat 5: nastja336 ($147.32 in chips) 
Seat 6: steepfell ($156.35 in chips) 
AlexEliseev7: posts small blind $0.50
deanmillingt: posts big blind $1
*** HOLE CARDS ***
nastja336: folds 
steepfell: raises $1.50 to $2.50
7bekon7: folds 
pr0tecto: folds 
AlexEliseev7: folds 
deanmillingt: calls $1.50
*** FLOP *** [2d 7c Ah]
deanmillingt: checks 
steepfell: bets $1.72
deanmillingt: calls $1.72
*** TURN *** [2d 7c Ah] [Qs]
deanmillingt: checks 
steepfell: checks 
*** RIVER *** [2d 7c Ah Qs] [5s]
deanmillingt: bets $4.25
steepfell: raises $25.49 to $29.74
deanmillingt: raises $18.95 to $48.69 and is all-in
steepfell: calls $18.95
*** SHOW DOWN ***
deanmillingt: shows [3h 4s] (a straight, Ace to Five)
steepfell: shows [5d 5c] (three of a kind, Fives)
deanmillingt collected $103.82 from pot
*** SUMMARY ***
Total pot $106.32 | Rake $2.50 
Board [2d 7c Ah Qs 5s]
Seat 1: 7bekon7 folded before Flop (didn't bet)
Seat 2: pr0tecto (button) folded before Flop (didn't bet)
Seat 3: AlexEliseev7 (small blind) folded before Flop
Seat 4: deanmillingt (big blind) showed [3h 4s] and won ($103.82) with a straight, Ace to Five
Seat 5: nastja336 folded before Flop (didn't bet)
Seat 6: steepfell showed [5d 5c] and lost with three of a kind, Fives



PokerStars Hand #254510997884:  Hold'em No Limit ($0.50/$1.00 USD) - 2025/01/23 5:12:10 WET [2025/01/23 0:12:10 ET]
Table 'Procyon IV' 6-max Seat #3 is the button
Seat 1: 7bekon7 ($146.89 in chips) 
Seat 2: pr0tecto ($117.44 in chips) 
Seat 3: AlexEliseev7 ($136.66 in chips) 
Seat 4: deanmillingt ($103.82 in chips) 
Seat 5: nastja336 ($147.32 in chips) 
Seat 6: steepfell ($103.44 in chips) 
deanmillingt: posts small blind $0.50
nastja336: posts big blind $1
*** HOLE CARDS ***
steepfell: folds 
7bekon7: folds 
pr0tecto: folds 
AlexEliseev7: folds 
deanmillingt: raises $2 to $3
nastja336: folds 
Uncalled bet ($2) returned to deanmillingt
deanmillingt collected $2 from pot
*** SUMMARY ***
Total pot $2 | Rake $0 
Seat 1: 7bekon7 folded before Flop (didn't bet)
Seat 2: pr0tecto folded before Flop (didn't bet)
Seat 3: AlexEliseev7 (button) folded before Flop (didn't bet)
Seat 4: deanmillingt (small blind) collected ($2)
Seat 5: nastja336 (big blind) folded before Flop
Seat 6: steepfell folded before Flop (didn't bet)



PokerStars Hand #254510999579:  Hold'em No Limit ($0.50/$1.00 USD) - 2025/01/23 5:12:30 WET [2025/01/23 0:12:30 ET]
Table 'Procyon IV' 6-max Seat #4 is the button
Seat 1: 7bekon7 ($146.89 in chips) 
Seat 2: pr0tecto ($117.44 in chips) 
Seat 3: AlexEliseev7 ($136.66 in chips) 
Seat 4: deanmillingt ($104.82 in chips) 
Seat 5: nastja336 ($146.32 in chips) 
Seat 6: steepfell ($103.44 in chips) 
nastja336: posts small blind $0.50
steepfell: posts big blind $1
*** HOLE CARDS ***
7bekon7: folds 
pr0tecto: folds 
AlexEliseev7: raises $1.50 to $2.50
deanmillingt: calls $2.50
nastja336: folds 
steepfell: folds 
*** FLOP *** [9s Kc 4c]
AlexEliseev7: bets $2.04
deanmillingt: folds 
Uncalled bet ($2.04) returned to AlexEliseev7
AlexEliseev7 collected $6.18 from pot
AlexEliseev7: doesn't show hand 
*** SUMMARY ***
Total pot $6.50 | Rake $0.32 
Board [9s Kc 4c]
Seat 1: 7bekon7 folded before Flop (didn't bet)
Seat 2: pr0tecto folded before Flop (didn't bet)
Seat 3: AlexEliseev7 collected ($6.18)
Seat 4: deanmillingt (button) folded on the Flop
Seat 5: nastja336 (small blind) folded before Flop
Seat 6: steepfell (big blind) folded before Flop



PokerStars Hand #254511001611:  Hold'em No Limit ($0.50/$1.00 USD) - 2025/01/23 5:12:55 WET [2025/01/23 0:12:55 ET]
Table 'Procyon IV' 6-max Seat #5 is the button
Seat 1: 7bekon7 ($146.89 in chips) 
Seat 2: pr0tecto ($117.44 in chips) 
Seat 3: AlexEliseev7 ($140.34 in chips) 
Seat 4: deanmillingt ($102.32 in chips) 
Seat 5: nastja336 ($145.82 in chips) 
Seat 6: steepfell ($102.44 in chips) 
steepfell: posts small blind $0.50
7bekon7: posts big blind $1
*** HOLE CARDS ***
pr0tecto: folds 
AlexEliseev7: raises $1.50 to $2.50
deanmillingt: calls $2.50
nastja336: folds 
steepfell: folds 
7bekon7: folds 
*** FLOP *** [3s Qd 3h]
AlexEliseev7: bets $2.04
deanmillingt: calls $2.04
*** TURN *** [3s Qd 3h] [Qh]
AlexEliseev7: checks 
deanmillingt: checks 
*** RIVER *** [3s Qd 3h Qh] [Tc]
AlexEliseev7: checks 
deanmillingt: bets $6.03
AlexEliseev7: raises $129.77 to $135.80 and is all-in
deanmillingt: folds 
Uncalled bet ($129.77) returned to AlexEliseev7
AlexEliseev7 collected $21.51 from pot
AlexEliseev7: doesn't show hand 
*** SUMMARY ***
Total pot $22.64 | Rake $1.13 
Board [3s Qd 3h Qh Tc]
Seat 1: 7bekon7 (big blind) folded before Flop
Seat 2: pr0tecto folded before Flop (didn't bet)
Seat 3: AlexEliseev7 collected ($21.51)
Seat 4: deanmillingt folded on the River
Seat 5: nastja336 (button) folded before Flop (didn't bet)
Seat 6: steepfell (small blind) folded before Flop



PokerStars Hand #254510781624:  Hold'em No Limit ($0.50/$1.00 USD) - 2025/01/23 4:31:15 WET [2025/01/22 23:31:15 ET]
Table 'Procyon IV' 6-max Seat #1 is the button
Seat 1: 7bekon7 ($100.60 in chips) 
Seat 2: joaquin612 ($100 in chips) 
Seat 3: AlexEliseev7 ($100 in chips) 
Seat 4: deanmillingt ($81.89 in chips) 
Seat 5: nastja336 ($108.60 in chips) 
Seat 6: steepfell ($100 in chips) 
joaquin612: posts small blind $0.50
AlexEliseev7: posts big blind $1
*** HOLE CARDS ***
deanmillingt: raises $2 to $3
nastja336: folds 
steepfell: folds 
7bekon7: raises $7 to $10
joaquin612: folds 
AlexEliseev7: folds 
deanmillingt: calls $7
*** FLOP *** [2h 7s 4c]
deanmillingt: checks 
7bekon7: bets $5.11
deanmillingt: calls $5.11
*** TURN *** [2h 7s 4c] [Kd]
deanmillingt: checks 
7bekon7: checks 
*** RIVER *** [2h 7s 4c Kd] [5d]
deanmillingt: bets $15.07
7bekon7: folds 
Uncalled bet ($15.07) returned to deanmillingt
deanmillingt collected $30.13 from pot
*** SUMMARY ***
Total pot $31.72 | Rake $1.59 
Board [2h 7s 4c Kd 5d]
Seat 1: 7bekon7 (button) folded on the River
Seat 2: joaquin612 (small blind) folded before Flop
Seat 3: AlexEliseev7 (big blind) folded before Flop
Seat 4: deanmillingt collected ($30.13)
Seat 5: nastja336 folded before Flop (didn't bet)
Seat 6: steepfell folded before Flop (didn't bet)



PokerStars Hand #254510786497:  Hold'em No Limit ($0.50/$1.00 USD) - 2025/01/23 4:32:06 WET [2025/01/22 23:32:06 ET]
Table 'Procyon IV' 6-max Seat #2 is the button
Seat 1: 7bekon7 ($100 in chips) 
Seat 2: joaquin612 ($100 in chips) 
Seat 3: AlexEliseev7 ($100 in chips) 
Seat 4: deanmillingt ($96.91 in chips) 
Seat 5: nastja336 ($108.60 in chips) 
Seat 6: steepfell ($100 in chips) 
AlexEliseev7: posts small blind $0.50
deanmillingt: posts big blind $1
*** HOLE CARDS ***
nastja336: raises $1.50 to $2.50
steepfell: folds 
7bekon7: folds 
joaquin612: folds 
AlexEliseev7: folds 
deanmillingt: raises $1.50 to $4
nastja336: calls $1.50
*** FLOP *** [Jc Th Qh]
deanmillingt: checks 
nastja336: checks 
*** TURN *** [Jc Th Qh] [3c]
deanmillingt: bets $4.04
nastja336: calls $4.04
*** RIVER *** [Jc Th Qh 3c] [4d]
deanmillingt: bets $7.88
nastja336: folds 
Uncalled bet ($7.88) returned to deanmillingt
deanmillingt collected $15.75 from pot
*** SUMMARY ***
Total pot $16.58 | Rake $0.83 
Board [Jc Th Qh 3c 4d]
Seat 1: 7bekon7 folded before Flop (didn't bet)
Seat 2: joaquin612 (button) folded before Flop (didn't bet)
Seat 3: AlexEliseev7 (small blind) folded before Flop
Seat 4: deanmillingt (big blind) collected ($15.75)
Seat 5: nastja336 folded on the River
Seat 6: steepfell folded before Flop (didn't bet)



PokerStars Hand #254510791429:  Hold'em No Limit ($0.50/$1.00 USD) - 2025/01/23 4:32:56 WET [2025/01/22 23:32:56 ET]
Table 'Procyon IV' 6-max Seat #3 is the button
Seat 1: 7bekon7 ($100 in chips) 
Seat 2: joaquin612 ($100 in chips) 
Seat 3: AlexEliseev7 ($100 in chips) 
Seat 4: deanmillingt ($104.62 in chips) 
Seat 5: nastja336 ($100.56 in chips) 
Seat 6: steepfell ($100 in chips) 
deanmillingt: posts small blind $0.50
nastja336: posts big blind $1
*** HOLE CARDS ***
steepfell: folds 
7bekon7: raises $1.25 to $2.25
joaquin612: folds 
AlexEliseev7: folds 
deanmillingt: calls $1.75
nastja336: folds 
*** FLOP *** [3h 3d 3s]
deanmillingt: checks 
7bekon7: bets $2.61
deanmillingt: calls $2.61
*** TURN *** [3h 3d 3s] [6c]
deanmillingt: checks 
7bekon7: checks 
*** RIVER *** [3h 3d 3s 6c] [Td]
deanmillingt: bets $3.09
7bekon7: calls $3.09
*** SHOW DOWN ***
deanmillingt: shows [5d Qd] (three of a kind, Threes)
7bekon7: shows [As 4s] (three of a kind, Threes - Ace kicker)
7bekon7 collected $16.06 from pot
*** SUMMARY ***
Total pot $16.90 | Rake $0.84 
Board [3h 3d 3s 6c Td]
Seat 1: 7bekon7 showed [As 4s] and won ($16.06) with three of a kind, Threes
Seat 2: joaquin612 folded before Flop (didn't bet)
Seat 3: AlexEliseev7 (button) folded before Flop (didn't bet)
Seat 4: deanmillingt (small blind) showed [5d Qd] and lost with three of a kind, Threes
Seat 5: nastja336 (big blind) folded before Flop
Seat 6: steepfell folded before Flop (didn't bet)



PokerStars Hand #254510796013:  Hold'em No Limit ($0.50/$1.00 USD) - 2025/01/23 4:33:43 WET [2025/01/22 23:33:43 ET]
Table 'Procyon IV' 6-max Seat #4 is the button
Seat 1: 7bekon7 ($108.11 in chips) 
Seat 2: joaquin612 ($100 in chips) 
Seat 3: AlexEliseev7 ($100 in chips) 
Seat 4: deanmillingt ($96.67 in chips) 
Seat 5: nastja336 ($100 in chips) 
Seat 6: steepfell ($100 in chips) 
nastja336: posts small blind $0.50
steepfell: posts big blind $1
*** HOLE CARDS ***
7bekon7: raises $1.25 to $2.25
joaquin612: folds 
AlexEliseev7: folds 
deanmillingt: calls $2.25
nastja336: folds 
steepfell: folds 
*** FLOP *** [8s Tc 8h]
7bekon7: bets $1.43
deanmillingt: folds 
Uncalled bet ($1.43) returned to 7bekon7
7bekon7 collected $5.70 from pot
7bekon7: doesn't show hand 
*** SUMMARY ***
Total pot $6 | Rake $0.30 
Board [8s Tc 8h]
Seat 1: 7bekon7 collected ($5.70)
Seat 2: joaquin612 folded before Flop (didn't bet)
Seat 3: AlexEliseev7 folded before Flop (didn't bet)
Seat 4: deanmillingt (button) folded on the Flop
Seat 5: nastja336 (small blind) folded before Flop
Seat 6: steepfell (big blind) folded before Flop



PokerStars Hand #254510798432:  Hold'em No Limit ($0.50/$1.00 USD) - 2025/01/23 4:34:08 WET [2025/01/22 23:34:08 ET]
Table 'Procyon IV' 6-max Seat #5 is the button
Seat 1: 7bekon7 ($111.56 in chips) 
Seat 2: joaquin612 ($100 in chips) 
Seat 3: AlexEliseev7 ($100 in chips) 
Seat 4: deanmillingt ($94.42 in chips) 
Seat 5: nastja336 ($100 in chips) 
Seat 6: steepfell ($100 in chips) 
steepfell: posts small blind $0.50
7bekon7: posts big blind $1
*** HOLE CARDS ***
joaquin612: folds 
AlexEliseev7: folds 
deanmillingt: raises $2.50 to $3.50
nastja336: folds 
steepfell: folds 
7bekon7: calls $2.50
*** FLOP *** [5d Js Qd]
7bekon7: checks 
deanmillingt: checks 
*** TURN *** [5d Js Qd] [Ac]
7bekon7: checks 
deanmillingt: bets $3.56
7bekon7: raises $21.36 to $24.92
deanmillingt: folds 
Uncalled bet ($21.36) returned to 7bekon7
7bekon7 collected $13.89 from pot
7bekon7: doesn't show hand 
*** SUMMARY ***
Total pot $14.62 | Rake $0.73 
Board [5d Js Qd Ac]
Seat 1: 7bekon7 (big blind) collected ($13.89)
Seat 2: joaquin612 folded before Flop (didn't bet)
Seat 3: AlexEliseev7 folded before Flop (didn't bet)
Seat 4: deanmillingt folded on the Turn
Seat 5: nastja336 (button) folded before Flop (didn't bet)
Seat 6: steepfell (small blind) folded before Flop



PokerStars Hand #254510802560:  Hold'em No Limit ($0.50/$1.00 USD) - 2025/01/23 4:34:51 WET [2025/01/22 23:34:51 ET]
Table 'Procyon IV' 6-max Seat #6 is the button
Seat 1: 7bekon7 ($118.39 in chips) 
Seat 2: joaquin612 ($100 in chips) 
Seat 3: AlexEliseev7 ($100 in chips) 
Seat 4: deanmillingt ($87.36 in chips) 
Seat 5: nastja336 ($100 in chips) 
Seat 6: steepfell ($100 in chips) 
7bekon7: posts small blind $0.50
joaquin612: posts big blind $1
*** HOLE CARDS ***
AlexEliseev7: folds 
deanmillingt: raises $4 to $5
nastja336: folds 
steepfell: folds 
7bekon7: folds 
joaquin612: folds 
Uncalled bet ($4) returned to deanmillingt
deanmillingt collected $2.50 from pot
*** SUMMARY ***
Total pot $2.50 | Rake $0 
Seat 1: 7bekon7 (small blind) folded before Flop
Seat 2: joaquin612 (big blind) folded before Flop
Seat 3: AlexEliseev7 folded before Flop (didn't bet)
Seat 4: deanmillingt collected ($2.50)
Seat 5: nastja336 folded before Flop (didn't bet)
Seat 6: steepfell (button) folded before Flop (didn't bet)



PokerStars Hand #254510804387:  Hold'em No Limit ($0.50/$1.00 USD) - 2025/01/23 4:35:10 WET [2025/01/22 23:35:10 ET]
Table 'Procyon IV' 6-max Seat #1 is the button
Seat 1: 7bekon7 ($117.89 in chips) 
Seat 2: joaquin612 ($100 in chips) 
Seat 3: AlexEliseev7 ($100 in chips) 
Seat 4: deanmillingt ($88.86 in chips) 
Seat 5: nastja336 ($100 in chips) 
Seat 6: steepfell ($100 in chips) 
joaquin612: posts small blind $0.50
AlexEliseev7: posts big blind $1
*** HOLE CARDS ***
deanmillingt: raises $1 to $2
nastja336: folds 
steepfell: folds 
7bekon7: folds 
joaquin612: raises $9 to $11
AlexEliseev7: folds 
deanmillingt: calls $9
*** FLOP *** [6c 9c Kd]
joaquin612: bets $7.21
deanmillingt: raises $7.21 to $14.42
joaquin612: folds 
Uncalled bet ($7.21) returned to deanmillingt
deanmillingt collected $35.55 from pot
*** SUMMARY ***
Total pot $37.42 | Rake $1.87 
Board [6c 9c Kd]
Seat 1: 7bekon7 (button) folded before Flop (didn't bet)
Seat 2: joaquin612 (small blind) folded on the Flop
Seat 3: AlexEliseev7 (big blind) folded before Flop
Seat 4: deanmillingt collected ($35.55)
Seat 5: nastja336 folded before Flop (didn't bet)
Seat 6: steepfell folded before Flop (didn't bet)



PokerStars Hand #254510808136:  Hold'em No Limit ($0.50/$1.00 USD) - 2025/01/23 4:35:50 WET [2025/01/22 23:35:50 ET]
Table 'Procyon IV' 6-max Seat #2 is the button
Seat 1: 7bekon7 ($117.89 in chips) 
Seat 2: joaquin612 ($100 in chips) 
Seat 3: AlexEliseev7 ($100 in chips) 
Seat 4: deanmillingt ($106.20 in chips) 
Seat 5: nastja336 ($100 in chips) 
Seat 6: steepfell ($100 in chips) 
AlexEliseev7: posts small blind $0.50
deanmillingt: posts big blind $1
*** HOLE CARDS ***
nastja336: folds 
steepfell: folds 
7bekon7: folds 
joaquin612: raises $1.50 to $2.50
AlexEliseev7: raises $9.50 to $12
deanmillingt: folds 
joaquin612: calls $9.50
*** FLOP *** [2h Qd 9c]
AlexEliseev7: bets $11.64
joaquin612: folds 
Uncalled bet ($11.64) returned to AlexEliseev7
AlexEliseev7 collected $23.75 from pot
AlexEliseev7: doesn't show hand 
*** SUMMARY ***
Total pot $25 | Rake $1.25 
Board [2h Qd 9c]
Seat 1: 7bekon7 folded before Flop (didn't bet)
Seat 2: joaquin612 (button) folded on the Flop
Seat 3: AlexEliseev7 (small blind) collected ($23.75)
Seat 4: deanmillingt (big blind) folded before Flop
Seat 5: nastja336 folded before Flop (didn't bet)
Seat 6: steepfell folded before Flop (didn't bet)



PokerStars Hand #254510812782:  Hold'em No Limit ($0.50/$1.00 USD) - 2025/01/23 4:36:39 WET [2025/01/22 23:36:39 ET]
Table 'Procyon IV' 6-max Seat #3 is the button
Seat 1: 7bekon7 ($117.89 in chips) 
Seat 2: joaquin612 ($100 in chips) 
Seat 3: AlexEliseev7 ($111.75 in chips) 
Seat 4: deanmillingt ($105.20 in chips) 
Seat 5: nastja336 ($100 in chips) 
Seat 6: steepfell ($100 in chips) 
deanmillingt: posts small blind $0.50
nastja336: posts big blind $1
*** HOLE CARDS ***
steepfell: folds 
7bekon7: folds 
joaquin612: folds 
AlexEliseev7: raises $1.50 to $2.50
deanmillingt: calls $2
nastja336: calls $1.50
*** FLOP *** [6h 9h Ts]
deanmillingt: checks 
nastja336: checks 
AlexEliseev7: checks 
*** TURN *** [6h 9h Ts] [Qh]
deanmillingt: checks 
nastja336: checks 
AlexEliseev7: checks 
*** RIVER *** [6h 9h Ts Qh] [9c]
deanmillingt: checks 
nastja336: checks 
AlexEliseev7: checks 
*** SHOW DOWN ***
deanmillingt: shows [Js 2c] (a pair of Nines)
nastja336: mucks hand 
AlexEliseev7: shows [6d Kd] (two pair, Nines and Sixes)
AlexEliseev7 collected $7.12 from pot
*** SUMMARY ***
Total pot $7.50 | Rake $0.38 
Board [6h 9h Ts Qh 9c]
Seat 1: 7bekon7 folded before Flop (didn't bet)
Seat 2: joaquin612 folded before Flop (didn't bet)
Seat 3: AlexEliseev7 (button) showed [6d Kd] and won ($7.12) with two pair, Nines and Sixes
Seat 4: deanmillingt (small blind) showed [Js 2c] and lost with a pair of Nines
Seat 5: nastja336 (big blind) mucked
Seat 6: steepfell folded before Flop (didn't bet)



PokerStars Hand #254510818281:  Hold'em No Limit ($0.50/$1.00 USD) - 2025/01/23 4:37:37 WET [2025/01/22 23:37:37 ET]
Table 'Procyon IV' 6-max Seat #4 is the button
Seat 1: 7bekon7 ($117.89 in chips) 
Seat 2: joaquin612 ($100 in chips) 
Seat 3: AlexEliseev7 ($116.37 in chips) 
Seat 4: deanmillingt ($102.70 in chips) 
Seat 5: nastja336 ($100 in chips) 
Seat 6: steepfell ($100 in chips) 
nastja336: posts small blind $0.50
steepfell: posts big blind $1
*** HOLE CARDS ***
7bekon7: folds 
joaquin612: folds 
AlexEliseev7: folds 
deanmillingt: raises $1 to $2
nastja336: folds 
steepfell: calls $1
*** FLOP *** [4s Jh 9c]
steepfell: checks 
deanmillingt: bets $1
steepfell: raises $3 to $4
deanmillingt: calls $3
*** TURN *** [4s Jh 9c] [6s]
steepfell: bets $8.91
deanmillingt: calls $8.91
*** RIVER *** [4s Jh 9c 6s] [4c]
steepfell: checks 
deanmillingt: checks 
*** SHOW DOWN ***
steepfell: shows [Qd Ts] (a pair of Fours)
deanmillingt: shows [9d 6d] (two pair, Nines and Sixes)
deanmillingt collected $28.80 from pot
*** SUMMARY ***
Total pot $30.32 | Rake $1.52 
Board [4s Jh 9c 6s 4c]
Seat 1: 7bekon7 folded before Flop (didn't bet)
Seat 2: joaquin612 folded before Flop (didn't bet)
Seat 3: AlexEliseev7 folded before Flop (didn't bet)
Seat 4: deanmillingt (button) showed [9d 6d] and won ($28.80) with two pair, Nines and Sixes
Seat 5: nastja336 (small blind) folded before Flop
Seat 6: steepfell (big blind) showed [Qd Ts] and lost with a pair of Fours



PokerStars Hand #254510821923:  Hold'em No Limit ($0.50/$1.00 USD) - 2025/01/23 4:38:15 WET [2025/01/22 23:38:15 ET]
Table 'Procyon IV' 6-max Seat #5 is the button
Seat 1: 7bekon7 ($117.89 in chips) 
Seat 2: joaquin612 ($100 in chips) 
Seat 3: AlexEliseev7 ($116.37 in chips) 
Seat 4: deanmillingt ($116.59 in chips) 
Seat 5: nastja336 ($100 in chips) 
Seat 6: steepfell ($100 in chips) 
steepfell: posts small blind $0.50
7bekon7: posts big blind $1
*** HOLE CARDS ***
joaquin612: folds 
AlexEliseev7: folds 
deanmillingt: raises $1 to $2
nastja336: folds 
steepfell: folds 
7bekon7: raises $5.50 to $7.50
deanmillingt: calls $5.50
*** FLOP *** [Jd 4d Qd]
7bekon7: bets $3.68
deanmillingt: calls $3.68
*** TURN *** [Jd 4d Qd] [9h]
7bekon7: bets $16.29
deanmillingt: calls $16.29
*** RIVER *** [Jd 4d Qd 9h] [Ah]
7bekon7: checks 
deanmillingt: checks 
*** SHOW DOWN ***
7bekon7: shows [Ac Kd] (a pair of Aces)
deanmillingt: mucks hand 
7bekon7 collected $52.94 from pot
*** SUMMARY ***
Total pot $55.44 | Rake $2.50 
Board [Jd 4d Qd 9h Ah]
Seat 1: 7bekon7 (big blind) showed [Ac Kd] and won ($52.94) with a pair of Aces
Seat 2: joaquin612 folded before Flop (didn't bet)
Seat 3: AlexEliseev7 folded before Flop (didn't bet)
Seat 4: deanmillingt mucked
Seat 5: nastja336 (button) folded before Flop (didn't bet)
Seat 6: steepfell (small blind) folded before Flop



PokerStars Hand #254510828805:  Hold'em No Limit ($0.50/$1.00 USD) - 2025/01/23 4:39:28 WET [2025/01/22 23:39:28 ET]
Table 'Procyon IV' 6-max Seat #6 is the button
Seat 1: 7bekon7 ($143.36 in chips) 
Seat 2: joaquin612 ($100 in chips) 
Seat 3: AlexEliseev7 ($116.37 in chips) 
Seat 4: deanmillingt ($89.12 in chips) 
Seat 5: nastja336 ($100 in chips) 
Seat 6: steepfell ($100 in chips) 
7bekon7: posts small blind $0.50
joaquin612: posts big blind $1
*** HOLE CARDS ***
AlexEliseev7: folds 
deanmillingt: raises $1 to $2
nastja336: folds 
steepfell: folds 
7bekon7: folds 
joaquin612: calls $1
*** FLOP *** [3s Js 7h]
joaquin612: checks 
deanmillingt: bets $2.14
joaquin612: folds 
Uncalled bet ($2.14) returned to deanmillingt
deanmillingt collected $4.28 from pot
*** SUMMARY ***
Total pot $4.50 | Rake $0.22 
Board [3s Js 7h]
Seat 1: 7bekon7 (small blind) folded before Flop
Seat 2: joaquin612 (big blind) folded on the Flop
Seat 3: AlexEliseev7 folded before Flop (didn't bet)
Seat 4: deanmillingt collected ($4.28)
Seat 5: nastja336 folded before Flop (didn't bet)
Seat 6: steepfell (button) folded before Flop (didn't bet)



PokerStars Hand #254510831417:  Hold'em No Limit ($0.50/$1.00 USD) - 2025/01/23 4:39:55 WET [2025/01/22 23:39:55 ET]
Table 'Procyon IV' 6-max Seat #1 is the button
Seat 1: 7bekon7 ($142.86 in chips) 
Seat 2: joaquin612 ($100 in chips) 
Seat 3: AlexEliseev7 ($116.37 in chips) 
Seat 4: deanmillingt ($91.40 in chips) 
Seat 5: nastja336 ($100 in chips) 
Seat 6: steepfell ($100 in chips) 
joaquin612: posts small blind $0.50
AlexEliseev7: posts big blind $1
*** HOLE CARDS ***
deanmillingt: raises $2.50 to $3.50
nastja336: folds 
steepfell: folds 
7bekon7: folds 
joaquin612: folds 
AlexEliseev7: folds 
Uncalled bet ($2.50) returned to deanmillingt
deanmillingt collected $2.50 from pot
*** SUMMARY ***
Total pot $2.50 | Rake $0 
Seat 1: 7bekon7 (button) folded before Flop (didn't bet)
Seat 2: joaquin612 (small blind) folded before Flop
Seat 3: AlexEliseev7 (big blind) folded before Flop
Seat 4: deanmillingt collected ($2.50)
Seat 5: nastja336 folded before Flop (didn't bet)
Seat 6: steepfell folded before Flop (didn't bet)



PokerStars Hand #254510832944:  Hold'em No Limit ($0.50/$1.00 USD) - 2025/01/23 4:40:11 WET [2025/01/22 23:40:11 ET]
Table 'Procyon IV' 6-max Seat #2 is the button
Seat 1: 7bekon7 ($142.86 in chips) 
Seat 2: joaquin612 ($100 in chips) 
Seat 3: AlexEliseev7 ($115.37 in chips) 
Seat 4: deanmillingt ($92.90 in chips) 
Seat 5: nastja336 ($100 in chips) 
Seat 6: steepfell ($100 in chips) 
AlexEliseev7: posts small blind $0.50
deanmillingt: posts big blind $1
*** HOLE CARDS ***
nastja336: folds 
steepfell: folds 
7bekon7: folds 
joaquin612: raises $1.50 to $2.50
AlexEliseev7: folds 
deanmillingt: calls $1.50
*** FLOP *** [5h Js 2s]
deanmillingt: checks 
joaquin612: bets $1.72
deanmillingt: calls $1.72
*** TURN *** [5h Js 2s] [Ah]
deanmillingt: checks 
joaquin612: bets $6.37
deanmillingt: calls $6.37
*** RIVER *** [5h Js 2s Ah] [Ts]
deanmillingt: checks 
joaquin612: checks 
*** SHOW DOWN ***
deanmillingt: shows [Ac 9d] (a pair of Aces)
joaquin612: mucks hand 
deanmillingt collected $20.60 from pot
*** SUMMARY ***
Total pot $21.68 | Rake $1.08 
Board [5h Js 2s Ah Ts]
Seat 1: 7bekon7 folded before Flop (didn't bet)
Seat 2: joaquin612 (button) mucked
Seat 3: AlexEliseev7 (small blind) folded before Flop
Seat 4: deanmillingt (big blind) showed [Ac 9d] and won ($20.60) with a pair of Aces
Seat 5: nastja336 folded before Flop (didn't bet)
Seat 6: steepfell folded before Flop (didn't bet)



PokerStars Hand #254510838497:  Hold'em No Limit ($0.50/$1.00 USD) - 2025/01/23 4:41:11 WET [2025/01/22 23:41:11 ET]
Table 'Procyon IV' 6-max Seat #3 is the button
Seat 1: 7bekon7 ($142.86 in chips) 
Seat 2: joaquin612 ($100 in chips) 
Seat 3: AlexEliseev7 ($114.87 in chips) 
Seat 4: deanmillingt ($102.91 in chips) 
Seat 5: nastja336 ($100 in chips) 
Seat 6: steepfell ($100 in chips) 
deanmillingt: posts small blind $0.50
nastja336: posts big blind $1
*** HOLE CARDS ***
steepfell: folds 
7bekon7: folds 
joaquin612: raises $1.50 to $2.50
AlexEliseev7: raises $4 to $6.50
deanmillingt: calls $6
nastja336: folds 
joaquin612: calls $4
*** FLOP *** [3h 5h Jh]
deanmillingt: checks 
joaquin612: checks 
AlexEliseev7: checks 
*** TURN *** [3h 5h Jh] [5s]
deanmillingt: bets $6.74
joaquin612: folds 
AlexEliseev7: folds 
Uncalled bet ($6.74) returned to deanmillingt
deanmillingt collected $19.48 from pot
*** SUMMARY ***
Total pot $20.50 | Rake $1.02 
Board [3h 5h Jh 5s]
Seat 1: 7bekon7 folded before Flop (didn't bet)
Seat 2: joaquin612 folded on the Turn
Seat 3: AlexEliseev7 (button) folded on the Turn
Seat 4: deanmillingt (small blind) collected ($19.48)
Seat 5: nastja336 (big blind) folded before Flop
Seat 6: steepfell folded before Flop (didn't bet)



PokerStars Hand #254510843890:  Hold'em No Limit ($0.50/$1.00 USD) - 2025/01/23 4:42:08 WET [2025/01/22 23:42:08 ET]
Table 'Procyon IV' 6-max Seat #4 is the button
Seat 1: 7bekon7 ($142.86 in chips) 
Seat 2: joaquin612 ($100 in chips) 
Seat 3: AlexEliseev7 ($108.37 in chips) 
Seat 4: deanmillingt ($115.89 in chips) 
Seat 5: nastja336 ($100 in chips) 
Seat 6: steepfell ($100 in chips) 
nastja336: posts small blind $0.50
steepfell: posts big blind $1
*** HOLE CARDS ***
7bekon7: folds 
joaquin612: raises $1.50 to $2.50
AlexEliseev7: folds 
deanmillingt: calls $2.50
nastja336: folds 
steepfell: calls $1.50
*** FLOP *** [5c 2c 9c]
steepfell: checks 
joaquin612: checks 
deanmillingt: checks 
*** TURN *** [5c 2c 9c] [Th]
steepfell: bets $3.80
joaquin612: folds 
deanmillingt: calls $3.80
*** RIVER *** [5c 2c 9c Th] [Kh]
steepfell: checks 
deanmillingt: checks 
*** SHOW DOWN ***
steepfell: shows [Ts Js] (a pair of Tens)
deanmillingt: shows [5s 2s] (two pair, Fives and Deuces)
deanmillingt collected $14.82 from pot
*** SUMMARY ***
Total pot $15.60 | Rake $0.78 
Board [5c 2c 9c Th Kh]
Seat 1: 7bekon7 folded before Flop (didn't bet)
Seat 2: joaquin612 folded on the Turn
Seat 3: AlexEliseev7 folded before Flop (didn't bet)
Seat 4: deanmillingt (button) showed [5s 2s] and won ($14.82) with two pair, Fives and Deuces
Seat 5: nastja336 (small blind) folded before Flop
Seat 6: steepfell (big blind) showed [Ts Js] and lost with a pair of Tens



PokerStars Hand #254510847323:  Hold'em No Limit ($0.50/$1.00 USD) - 2025/01/23 4:42:44 WET [2025/01/22 23:42:44 ET]
Table 'Procyon IV' 6-max Seat #5 is the button
Seat 1: 7bekon7 ($142.86 in chips) 
Seat 2: joaquin612 ($100 in chips) 
Seat 3: AlexEliseev7 ($108.37 in chips) 
Seat 4: deanmillingt ($124.41 in chips) 
Seat 5: nastja336 ($100 in chips) 
Seat 6: steepfell ($100 in chips) 
steepfell: posts small blind $0.50
7bekon7: posts big blind $1
*** HOLE CARDS ***
joaquin612: folds 
AlexEliseev7: folds 
deanmillingt: raises $2.50 to $3.50
nastja336: folds 
steepfell: folds 
7bekon7: raises $7.50 to $11
deanmillingt: calls $7.50
*** FLOP *** [3d As 5h]
7bekon7: bets $5.35
deanmillingt: calls $5.35
*** TURN *** [3d As 5h] [Jh]
7bekon7: bets $7.89
deanmillingt: calls $7.89
*** RIVER *** [3d As 5h Jh] [2d]
7bekon7: bets $11.63
deanmillingt: raises $11.63 to $23.26
7bekon7: calls $11.63
*** SHOW DOWN ***
deanmillingt: shows [4c Jc] (a straight, Ace to Five)
7bekon7: mucks hand 
deanmillingt collected $93 from pot
*** SUMMARY ***
Total pot $95.50 | Rake $2.50 
Board [3d As 5h Jh 2d]
Seat 1: 7bekon7 (big blind) mucked
Seat 2: joaquin612 folded before Flop (didn't bet)
Seat 3: AlexEliseev7 folded before Flop (didn't bet)
Seat 4: deanmillingt showed [4c Jc] and won ($93) with a straight, Ace to Five
Seat 5: nastja336 (button) folded before Flop (didn't bet)
Seat 6: steepfell (small blind) folded before Flop



PokerStars Hand #254510851953:  Hold'em No Limit ($0.50/$1.00 USD) - 2025/01/23 4:43:34 WET [2025/01/22 23:43:34 ET]
Table 'Procyon IV' 6-max Seat #6 is the button
Seat 1: 7bekon7 ($100 in chips) 
Seat 2: joaquin612 ($100 in chips) 
Seat 3: AlexEliseev7 ($108.37 in chips) 
Seat 4: deanmillingt ($169.91 in chips) 
Seat 5: nastja336 ($100 in chips) 
Seat 6: steepfell ($100 in chips) 
7bekon7: posts small blind $0.50
joaquin612: posts big blind $1
*** HOLE CARDS ***
AlexEliseev7: folds 
deanmillingt: folds 
nastja336: folds 
steepfell: raises $1.50 to $2.50
7bekon7: raises $6 to $8.50
joaquin612: folds 
steepfell: folds 
Uncalled bet ($6) returned to 7bekon7
7bekon7 collected $6 from pot
7bekon7: doesn't show hand 
*** SUMMARY ***
Total pot $6 | Rake $0 
Seat 1: 7bekon7 (small blind) collected ($6)
Seat 2: joaquin612 (big blind) folded before Flop
Seat 3: AlexEliseev7 folded before Flop (didn't bet)
Seat 4: deanmillingt folded before Flop (didn't bet)
Seat 5: nastja336 folded before Flop (didn't bet)
Seat 6: steepfell (button) folded before Flop



PokerStars Hand #254510853901:  Hold'em No Limit ($0.50/$1.00 USD) - 2025/01/23 4:43:55 WET [2025/01/22 23:43:55 ET]
Table 'Procyon IV' 6-max Seat #1 is the button
Seat 1: 7bekon7 ($103.50 in chips) 
Seat 2: joaquin612 ($100 in chips) 
Seat 3: AlexEliseev7 ($108.37 in chips) 
Seat 4: deanmillingt ($169.91 in chips) 
Seat 5: nastja336 ($100 in chips) 
Seat 6: steepfell ($100 in chips) 
joaquin612: posts small blind $0.50
AlexEliseev7: posts big blind $1
*** HOLE CARDS ***
deanmillingt: raises $2 to $3
nastja336: folds 
steepfell: folds 
7bekon7: folds 
joaquin612: folds 
AlexEliseev7: folds 
Uncalled bet ($2) returned to deanmillingt
deanmillingt collected $2.50 from pot
*** SUMMARY ***
Total pot $2.50 | Rake $0 
Seat 1: 7bekon7 (button) folded before Flop (didn't bet)
Seat 2: joaquin612 (small blind) folded before Flop
Seat 3: AlexEliseev7 (big blind) folded before Flop
Seat 4: deanmillingt collected ($2.50)
Seat 5: nastja336 folded before Flop (didn't bet)
Seat 6: steepfell folded before Flop (didn't bet)



PokerStars Hand #254510855253:  Hold'em No Limit ($0.50/$1.00 USD) - 2025/01/23 4:44:10 WET [2025/01/22 23:44:10 ET]
Table 'Procyon IV' 6-max Seat #2 is the button
Seat 1: 7bekon7 ($103.50 in chips) 
Seat 2: joaquin612 ($100 in chips) 
Seat 3: AlexEliseev7 ($107.37 in chips) 
Seat 4: deanmillingt ($171.41 in chips) 
Seat 5: nastja336 ($100 in chips) 
Seat 6: steepfell ($100 in chips) 
AlexEliseev7: posts small blind $0.50
deanmillingt: posts big blind $1
*** HOLE CARDS ***
nastja336: folds 
steepfell: folds 
7bekon7: folds 
joaquin612: raises $1.50 to $2.50
AlexEliseev7: folds 
deanmillingt: calls $1.50
*** FLOP *** [8d 4d Qd]
deanmillingt: checks 
joaquin612: bets $1
deanmillingt: calls $1
*** TURN *** [8d 4d Qd] [7c]
deanmillingt: checks 
joaquin612: bets $3.56
deanmillingt: calls $3.56
*** RIVER *** [8d 4d Qd 7c] [7h]
deanmillingt: checks 
joaquin612: checks 
*** SHOW DOWN ***
deanmillingt: shows [4c 6c] (two pair, Sevens and Fours)
joaquin612: shows [8c Ks] (two pair, Eights and Sevens)
joaquin612 collected $13.89 from pot
*** SUMMARY ***
Total pot $14.62 | Rake $0.73 
Board [8d 4d Qd 7c 7h]
Seat 1: 7bekon7 folded before Flop (didn't bet)
Seat 2: joaquin612 (button) showed [8c Ks] and won ($13.89) with two pair, Eights and Sevens
Seat 3: AlexEliseev7 (small blind) folded before Flop
Seat 4: deanmillingt (big blind) showed [4c 6c] and lost with two pair, Sevens and Fours
Seat 5: nastja336 folded before Flop (didn't bet)
Seat 6: steepfell folded before Flop (didn't bet)



PokerStars Hand #254510858952:  Hold'em No Limit ($0.50/$1.00 USD) - 2025/01/23 4:44:49 WET [2025/01/22 23:44:49 ET]
Table 'Procyon IV' 6-max Seat #3 is the button
Seat 1: 7bekon7 ($103.50 in chips) 
Seat 2: joaquin612 ($106.83 in chips) 
Seat 3: AlexEliseev7 ($106.87 in chips) 
Seat 4: deanmillingt ($164.35 in chips) 
Seat 5: nastja336 ($100 in chips) 
Seat 6: steepfell ($100 in chips) 
deanmillingt: posts small blind $0.50
nastja336: posts big blind $1
*** HOLE CARDS ***
steepfell: folds 
7bekon7: folds 
joaquin612: folds 
AlexEliseev7: raises $1.50 to $2.50
deanmillingt: calls $2
nastja336: folds 
*** FLOP *** [5d Jh Qd]
deanmillingt: checks 
AlexEliseev7: checks 
*** TURN *** [5d Jh Qd] [8d]
deanmillingt: bets $1
AlexEliseev7: calls $1
*** RIVER *** [5d Jh Qd 8d] [3d]
deanmillingt: checks 
AlexEliseev7: bets $5.93
deanmillingt: folds 
Uncalled bet ($5.93) returned to AlexEliseev7
AlexEliseev7 collected $7.60 from pot
AlexEliseev7: doesn't show hand 
*** SUMMARY ***
Total pot $8 | Rake $0.40 
Board [5d Jh Qd 8d 3d]
Seat 1: 7bekon7 folded before Flop (didn't bet)
Seat 2: joaquin612 folded before Flop (didn't bet)
Seat 3: AlexEliseev7 (button) collected ($7.60)
Seat 4: deanmillingt (small blind) folded on the River
Seat 5: nastja336 (big blind) folded before Flop
Seat 6: steepfell folded before Flop (didn't bet)



PokerStars Hand #254510863473:  Hold'em No Limit ($0.50/$1.00 USD) - 2025/01/23 4:45:37 WET [2025/01/22 23:45:37 ET]
Table 'Procyon IV' 6-max Seat #4 is the button
Seat 1: 7bekon7 ($103.50 in chips) 
Seat 2: joaquin612 ($106.83 in chips) 
Seat 3: AlexEliseev7 ($110.97 in chips) 
Seat 4: deanmillingt ($160.85 in chips) 
Seat 5: nastja336 ($100 in chips) 
Seat 6: steepfell ($100 in chips) 
nastja336: posts small blind $0.50
steepfell: posts big blind $1
*** HOLE CARDS ***
7bekon7: raises $1.25 to $2.25
joaquin612: folds 
AlexEliseev7: raises $6.75 to $9
deanmillingt: calls $9
nastja336: folds 
steepfell: folds 
7bekon7: calls $6.75
*** FLOP *** [8d Th 3s]
7bekon7: checks 
AlexEliseev7: bets $8.94
deanmillingt: calls $8.94
7bekon7: calls $8.94
*** TURN *** [8d Th 3s] [2h]
7bekon7: checks 
AlexEliseev7: checks 
deanmillingt: bets $17.41
7bekon7: calls $17.41
AlexEliseev7: folds 
*** RIVER *** [8d Th 3s 2h] [Kc]
7bekon7: checks 
deanmillingt: checks 
*** SHOW DOWN ***
7bekon7: shows [8s As] (a pair of Eights)
deanmillingt: shows [Ks 4s] (a pair of Kings)
deanmillingt collected $87.64 from pot
*** SUMMARY ***
Total pot $90.14 | Rake $2.50 
Board [8d Th 3s 2h Kc]
Seat 1: 7bekon7 showed [8s As] and lost with a pair of Eights
Seat 2: joaquin612 folded before Flop (didn't bet)
Seat 3: AlexEliseev7 folded on the Turn
Seat 4: deanmillingt (button) showed [Ks 4s] and won ($87.64) with a pair of Kings
Seat 5: nastja336 (small blind) folded before Flop
Seat 6: steepfell (big blind) folded before Flop



PokerStars Hand #254510870905:  Hold'em No Limit ($0.50/$1.00 USD) - 2025/01/23 4:46:57 WET [2025/01/22 23:46:57 ET]
Table 'Procyon IV' 6-max Seat #5 is the button
Seat 1: 7bekon7 ($100 in chips) 
Seat 2: joaquin612 ($106.83 in chips) 
Seat 3: AlexEliseev7 ($100 in chips) 
Seat 4: deanmillingt ($213.14 in chips) 
Seat 5: nastja336 ($100 in chips) 
Seat 6: steepfell ($100 in chips) 
steepfell: posts small blind $0.50
7bekon7: posts big blind $1
*** HOLE CARDS ***
joaquin612: raises $1.50 to $2.50
AlexEliseev7: folds 
deanmillingt: calls $2.50
nastja336: folds 
steepfell: folds 
7bekon7: folds 
*** FLOP *** [2d 5s Jd]
joaquin612: bets $4.64
deanmillingt: calls $4.64
*** TURN *** [2d 5s Jd] [4h]
joaquin612: bets $25.50
deanmillingt: folds 
Uncalled bet ($25.50) returned to joaquin612
joaquin612 collected $14.99 from pot
joaquin612: doesn't show hand 
*** SUMMARY ***
Total pot $15.78 | Rake $0.79 
Board [2d 5s Jd 4h]
Seat 1: 7bekon7 (big blind) folded before Flop
Seat 2: joaquin612 collected ($14.99)
Seat 3: AlexEliseev7 folded before Flop (didn't bet)
Seat 4: deanmillingt folded on the Turn
Seat 5: nastja336 (button) folded before Flop (didn't bet)
Seat 6: steepfell (small blind) folded before Flop



PokerStars Hand #254510874703:  Hold'em No Limit ($0.50/$1.00 USD) - 2025/01/23 4:47:39 WET [2025/01/22 23:47:39 ET]
Table 'Procyon IV' 6-max Seat #6 is the button
Seat 2: joaquin612 ($114.68 in chips) is sitting out
Seat 1: 7bekon7 ($100 in chips) 
Seat 3: AlexEliseev7 ($100 in chips) 
Seat 4: deanmillingt ($206 in chips) 
Seat 5: nastja336 ($100 in chips) 
Seat 6: steepfell ($100 in chips) 
7bekon7: posts small blind $0.50
joaquin612: is sitting out 
AlexEliseev7: posts big blind $1
*** HOLE CARDS ***
joaquin612 leaves the table
deanmillingt: raises $2.50 to $3.50
nastja336: folds 
steepfell: folds 
7bekon7: folds 
pr0tecto joins the table at seat #2 
AlexEliseev7: calls $2.50
*** FLOP *** [3d 4h 6s]
AlexEliseev7: checks 
deanmillingt: bets $7.12
AlexEliseev7: raises $16.66 to $23.78
deanmillingt: calls $16.66
*** TURN *** [3d 4h 6s] [Kd]
AlexEliseev7: bets $25.75
deanmillingt: calls $25.75
*** RIVER *** [3d 4h 6s Kd] [3h]
AlexEliseev7: checks 
deanmillingt: checks 
*** SHOW DOWN ***
AlexEliseev7: shows [8h 8d] (two pair, Eights and Threes)
deanmillingt: mucks hand 
AlexEliseev7 collected $104.06 from pot
*** SUMMARY ***
Total pot $106.56 | Rake $2.50 
Board [3d 4h 6s Kd 3h]
Seat 2: joaquin612
Seat 1: 7bekon7 (small blind) folded before Flop
Seat 3: AlexEliseev7 (big blind) showed [8h 8d] and won ($104.06) with two pair, Eights and Threes
Seat 4: deanmillingt mucked
Seat 5: nastja336 folded before Flop (didn't bet)
Seat 6: steepfell (button) folded before Flop (didn't bet)



PokerStars Hand #254510881907:  Hold'em No Limit ($0.50/$1.00 USD) - 2025/01/23 4:48:56 WET [2025/01/22 23:48:56 ET]
Table 'Procyon IV' 6-max Seat #1 is the button
Seat 2: pr0tecto ($100 in chips) is sitting out
Seat 1: 7bekon7 ($100 in chips) 
Seat 3: AlexEliseev7 ($151.03 in chips) 
Seat 4: deanmillingt ($152.97 in chips) 
Seat 5: nastja336 ($100 in chips) 
Seat 6: steepfell ($100 in chips) 
AlexEliseev7: posts small blind $0.50
deanmillingt: posts big blind $1
*** HOLE CARDS ***
nastja336: folds 
steepfell: folds 
7bekon7: folds 
AlexEliseev7: raises $2 to $3
deanmillingt: raises $6 to $9
AlexEliseev7: folds 
Uncalled bet ($6) returned to deanmillingt
deanmillingt collected $6 from pot
*** SUMMARY ***
Total pot $6 | Rake $0 
Seat 2: pr0tecto
Seat 1: 7bekon7 (button) folded before Flop (didn't bet)
Seat 3: AlexEliseev7 (small blind) folded before Flop
Seat 4: deanmillingt (big blind) collected ($6)
Seat 5: nastja336 folded before Flop (didn't bet)
Seat 6: steepfell folded before Flop (didn't bet)



PokerStars Hand #254510884066:  Hold'em No Limit ($0.50/$1.00 USD) - 2025/01/23 4:49:19 WET [2025/01/22 23:49:19 ET]
Table 'Procyon IV' 6-max Seat #3 is the button
Seat 2: pr0tecto ($100 in chips) is sitting out
Seat 1: 7bekon7 ($100 in chips) 
Seat 3: AlexEliseev7 ($148.03 in chips) 
Seat 4: deanmillingt ($155.97 in chips) 
Seat 5: nastja336 ($100 in chips) 
Seat 6: steepfell ($100 in chips) 
deanmillingt: posts small blind $0.50
nastja336: posts big blind $1
pr0tecto: sits out 
*** HOLE CARDS ***
steepfell: folds 
7bekon7: folds 
AlexEliseev7: raises $1.50 to $2.50
deanmillingt: calls $2
nastja336: calls $1.50
*** FLOP *** [Ac 7c Qd]
deanmillingt: checks 
nastja336: checks 
AlexEliseev7: checks 
*** TURN *** [Ac 7c Qd] [4d]
deanmillingt is disconnected 
deanmillingt is connected 
deanmillingt: bets $3.56
nastja336: calls $3.56
AlexEliseev7: folds 
*** RIVER *** [Ac 7c Qd 4d] [Ks]
deanmillingt: bets $6.95
nastja336: folds 
Uncalled bet ($6.95) returned to deanmillingt
deanmillingt collected $13.89 from pot
*** SUMMARY ***
Total pot $14.62 | Rake $0.73 
Board [Ac 7c Qd 4d Ks]
Seat 2: pr0tecto
Seat 1: 7bekon7 folded before Flop (didn't bet)
Seat 3: AlexEliseev7 (button) folded on the Turn
Seat 4: deanmillingt (small blind) collected ($13.89)
Seat 5: nastja336 (big blind) folded on the River
Seat 6: steepfell folded before Flop (didn't bet)



PokerStars Hand #254510893076:  Hold'em No Limit ($0.50/$1.00 USD) - 2025/01/23 4:50:57 WET [2025/01/22 23:50:57 ET]
Table 'Procyon IV' 6-max Seat #4 is the button
Seat 2: pr0tecto ($100 in chips) is sitting out
Seat 1: 7bekon7 ($100 in chips) 
Seat 3: AlexEliseev7 ($145.53 in chips) 
Seat 4: deanmillingt ($163.80 in chips) 
Seat 5: nastja336 ($100 in chips) 
Seat 6: steepfell ($100 in chips) 
nastja336: posts small blind $0.50
steepfell: posts big blind $1
pr0tecto: sits out 
*** HOLE CARDS ***
7bekon7: raises $1.25 to $2.25
AlexEliseev7: folds 
deanmillingt: calls $2.25
nastja336: calls $1.75
steepfell: folds 
*** FLOP *** [8d 5c Qh]
nastja336: checks 
7bekon7: checks 
deanmillingt: bets $3.68
nastja336: folds 
7bekon7: folds 
Uncalled bet ($3.68) returned to deanmillingt
deanmillingt collected $7.36 from pot
*** SUMMARY ***
Total pot $7.75 | Rake $0.39 
Board [8d 5c Qh]
Seat 2: pr0tecto
Seat 1: 7bekon7 folded on the Flop
Seat 3: AlexEliseev7 folded before Flop (didn't bet)
Seat 4: deanmillingt (button) collected ($7.36)
Seat 5: nastja336 (small blind) folded on the Flop
Seat 6: steepfell (big blind) folded before Flop



PokerStars Hand #254510896184:  Hold'em No Limit ($0.50/$1.00 USD) - 2025/01/23 4:51:31 WET [2025/01/22 23:51:31 ET]
Table 'Procyon IV' 6-max Seat #5 is the button
Seat 2: pr0tecto ($100 in chips) is sitting out
Seat 1: 7bekon7 ($100 in chips) 
Seat 3: AlexEliseev7 ($145.53 in chips) 
Seat 4: deanmillingt ($168.91 in chips) 
Seat 5: nastja336 ($100 in chips) 
Seat 6: steepfell ($100 in chips) 
steepfell: posts small blind $0.50
7bekon7: posts big blind $1
pr0tecto: sits out 
*** HOLE CARDS ***
AlexEliseev7: folds 
deanmillingt: raises $2 to $3
nastja336: raises $6 to $9
steepfell: folds 
7bekon7: folds 
deanmillingt: calls $6
*** FLOP *** [Th 5s 2d]
deanmillingt: checks 
nastja336: bets $9.26
deanmillingt: calls $9.26
*** TURN *** [Th 5s 2d] [7c]
deanmillingt: checks 
nastja336: checks 
*** RIVER *** [Th 5s 2d 7c] [Ts]
deanmillingt: bets $18.06
nastja336: folds 
Uncalled bet ($18.06) returned to deanmillingt
deanmillingt collected $36.12 from pot
*** SUMMARY ***
Total pot $38.02 | Rake $1.90 
Board [Th 5s 2d 7c Ts]
Seat 2: pr0tecto
Seat 1: 7bekon7 (big blind) folded before Flop
Seat 3: AlexEliseev7 folded before Flop (didn't bet)
Seat 4: deanmillingt collected ($36.12)
Seat 5: nastja336 (button) folded on the River
Seat 6: steepfell (small blind) folded before Flop



PokerStars Hand #254510900126:  Hold'em No Limit ($0.50/$1.00 USD) - 2025/01/23 4:52:15 WET [2025/01/22 23:52:15 ET]
Table 'Procyon IV' 6-max Seat #6 is the button
Seat 1: 7bekon7 ($100 in chips) 
Seat 2: pr0tecto ($100 in chips) 
Seat 3: AlexEliseev7 ($145.53 in chips) 
Seat 4: deanmillingt ($186.77 in chips) 
Seat 5: nastja336 ($100 in chips) 
Seat 6: steepfell ($100 in chips) 
7bekon7: posts small blind $0.50
pr0tecto: posts big blind $1
*** HOLE CARDS ***
AlexEliseev7: folds 
deanmillingt: raises $2.50 to $3.50
nastja336: folds 
steepfell: folds 
7bekon7: folds 
pr0tecto: folds 
Uncalled bet ($2.50) returned to deanmillingt
deanmillingt collected $2.50 from pot
*** SUMMARY ***
Total pot $2.50 | Rake $0 
Seat 1: 7bekon7 (small blind) folded before Flop
Seat 2: pr0tecto (big blind) folded before Flop
Seat 3: AlexEliseev7 folded before Flop (didn't bet)
Seat 4: deanmillingt collected ($2.50)
Seat 5: nastja336 folded before Flop (didn't bet)
Seat 6: steepfell (button) folded before Flop (didn't bet)



