PokerStars Hand #254518078522:  Hold'em No Limit ($0.50/$1.00 USD) - 2025/01/23 19:38:15 WET [2025/01/23 14:38:15 ET]
Table 'Risha IV' 6-max Seat #1 is the button
Seat 1: Y_19 ($100 in chips) 
Seat 2: dreimis190 ($100 in chips) 
Seat 3: KadeDr1ver ($41.45 in chips) 
Seat 5: perketti ($101.50 in chips) 
Seat 6: easy_sarcasm ($100 in chips) 
dreimis190: posts small blind $0.50
KadeDr1ver: posts big blind $1
*** HOLE CARDS ***
perketti: folds 
easy_sarcasm: folds 
Y_19: folds 
dreimis190: folds 
Uncalled bet ($0.50) returned to KadeDr1ver
KadeDr1ver collected $1 from pot
AndreaBsAs joins the table at seat #4 
*** SUMMARY ***
Total pot $1 | Rake $0 
Seat 1: Y_19 (button) folded before Flop (didn't bet)
Seat 2: dreimis190 (small blind) folded before Flop
Seat 3: KadeDr1ver (big blind) collected ($1)
Seat 5: perketti folded before Flop (didn't bet)
Seat 6: easy_sarcasm folded before Flop (didn't bet)



PokerStars Hand #254518080878:  Hold'em No Limit ($0.50/$1.00 USD) - 2025/01/23 19:38:24 WET [2025/01/23 14:38:24 ET]
Table 'Risha IV' 6-max Seat #2 is the button
Seat 1: Y_19 ($100 in chips) 
Seat 2: dreimis190 ($100 in chips) 
Seat 3: KadeDr1ver ($41.95 in chips) 
Seat 4: AndreaBsAs ($100 in chips) 
Seat 5: perketti ($101.50 in chips) 
Seat 6: easy_sarcasm ($100 in chips) 
KadeDr1ver: posts small blind $0.50
AndreaBsAs: posts big blind $1
*** HOLE CARDS ***
perketti: folds 
easy_sarcasm: folds 
Y_19: folds 
dreimis190: folds 
KadeDr1ver: calls $0.50
AndreaBsAs: checks 
*** FLOP *** [9d 6d 9h]
KadeDr1ver: bets $1.90
AndreaBsAs: folds 
Uncalled bet ($1.90) returned to KadeDr1ver
KadeDr1ver collected $1.90 from pot
*** SUMMARY ***
Total pot $2 | Rake $0.10 
Board [9d 6d 9h]
Seat 1: Y_19 folded before Flop (didn't bet)
Seat 2: dreimis190 (button) folded before Flop (didn't bet)
Seat 3: KadeDr1ver (small blind) collected ($1.90)
Seat 4: AndreaBsAs (big blind) folded on the Flop
Seat 5: perketti folded before Flop (didn't bet)
Seat 6: easy_sarcasm folded before Flop (didn't bet)



PokerStars Hand #254518092281:  Hold'em No Limit ($0.50/$1.00 USD) - 2025/01/23 19:39:10 WET [2025/01/23 14:39:10 ET]
Table 'Risha IV' 6-max Seat #3 is the button
Seat 1: Y_19 ($100 in chips) 
Seat 2: dreimis190 ($100 in chips) 
Seat 3: KadeDr1ver ($42.85 in chips) 
Seat 4: AndreaBsAs ($100 in chips) 
Seat 5: perketti ($101.50 in chips) 
Seat 6: easy_sarcasm ($100 in chips) 
AndreaBsAs: posts small blind $0.50
perketti: posts big blind $1
*** HOLE CARDS ***
easy_sarcasm: folds 
Y_19: folds 
dreimis190: folds 
KadeDr1ver: folds 
AndreaBsAs: raises $2 to $3
perketti: calls $2
*** FLOP *** [5s Qc Js]
AndreaBsAs: bets $1.88
perketti: calls $1.88
*** TURN *** [5s Qc Js] [9h]
AndreaBsAs: bets $7.64
perketti: folds 
Uncalled bet ($7.64) returned to AndreaBsAs
AndreaBsAs collected $9.27 from pot
*** SUMMARY ***
Total pot $9.76 | Rake $0.49 
Board [5s Qc Js 9h]
Seat 1: Y_19 folded before Flop (didn't bet)
Seat 2: dreimis190 folded before Flop (didn't bet)
Seat 3: KadeDr1ver (button) folded before Flop (didn't bet)
Seat 4: AndreaBsAs (small blind) collected ($9.27)
Seat 5: perketti (big blind) folded on the Turn
Seat 6: easy_sarcasm folded before Flop (didn't bet)



PokerStars Hand #254518103118:  Hold'em No Limit ($0.50/$1.00 USD) - 2025/01/23 19:39:54 WET [2025/01/23 14:39:54 ET]
Table 'Risha IV' 6-max Seat #4 is the button
Seat 1: Y_19 ($100 in chips) 
Seat 2: dreimis190 ($100 in chips) 
Seat 3: KadeDr1ver ($42.85 in chips) 
Seat 4: AndreaBsAs ($104.39 in chips) 
Seat 5: perketti ($96.62 in chips) 
Seat 6: easy_sarcasm ($100 in chips) 
perketti: posts small blind $0.50
easy_sarcasm: posts big blind $1
*** HOLE CARDS ***
Y_19: folds 
dreimis190: folds 
KadeDr1ver: calls $1
AndreaBsAs: raises $3 to $4
perketti: folds 
easy_sarcasm: folds 
KadeDr1ver: folds 
Uncalled bet ($3) returned to AndreaBsAs
AndreaBsAs collected $3.50 from pot
*** SUMMARY ***
Total pot $3.50 | Rake $0 
Seat 1: Y_19 folded before Flop (didn't bet)
Seat 2: dreimis190 folded before Flop (didn't bet)
Seat 3: KadeDr1ver folded before Flop
Seat 4: AndreaBsAs (button) collected ($3.50)
Seat 5: perketti (small blind) folded before Flop
Seat 6: easy_sarcasm (big blind) folded before Flop



PokerStars Hand #254518109242:  Hold'em No Limit ($0.50/$1.00 USD) - 2025/01/23 19:40:18 WET [2025/01/23 14:40:18 ET]
Table 'Risha IV' 6-max Seat #5 is the button
Seat 1: Y_19 ($100 in chips) 
Seat 2: dreimis190 ($100 in chips) 
Seat 3: KadeDr1ver ($41.85 in chips) 
Seat 4: AndreaBsAs ($106.89 in chips) 
Seat 5: perketti ($96.12 in chips) 
Seat 6: easy_sarcasm ($100 in chips) 
easy_sarcasm: posts small blind $0.50
Y_19: posts big blind $1
*** HOLE CARDS ***
dreimis190: folds 
KadeDr1ver: folds 
AndreaBsAs: raises $1.50 to $2.50
perketti: raises $5.50 to $8
easy_sarcasm: folds 
Y_19: folds 
AndreaBsAs: calls $5.50
*** FLOP *** [Ah 9d 9s]
AndreaBsAs: checks 
perketti: bets $9.97
AndreaBsAs: folds 
Uncalled bet ($9.97) returned to perketti
perketti collected $16.62 from pot
perketti: doesn't show hand 
*** SUMMARY ***
Total pot $17.50 | Rake $0.88 
Board [Ah 9d 9s]
Seat 1: Y_19 (big blind) folded before Flop
Seat 2: dreimis190 folded before Flop (didn't bet)
Seat 3: KadeDr1ver folded before Flop (didn't bet)
Seat 4: AndreaBsAs folded on the Flop
Seat 5: perketti (button) collected ($16.62)
Seat 6: easy_sarcasm (small blind) folded before Flop



PokerStars Hand #254518121365:  Hold'em No Limit ($0.50/$1.00 USD) - 2025/01/23 19:41:06 WET [2025/01/23 14:41:06 ET]
Table 'Risha IV' 6-max Seat #6 is the button
Seat 1: Y_19 ($100 in chips) 
Seat 2: dreimis190 ($100 in chips) 
Seat 3: KadeDr1ver ($41.85 in chips) 
Seat 4: AndreaBsAs ($100 in chips) 
Seat 5: perketti ($104.74 in chips) 
Seat 6: easy_sarcasm ($100 in chips) 
Y_19: posts small blind $0.50
dreimis190: posts big blind $1
*** HOLE CARDS ***
KadeDr1ver: calls $1
AndreaBsAs: folds 
perketti: folds 
easy_sarcasm: folds 
Y_19: raises $3 to $4
dreimis190: folds 
KadeDr1ver: folds 
Uncalled bet ($3) returned to Y_19
Y_19 collected $3 from pot
Y_19: doesn't show hand 
*** SUMMARY ***
Total pot $3 | Rake $0 
Seat 1: Y_19 (small blind) collected ($3)
Seat 2: dreimis190 (big blind) folded before Flop
Seat 3: KadeDr1ver folded before Flop
Seat 4: AndreaBsAs folded before Flop (didn't bet)
Seat 5: perketti folded before Flop (didn't bet)
Seat 6: easy_sarcasm (button) folded before Flop (didn't bet)



PokerStars Hand #254518129507:  Hold'em No Limit ($0.50/$1.00 USD) - 2025/01/23 19:41:39 WET [2025/01/23 14:41:39 ET]
Table 'Risha IV' 6-max Seat #1 is the button
Seat 1: Y_19 ($102 in chips) 
Seat 2: dreimis190 ($100 in chips) 
Seat 3: KadeDr1ver ($40.85 in chips) 
Seat 4: AndreaBsAs ($100 in chips) 
Seat 5: perketti ($104.74 in chips) 
Seat 6: easy_sarcasm ($100 in chips) 
dreimis190: posts small blind $0.50
KadeDr1ver: posts big blind $1
*** HOLE CARDS ***
AndreaBsAs: raises $1.20 to $2.20
perketti: folds 
easy_sarcasm: raises $5.80 to $8
Y_19: folds 
dreimis190: folds 
KadeDr1ver: folds 
AndreaBsAs: raises $10.50 to $18.50
easy_sarcasm: calls $10.50
*** FLOP *** [5h Qs Kd]
AndreaBsAs: bets $12.07
easy_sarcasm: calls $12.07
*** TURN *** [5h Qs Kd] [5c]
AndreaBsAs: bets $69.43 and is all-in
easy_sarcasm: calls $69.43 and is all-in
*** RIVER *** [5h Qs Kd 5c] [9d]
*** SHOW DOWN ***
AndreaBsAs: shows [Ad Ac] (two pair, Aces and Fives)
easy_sarcasm: shows [As Ah] (two pair, Aces and Fives)
AndreaBsAs collected $99.50 from pot
easy_sarcasm collected $99.50 from pot
*** SUMMARY ***
Total pot $201.50 | Rake $2.50 
Board [5h Qs Kd 5c 9d]
Seat 1: Y_19 (button) folded before Flop (didn't bet)
Seat 2: dreimis190 (small blind) folded before Flop
Seat 3: KadeDr1ver (big blind) folded before Flop
Seat 4: AndreaBsAs showed [Ad Ac] and won ($99.50) with two pair, Aces and Fives
Seat 5: perketti folded before Flop (didn't bet)
Seat 6: easy_sarcasm showed [As Ah] and won ($99.50) with two pair, Aces and Fives



PokerStars Hand #254518145533:  Hold'em No Limit ($0.50/$1.00 USD) - 2025/01/23 19:42:42 WET [2025/01/23 14:42:42 ET]
Table 'Risha IV' 6-max Seat #2 is the button
Seat 1: Y_19 ($102 in chips) 
Seat 2: dreimis190 ($100 in chips) 
Seat 3: KadeDr1ver ($39.85 in chips) 
Seat 4: AndreaBsAs ($100 in chips) 
Seat 5: perketti ($104.74 in chips) 
Seat 6: easy_sarcasm ($100 in chips) 
KadeDr1ver: posts small blind $0.50
AndreaBsAs: posts big blind $1
*** HOLE CARDS ***
perketti: folds 
easy_sarcasm: folds 
perketti leaves the table
Y_19: folds 
easy_sarcasm leaves the table
dreimis190: raises $1.50 to $2.50
KadeDr1ver: folds 
AndreaBsAs: folds 
Uncalled bet ($1.50) returned to dreimis190
dreimis190 collected $2.50 from pot
dreimis190: doesn't show hand 
*** SUMMARY ***
Total pot $2.50 | Rake $0 
Seat 1: Y_19 folded before Flop (didn't bet)
Seat 2: dreimis190 (button) collected ($2.50)
Seat 3: KadeDr1ver (small blind) folded before Flop
Seat 4: AndreaBsAs (big blind) folded before Flop
Seat 5: perketti folded before Flop (didn't bet)
Seat 6: easy_sarcasm folded before Flop (didn't bet)



PokerStars Hand #254518151747:  Hold'em No Limit ($0.50/$1.00 USD) - 2025/01/23 19:43:06 WET [2025/01/23 14:43:06 ET]
Table 'Risha IV' 6-max Seat #3 is the button
Seat 1: Y_19 ($102 in chips) 
Seat 2: dreimis190 ($101.50 in chips) 
Seat 3: KadeDr1ver ($39.35 in chips) 
Seat 4: AndreaBsAs ($100 in chips) 
AndreaBsAs: posts small blind $0.50
Y_19: posts big blind $1
*** HOLE CARDS ***
BGS013 joins the table at seat #6 
dreimis190: folds 
KadeDr1ver: folds 
AndreaBsAs: raises $2 to $3
Y_19: calls $2
*** FLOP *** [Jc Ad 6h]
AndreaBsAs: bets $1.88
Y_19: calls $1.88
*** TURN *** [Jc Ad 6h] [Qc]
xcinaz joins the table at seat #5 
AndreaBsAs: bets $7.14
Y_19: folds 
Uncalled bet ($7.14) returned to AndreaBsAs
AndreaBsAs collected $9.27 from pot
*** SUMMARY ***
Total pot $9.76 | Rake $0.49 
Board [Jc Ad 6h Qc]
Seat 1: Y_19 (big blind) folded on the Turn
Seat 2: dreimis190 folded before Flop (didn't bet)
Seat 3: KadeDr1ver (button) folded before Flop (didn't bet)
Seat 4: AndreaBsAs (small blind) collected ($9.27)



PokerStars Hand #254518163961:  Hold'em No Limit ($0.50/$1.00 USD) - 2025/01/23 19:43:54 WET [2025/01/23 14:43:54 ET]
Table 'Risha IV' 6-max Seat #4 is the button
Seat 2: dreimis190 ($101.50 in chips) is sitting out
Seat 5: xcinaz ($100 in chips) is sitting out
Seat 6: BGS013 ($100 in chips) is sitting out
Seat 1: Y_19 ($100 in chips) 
Seat 3: KadeDr1ver ($39.35 in chips) 
Seat 4: AndreaBsAs ($104.39 in chips) 
Y_19: posts small blind $0.50
dreimis190: is sitting out 
KadeDr1ver: posts big blind $1
*** HOLE CARDS ***
AndreaBsAs: folds 
dreimis190 leaves the table
Y_19: folds 
Uncalled bet ($0.50) returned to KadeDr1ver
KadeDr1ver collected $1 from pot
*** SUMMARY ***
Total pot $1 | Rake $0 
Seat 2: dreimis190
Seat 5: xcinaz
Seat 6: BGS013
Seat 1: Y_19 (small blind) folded before Flop
Seat 3: KadeDr1ver (big blind) collected ($1)
Seat 4: AndreaBsAs (button) folded before Flop (didn't bet)



PokerStars Hand #254518167260:  Hold'em No Limit ($0.50/$1.00 USD) - 2025/01/23 19:44:07 WET [2025/01/23 14:44:07 ET]
Table 'Risha IV' 6-max Seat #1 is the button
Seat 5: xcinaz ($100 in chips) is sitting out
Seat 6: BGS013 ($100 in chips) is sitting out
Seat 1: Y_19 ($100 in chips) 
Seat 3: KadeDr1ver ($39.85 in chips) 
Seat 4: AndreaBsAs ($104.39 in chips) 
KadeDr1ver: posts small blind $0.50
AndreaBsAs: posts big blind $1
xcinaz: sits out 
BGS013: sits out 
*** HOLE CARDS ***
Y_19: raises $1.23 to $2.23
KadeDr1ver: folds 
AndreaBsAs: folds 
Uncalled bet ($1.23) returned to Y_19
Y_19 collected $2.50 from pot
Y_19: doesn't show hand 
*** SUMMARY ***
Total pot $2.50 | Rake $0 
Seat 5: xcinaz
Seat 6: BGS013
Seat 1: Y_19 (button) collected ($2.50)
Seat 3: KadeDr1ver (small blind) folded before Flop
Seat 4: AndreaBsAs (big blind) folded before Flop



PokerStars Hand #254518171092:  Hold'em No Limit ($0.50/$1.00 USD) - 2025/01/23 19:44:22 WET [2025/01/23 14:44:22 ET]
Table 'Risha IV' 6-max Seat #3 is the button
Seat 6: BGS013 ($100 in chips) is sitting out
Seat 1: Y_19 ($101.50 in chips) 
Seat 3: KadeDr1ver ($39.35 in chips) 
Seat 4: AndreaBsAs ($103.39 in chips) 
Seat 5: xcinaz ($100 in chips) 
AndreaBsAs: posts small blind $0.50
xcinaz: posts big blind $1
BGS013: sits out 
*** HOLE CARDS ***
Y_19: folds 
KadeDr1ver: folds 
AndreaBsAs: raises $2 to $3
xcinaz: raises $6 to $9
AndreaBsAs: raises $13 to $22
xcinaz: folds 
Uncalled bet ($13) returned to AndreaBsAs
AndreaBsAs collected $18 from pot
*** SUMMARY ***
Total pot $18 | Rake $0 
Seat 6: BGS013
Seat 1: Y_19 folded before Flop (didn't bet)
Seat 3: KadeDr1ver (button) folded before Flop (didn't bet)
Seat 4: AndreaBsAs (small blind) collected ($18)
Seat 5: xcinaz (big blind) folded before Flop



PokerStars Hand #254518178252:  Hold'em No Limit ($0.50/$1.00 USD) - 2025/01/23 19:44:49 WET [2025/01/23 14:44:49 ET]
Table 'Risha IV' 6-max Seat #4 is the button
Seat 1: Y_19 ($101.50 in chips) 
Seat 3: KadeDr1ver ($39.35 in chips) 
Seat 4: AndreaBsAs ($112.39 in chips) 
Seat 5: xcinaz ($100 in chips) 
Seat 6: BGS013 ($100 in chips) 
xcinaz: posts small blind $0.50
BGS013: posts big blind $1
*** HOLE CARDS ***
Y_19: folds 
KadeDr1ver: raises $2 to $3
AndreaBsAs: folds 
xcinaz: folds 
BGS013: folds 
Uncalled bet ($2) returned to KadeDr1ver
KadeDr1ver collected $2.50 from pot
*** SUMMARY ***
Total pot $2.50 | Rake $0 
Seat 1: Y_19 folded before Flop (didn't bet)
Seat 3: KadeDr1ver collected ($2.50)
Seat 4: AndreaBsAs (button) folded before Flop (didn't bet)
Seat 5: xcinaz (small blind) folded before Flop
Seat 6: BGS013 (big blind) folded before Flop



PokerStars Hand #254518181538:  Hold'em No Limit ($0.50/$1.00 USD) - 2025/01/23 19:45:02 WET [2025/01/23 14:45:02 ET]
Table 'Risha IV' 6-max Seat #5 is the button
Seat 1: Y_19 ($101.50 in chips) 
Seat 3: KadeDr1ver ($40.85 in chips) 
Seat 4: AndreaBsAs ($112.39 in chips) 
Seat 5: xcinaz ($100 in chips) 
Seat 6: BGS013 ($100 in chips) 
BGS013: posts small blind $0.50
Y_19: posts big blind $1
*** HOLE CARDS ***
reiyser joins the table at seat #2 
KadeDr1ver: folds 
AndreaBsAs: folds 
xcinaz: folds 
BGS013: raises $2 to $3
Y_19: calls $2
*** FLOP *** [Ac 7s Td]
BGS013: checks 
Y_19: checks 
*** TURN *** [Ac 7s Td] [Jd]
BGS013: bets $4.45
Y_19: calls $4.45
*** RIVER *** [Ac 7s Td Jd] [Kc]
BGS013: bets $3.68
Y_19: calls $3.68
*** SHOW DOWN ***
BGS013: shows [Qc Kd] (a straight, Ten to Ace)
Y_19: mucks hand 
BGS013 collected $21.15 from pot
*** SUMMARY ***
Total pot $22.26 | Rake $1.11 
Board [Ac 7s Td Jd Kc]
Seat 1: Y_19 (big blind) mucked
Seat 3: KadeDr1ver folded before Flop (didn't bet)
Seat 4: AndreaBsAs folded before Flop (didn't bet)
Seat 5: xcinaz (button) folded before Flop (didn't bet)
Seat 6: BGS013 (small blind) showed [Qc Kd] and won ($21.15) with a straight, Ten to Ace



PokerStars Hand #254518195764:  Hold'em No Limit ($0.50/$1.00 USD) - 2025/01/23 19:45:56 WET [2025/01/23 14:45:56 ET]
Table 'Risha IV' 6-max Seat #6 is the button
Seat 1: Y_19 ($100 in chips) 
Seat 2: reiyser ($100 in chips) 
Seat 3: KadeDr1ver ($40.85 in chips) 
Seat 4: AndreaBsAs ($112.39 in chips) 
Seat 5: xcinaz ($100 in chips) 
Seat 6: BGS013 ($110.02 in chips) 
Y_19: posts small blind $0.50
reiyser: posts big blind $1
*** HOLE CARDS ***
KadeDr1ver: calls $1
AndreaBsAs: folds 
xcinaz: folds 
BGS013: raises $3.50 to $4.50
Y_19: folds 
reiyser: folds 
KadeDr1ver: folds 
Uncalled bet ($3.50) returned to BGS013
BGS013 collected $3.50 from pot
BGS013: doesn't show hand 
*** SUMMARY ***
Total pot $3.50 | Rake $0 
Seat 1: Y_19 (small blind) folded before Flop
Seat 2: reiyser (big blind) folded before Flop
Seat 3: KadeDr1ver folded before Flop
Seat 4: AndreaBsAs folded before Flop (didn't bet)
Seat 5: xcinaz folded before Flop (didn't bet)
Seat 6: BGS013 (button) collected ($3.50)



PokerStars Hand #254518201900:  Hold'em No Limit ($0.50/$1.00 USD) - 2025/01/23 19:46:20 WET [2025/01/23 14:46:20 ET]
Table 'Risha IV' 6-max Seat #1 is the button
Seat 1: Y_19 ($100 in chips) 
Seat 2: reiyser ($100 in chips) 
Seat 3: KadeDr1ver ($39.85 in chips) 
Seat 4: AndreaBsAs ($112.39 in chips) 
Seat 5: xcinaz ($100 in chips) 
Seat 6: BGS013 ($112.52 in chips) 
reiyser: posts small blind $0.50
KadeDr1ver: posts big blind $1
*** HOLE CARDS ***
AndreaBsAs: folds 
xcinaz: folds 
BGS013: raises $1.50 to $2.50
Y_19: folds 
reiyser: folds 
KadeDr1ver: calls $1.50
*** FLOP *** [Td 7h 5d]
KadeDr1ver: checks 
BGS013: bets $4.07
KadeDr1ver: calls $4.07
*** TURN *** [Td 7h 5d] [8s]
KadeDr1ver: checks 
BGS013: bets $10.11
KadeDr1ver: calls $10.11
*** RIVER *** [Td 7h 5d 8s] [Jd]
KadeDr1ver: checks 
BGS013: checks 
*** SHOW DOWN ***
KadeDr1ver: shows [4d Ad] (a flush, Ace high)
BGS013: mucks hand 
KadeDr1ver collected $32.17 from pot
*** SUMMARY ***
Total pot $33.86 | Rake $1.69 
Board [Td 7h 5d 8s Jd]
Seat 1: Y_19 (button) folded before Flop (didn't bet)
Seat 2: reiyser (small blind) folded before Flop
Seat 3: KadeDr1ver (big blind) showed [4d Ad] and won ($32.17) with a flush, Ace high
Seat 4: AndreaBsAs folded before Flop (didn't bet)
Seat 5: xcinaz folded before Flop (didn't bet)
Seat 6: BGS013 mucked



PokerStars Hand #254518213459:  Hold'em No Limit ($0.50/$1.00 USD) - 2025/01/23 19:47:04 WET [2025/01/23 14:47:04 ET]
Table 'Risha IV' 6-max Seat #2 is the button
Seat 1: Y_19 ($100 in chips) 
Seat 2: reiyser ($100 in chips) 
Seat 3: KadeDr1ver ($55.34 in chips) 
Seat 4: AndreaBsAs ($112.39 in chips) 
Seat 5: xcinaz ($100 in chips) 
Seat 6: BGS013 ($100 in chips) 
KadeDr1ver: posts small blind $0.50
AndreaBsAs: posts big blind $1
*** HOLE CARDS ***
xcinaz: folds 
BGS013: folds 
Y_19: folds 
reiyser: raises $1.23 to $2.23
KadeDr1ver: folds 
AndreaBsAs: raises $8.27 to $10.50
reiyser: folds 
Uncalled bet ($8.27) returned to AndreaBsAs
AndreaBsAs collected $4.96 from pot
*** SUMMARY ***
Total pot $4.96 | Rake $0 
Seat 1: Y_19 folded before Flop (didn't bet)
Seat 2: reiyser (button) folded before Flop
Seat 3: KadeDr1ver (small blind) folded before Flop
Seat 4: AndreaBsAs (big blind) collected ($4.96)
Seat 5: xcinaz folded before Flop (didn't bet)
Seat 6: BGS013 folded before Flop (didn't bet)



PokerStars Hand #254518221722:  Hold'em No Limit ($0.50/$1.00 USD) - 2025/01/23 19:47:36 WET [2025/01/23 14:47:36 ET]
Table 'Risha IV' 6-max Seat #3 is the button
Seat 1: Y_19 ($100 in chips) 
Seat 2: reiyser ($100 in chips) 
Seat 3: KadeDr1ver ($54.84 in chips) 
Seat 4: AndreaBsAs ($115.12 in chips) 
Seat 5: xcinaz ($100 in chips) 
Seat 6: BGS013 ($100 in chips) 
AndreaBsAs: posts small blind $0.50
xcinaz: posts big blind $1
*** HOLE CARDS ***
BGS013: raises $1 to $2
Y_19: folds 
reiyser: folds 
KadeDr1ver: folds 
AndreaBsAs: folds 
xcinaz: folds 
Uncalled bet ($1) returned to BGS013
BGS013 collected $2.50 from pot
BGS013: doesn't show hand 
*** SUMMARY ***
Total pot $2.50 | Rake $0 
Seat 1: Y_19 folded before Flop (didn't bet)
Seat 2: reiyser folded before Flop (didn't bet)
Seat 3: KadeDr1ver (button) folded before Flop (didn't bet)
Seat 4: AndreaBsAs (small blind) folded before Flop
Seat 5: xcinaz (big blind) folded before Flop
Seat 6: BGS013 collected ($2.50)



PokerStars Hand #254518227154:  Hold'em No Limit ($0.50/$1.00 USD) - 2025/01/23 19:47:57 WET [2025/01/23 14:47:57 ET]
Table 'Risha IV' 6-max Seat #4 is the button
Seat 1: Y_19 ($100 in chips) 
Seat 2: reiyser ($100 in chips) 
Seat 3: KadeDr1ver ($54.84 in chips) 
Seat 4: AndreaBsAs ($114.62 in chips) 
Seat 5: xcinaz ($100 in chips) 
Seat 6: BGS013 ($101.50 in chips) 
xcinaz: posts small blind $0.50
BGS013: posts big blind $1
*** HOLE CARDS ***
Y_19: folds 
reiyser: folds 
KadeDr1ver: calls $1
AndreaBsAs: folds 
xcinaz: folds 
BGS013: checks 
*** FLOP *** [Qh Jh 9h]
BGS013: checks 
KadeDr1ver: bets $1.19
BGS013: folds 
Uncalled bet ($1.19) returned to KadeDr1ver
KadeDr1ver collected $2.38 from pot
*** SUMMARY ***
Total pot $2.50 | Rake $0.12 
Board [Qh Jh 9h]
Seat 1: Y_19 folded before Flop (didn't bet)
Seat 2: reiyser folded before Flop (didn't bet)
Seat 3: KadeDr1ver collected ($2.38)
Seat 4: AndreaBsAs (button) folded before Flop (didn't bet)
Seat 5: xcinaz (small blind) folded before Flop
Seat 6: BGS013 (big blind) folded on the Flop



PokerStars Hand #254518237468:  Hold'em No Limit ($0.50/$1.00 USD) - 2025/01/23 19:48:36 WET [2025/01/23 14:48:36 ET]
Table 'Risha IV' 6-max Seat #5 is the button
Seat 1: Y_19 ($100 in chips) 
Seat 2: reiyser ($100 in chips) 
Seat 3: KadeDr1ver ($56.22 in chips) 
Seat 4: AndreaBsAs ($114.62 in chips) 
Seat 5: xcinaz ($100 in chips) 
Seat 6: BGS013 ($100.50 in chips) 
BGS013: posts small blind $0.50
Y_19: posts big blind $1
*** HOLE CARDS ***
reiyser: folds 
KadeDr1ver: folds 
AndreaBsAs: raises $1.50 to $2.50
xcinaz: raises $5.50 to $8
BGS013: folds 
Y_19: folds 
AndreaBsAs: calls $5.50
*** FLOP *** [7c Tc Ts]
AndreaBsAs: checks 
xcinaz: bets $4.16
AndreaBsAs: calls $4.16
*** TURN *** [7c Tc Ts] [5s]
AndreaBsAs: checks 
xcinaz: checks 
*** RIVER *** [7c Tc Ts 5s] [2s]
AndreaBsAs: bets $32.12
xcinaz: folds 
Uncalled bet ($32.12) returned to AndreaBsAs
AndreaBsAs collected $24.53 from pot
*** SUMMARY ***
Total pot $25.82 | Rake $1.29 
Board [7c Tc Ts 5s 2s]
Seat 1: Y_19 (big blind) folded before Flop
Seat 2: reiyser folded before Flop (didn't bet)
Seat 3: KadeDr1ver folded before Flop (didn't bet)
Seat 4: AndreaBsAs collected ($24.53)
Seat 5: xcinaz (button) folded on the River
Seat 6: BGS013 (small blind) folded before Flop



PokerStars Hand #254518262279:  Hold'em No Limit ($0.50/$1.00 USD) - 2025/01/23 19:50:10 WET [2025/01/23 14:50:10 ET]
Table 'Risha IV' 6-max Seat #6 is the button
Seat 1: Y_19 ($100 in chips) 
Seat 2: reiyser ($100 in chips) 
Seat 3: KadeDr1ver ($56.22 in chips) 
Seat 4: AndreaBsAs ($126.99 in chips) 
Seat 5: xcinaz ($100 in chips) 
Seat 6: BGS013 ($100 in chips) 
Y_19: posts small blind $0.50
reiyser: posts big blind $1
*** HOLE CARDS ***
KadeDr1ver: raises $2 to $3
AndreaBsAs: folds 
xcinaz: folds 
BGS013: folds 
Y_19: folds 
reiyser: calls $2
*** FLOP *** [4d 6d 7c]
reiyser: checks 
KadeDr1ver: bets $3.09
reiyser: calls $3.09
*** TURN *** [4d 6d 7c] [Qh]
reiyser: checks 
KadeDr1ver: bets $5.03
reiyser: calls $5.03
*** RIVER *** [4d 6d 7c Qh] [2h]
reiyser: checks 
KadeDr1ver: bets $10.80
reiyser: folds 
Uncalled bet ($10.80) returned to KadeDr1ver
KadeDr1ver collected $21.60 from pot
*** SUMMARY ***
Total pot $22.74 | Rake $1.14 
Board [4d 6d 7c Qh 2h]
Seat 1: Y_19 (small blind) folded before Flop
Seat 2: reiyser (big blind) folded on the River
Seat 3: KadeDr1ver collected ($21.60)
Seat 4: AndreaBsAs folded before Flop (didn't bet)
Seat 5: xcinaz folded before Flop (didn't bet)
Seat 6: BGS013 (button) folded before Flop (didn't bet)



PokerStars Hand #254518282845:  Hold'em No Limit ($0.50/$1.00 USD) - 2025/01/23 19:51:28 WET [2025/01/23 14:51:28 ET]
Table 'Risha IV' 6-max Seat #1 is the button
Seat 1: Y_19 ($100 in chips) 
Seat 2: reiyser ($100 in chips) 
Seat 3: KadeDr1ver ($66.70 in chips) 
Seat 4: AndreaBsAs ($126.99 in chips) 
Seat 5: xcinaz ($100 in chips) 
Seat 6: BGS013 ($100 in chips) 
reiyser: posts small blind $0.50
KadeDr1ver: posts big blind $1
*** HOLE CARDS ***
AndreaBsAs: folds 
xcinaz: folds 
BGS013: folds 
Y_19: folds 
reiyser: raises $1.80 to $2.80
KadeDr1ver: folds 
Uncalled bet ($1.80) returned to reiyser
reiyser collected $2 from pot
reiyser: doesn't show hand 
*** SUMMARY ***
Total pot $2 | Rake $0 
Seat 1: Y_19 (button) folded before Flop (didn't bet)
Seat 2: reiyser (small blind) collected ($2)
Seat 3: KadeDr1ver (big blind) folded before Flop
Seat 4: AndreaBsAs folded before Flop (didn't bet)
Seat 5: xcinaz folded before Flop (didn't bet)
Seat 6: BGS013 folded before Flop (didn't bet)



PokerStars Hand #254518288310:  Hold'em No Limit ($0.50/$1.00 USD) - 2025/01/23 19:51:48 WET [2025/01/23 14:51:48 ET]
Table 'Risha IV' 6-max Seat #2 is the button
Seat 1: Y_19 ($100 in chips) 
Seat 2: reiyser ($101 in chips) 
Seat 3: KadeDr1ver ($65.70 in chips) 
Seat 4: AndreaBsAs ($126.99 in chips) 
Seat 5: xcinaz ($100 in chips) 
Seat 6: BGS013 ($100 in chips) 
KadeDr1ver: posts small blind $0.50
AndreaBsAs: posts big blind $1
*** HOLE CARDS ***
xcinaz: folds 
BGS013: raises $1 to $2
Y_19: folds 
reiyser: folds 
KadeDr1ver: folds 
AndreaBsAs: folds 
Uncalled bet ($1) returned to BGS013
BGS013 collected $2.50 from pot
BGS013: doesn't show hand 
*** SUMMARY ***
Total pot $2.50 | Rake $0 
Seat 1: Y_19 folded before Flop (didn't bet)
Seat 2: reiyser (button) folded before Flop (didn't bet)
Seat 3: KadeDr1ver (small blind) folded before Flop
Seat 4: AndreaBsAs (big blind) folded before Flop
Seat 5: xcinaz folded before Flop (didn't bet)
Seat 6: BGS013 collected ($2.50)



PokerStars Hand #254518296272:  Hold'em No Limit ($0.50/$1.00 USD) - 2025/01/23 19:52:18 WET [2025/01/23 14:52:18 ET]
Table 'Risha IV' 6-max Seat #3 is the button
Seat 1: Y_19 ($100 in chips) 
Seat 2: reiyser ($101 in chips) 
Seat 3: KadeDr1ver ($65.20 in chips) 
Seat 4: AndreaBsAs ($125.99 in chips) 
Seat 5: xcinaz ($100 in chips) 
Seat 6: BGS013 ($101.50 in chips) 
AndreaBsAs: posts small blind $0.50
xcinaz: posts big blind $1
*** HOLE CARDS ***
BGS013: folds 
Y_19: folds 
reiyser: raises $1.23 to $2.23
KadeDr1ver: folds 
AndreaBsAs: folds 
xcinaz: folds 
Uncalled bet ($1.23) returned to reiyser
reiyser collected $2.50 from pot
reiyser: doesn't show hand 
*** SUMMARY ***
Total pot $2.50 | Rake $0 
Seat 1: Y_19 folded before Flop (didn't bet)
Seat 2: reiyser collected ($2.50)
Seat 3: KadeDr1ver (button) folded before Flop (didn't bet)
Seat 4: AndreaBsAs (small blind) folded before Flop
Seat 5: xcinaz (big blind) folded before Flop
Seat 6: BGS013 folded before Flop (didn't bet)



PokerStars Hand #254518302741:  Hold'em No Limit ($0.50/$1.00 USD) - 2025/01/23 19:52:42 WET [2025/01/23 14:52:42 ET]
Table 'Risha IV' 6-max Seat #4 is the button
Seat 1: Y_19 ($100 in chips) 
Seat 2: reiyser ($102.50 in chips) 
Seat 3: KadeDr1ver ($65.20 in chips) 
Seat 4: AndreaBsAs ($125.49 in chips) 
Seat 5: xcinaz ($100 in chips) 
Seat 6: BGS013 ($101.50 in chips) 
xcinaz: posts small blind $0.50
BGS013: posts big blind $1
*** HOLE CARDS ***
Y_19: raises $1.23 to $2.23
reiyser: folds 
KadeDr1ver: folds 
AndreaBsAs: folds 
xcinaz: folds 
BGS013: folds 
Uncalled bet ($1.23) returned to Y_19
Y_19 collected $2.50 from pot
Y_19: doesn't show hand 
*** SUMMARY ***
Total pot $2.50 | Rake $0 
Seat 1: Y_19 collected ($2.50)
Seat 2: reiyser folded before Flop (didn't bet)
Seat 3: KadeDr1ver folded before Flop (didn't bet)
Seat 4: AndreaBsAs (button) folded before Flop (didn't bet)
Seat 5: xcinaz (small blind) folded before Flop
Seat 6: BGS013 (big blind) folded before Flop



PokerStars Hand #254518306100:  Hold'em No Limit ($0.50/$1.00 USD) - 2025/01/23 19:52:55 WET [2025/01/23 14:52:55 ET]
Table 'Risha IV' 6-max Seat #5 is the button
Seat 1: Y_19 ($101.50 in chips) 
Seat 2: reiyser ($102.50 in chips) 
Seat 3: KadeDr1ver ($65.20 in chips) 
Seat 4: AndreaBsAs ($125.49 in chips) 
Seat 5: xcinaz ($100 in chips) 
Seat 6: BGS013 ($100.50 in chips) 
BGS013: posts small blind $0.50
Y_19: posts big blind $1
*** HOLE CARDS ***
reiyser: folds 
KadeDr1ver: folds 
AndreaBsAs: raises $1.50 to $2.50
xcinaz: folds 
BGS013: folds 
Y_19: folds 
Uncalled bet ($1.50) returned to AndreaBsAs
AndreaBsAs collected $2.50 from pot
*** SUMMARY ***
Total pot $2.50 | Rake $0 
Seat 1: Y_19 (big blind) folded before Flop
Seat 2: reiyser folded before Flop (didn't bet)
Seat 3: KadeDr1ver folded before Flop (didn't bet)
Seat 4: AndreaBsAs collected ($2.50)
Seat 5: xcinaz (button) folded before Flop (didn't bet)
Seat 6: BGS013 (small blind) folded before Flop



PokerStars Hand #254518313020:  Hold'em No Limit ($0.50/$1.00 USD) - 2025/01/23 19:53:21 WET [2025/01/23 14:53:21 ET]
Table 'Risha IV' 6-max Seat #6 is the button
Seat 1: Y_19 ($100.50 in chips) 
Seat 2: reiyser ($102.50 in chips) 
Seat 3: KadeDr1ver ($65.20 in chips) 
Seat 4: AndreaBsAs ($126.99 in chips) 
Seat 5: xcinaz ($100 in chips) 
Seat 6: BGS013 ($100 in chips) 
Y_19: posts small blind $0.50
reiyser: posts big blind $1
*** HOLE CARDS ***
KadeDr1ver: folds 
AndreaBsAs: folds 
xcinaz: folds 
BGS013: raises $1.50 to $2.50
Y_19: folds 
reiyser: folds 
Uncalled bet ($1.50) returned to BGS013
BGS013 collected $2.50 from pot
BGS013: doesn't show hand 
*** SUMMARY ***
Total pot $2.50 | Rake $0 
Seat 1: Y_19 (small blind) folded before Flop
Seat 2: reiyser (big blind) folded before Flop
Seat 3: KadeDr1ver folded before Flop (didn't bet)
Seat 4: AndreaBsAs folded before Flop (didn't bet)
Seat 5: xcinaz folded before Flop (didn't bet)
Seat 6: BGS013 (button) collected ($2.50)



PokerStars Hand #254518318906:  Hold'em No Limit ($0.50/$1.00 USD) - 2025/01/23 19:53:42 WET [2025/01/23 14:53:42 ET]
Table 'Risha IV' 6-max Seat #1 is the button
Seat 1: Y_19 ($100 in chips) 
Seat 2: reiyser ($101.50 in chips) 
Seat 3: KadeDr1ver ($65.20 in chips) 
Seat 4: AndreaBsAs ($126.99 in chips) 
Seat 5: xcinaz ($100 in chips) 
Seat 6: BGS013 ($101.50 in chips) 
reiyser: posts small blind $0.50
KadeDr1ver: posts big blind $1
*** HOLE CARDS ***
AndreaBsAs: folds 
xcinaz: raises $1 to $2
BGS013: folds 
Y_19: folds 
reiyser: folds 
KadeDr1ver: folds 
Uncalled bet ($1) returned to xcinaz
xcinaz collected $2.50 from pot
xcinaz: doesn't show hand 
*** SUMMARY ***
Total pot $2.50 | Rake $0 
Seat 1: Y_19 (button) folded before Flop (didn't bet)
Seat 2: reiyser (small blind) folded before Flop
Seat 3: KadeDr1ver (big blind) folded before Flop
Seat 4: AndreaBsAs folded before Flop (didn't bet)
Seat 5: xcinaz collected ($2.50)
Seat 6: BGS013 folded before Flop (didn't bet)



PokerStars Hand #254518326369:  Hold'em No Limit ($0.50/$1.00 USD) - 2025/01/23 19:54:10 WET [2025/01/23 14:54:10 ET]
Table 'Risha IV' 6-max Seat #2 is the button
Seat 1: Y_19 ($100 in chips) 
Seat 2: reiyser ($101 in chips) 
Seat 3: KadeDr1ver ($64.20 in chips) 
Seat 4: AndreaBsAs ($126.99 in chips) 
Seat 5: xcinaz ($101.50 in chips) 
Seat 6: BGS013 ($101.50 in chips) 
KadeDr1ver: posts small blind $0.50
AndreaBsAs: posts big blind $1
*** HOLE CARDS ***
xcinaz: folds 
BGS013: raises $1 to $2
Y_19: folds 
reiyser: folds 
KadeDr1ver: calls $1.50
AndreaBsAs: folds 
*** FLOP *** [Tc Th Jd]
KadeDr1ver: checks 
BGS013: bets $1.24
KadeDr1ver: calls $1.24
*** TURN *** [Tc Th Jd] [2c]
KadeDr1ver: checks 
BGS013: bets $9.03
KadeDr1ver: folds 
Uncalled bet ($9.03) returned to BGS013
BGS013 collected $7.11 from pot
BGS013: doesn't show hand 
*** SUMMARY ***
Total pot $7.48 | Rake $0.37 
Board [Tc Th Jd 2c]
Seat 1: Y_19 folded before Flop (didn't bet)
Seat 2: reiyser (button) folded before Flop (didn't bet)
Seat 3: KadeDr1ver (small blind) folded on the Turn
Seat 4: AndreaBsAs (big blind) folded before Flop
Seat 5: xcinaz folded before Flop (didn't bet)
Seat 6: BGS013 collected ($7.11)



PokerStars Hand #254518341131:  Hold'em No Limit ($0.50/$1.00 USD) - 2025/01/23 19:55:04 WET [2025/01/23 14:55:04 ET]
Table 'Risha IV' 6-max Seat #3 is the button
Seat 1: Y_19 ($100 in chips) 
Seat 2: reiyser ($101 in chips) 
Seat 3: KadeDr1ver ($60.96 in chips) 
Seat 4: AndreaBsAs ($125.99 in chips) 
Seat 5: xcinaz ($101.50 in chips) 
Seat 6: BGS013 ($105.37 in chips) 
AndreaBsAs: posts small blind $0.50
xcinaz: posts big blind $1
*** HOLE CARDS ***
BGS013: folds 
Y_19: raises $1.23 to $2.23
reiyser: folds 
KadeDr1ver: folds 
AndreaBsAs: folds 
xcinaz: folds 
Uncalled bet ($1.23) returned to Y_19
Y_19 collected $2.50 from pot
Y_19: doesn't show hand 
*** SUMMARY ***
Total pot $2.50 | Rake $0 
Seat 1: Y_19 collected ($2.50)
Seat 2: reiyser folded before Flop (didn't bet)
Seat 3: KadeDr1ver (button) folded before Flop (didn't bet)
Seat 4: AndreaBsAs (small blind) folded before Flop
Seat 5: xcinaz (big blind) folded before Flop
Seat 6: BGS013 folded before Flop (didn't bet)



PokerStars Hand #254518348342:  Hold'em No Limit ($0.50/$1.00 USD) - 2025/01/23 19:55:36 WET [2025/01/23 14:55:36 ET]
Table 'Risha IV' 6-max Seat #4 is the button
Seat 1: Y_19 ($101.50 in chips) 
Seat 2: reiyser ($101 in chips) 
Seat 3: KadeDr1ver ($60.96 in chips) 
Seat 4: AndreaBsAs ($125.49 in chips) 
Seat 5: xcinaz ($100.50 in chips) 
Seat 6: BGS013 ($105.37 in chips) 
xcinaz: posts small blind $0.50
BGS013: posts big blind $1
*** HOLE CARDS ***
Y_19: folds 
reiyser: folds 
KadeDr1ver: folds 
AndreaBsAs: raises $1.50 to $2.50
xcinaz: folds 
BGS013: folds 
Uncalled bet ($1.50) returned to AndreaBsAs
AndreaBsAs collected $2.50 from pot
*** SUMMARY ***
Total pot $2.50 | Rake $0 
Seat 1: Y_19 folded before Flop (didn't bet)
Seat 2: reiyser folded before Flop (didn't bet)
Seat 3: KadeDr1ver folded before Flop (didn't bet)
Seat 4: AndreaBsAs (button) collected ($2.50)
Seat 5: xcinaz (small blind) folded before Flop
Seat 6: BGS013 (big blind) folded before Flop



PokerStars Hand #254518351660:  Hold'em No Limit ($0.50/$1.00 USD) - 2025/01/23 19:55:53 WET [2025/01/23 14:55:53 ET]
Table 'Risha IV' 6-max Seat #5 is the button
Seat 1: Y_19 ($101.50 in chips) 
Seat 2: reiyser ($101 in chips) 
Seat 3: KadeDr1ver ($60.96 in chips) 
Seat 4: AndreaBsAs ($126.99 in chips) 
Seat 5: xcinaz ($100 in chips) 
Seat 6: BGS013 ($104.37 in chips) 
BGS013: posts small blind $0.50
Y_19: posts big blind $1
*** HOLE CARDS ***
reiyser: folds 
KadeDr1ver: folds 
AndreaBsAs: folds 
xcinaz: folds 
BGS013: folds 
Uncalled bet ($0.50) returned to Y_19
Y_19 collected $1 from pot
Y_19: doesn't show hand 
*** SUMMARY ***
Total pot $1 | Rake $0 
Seat 1: Y_19 (big blind) collected ($1)
Seat 2: reiyser folded before Flop (didn't bet)
Seat 3: KadeDr1ver folded before Flop (didn't bet)
Seat 4: AndreaBsAs folded before Flop (didn't bet)
Seat 5: xcinaz (button) folded before Flop (didn't bet)
Seat 6: BGS013 (small blind) folded before Flop



PokerStars Hand #254518356796:  Hold'em No Limit ($0.50/$1.00 USD) - 2025/01/23 19:56:18 WET [2025/01/23 14:56:18 ET]
Table 'Risha IV' 6-max Seat #6 is the button
Seat 1: Y_19 ($102 in chips) 
Seat 2: reiyser ($101 in chips) 
Seat 3: KadeDr1ver ($60.96 in chips) 
Seat 4: AndreaBsAs ($126.99 in chips) 
Seat 5: xcinaz ($100 in chips) 
Seat 6: BGS013 ($103.87 in chips) 
Y_19: posts small blind $0.50
reiyser: posts big blind $1
*** HOLE CARDS ***
KadeDr1ver: calls $1
AndreaBsAs: raises $3 to $4
xcinaz: folds 
BGS013: folds 
Y_19: folds 
reiyser: calls $3
KadeDr1ver: folds 
*** FLOP *** [Qh 8c Th]
reiyser: checks 
AndreaBsAs: bets $2.98
reiyser: calls $2.98
*** TURN *** [Qh 8c Th] [Ad]
reiyser: checks 
AndreaBsAs: bets $14.69
reiyser: folds 
Uncalled bet ($14.69) returned to AndreaBsAs
AndreaBsAs collected $14.69 from pot
*** SUMMARY ***
Total pot $15.46 | Rake $0.77 
Board [Qh 8c Th Ad]
Seat 1: Y_19 (small blind) folded before Flop
Seat 2: reiyser (big blind) folded on the Turn
Seat 3: KadeDr1ver folded before Flop
Seat 4: AndreaBsAs collected ($14.69)
Seat 5: xcinaz folded before Flop (didn't bet)
Seat 6: BGS013 (button) folded before Flop (didn't bet)



PokerStars Hand #254518370765:  Hold'em No Limit ($0.50/$1.00 USD) - 2025/01/23 19:57:25 WET [2025/01/23 14:57:25 ET]
Table 'Risha IV' 6-max Seat #1 is the button
Seat 1: Y_19 ($101.50 in chips) 
Seat 2: reiyser ($100 in chips) 
Seat 3: KadeDr1ver ($59.96 in chips) 
Seat 4: AndreaBsAs ($134.70 in chips) 
Seat 5: xcinaz ($100 in chips) 
Seat 6: BGS013 ($103.87 in chips) 
reiyser: posts small blind $0.50
KadeDr1ver: posts big blind $1
*** HOLE CARDS ***
AndreaBsAs: folds 
xcinaz: folds 
BGS013: folds 
Y_19: folds 
reiyser: folds 
Uncalled bet ($0.50) returned to KadeDr1ver
KadeDr1ver collected $1 from pot
*** SUMMARY ***
Total pot $1 | Rake $0 
Seat 1: Y_19 (button) folded before Flop (didn't bet)
Seat 2: reiyser (small blind) folded before Flop
Seat 3: KadeDr1ver (big blind) collected ($1)
Seat 4: AndreaBsAs folded before Flop (didn't bet)
Seat 5: xcinaz folded before Flop (didn't bet)
Seat 6: BGS013 folded before Flop (didn't bet)



PokerStars Hand #254518373340:  Hold'em No Limit ($0.50/$1.00 USD) - 2025/01/23 19:57:37 WET [2025/01/23 14:57:37 ET]
Table 'Risha IV' 6-max Seat #2 is the button
Seat 1: Y_19 ($101.50 in chips) 
Seat 2: reiyser ($100 in chips) 
Seat 3: KadeDr1ver ($60.46 in chips) 
Seat 4: AndreaBsAs ($134.70 in chips) 
Seat 5: xcinaz ($100 in chips) 
Seat 6: BGS013 ($103.87 in chips) 
KadeDr1ver: posts small blind $0.50
AndreaBsAs: posts big blind $1
*** HOLE CARDS ***
xcinaz: raises $1 to $2
BGS013: folds 
Y_19: folds 
reiyser: folds 
KadeDr1ver: calls $1.50
AndreaBsAs: folds 
*** FLOP *** [2s 7d 6s]
KadeDr1ver: bets $1.38
xcinaz: raises $3.75 to $5.13
KadeDr1ver: folds 
Uncalled bet ($3.75) returned to xcinaz
xcinaz collected $7.37 from pot
xcinaz: doesn't show hand 
*** SUMMARY ***
Total pot $7.76 | Rake $0.39 
Board [2s 7d 6s]
Seat 1: Y_19 folded before Flop (didn't bet)
Seat 2: reiyser (button) folded before Flop (didn't bet)
Seat 3: KadeDr1ver (small blind) folded on the Flop
Seat 4: AndreaBsAs (big blind) folded before Flop
Seat 5: xcinaz collected ($7.37)
Seat 6: BGS013 folded before Flop (didn't bet)



PokerStars Hand #254518384354:  Hold'em No Limit ($0.50/$1.00 USD) - 2025/01/23 19:58:30 WET [2025/01/23 14:58:30 ET]
Table 'Risha IV' 6-max Seat #3 is the button
Seat 1: Y_19 ($101.50 in chips) 
Seat 2: reiyser ($100 in chips) 
Seat 3: KadeDr1ver ($57.08 in chips) 
Seat 4: AndreaBsAs ($133.70 in chips) 
Seat 5: xcinaz ($103.99 in chips) 
Seat 6: BGS013 ($103.87 in chips) 
AndreaBsAs: posts small blind $0.50
xcinaz: posts big blind $1
*** HOLE CARDS ***
BGS013: folds 
Y_19: raises $1.23 to $2.23
reiyser: folds 
KadeDr1ver: calls $2.23
AndreaBsAs: calls $1.73
xcinaz: calls $1.23
*** FLOP *** [9s Kc 3h]
AndreaBsAs: checks 
xcinaz: checks 
Y_19: checks 
KadeDr1ver: bets $3.24
AndreaBsAs: calls $3.24
xcinaz: folds 
Y_19: calls $3.24
*** TURN *** [9s Kc 3h] [2h]
AndreaBsAs: checks 
Y_19: checks 
KadeDr1ver: bets $6.86
AndreaBsAs: raises $8.14 to $15
Y_19: folds 
KadeDr1ver: calls $8.14
*** RIVER *** [9s Kc 3h 2h] [5h]
AndreaBsAs: bets $9.24
KadeDr1ver: calls $9.24
*** SHOW DOWN ***
AndreaBsAs: shows [As 5s] (a pair of Fives)
KadeDr1ver: shows [Jd Ks] (a pair of Kings)
KadeDr1ver collected $64.62 from pot
*** SUMMARY ***
Total pot $67.12 | Rake $2.50 
Board [9s Kc 3h 2h 5h]
Seat 1: Y_19 folded on the Turn
Seat 2: reiyser folded before Flop (didn't bet)
Seat 3: KadeDr1ver (button) showed [Jd Ks] and won ($64.62) with a pair of Kings
Seat 4: AndreaBsAs (small blind) showed [As 5s] and lost with a pair of Fives
Seat 5: xcinaz (big blind) folded on the Flop
Seat 6: BGS013 folded before Flop (didn't bet)



