PokerStars Hand #254516602965:  Hold'em No Limit ($0.50/$1.00 USD) - 2025/01/23 17:51:05 WET [2025/01/23 12:51:05 ET]
Table 'Innes IV' 6-max Seat #3 is the button
Seat 1: ToMoPK ($101.81 in chips) 
Seat 2: MAO_DZEDYN_S ($100 in chips) 
Seat 3: DuMaa66 ($103.39 in chips) 
Seat 4: blackclan7 ($100 in chips) 
Seat 5: Joe_Li7 ($100 in chips) 
Seat 6: nastja336 ($100 in chips) 
blackclan7: posts small blind $0.50
Joe_Li7: posts big blind $1
*** HOLE CARDS ***
nastja336: folds 
ToMoPK: folds 
MAO_DZEDYN_S: folds 
DuMaa66: folds 
blackclan7: raises $2 to $3
Joe_Li7: folds 
Uncalled bet ($2) returned to blackclan7
blackclan7 collected $2 from pot
blackclan7: doesn't show hand 
*** SUMMARY ***
Total pot $2 | Rake $0 
Seat 1: ToMoPK folded before Flop (didn't bet)
Seat 2: MAO_DZEDYN_S folded before Flop (didn't bet)
Seat 3: DuMaa66 (button) folded before Flop (didn't bet)
Seat 4: blackclan7 (small blind) collected ($2)
Seat 5: Joe_Li7 (big blind) folded before Flop
Seat 6: nastja336 folded before Flop (didn't bet)



PokerStars Hand #254516606074:  Hold'em No Limit ($0.50/$1.00 USD) - 2025/01/23 17:51:19 WET [2025/01/23 12:51:19 ET]
Table 'Innes IV' 6-max Seat #4 is the button
Seat 1: ToMoPK ($101.81 in chips) 
Seat 2: MAO_DZEDYN_S ($100 in chips) 
Seat 3: DuMaa66 ($103.39 in chips) 
Seat 4: blackclan7 ($101 in chips) 
Seat 5: Joe_Li7 ($100 in chips) 
Seat 6: nastja336 ($100 in chips) 
Joe_Li7: posts small blind $0.50
nastja336: posts big blind $1
*** HOLE CARDS ***
ToMoPK: folds 
MAO_DZEDYN_S: folds 
DuMaa66: folds 
blackclan7: raises $1.50 to $2.50
Joe_Li7: folds 
nastja336: calls $1.50
*** FLOP *** [Ah 7h 6s]
nastja336: checks 
blackclan7: bets $1.72
nastja336: folds 
Uncalled bet ($1.72) returned to blackclan7
blackclan7 collected $5.22 from pot
blackclan7: doesn't show hand 
*** SUMMARY ***
Total pot $5.50 | Rake $0.28 
Board [Ah 7h 6s]
Seat 1: ToMoPK folded before Flop (didn't bet)
Seat 2: MAO_DZEDYN_S folded before Flop (didn't bet)
Seat 3: DuMaa66 folded before Flop (didn't bet)
Seat 4: blackclan7 (button) collected ($5.22)
Seat 5: Joe_Li7 (small blind) folded before Flop
Seat 6: nastja336 (big blind) folded on the Flop



PokerStars Hand #254516613840:  Hold'em No Limit ($0.50/$1.00 USD) - 2025/01/23 17:51:54 WET [2025/01/23 12:51:54 ET]
Table 'Innes IV' 6-max Seat #5 is the button
Seat 1: ToMoPK ($101.81 in chips) 
Seat 2: MAO_DZEDYN_S ($100 in chips) 
Seat 3: DuMaa66 ($103.39 in chips) 
Seat 4: blackclan7 ($103.72 in chips) 
Seat 5: Joe_Li7 ($100 in chips) 
Seat 6: nastja336 ($100 in chips) 
nastja336: posts small blind $0.50
ToMoPK: posts big blind $1
*** HOLE CARDS ***
MAO_DZEDYN_S: raises $1.25 to $2.25
DuMaa66: folds 
blackclan7: folds 
Joe_Li7: folds 
nastja336: folds 
ToMoPK: folds 
Uncalled bet ($1.25) returned to MAO_DZEDYN_S
MAO_DZEDYN_S collected $2.50 from pot
MAO_DZEDYN_S: doesn't show hand 
*** SUMMARY ***
Total pot $2.50 | Rake $0 
Seat 1: ToMoPK (big blind) folded before Flop
Seat 2: MAO_DZEDYN_S collected ($2.50)
Seat 3: DuMaa66 folded before Flop (didn't bet)
Seat 4: blackclan7 folded before Flop (didn't bet)
Seat 5: Joe_Li7 (button) folded before Flop (didn't bet)
Seat 6: nastja336 (small blind) folded before Flop



PokerStars Hand #254516617700:  Hold'em No Limit ($0.50/$1.00 USD) - 2025/01/23 17:52:12 WET [2025/01/23 12:52:12 ET]
Table 'Innes IV' 6-max Seat #6 is the button
Seat 1: ToMoPK ($100.81 in chips) 
Seat 2: MAO_DZEDYN_S ($101.50 in chips) 
Seat 3: DuMaa66 ($103.39 in chips) 
Seat 4: blackclan7 ($103.72 in chips) 
Seat 5: Joe_Li7 ($100 in chips) 
Seat 6: nastja336 ($100 in chips) 
ToMoPK: posts small blind $0.50
MAO_DZEDYN_S: posts big blind $1
*** HOLE CARDS ***
DuMaa66: folds 
blackclan7: folds 
Joe_Li7: raises $1.20 to $2.20
nastja336: folds 
ToMoPK: folds 
MAO_DZEDYN_S: folds 
Uncalled bet ($1.20) returned to Joe_Li7
Joe_Li7 collected $2.50 from pot
*** SUMMARY ***
Total pot $2.50 | Rake $0 
Seat 1: ToMoPK (small blind) folded before Flop
Seat 2: MAO_DZEDYN_S (big blind) folded before Flop
Seat 3: DuMaa66 folded before Flop (didn't bet)
Seat 4: blackclan7 folded before Flop (didn't bet)
Seat 5: Joe_Li7 collected ($2.50)
Seat 6: nastja336 (button) folded before Flop (didn't bet)



PokerStars Hand #254516622907:  Hold'em No Limit ($0.50/$1.00 USD) - 2025/01/23 17:52:36 WET [2025/01/23 12:52:36 ET]
Table 'Innes IV' 6-max Seat #1 is the button
Seat 1: ToMoPK ($100.31 in chips) 
Seat 2: MAO_DZEDYN_S ($100.50 in chips) 
Seat 3: DuMaa66 ($103.39 in chips) 
Seat 4: blackclan7 ($103.72 in chips) 
Seat 5: Joe_Li7 ($101.50 in chips) 
Seat 6: nastja336 ($100 in chips) 
MAO_DZEDYN_S: posts small blind $0.50
DuMaa66: posts big blind $1
*** HOLE CARDS ***
blackclan7: folds 
Joe_Li7: folds 
nastja336: folds 
ToMoPK: folds 
MAO_DZEDYN_S: folds 
Uncalled bet ($0.50) returned to DuMaa66
DuMaa66 collected $1 from pot
DuMaa66: doesn't show hand 
*** SUMMARY ***
Total pot $1 | Rake $0 
Seat 1: ToMoPK (button) folded before Flop (didn't bet)
Seat 2: MAO_DZEDYN_S (small blind) folded before Flop
Seat 3: DuMaa66 (big blind) collected ($1)
Seat 4: blackclan7 folded before Flop (didn't bet)
Seat 5: Joe_Li7 folded before Flop (didn't bet)
Seat 6: nastja336 folded before Flop (didn't bet)



PokerStars Hand #254516625159:  Hold'em No Limit ($0.50/$1.00 USD) - 2025/01/23 17:52:46 WET [2025/01/23 12:52:46 ET]
Table 'Innes IV' 6-max Seat #2 is the button
Seat 1: ToMoPK ($100.31 in chips) 
Seat 2: MAO_DZEDYN_S ($100 in chips) 
Seat 3: DuMaa66 ($103.89 in chips) 
Seat 4: blackclan7 ($103.72 in chips) 
Seat 5: Joe_Li7 ($101.50 in chips) 
Seat 6: nastja336 ($100 in chips) 
DuMaa66: posts small blind $0.50
blackclan7: posts big blind $1
*** HOLE CARDS ***
Joe_Li7: folds 
nastja336: folds 
ToMoPK: raises $1 to $2
MAO_DZEDYN_S: folds 
DuMaa66: folds 
blackclan7: folds 
Uncalled bet ($1) returned to ToMoPK
ToMoPK collected $2.50 from pot
*** SUMMARY ***
Total pot $2.50 | Rake $0 
Seat 1: ToMoPK collected ($2.50)
Seat 2: MAO_DZEDYN_S (button) folded before Flop (didn't bet)
Seat 3: DuMaa66 (small blind) folded before Flop
Seat 4: blackclan7 (big blind) folded before Flop
Seat 5: Joe_Li7 folded before Flop (didn't bet)
Seat 6: nastja336 folded before Flop (didn't bet)



PokerStars Hand #254516630307:  Hold'em No Limit ($0.50/$1.00 USD) - 2025/01/23 17:53:09 WET [2025/01/23 12:53:09 ET]
Table 'Innes IV' 6-max Seat #3 is the button
Seat 1: ToMoPK ($101.81 in chips) 
Seat 2: MAO_DZEDYN_S ($100 in chips) 
Seat 3: DuMaa66 ($103.39 in chips) 
Seat 4: blackclan7 ($102.72 in chips) 
Seat 5: Joe_Li7 ($101.50 in chips) 
Seat 6: nastja336 ($100 in chips) 
blackclan7: posts small blind $0.50
Joe_Li7: posts big blind $1
*** HOLE CARDS ***
nastja336: raises $1.50 to $2.50
ToMoPK: folds 
MAO_DZEDYN_S: folds 
DuMaa66: folds 
blackclan7: folds 
Joe_Li7: folds 
Uncalled bet ($1.50) returned to nastja336
nastja336 collected $2.50 from pot
nastja336: doesn't show hand 
*** SUMMARY ***
Total pot $2.50 | Rake $0 
Seat 1: ToMoPK folded before Flop (didn't bet)
Seat 2: MAO_DZEDYN_S folded before Flop (didn't bet)
Seat 3: DuMaa66 (button) folded before Flop (didn't bet)
Seat 4: blackclan7 (small blind) folded before Flop
Seat 5: Joe_Li7 (big blind) folded before Flop
Seat 6: nastja336 collected ($2.50)



PokerStars Hand #254516633834:  Hold'em No Limit ($0.50/$1.00 USD) - 2025/01/23 17:53:25 WET [2025/01/23 12:53:25 ET]
Table 'Innes IV' 6-max Seat #4 is the button
Seat 1: ToMoPK ($101.81 in chips) 
Seat 2: MAO_DZEDYN_S ($100 in chips) 
Seat 3: DuMaa66 ($103.39 in chips) 
Seat 4: blackclan7 ($102.22 in chips) 
Seat 5: Joe_Li7 ($100.50 in chips) 
Seat 6: nastja336 ($101.50 in chips) 
Joe_Li7: posts small blind $0.50
nastja336: posts big blind $1
*** HOLE CARDS ***
ToMoPK: folds 
MAO_DZEDYN_S: raises $1.25 to $2.25
DuMaa66: folds 
blackclan7: folds 
Joe_Li7: folds 
nastja336: folds 
Uncalled bet ($1.25) returned to MAO_DZEDYN_S
MAO_DZEDYN_S collected $2.50 from pot
MAO_DZEDYN_S: doesn't show hand 
*** SUMMARY ***
Total pot $2.50 | Rake $0 
Seat 1: ToMoPK folded before Flop (didn't bet)
Seat 2: MAO_DZEDYN_S collected ($2.50)
Seat 3: DuMaa66 folded before Flop (didn't bet)
Seat 4: blackclan7 (button) folded before Flop (didn't bet)
Seat 5: Joe_Li7 (small blind) folded before Flop
Seat 6: nastja336 (big blind) folded before Flop



PokerStars Hand #254516643229:  Hold'em No Limit ($0.50/$1.00 USD) - 2025/01/23 17:54:08 WET [2025/01/23 12:54:08 ET]
Table 'Innes IV' 6-max Seat #5 is the button
Seat 1: ToMoPK ($101.81 in chips) 
Seat 2: MAO_DZEDYN_S ($101.50 in chips) 
Seat 3: DuMaa66 ($103.39 in chips) 
Seat 4: blackclan7 ($102.22 in chips) 
Seat 5: Joe_Li7 ($100 in chips) 
Seat 6: nastja336 ($100.50 in chips) 
nastja336: posts small blind $0.50
ToMoPK: posts big blind $1
*** HOLE CARDS ***
MAO_DZEDYN_S: raises $1.25 to $2.25
DuMaa66: folds 
blackclan7: folds 
Joe_Li7: folds 
nastja336: folds 
ToMoPK: folds 
Uncalled bet ($1.25) returned to MAO_DZEDYN_S
MAO_DZEDYN_S collected $2.50 from pot
MAO_DZEDYN_S: doesn't show hand 
*** SUMMARY ***
Total pot $2.50 | Rake $0 
Seat 1: ToMoPK (big blind) folded before Flop
Seat 2: MAO_DZEDYN_S collected ($2.50)
Seat 3: DuMaa66 folded before Flop (didn't bet)
Seat 4: blackclan7 folded before Flop (didn't bet)
Seat 5: Joe_Li7 (button) folded before Flop (didn't bet)
Seat 6: nastja336 (small blind) folded before Flop



PokerStars Hand #254516647269:  Hold'em No Limit ($0.50/$1.00 USD) - 2025/01/23 17:54:27 WET [2025/01/23 12:54:27 ET]
Table 'Innes IV' 6-max Seat #6 is the button
Seat 1: ToMoPK ($100.81 in chips) 
Seat 2: MAO_DZEDYN_S ($103 in chips) 
Seat 3: DuMaa66 ($103.39 in chips) 
Seat 4: blackclan7 ($102.22 in chips) 
Seat 5: Joe_Li7 ($100 in chips) 
Seat 6: nastja336 ($100 in chips) 
ToMoPK: posts small blind $0.50
MAO_DZEDYN_S: posts big blind $1
*** HOLE CARDS ***
DuMaa66: folds 
blackclan7: folds 
Joe_Li7: raises $1.20 to $2.20
nastja336: folds 
ToMoPK: calls $1.70
MAO_DZEDYN_S: folds 
*** FLOP *** [Js Qd 5c]
ToMoPK: checks 
Joe_Li7: checks 
*** TURN *** [Js Qd 5c] [6d]
ToMoPK: bets $5
Joe_Li7: calls $5
*** RIVER *** [Js Qd 5c 6d] [2c]
ToMoPK: bets $14.63
Joe_Li7: calls $14.63
*** SHOW DOWN ***
ToMoPK: shows [Td 3d] (high card Queen)
Joe_Li7: shows [8c Jc] (a pair of Jacks)
Joe_Li7 collected $42.43 from pot
*** SUMMARY ***
Total pot $44.66 | Rake $2.23 
Board [Js Qd 5c 6d 2c]
Seat 1: ToMoPK (small blind) showed [Td 3d] and lost with high card Queen
Seat 2: MAO_DZEDYN_S (big blind) folded before Flop
Seat 3: DuMaa66 folded before Flop (didn't bet)
Seat 4: blackclan7 folded before Flop (didn't bet)
Seat 5: Joe_Li7 showed [8c Jc] and won ($42.43) with a pair of Jacks
Seat 6: nastja336 (button) folded before Flop (didn't bet)



PokerStars Hand #254516663290:  Hold'em No Limit ($0.50/$1.00 USD) - 2025/01/23 17:55:49 WET [2025/01/23 12:55:49 ET]
Table 'Innes IV' 6-max Seat #1 is the button
Seat 1: ToMoPK ($78.98 in chips) 
Seat 2: MAO_DZEDYN_S ($102 in chips) 
Seat 3: DuMaa66 ($103.39 in chips) 
Seat 4: blackclan7 ($102.22 in chips) 
Seat 5: Joe_Li7 ($120.60 in chips) 
Seat 6: nastja336 ($100 in chips) 
MAO_DZEDYN_S: posts small blind $0.50
DuMaa66: posts big blind $1
*** HOLE CARDS ***
blackclan7: folds 
Joe_Li7: folds 
nastja336: raises $1.50 to $2.50
ToMoPK: calls $2.50
MAO_DZEDYN_S: folds 
DuMaa66: folds 
*** FLOP *** [Kd 4d 4h]
nastja336: bets $2.04
ToMoPK: calls $2.04
*** TURN *** [Kd 4d 4h] [2h]
nastja336: bets $6.63
ToMoPK: folds 
Uncalled bet ($6.63) returned to nastja336
nastja336 collected $10.05 from pot
nastja336: doesn't show hand 
*** SUMMARY ***
Total pot $10.58 | Rake $0.53 
Board [Kd 4d 4h 2h]
Seat 1: ToMoPK (button) folded on the Turn
Seat 2: MAO_DZEDYN_S (small blind) folded before Flop
Seat 3: DuMaa66 (big blind) folded before Flop
Seat 4: blackclan7 folded before Flop (didn't bet)
Seat 5: Joe_Li7 folded before Flop (didn't bet)
Seat 6: nastja336 collected ($10.05)



PokerStars Hand #254516669786:  Hold'em No Limit ($0.50/$1.00 USD) - 2025/01/23 17:56:29 WET [2025/01/23 12:56:29 ET]
Table 'Innes IV' 6-max Seat #2 is the button
Seat 1: ToMoPK ($74.44 in chips) 
Seat 2: MAO_DZEDYN_S ($101.50 in chips) 
Seat 3: DuMaa66 ($102.39 in chips) 
Seat 4: blackclan7 ($102.22 in chips) 
Seat 5: Joe_Li7 ($120.60 in chips) 
Seat 6: nastja336 ($105.51 in chips) 
DuMaa66: posts small blind $0.50
blackclan7: posts big blind $1
*** HOLE CARDS ***
Joe_Li7: folds 
nastja336: raises $1.50 to $2.50
ToMoPK: calls $2.50
MAO_DZEDYN_S: folds 
DuMaa66: folds 
blackclan7: calls $1.50
*** FLOP *** [9s 8s 8d]
blackclan7: checks 
nastja336: checks 
ToMoPK: checks 
*** TURN *** [9s 8s 8d] [9d]
blackclan7: checks 
nastja336: checks 
ToMoPK: checks 
*** RIVER *** [9s 8s 8d 9d] [9c]
blackclan7: checks 
nastja336: checks 
ToMoPK: checks 
*** SHOW DOWN ***
blackclan7: shows [Ts Jh] (a full house, Nines full of Eights)
nastja336: shows [2h 2s] (a full house, Nines full of Eights)
ToMoPK: shows [4c Kc] (a full house, Nines full of Eights)
blackclan7 collected $2.54 from pot
nastja336 collected $2.53 from pot
ToMoPK collected $2.50 from pot
*** SUMMARY ***
Total pot $8 | Rake $0.43 
Board [9s 8s 8d 9d 9c]
Seat 1: ToMoPK showed [4c Kc] and won ($2.50) with a full house, Nines full of Eights
Seat 2: MAO_DZEDYN_S (button) folded before Flop (didn't bet)
Seat 3: DuMaa66 (small blind) folded before Flop
Seat 4: blackclan7 (big blind) showed [Ts Jh] and won ($2.54) with a full house, Nines full of Eights
Seat 5: Joe_Li7 folded before Flop (didn't bet)
Seat 6: nastja336 showed [2h 2s] and won ($2.53) with a full house, Nines full of Eights



PokerStars Hand #254516677699:  Hold'em No Limit ($0.50/$1.00 USD) - 2025/01/23 17:57:17 WET [2025/01/23 12:57:17 ET]
Table 'Innes IV' 6-max Seat #3 is the button
Seat 1: ToMoPK ($74.44 in chips) 
Seat 2: MAO_DZEDYN_S ($101.50 in chips) 
Seat 3: DuMaa66 ($101.89 in chips) 
Seat 4: blackclan7 ($102.26 in chips) 
Seat 5: Joe_Li7 ($120.60 in chips) 
Seat 6: nastja336 ($105.54 in chips) 
blackclan7: posts small blind $0.50
Joe_Li7: posts big blind $1
*** HOLE CARDS ***
nastja336: folds 
ToMoPK: calls $1
MAO_DZEDYN_S: folds 
DuMaa66: folds 
blackclan7: folds 
Joe_Li7: checks 
*** FLOP *** [Qh Js Kc]
Joe_Li7: checks 
ToMoPK: bets $2.38
Joe_Li7: folds 
Uncalled bet ($2.38) returned to ToMoPK
ToMoPK collected $2.35 from pot
*** SUMMARY ***
Total pot $2.50 | Rake $0.15 
Board [Qh Js Kc]
Seat 1: ToMoPK collected ($2.35)
Seat 2: MAO_DZEDYN_S folded before Flop (didn't bet)
Seat 3: DuMaa66 (button) folded before Flop (didn't bet)
Seat 4: blackclan7 (small blind) folded before Flop
Seat 5: Joe_Li7 (big blind) folded on the Flop
Seat 6: nastja336 folded before Flop (didn't bet)



PokerStars Hand #254516681150:  Hold'em No Limit ($0.50/$1.00 USD) - 2025/01/23 17:57:38 WET [2025/01/23 12:57:38 ET]
Table 'Innes IV' 6-max Seat #4 is the button
Seat 1: ToMoPK ($75.79 in chips) 
Seat 2: MAO_DZEDYN_S ($101.50 in chips) 
Seat 3: DuMaa66 ($101.89 in chips) 
Seat 4: blackclan7 ($101.76 in chips) 
Seat 5: Joe_Li7 ($119.60 in chips) 
Seat 6: nastja336 ($105.54 in chips) 
Joe_Li7: posts small blind $0.50
nastja336: posts big blind $1
*** HOLE CARDS ***
ToMoPK: folds 
MAO_DZEDYN_S: folds 
DuMaa66: folds 
blackclan7: folds 
Joe_Li7: raises $2 to $3
nastja336: folds 
Uncalled bet ($2) returned to Joe_Li7
Joe_Li7 collected $2 from pot
*** SUMMARY ***
Total pot $2 | Rake $0 
Seat 1: ToMoPK folded before Flop (didn't bet)
Seat 2: MAO_DZEDYN_S folded before Flop (didn't bet)
Seat 3: DuMaa66 folded before Flop (didn't bet)
Seat 4: blackclan7 (button) folded before Flop (didn't bet)
Seat 5: Joe_Li7 (small blind) collected ($2)
Seat 6: nastja336 (big blind) folded before Flop



PokerStars Hand #254516684573:  Hold'em No Limit ($0.50/$1.00 USD) - 2025/01/23 17:57:58 WET [2025/01/23 12:57:58 ET]
Table 'Innes IV' 6-max Seat #5 is the button
Seat 1: ToMoPK ($75.79 in chips) 
Seat 2: MAO_DZEDYN_S ($101.50 in chips) 
Seat 3: DuMaa66 ($101.89 in chips) 
Seat 4: blackclan7 ($101.76 in chips) 
Seat 5: Joe_Li7 ($120.60 in chips) 
Seat 6: nastja336 ($104.54 in chips) 
nastja336: posts small blind $0.50
ToMoPK: posts big blind $1
*** HOLE CARDS ***
MAO_DZEDYN_S: folds 
DuMaa66: folds 
blackclan7: raises $1.30 to $2.30
Joe_Li7: folds 
nastja336: folds 
ToMoPK: raises $5.10 to $7.40
blackclan7: calls $5.10
*** FLOP *** [6s 6d Ts]
ToMoPK: checks 
blackclan7: checks 
*** TURN *** [6s 6d Ts] [8d]
ToMoPK: bets $14.54
blackclan7: calls $14.54
*** RIVER *** [6s 6d Ts 8d] [Jh]
ToMoPK: checks 
blackclan7: bets $31.62
ToMoPK: raises $22.23 to $53.85 and is all-in
blackclan7: calls $22.23
*** SHOW DOWN ***
ToMoPK: shows [8c 8h] (a full house, Eights full of Sixes)
blackclan7: shows [6c 6h] (four of a kind, Sixes)
blackclan7 collected $149.58 from pot
*** SUMMARY ***
Total pot $152.08 | Rake $2.50 
Board [6s 6d Ts 8d Jh]
Seat 1: ToMoPK (big blind) showed [8c 8h] and lost with a full house, Eights full of Sixes
Seat 2: MAO_DZEDYN_S folded before Flop (didn't bet)
Seat 3: DuMaa66 folded before Flop (didn't bet)
Seat 4: blackclan7 showed [6c 6h] and won ($149.58) with four of a kind, Sixes
Seat 5: Joe_Li7 (button) folded before Flop (didn't bet)
Seat 6: nastja336 (small blind) folded before Flop



PokerStars Hand #254516696770:  Hold'em No Limit ($0.50/$1.00 USD) - 2025/01/23 17:59:12 WET [2025/01/23 12:59:12 ET]
Table 'Innes IV' 6-max Seat #6 is the button
Seat 1: ToMoPK ($0 in chips) is sitting out
Seat 2: MAO_DZEDYN_S ($101.50 in chips) 
Seat 3: DuMaa66 ($101.89 in chips) 
Seat 4: blackclan7 ($175.55 in chips) 
Seat 5: Joe_Li7 ($120.60 in chips) 
Seat 6: nastja336 ($104.04 in chips) 
MAO_DZEDYN_S: posts small blind $0.50
DuMaa66: posts big blind $1
*** HOLE CARDS ***
blackclan7: raises $1 to $2
Joe_Li7: folds 
ToMoPK leaves the table
nastja336: folds 
MAO_DZEDYN_S: folds 
nastja336 leaves the table
DuMaa66: calls $1
*** FLOP *** [8d 3c 8s]
DuMaa66: checks 
blackclan7: bets $1.41
DuMaa66: raises $3.55 to $4.96
BGS013 joins the table at seat #6 
XXoB joins the table at seat #1 
blackclan7: calls $3.55
*** TURN *** [8d 3c 8s] [5d]
DuMaa66: bets $17.13
blackclan7: folds 
Uncalled bet ($17.13) returned to DuMaa66
DuMaa66 collected $13.70 from pot
DuMaa66: doesn't show hand 
*** SUMMARY ***
Total pot $14.42 | Rake $0.72 
Board [8d 3c 8s 5d]
Seat 1: ToMoPK
Seat 2: MAO_DZEDYN_S (small blind) folded before Flop
Seat 3: DuMaa66 (big blind) collected ($13.70)
Seat 4: blackclan7 folded on the Turn
Seat 5: Joe_Li7 folded before Flop (didn't bet)
Seat 6: nastja336 (button) folded before Flop (didn't bet)



PokerStars Hand #254516707967:  Hold'em No Limit ($0.50/$1.00 USD) - 2025/01/23 18:00:18 WET [2025/01/23 13:00:18 ET]
Table 'Innes IV' 6-max Seat #2 is the button
Seat 1: XXoB ($100 in chips) is sitting out
Seat 4: blackclan7 ($168.59 in chips) is sitting out
Seat 5: Joe_Li7 ($120.60 in chips) is sitting out
Seat 2: MAO_DZEDYN_S ($101 in chips) 
Seat 3: DuMaa66 ($108.63 in chips) 
Seat 6: BGS013 ($100 in chips) 
DuMaa66: posts small blind $0.50
blackclan7: is sitting out 
Joe_Li7: is sitting out 
BGS013: posts big blind $1
XXoB: sits out 
*** HOLE CARDS ***
Joe_Li7 leaves the table
blackclan7 leaves the table
MAO_DZEDYN_S: raises $1.50 to $2.50
XXoB leaves the table
DuMaa66: raises $7.50 to $10
BGS013: folds 
MAO_DZEDYN_S: folds 
Uncalled bet ($7.50) returned to DuMaa66
DuMaa66 collected $6 from pot
DuMaa66: doesn't show hand 
*** SUMMARY ***
Total pot $6 | Rake $0 
Seat 1: XXoB
Seat 4: blackclan7
Seat 5: Joe_Li7
Seat 2: MAO_DZEDYN_S (button) folded before Flop
Seat 3: DuMaa66 (small blind) collected ($6)
Seat 6: BGS013 (big blind) folded before Flop



PokerStars Hand #254516714739:  Hold'em No Limit ($0.50/$1.00 USD) - 2025/01/23 18:00:56 WET [2025/01/23 13:00:56 ET]
Table 'Innes IV' 6-max Seat #6 is the button
Seat 2: MAO_DZEDYN_S ($100 in chips) is sitting out
Seat 3: DuMaa66 ($112.13 in chips) 
Seat 6: BGS013 ($100 in chips) 
BGS013: posts small blind $0.50
MAO_DZEDYN_S: is sitting out 
DuMaa66: posts big blind $1
*** HOLE CARDS ***
MAO_DZEDYN_S leaves the table
BGS013: folds 
Uncalled bet ($0.50) returned to DuMaa66
DuMaa66 collected $1 from pot
DuMaa66: doesn't show hand 
*** SUMMARY ***
Total pot $1 | Rake $0 
Seat 2: MAO_DZEDYN_S
Seat 3: DuMaa66 (big blind) collected ($1)
Seat 6: BGS013 (button) (small blind) folded before Flop



PokerStars Hand #254516717809:  Hold'em No Limit ($0.50/$1.00 USD) - 2025/01/23 18:01:12 WET [2025/01/23 13:01:12 ET]
Table 'Innes IV' 6-max Seat #3 is the button
Seat 3: DuMaa66 ($112.63 in chips) 
Seat 6: BGS013 ($100 in chips) 
DuMaa66: posts small blind $0.50
BGS013: posts big blind $1
*** HOLE CARDS ***
DuMaa66: raises $1.50 to $2.50
BGS013: calls $1.50
*** FLOP *** [7c 3d 6d]
BGS013: checks 
DuMaa66: bets $1.57
BGS013: calls $1.57
*** TURN *** [7c 3d 6d] [6s]
BGS013: checks 
DuMaa66: bets $5.80
BGS013: folds 
Uncalled bet ($5.80) returned to DuMaa66
DuMaa66 collected $7.73 from pot
DuMaa66: doesn't show hand 
*** SUMMARY ***
Total pot $8.14 | Rake $0.41 
Board [7c 3d 6d 6s]
Seat 3: DuMaa66 (button) (small blind) collected ($7.73)
Seat 6: BGS013 (big blind) folded on the Turn



PokerStars Hand #254516731158:  Hold'em No Limit ($0.50/$1.00 USD) - 2025/01/23 18:02:18 WET [2025/01/23 13:02:18 ET]
Table 'Innes IV' 6-max Seat #6 is the button
Seat 3: DuMaa66 ($116.29 in chips) 
Seat 6: BGS013 ($100 in chips) 
BGS013: posts small blind $0.50
DuMaa66: posts big blind $1
*** HOLE CARDS ***
BGS013: folds 
Uncalled bet ($0.50) returned to DuMaa66
DuMaa66 collected $1 from pot
DuMaa66: doesn't show hand 
*** SUMMARY ***
Total pot $1 | Rake $0 
Seat 3: DuMaa66 (big blind) collected ($1)
Seat 6: BGS013 (button) (small blind) folded before Flop



PokerStars Hand #254516733124:  Hold'em No Limit ($0.50/$1.00 USD) - 2025/01/23 18:02:27 WET [2025/01/23 13:02:27 ET]
Table 'Innes IV' 6-max Seat #3 is the button
Seat 3: DuMaa66 ($116.79 in chips) 
Seat 6: BGS013 ($100 in chips) 
DuMaa66: posts small blind $0.50
BGS013: posts big blind $1
*** HOLE CARDS ***
DuMaa66: raises $1.50 to $2.50
BGS013: raises $8.50 to $11
DuMaa66: folds 
Uncalled bet ($8.50) returned to BGS013
BGS013 collected $5 from pot
BGS013: doesn't show hand 
*** SUMMARY ***
Total pot $5 | Rake $0 
Seat 3: DuMaa66 (button) (small blind) folded before Flop
Seat 6: BGS013 (big blind) collected ($5)



