PokerStars Hand #254516090960:  Hold'em No Limit ($0.50/$1.00 USD) - 2025/01/23 17:12:37 WET [2025/01/23 12:12:37 ET]
Table 'Amor III' 6-max Seat #1 is the button
Seat 1: tukeiron ($153.46 in chips) 
Seat 4: stargirlpoker ($101 in chips) 
Seat 5: tintin641 ($100 in chips) 
stargirlpoker: posts small blind $0.50
tintin641 is connected 
tintin641: posts big blind $1
*** HOLE CARDS ***
tukeiron: folds 
stargirlpoker: folds 
Uncalled bet ($0.50) returned to tintin641
tintin641 collected $1 from pot
tintin641: doesn't show hand 
*** SUMMARY ***
Total pot $1 | Rake $0 
Seat 1: tukeiron (button) folded before Flop (didn't bet)
Seat 4: stargirlpoker (small blind) folded before Flop
Seat 5: tintin641 (big blind) collected ($1)



PokerStars Hand #254516092217:  Hold'em No Limit ($0.50/$1.00 USD) - 2025/01/23 17:12:43 WET [2025/01/23 12:12:43 ET]
Table 'Amor III' 6-max Seat #4 is the button
Seat 1: tukeiron ($153.46 in chips) 
Seat 4: stargirlpoker ($100.50 in chips) 
Seat 5: tintin641 ($100.50 in chips) 
tintin641: posts small blind $0.50
tukeiron: posts big blind $1
*** HOLE CARDS ***
stargirlpoker: folds 
tintin641: folds 
Uncalled bet ($0.50) returned to tukeiron
tukeiron collected $1 from pot
*** SUMMARY ***
Total pot $1 | Rake $0 
Seat 1: tukeiron (big blind) collected ($1)
Seat 4: stargirlpoker (button) folded before Flop (didn't bet)
Seat 5: tintin641 (small blind) folded before Flop



PokerStars Hand #254516093775:  Hold'em No Limit ($0.50/$1.00 USD) - 2025/01/23 17:12:51 WET [2025/01/23 12:12:51 ET]
Table 'Amor III' 6-max Seat #5 is the button
Seat 1: tukeiron ($153.96 in chips) 
Seat 4: stargirlpoker ($100.50 in chips) 
Seat 5: tintin641 ($100 in chips) 
tukeiron: posts small blind $0.50
stargirlpoker: posts big blind $1
*** HOLE CARDS ***
tintin641: folds 
tukeiron: raises $1.50 to $2.50
stargirlpoker: raises $6 to $8.50
tukeiron: folds 
Uncalled bet ($6) returned to stargirlpoker
stargirlpoker collected $5 from pot
stargirlpoker: doesn't show hand 
*** SUMMARY ***
Total pot $5 | Rake $0 
Seat 1: tukeiron (small blind) folded before Flop
Seat 4: stargirlpoker (big blind) collected ($5)
Seat 5: tintin641 (button) folded before Flop (didn't bet)



PokerStars Hand #254516099793:  Hold'em No Limit ($0.50/$1.00 USD) - 2025/01/23 17:13:18 WET [2025/01/23 12:13:18 ET]
Table 'Amor III' 6-max Seat #1 is the button
Seat 1: tukeiron ($151.46 in chips) 
Seat 4: stargirlpoker ($103 in chips) 
Seat 5: tintin641 ($100 in chips) 
stargirlpoker: posts small blind $0.50
tintin641: posts big blind $1
*** HOLE CARDS ***
tukeiron: raises $1.50 to $2.50
stargirlpoker: folds 
tintin641: folds 
Uncalled bet ($1.50) returned to tukeiron
tukeiron collected $2.50 from pot
*** SUMMARY ***
Total pot $2.50 | Rake $0 
Seat 1: tukeiron (button) collected ($2.50)
Seat 4: stargirlpoker (small blind) folded before Flop
Seat 5: tintin641 (big blind) folded before Flop



PokerStars Hand #254516103743:  Hold'em No Limit ($0.50/$1.00 USD) - 2025/01/23 17:13:37 WET [2025/01/23 12:13:37 ET]
Table 'Amor III' 6-max Seat #4 is the button
Seat 1: tukeiron ($152.96 in chips) 
Seat 4: stargirlpoker ($102.50 in chips) 
Seat 5: tintin641 ($100 in chips) 
tintin641: posts small blind $0.50
tukeiron: posts big blind $1
*** HOLE CARDS ***
stargirlpoker: raises $1.50 to $2.50
tintin641: folds 
tukeiron: calls $1.50
*** FLOP *** [9h 2c Ah]
tukeiron: checks 
stargirlpoker: bets $2
Quahrino joins the table at seat #2 
nastja336 joins the table at seat #3 
tukeiron: folds 
Uncalled bet ($2) returned to stargirlpoker
stargirlpoker collected $5.22 from pot
stargirlpoker: doesn't show hand 
*** SUMMARY ***
Total pot $5.50 | Rake $0.28 
Board [9h 2c Ah]
Seat 1: tukeiron (big blind) folded on the Flop
Seat 4: stargirlpoker (button) collected ($5.22)
Seat 5: tintin641 (small blind) folded before Flop



PokerStars Hand #254516108642:  Hold'em No Limit ($0.50/$1.00 USD) - 2025/01/23 17:13:59 WET [2025/01/23 12:13:59 ET]
Table 'Amor III' 6-max Seat #5 is the button
Seat 3: nastja336 ($100 in chips) is sitting out
Seat 1: tukeiron ($150.46 in chips) 
Seat 2: Quahrino ($100 in chips) 
Seat 4: stargirlpoker ($105.22 in chips) 
Seat 5: tintin641 ($100 in chips) 
tukeiron: posts small blind $0.50
Quahrino: posts big blind $1
nastja336: sits out 
*** HOLE CARDS ***
stargirlpoker: folds 
tintin641: folds 
tukeiron: folds 
Uncalled bet ($0.50) returned to Quahrino
Quahrino collected $1 from pot
Quahrino: doesn't show hand 
*** SUMMARY ***
Total pot $1 | Rake $0 
Seat 3: nastja336
Seat 1: tukeiron (small blind) folded before Flop
Seat 2: Quahrino (big blind) collected ($1)
Seat 4: stargirlpoker folded before Flop (didn't bet)
Seat 5: tintin641 (button) folded before Flop (didn't bet)



PokerStars Hand #254516111064:  Hold'em No Limit ($0.50/$1.00 USD) - 2025/01/23 17:14:10 WET [2025/01/23 12:14:10 ET]
Table 'Amor III' 6-max Seat #1 is the button
Seat 1: tukeiron ($149.96 in chips) 
Seat 2: Quahrino ($100.50 in chips) 
Seat 3: nastja336 ($100 in chips) 
Seat 4: stargirlpoker ($105.22 in chips) 
Seat 5: tintin641 ($100 in chips) 
Quahrino: posts small blind $0.50
nastja336: posts big blind $1
*** HOLE CARDS ***
stargirlpoker: raises $1.50 to $2.50
tintin641: folds 
Pumuking joins the table at seat #6 
tukeiron: raises $5 to $7.50
Quahrino: folds 
nastja336: folds 
stargirlpoker: calls $5
*** FLOP *** [9h 9c 2d]
stargirlpoker: checks 
tukeiron: bets $5.17
stargirlpoker: raises $9.59 to $14.76
tukeiron: folds 
Uncalled bet ($9.59) returned to stargirlpoker
stargirlpoker collected $25.50 from pot
stargirlpoker: doesn't show hand 
*** SUMMARY ***
Total pot $26.84 | Rake $1.34 
Board [9h 9c 2d]
Seat 1: tukeiron (button) folded on the Flop
Seat 2: Quahrino (small blind) folded before Flop
Seat 3: nastja336 (big blind) folded before Flop
Seat 4: stargirlpoker collected ($25.50)
Seat 5: tintin641 folded before Flop (didn't bet)



PokerStars Hand #254516128297:  Hold'em No Limit ($0.50/$1.00 USD) - 2025/01/23 17:15:30 WET [2025/01/23 12:15:30 ET]
Table 'Amor III' 6-max Seat #2 is the button
Seat 4: stargirlpoker ($118.05 in chips) is sitting out
Seat 6: Pumuking ($100 in chips) is sitting out
Seat 1: tukeiron ($137.29 in chips) 
Seat 2: Quahrino ($100 in chips) 
Seat 3: nastja336 ($100 in chips) 
Seat 5: tintin641 ($100 in chips) 
nastja336: posts small blind $0.50
tintin641: posts big blind $1
Pumuking: sits out 
*** HOLE CARDS ***
tukeiron: raises $1.50 to $2.50
stargirlpoker leaves the table
Quahrino: folds 
nastja336: raises $9.50 to $12
tintin641: folds 
tukeiron: folds 
Uncalled bet ($9.50) returned to nastja336
nastja336 collected $6 from pot
nastja336: doesn't show hand 
*** SUMMARY ***
Total pot $6 | Rake $0 
Seat 4: stargirlpoker
Seat 6: Pumuking
Seat 1: tukeiron folded before Flop
Seat 2: Quahrino (button) folded before Flop (didn't bet)
Seat 3: nastja336 (small blind) collected ($6)
Seat 5: tintin641 (big blind) folded before Flop



PokerStars Hand #254516134701:  Hold'em No Limit ($0.50/$1.00 USD) - 2025/01/23 17:15:59 WET [2025/01/23 12:15:59 ET]
Table 'Amor III' 6-max Seat #3 is the button
Seat 1: tukeiron ($134.79 in chips) 
Seat 2: Quahrino ($100 in chips) 
Seat 3: nastja336 ($103.50 in chips) 
Seat 5: tintin641 ($100 in chips) 
Seat 6: Pumuking ($100 in chips) 
tintin641: posts small blind $0.50
Pumuking: posts big blind $1
*** HOLE CARDS ***
tukeiron: folds 
Quahrino: raises $1.30 to $2.30
nastja336: raises $5.20 to $7.50
tintin641: folds 
Pumuking: folds 
Quahrino: calls $5.20
*** FLOP *** [4h Qd Kd]
Quahrino: checks 
nastja336: bets $5.17
Quahrino: folds 
Uncalled bet ($5.17) returned to nastja336
nastja336 collected $15.68 from pot
nastja336: doesn't show hand 
*** SUMMARY ***
Total pot $16.50 | Rake $0.82 
Board [4h Qd Kd]
Seat 1: tukeiron folded before Flop (didn't bet)
Seat 2: Quahrino folded on the Flop
Seat 3: nastja336 (button) collected ($15.68)
Seat 5: tintin641 (small blind) folded before Flop
Seat 6: Pumuking (big blind) folded before Flop



PokerStars Hand #254516142708:  Hold'em No Limit ($0.50/$1.00 USD) - 2025/01/23 17:16:36 WET [2025/01/23 12:16:36 ET]
Table 'Amor III' 6-max Seat #5 is the button
Seat 1: tukeiron ($134.79 in chips) 
Seat 2: Quahrino ($100 in chips) 
Seat 3: nastja336 ($111.68 in chips) 
Seat 5: tintin641 ($100 in chips) 
Seat 6: Pumuking ($100 in chips) 
Pumuking: posts small blind $0.50
tukeiron: posts big blind $1
*** HOLE CARDS ***
Quahrino: folds 
blacksnowpoker joins the table at seat #4 
nastja336: raises $1.50 to $2.50
blacksnowpoker is disconnected 
tintin641: raises $5 to $7.50
Pumuking: folds 
tukeiron: raises $12.50 to $20
nastja336: folds 
tintin641: folds 
Uncalled bet ($12.50) returned to tukeiron
tukeiron collected $18 from pot
tukeiron: doesn't show hand 
*** SUMMARY ***
Total pot $18 | Rake $0 
Seat 1: tukeiron (big blind) collected ($18)
Seat 2: Quahrino folded before Flop (didn't bet)
Seat 3: nastja336 folded before Flop
Seat 5: tintin641 (button) folded before Flop
Seat 6: Pumuking (small blind) folded before Flop



PokerStars Hand #254516151376:  Hold'em No Limit ($0.50/$1.00 USD) - 2025/01/23 17:17:16 WET [2025/01/23 12:17:16 ET]
Table 'Amor III' 6-max Seat #6 is the button
Seat 1: tukeiron ($145.29 in chips) 
Seat 2: Quahrino ($100 in chips) 
Seat 3: nastja336 ($109.18 in chips) 
Seat 4: blacksnowpoker ($30.33 in chips) 
Seat 5: tintin641 ($100 in chips) 
Seat 6: Pumuking ($100 in chips) 
tukeiron: posts small blind $0.50
Quahrino: posts big blind $1
blacksnowpoker: posts big blind $1
*** HOLE CARDS ***
nastja336: raises $3 to $4
blacksnowpoker: folds 
tintin641: folds 
Pumuking: raises $7.50 to $11.50
tukeiron: folds 
Quahrino: folds 
nastja336: folds 
Uncalled bet ($7.50) returned to Pumuking
Pumuking collected $10.50 from pot
Pumuking: doesn't show hand 
*** SUMMARY ***
Total pot $10.50 | Rake $0 
Seat 1: tukeiron (small blind) folded before Flop
Seat 2: Quahrino (big blind) folded before Flop
Seat 3: nastja336 folded before Flop
Seat 4: blacksnowpoker folded before Flop (didn't bet)
Seat 5: tintin641 folded before Flop (didn't bet)
Seat 6: Pumuking (button) collected ($10.50)



PokerStars Hand #254516156613:  Hold'em No Limit ($0.50/$1.00 USD) - 2025/01/23 17:17:39 WET [2025/01/23 12:17:39 ET]
Table 'Amor III' 6-max Seat #1 is the button
Seat 3: nastja336 ($105.18 in chips) is sitting out
Seat 1: tukeiron ($144.79 in chips) 
Seat 2: Quahrino ($100 in chips) 
Seat 4: blacksnowpoker ($29.33 in chips) 
Seat 5: tintin641 ($100 in chips) 
Seat 6: Pumuking ($106.50 in chips) 
Quahrino: posts small blind $0.50
nastja336: is sitting out 
blacksnowpoker: posts big blind $1
*** HOLE CARDS ***
tintin641: folds 
nastja336 leaves the table
Pumuking: folds 
tukeiron: folds 
Quahrino: raises $1.30 to $2.30
avstero joins the table at seat #3 
blacksnowpoker: calls $1.30
*** FLOP *** [6s 8c 4c]
Quahrino: checks 
blacksnowpoker: checks 
*** TURN *** [6s 8c 4c] [4h]
Quahrino: checks 
blacksnowpoker: checks 
*** RIVER *** [6s 8c 4c 4h] [5s]
Quahrino: checks 
blacksnowpoker: checks 
*** SHOW DOWN ***
Quahrino: shows [2d Ac] (a pair of Fours)
blacksnowpoker: shows [As Qs] (a pair of Fours - Ace+Queen kicker)
blacksnowpoker collected $4.37 from pot
*** SUMMARY ***
Total pot $4.60 | Rake $0.23 
Board [6s 8c 4c 4h 5s]
Seat 3: nastja336
Seat 1: tukeiron (button) folded before Flop (didn't bet)
Seat 2: Quahrino (small blind) showed [2d Ac] and lost with a pair of Fours
Seat 4: blacksnowpoker (big blind) showed [As Qs] and won ($4.37) with a pair of Fours
Seat 5: tintin641 folded before Flop (didn't bet)
Seat 6: Pumuking folded before Flop (didn't bet)



PokerStars Hand #254516164298:  Hold'em No Limit ($0.50/$1.00 USD) - 2025/01/23 17:18:14 WET [2025/01/23 12:18:14 ET]
Table 'Amor III' 6-max Seat #2 is the button
Seat 3: avstero ($100 in chips) is sitting out
Seat 5: tintin641 ($100 in chips) is sitting out
Seat 1: tukeiron ($144.79 in chips) 
Seat 2: Quahrino ($100 in chips) 
Seat 4: blacksnowpoker ($31.40 in chips) 
Seat 6: Pumuking ($106.50 in chips) 
blacksnowpoker: posts small blind $0.50
tintin641: is sitting out 
Pumuking: posts big blind $1
*** HOLE CARDS ***
tintin641 leaves the table
tukeiron: folds 
Quahrino: folds 
blacksnowpoker: folds 
Uncalled bet ($0.50) returned to Pumuking
Pumuking collected $1 from pot
Pumuking: doesn't show hand 
*** SUMMARY ***
Total pot $1 | Rake $0 
Seat 3: avstero
Seat 5: tintin641
Seat 1: tukeiron folded before Flop (didn't bet)
Seat 2: Quahrino (button) folded before Flop (didn't bet)
Seat 4: blacksnowpoker (small blind) folded before Flop
Seat 6: Pumuking (big blind) collected ($1)



PokerStars Hand #254516166904:  Hold'em No Limit ($0.50/$1.00 USD) - 2025/01/23 17:18:26 WET [2025/01/23 12:18:26 ET]
Table 'Amor III' 6-max Seat #4 is the button
Seat 3: avstero ($100 in chips) is sitting out
Seat 1: tukeiron ($144.79 in chips) 
Seat 2: Quahrino ($100 in chips) 
Seat 4: blacksnowpoker ($30.90 in chips) 
Seat 6: Pumuking ($107 in chips) 
Pumuking: posts small blind $0.50
tukeiron: posts big blind $1
avstero: sits out 
*** HOLE CARDS ***
Quahrino: folds 
blacksnowpoker: folds 
Pumuking: raises $2 to $3
Joe_Li7 joins the table at seat #5 
tukeiron: calls $2
*** FLOP *** [3c 4h 7h]
Pumuking: checks 
tukeiron: bets $3.14
Pumuking: folds 
Uncalled bet ($3.14) returned to tukeiron
tukeiron collected $5.70 from pot
*** SUMMARY ***
Total pot $6 | Rake $0.30 
Board [3c 4h 7h]
Seat 3: avstero
Seat 1: tukeiron (big blind) collected ($5.70)
Seat 2: Quahrino folded before Flop (didn't bet)
Seat 4: blacksnowpoker (button) folded before Flop (didn't bet)
Seat 6: Pumuking (small blind) folded on the Flop



PokerStars Hand #254516176974:  Hold'em No Limit ($0.50/$1.00 USD) - 2025/01/23 17:19:12 WET [2025/01/23 12:19:12 ET]
Table 'Amor III' 6-max Seat #6 is the button
Seat 3: avstero ($100 in chips) is sitting out
Seat 5: Joe_Li7 ($100 in chips) is sitting out
Seat 1: tukeiron ($147.49 in chips) 
Seat 2: Quahrino ($100 in chips) 
Seat 4: blacksnowpoker ($30.90 in chips) 
Seat 6: Pumuking ($104 in chips) 
tukeiron: posts small blind $0.50
Quahrino: posts big blind $1
avstero: sits out 
Joe_Li7: sits out 
*** HOLE CARDS ***
blacksnowpoker: folds 
Pumuking: raises $1.50 to $2.50
tukeiron: folds 
Quahrino: folds 
Uncalled bet ($1.50) returned to Pumuking
Pumuking collected $2.50 from pot
Pumuking: doesn't show hand 
*** SUMMARY ***
Total pot $2.50 | Rake $0 
Seat 3: avstero
Seat 5: Joe_Li7
Seat 1: tukeiron (small blind) folded before Flop
Seat 2: Quahrino (big blind) folded before Flop
Seat 4: blacksnowpoker folded before Flop (didn't bet)
Seat 6: Pumuking (button) collected ($2.50)



PokerStars Hand #254516180485:  Hold'em No Limit ($0.50/$1.00 USD) - 2025/01/23 17:19:29 WET [2025/01/23 12:19:29 ET]
Table 'Amor III' 6-max Seat #1 is the button
Seat 5: Joe_Li7 ($100 in chips) is sitting out
Seat 1: tukeiron ($146.99 in chips) 
Seat 2: Quahrino ($100 in chips) 
Seat 3: avstero ($100 in chips) 
Seat 4: blacksnowpoker ($30.90 in chips) 
Seat 6: Pumuking ($105.50 in chips) 
Quahrino: posts small blind $0.50
avstero: posts big blind $1
Joe_Li7: sits out 
*** HOLE CARDS ***
blacksnowpoker: calls $1
Pumuking: raises $3.50 to $4.50
tukeiron: folds 
Quahrino: folds 
avstero: folds 
blacksnowpoker: calls $3.50
*** FLOP *** [4c Tc Qd]
blacksnowpoker: checks 
Pumuking: bets $3.29
blacksnowpoker: folds 
Uncalled bet ($3.29) returned to Pumuking
Pumuking collected $9.98 from pot
Pumuking: doesn't show hand 
*** SUMMARY ***
Total pot $10.50 | Rake $0.52 
Board [4c Tc Qd]
Seat 5: Joe_Li7
Seat 1: tukeiron (button) folded before Flop (didn't bet)
Seat 2: Quahrino (small blind) folded before Flop
Seat 3: avstero (big blind) folded before Flop
Seat 4: blacksnowpoker folded on the Flop
Seat 6: Pumuking collected ($9.98)



PokerStars Hand #254516188544:  Hold'em No Limit ($0.50/$1.00 USD) - 2025/01/23 17:20:05 WET [2025/01/23 12:20:05 ET]
Table 'Amor III' 6-max Seat #2 is the button
Seat 5: Joe_Li7 ($100 in chips) is sitting out
Seat 1: tukeiron ($146.99 in chips) 
Seat 2: Quahrino ($100 in chips) 
Seat 3: avstero ($99 in chips) 
Seat 4: blacksnowpoker ($26.40 in chips) 
Seat 6: Pumuking ($110.98 in chips) 
avstero: posts small blind $0.50
blacksnowpoker: posts big blind $1
Joe_Li7: sits out 
*** HOLE CARDS ***
Pumuking: folds 
tukeiron: raises $1.50 to $2.50
Quahrino: folds 
avstero: folds 
blacksnowpoker: calls $1.50
*** FLOP *** [4s 4h Ts]
blacksnowpoker: checks 
tukeiron: bets $2.61
blacksnowpoker: calls $2.61
*** TURN *** [4s 4h Ts] [7s]
blacksnowpoker: checks 
tukeiron: bets $21.50
blacksnowpoker: calls $21.29 and is all-in
Uncalled bet ($0.21) returned to tukeiron
*** RIVER *** [4s 4h Ts 7s] [9c]
*** SHOW DOWN ***
blacksnowpoker: shows [Kc 9h] (two pair, Nines and Fours)
tukeiron: shows [Kh Kd] (two pair, Kings and Fours)
tukeiron collected $50.80 from pot
*** SUMMARY ***
Total pot $53.30 | Rake $2.50 
Board [4s 4h Ts 7s 9c]
Seat 5: Joe_Li7
Seat 1: tukeiron showed [Kh Kd] and won ($50.80) with two pair, Kings and Fours
Seat 2: Quahrino (button) folded before Flop (didn't bet)
Seat 3: avstero (small blind) folded before Flop
Seat 4: blacksnowpoker (big blind) showed [Kc 9h] and lost with two pair, Nines and Fours
Seat 6: Pumuking folded before Flop (didn't bet)



PokerStars Hand #254516201899:  Hold'em No Limit ($0.50/$1.00 USD) - 2025/01/23 17:21:07 WET [2025/01/23 12:21:07 ET]
Table 'Amor III' 6-max Seat #3 is the button
Seat 4: blacksnowpoker ($0 in chips) is sitting out
Seat 5: Joe_Li7 ($100 in chips) is sitting out
Seat 1: tukeiron ($171.39 in chips) 
Seat 2: Quahrino ($100 in chips) 
Seat 3: avstero ($100 in chips) 
Seat 6: Pumuking ($110.98 in chips) 
Pumuking: posts small blind $0.50
tukeiron: posts big blind $1
*** HOLE CARDS ***
Quahrino: raises $1.30 to $2.30
avstero: folds 
Pumuking: folds 
blacksnowpoker leaves the table
tukeiron: raises $10.20 to $12.50
Quahrino: folds 
Uncalled bet ($10.20) returned to tukeiron
tukeiron collected $5.10 from pot
*** SUMMARY ***
Total pot $5.10 | Rake $0 
Seat 4: blacksnowpoker
Seat 5: Joe_Li7
Seat 1: tukeiron (big blind) collected ($5.10)
Seat 2: Quahrino folded before Flop
Seat 3: avstero (button) folded before Flop (didn't bet)
Seat 6: Pumuking (small blind) folded before Flop



PokerStars Hand #254516206722:  Hold'em No Limit ($0.50/$1.00 USD) - 2025/01/23 17:21:28 WET [2025/01/23 12:21:28 ET]
Table 'Amor III' 6-max Seat #6 is the button
Seat 5: Joe_Li7 ($100 in chips) is sitting out
Seat 1: tukeiron ($174.19 in chips) 
Seat 2: Quahrino ($100 in chips) 
Seat 3: avstero ($100 in chips) 
Seat 6: Pumuking ($110.48 in chips) 
tukeiron: posts small blind $0.50
Quahrino: posts big blind $1
Joe_Li7: sits out 
*** HOLE CARDS ***
avstero: folds 
avstero leaves the table
Pumuking: raises $1.50 to $2.50
tukeiron: folds 
Quahrino: calls $1.50
*** FLOP *** [4c 2s Kh]
Quahrino: checks 
Pumuking: bets $1.72
Quahrino: calls $1.72
*** TURN *** [4c 2s Kh] [5d]
Quahrino: checks 
Pumuking: checks 
*** RIVER *** [4c 2s Kh 5d] [9s]
tukeiron leaves the table
Quahrino: checks 
Pumuking: bets $5.69
Quahrino: calls $5.69
*** SHOW DOWN ***
Pumuking: shows [8d 9d] (a pair of Nines)
Quahrino: shows [Ac 9h] (a pair of Nines - Ace kicker)
Quahrino collected $19.32 from pot
*** SUMMARY ***
Total pot $20.32 | Rake $1 
Board [4c 2s Kh 5d 9s]
Seat 5: Joe_Li7
Seat 1: tukeiron (small blind) folded before Flop
Seat 2: Quahrino (big blind) showed [Ac 9h] and won ($19.32) with a pair of Nines
Seat 3: avstero folded before Flop (didn't bet)
Seat 6: Pumuking (button) showed [8d 9d] and lost with a pair of Nines



PokerStars Hand #254516218506:  Hold'em No Limit ($0.50/$1.00 USD) - 2025/01/23 17:22:22 WET [2025/01/23 12:22:22 ET]
Table 'Amor III' 6-max Seat #2 is the button
Seat 5: Joe_Li7 ($100 in chips) is sitting out
Seat 2: Quahrino ($109.41 in chips) 
Seat 6: Pumuking ($100.57 in chips) 
Quahrino: posts small blind $0.50
Pumuking: posts big blind $1
*** HOLE CARDS ***
Quahrino: raises $1.50 to $2.50
Pumuking: folds 
Uncalled bet ($1.50) returned to Quahrino
Quahrino collected $2 from pot
Quahrino: doesn't show hand 
*** SUMMARY ***
Total pot $2 | Rake $0 
Seat 5: Joe_Li7
Seat 2: Quahrino (button) (small blind) collected ($2)
Seat 6: Pumuking (big blind) folded before Flop



PokerStars Hand #254516220340:  Hold'em No Limit ($0.50/$1.00 USD) - 2025/01/23 17:22:30 WET [2025/01/23 12:22:30 ET]
Table 'Amor III' 6-max Seat #6 is the button
Seat 5: Joe_Li7 ($100 in chips) is sitting out
Seat 2: Quahrino ($110.41 in chips) 
Seat 6: Pumuking ($100 in chips) 
Pumuking: posts small blind $0.50
Quahrino: posts big blind $1
*** HOLE CARDS ***
Joe_Li7 leaves the table
Pumuking: raises $1.50 to $2.50
Quahrino: raises $7.50 to $10
Pumuking: folds 
Uncalled bet ($7.50) returned to Quahrino
Quahrino collected $5 from pot
Quahrino: doesn't show hand 
*** SUMMARY ***
Total pot $5 | Rake $0 
Seat 5: Joe_Li7
Seat 2: Quahrino (big blind) collected ($5)
Seat 6: Pumuking (button) (small blind) folded before Flop



