PokerStars Hand #254519479199:  Hold'em No Limit ($0.50/$1.00 USD) - 2025/01/23 21:02:39 WET [2025/01/23 16:02:39 ET]
Table 'Halleria III' 6-max Seat #2 is the button
Seat 5: vadjkeee ($100 in chips) is sitting out
Seat 1: UnRRRReal ($100 in chips) 
Seat 2: blackclan7 ($113 in chips) 
Seat 3: Gfoer ($100 in chips) 
Seat 4: fugitive-Ty3 ($100 in chips) 
Seat 6: Cythian182 ($100 in chips) 
Gfoer: posts small blind $0.50
fugitive-Ty3: posts big blind $1
vadjkeee: sits out 
Cythian182: posts big blind $1
*** HOLE CARDS ***
Cythian182: raises $3.20 to $4.20
UnRRRReal: folds 
blackclan7: folds 
Gfoer: folds 
fugitive-Ty3: folds 
Uncalled bet ($3.20) returned to Cythian182
Cythian182 collected $2.50 from pot
*** SUMMARY ***
Total pot $2.50 | Rake $0 
Seat 5: vadjkeee
Seat 1: UnRRRReal folded before Flop (didn't bet)
Seat 2: blackclan7 (button) folded before Flop (didn't bet)
Seat 3: Gfoer (small blind) folded before Flop
Seat 4: fugitive-Ty3 (big blind) folded before Flop
Seat 6: Cythian182 collected ($2.50)



PokerStars Hand #254519484550:  Hold'em No Limit ($0.50/$1.00 USD) - 2025/01/23 21:02:56 WET [2025/01/23 16:02:56 ET]
Table 'Halleria III' 6-max Seat #3 is the button
Seat 1: UnRRRReal ($100 in chips) 
Seat 2: blackclan7 ($113 in chips) 
Seat 3: Gfoer ($100 in chips) 
Seat 4: fugitive-Ty3 ($100 in chips) 
Seat 5: vadjkeee ($100 in chips) 
Seat 6: Cythian182 ($101.50 in chips) 
fugitive-Ty3: posts small blind $0.50
vadjkeee: posts big blind $1
*** HOLE CARDS ***
Cythian182: folds 
UnRRRReal: folds 
blackclan7: folds 
Gfoer: folds 
fugitive-Ty3: raises $2 to $3
vadjkeee: folds 
Uncalled bet ($2) returned to fugitive-Ty3
fugitive-Ty3 collected $2 from pot
fugitive-Ty3: doesn't show hand 
*** SUMMARY ***
Total pot $2 | Rake $0 
Seat 1: UnRRRReal folded before Flop (didn't bet)
Seat 2: blackclan7 folded before Flop (didn't bet)
Seat 3: Gfoer (button) folded before Flop (didn't bet)
Seat 4: fugitive-Ty3 (small blind) collected ($2)
Seat 5: vadjkeee (big blind) folded before Flop
Seat 6: Cythian182 folded before Flop (didn't bet)



PokerStars Hand #254519489722:  Hold'em No Limit ($0.50/$1.00 USD) - 2025/01/23 21:03:13 WET [2025/01/23 16:03:13 ET]
Table 'Halleria III' 6-max Seat #4 is the button
Seat 1: UnRRRReal ($100 in chips) 
Seat 2: blackclan7 ($113 in chips) 
Seat 3: Gfoer ($100 in chips) 
Seat 4: fugitive-Ty3 ($101 in chips) 
Seat 5: vadjkeee ($100 in chips) 
Seat 6: Cythian182 ($101.50 in chips) 
vadjkeee: posts small blind $0.50
Cythian182: posts big blind $1
*** HOLE CARDS ***
UnRRRReal: folds 
blackclan7: folds 
Gfoer: raises $1.20 to $2.20
fugitive-Ty3: folds 
vadjkeee: folds 
Cythian182: folds 
Uncalled bet ($1.20) returned to Gfoer
Gfoer collected $2.50 from pot
Gfoer: doesn't show hand 
*** SUMMARY ***
Total pot $2.50 | Rake $0 
Seat 1: UnRRRReal folded before Flop (didn't bet)
Seat 2: blackclan7 folded before Flop (didn't bet)
Seat 3: Gfoer collected ($2.50)
Seat 4: fugitive-Ty3 (button) folded before Flop (didn't bet)
Seat 5: vadjkeee (small blind) folded before Flop
Seat 6: Cythian182 (big blind) folded before Flop



PokerStars Hand #254519496446:  Hold'em No Limit ($0.50/$1.00 USD) - 2025/01/23 21:03:36 WET [2025/01/23 16:03:36 ET]
Table 'Halleria III' 6-max Seat #5 is the button
Seat 1: UnRRRReal ($100 in chips) 
Seat 2: blackclan7 ($113 in chips) 
Seat 3: Gfoer ($101.50 in chips) 
Seat 4: fugitive-Ty3 ($101 in chips) 
Seat 5: vadjkeee ($100 in chips) 
Seat 6: Cythian182 ($100.50 in chips) 
Cythian182: posts small blind $0.50
UnRRRReal: posts big blind $1
*** HOLE CARDS ***
blackclan7: folds 
Gfoer: folds 
fugitive-Ty3: folds 
vadjkeee: folds 
Cythian182: folds 
Uncalled bet ($0.50) returned to UnRRRReal
UnRRRReal collected $1 from pot
UnRRRReal: doesn't show hand 
*** SUMMARY ***
Total pot $1 | Rake $0 
Seat 1: UnRRRReal (big blind) collected ($1)
Seat 2: blackclan7 folded before Flop (didn't bet)
Seat 3: Gfoer folded before Flop (didn't bet)
Seat 4: fugitive-Ty3 folded before Flop (didn't bet)
Seat 5: vadjkeee (button) folded before Flop (didn't bet)
Seat 6: Cythian182 (small blind) folded before Flop



PokerStars Hand #254519500074:  Hold'em No Limit ($0.50/$1.00 USD) - 2025/01/23 21:03:48 WET [2025/01/23 16:03:48 ET]
Table 'Halleria III' 6-max Seat #6 is the button
Seat 1: UnRRRReal ($100.50 in chips) 
Seat 2: blackclan7 ($113 in chips) 
Seat 3: Gfoer ($101.50 in chips) 
Seat 4: fugitive-Ty3 ($101 in chips) 
Seat 5: vadjkeee ($100 in chips) 
Seat 6: Cythian182 ($100 in chips) 
UnRRRReal: posts small blind $0.50
blackclan7: posts big blind $1
*** HOLE CARDS ***
Gfoer: folds 
fugitive-Ty3: folds 
vadjkeee: folds 
Cythian182: folds 
UnRRRReal: folds 
Uncalled bet ($0.50) returned to blackclan7
blackclan7 collected $1 from pot
blackclan7: doesn't show hand 
*** SUMMARY ***
Total pot $1 | Rake $0 
Seat 1: UnRRRReal (small blind) folded before Flop
Seat 2: blackclan7 (big blind) collected ($1)
Seat 3: Gfoer folded before Flop (didn't bet)
Seat 4: fugitive-Ty3 folded before Flop (didn't bet)
Seat 5: vadjkeee folded before Flop (didn't bet)
Seat 6: Cythian182 (button) folded before Flop (didn't bet)



PokerStars Hand #254519504390:  Hold'em No Limit ($0.50/$1.00 USD) - 2025/01/23 21:04:03 WET [2025/01/23 16:04:03 ET]
Table 'Halleria III' 6-max Seat #1 is the button
Seat 3: Gfoer ($101.50 in chips) is sitting out
Seat 1: UnRRRReal ($100 in chips) 
Seat 2: blackclan7 ($113.50 in chips) 
Seat 4: fugitive-Ty3 ($101 in chips) 
Seat 5: vadjkeee ($100 in chips) 
Seat 6: Cythian182 ($100 in chips) 
blackclan7: posts small blind $0.50
Gfoer: is sitting out 
fugitive-Ty3: posts big blind $1
*** HOLE CARDS ***
Gfoer leaves the table
vadjkeee: folds 
YeeesMan joins the table at seat #3 
Cythian182: folds 
UnRRRReal: raises $1.50 to $2.50
blackclan7: folds 
fugitive-Ty3: folds 
Uncalled bet ($1.50) returned to UnRRRReal
UnRRRReal collected $2.50 from pot
UnRRRReal: doesn't show hand 
*** SUMMARY ***
Total pot $2.50 | Rake $0 
Seat 3: Gfoer
Seat 1: UnRRRReal (button) collected ($2.50)
Seat 2: blackclan7 (small blind) folded before Flop
Seat 4: fugitive-Ty3 (big blind) folded before Flop
Seat 5: vadjkeee folded before Flop (didn't bet)
Seat 6: Cythian182 folded before Flop (didn't bet)



PokerStars Hand #254519513085:  Hold'em No Limit ($0.50/$1.00 USD) - 2025/01/23 21:04:32 WET [2025/01/23 16:04:32 ET]
Table 'Halleria III' 6-max Seat #2 is the button
Seat 3: YeeesMan ($100 in chips) is sitting out
Seat 1: UnRRRReal ($101.50 in chips) 
Seat 2: blackclan7 ($113 in chips) 
Seat 4: fugitive-Ty3 ($100 in chips) 
Seat 5: vadjkeee ($100 in chips) 
Seat 6: Cythian182 ($100 in chips) 
fugitive-Ty3: posts small blind $0.50
vadjkeee: posts big blind $1
*** HOLE CARDS ***
Cythian182: folds 
UnRRRReal: folds 
blackclan7: raises $1.50 to $2.50
fugitive-Ty3: folds 
vadjkeee: folds 
Uncalled bet ($1.50) returned to blackclan7
blackclan7 collected $2.50 from pot
blackclan7: doesn't show hand 
*** SUMMARY ***
Total pot $2.50 | Rake $0 
Seat 3: YeeesMan
Seat 1: UnRRRReal folded before Flop (didn't bet)
Seat 2: blackclan7 (button) collected ($2.50)
Seat 4: fugitive-Ty3 (small blind) folded before Flop
Seat 5: vadjkeee (big blind) folded before Flop
Seat 6: Cythian182 folded before Flop (didn't bet)



PokerStars Hand #254519518193:  Hold'em No Limit ($0.50/$1.00 USD) - 2025/01/23 21:04:49 WET [2025/01/23 16:04:49 ET]
Table 'Halleria III' 6-max Seat #4 is the button
Seat 3: YeeesMan ($100 in chips) is sitting out
Seat 1: UnRRRReal ($101.50 in chips) 
Seat 2: blackclan7 ($114.50 in chips) 
Seat 4: fugitive-Ty3 ($100 in chips) 
Seat 5: vadjkeee ($100 in chips) 
Seat 6: Cythian182 ($100 in chips) 
vadjkeee: posts small blind $0.50
Cythian182: posts big blind $1
YeeesMan: sits out 
*** HOLE CARDS ***
UnRRRReal: folds 
blackclan7: folds 
fugitive-Ty3: raises $1.50 to $2.50
vadjkeee: folds 
Cythian182: folds 
Uncalled bet ($1.50) returned to fugitive-Ty3
fugitive-Ty3 collected $2.50 from pot
fugitive-Ty3: doesn't show hand 
*** SUMMARY ***
Total pot $2.50 | Rake $0 
Seat 3: YeeesMan
Seat 1: UnRRRReal folded before Flop (didn't bet)
Seat 2: blackclan7 folded before Flop (didn't bet)
Seat 4: fugitive-Ty3 (button) collected ($2.50)
Seat 5: vadjkeee (small blind) folded before Flop
Seat 6: Cythian182 (big blind) folded before Flop



PokerStars Hand #254519523615:  Hold'em No Limit ($0.50/$1.00 USD) - 2025/01/23 21:05:07 WET [2025/01/23 16:05:07 ET]
Table 'Halleria III' 6-max Seat #5 is the button
Seat 3: YeeesMan ($100 in chips) is sitting out
Seat 1: UnRRRReal ($101.50 in chips) 
Seat 2: blackclan7 ($114.50 in chips) 
Seat 4: fugitive-Ty3 ($101.50 in chips) 
Seat 5: vadjkeee ($100 in chips) 
Seat 6: Cythian182 ($99 in chips) 
Cythian182: posts small blind $0.50
UnRRRReal: posts big blind $1
YeeesMan: sits out 
*** HOLE CARDS ***
blackclan7: raises $1 to $2
fugitive-Ty3: folds 
vadjkeee: folds 
Cythian182: folds 
UnRRRReal: calls $1
*** FLOP *** [Jh 2c 7d]
UnRRRReal: checks 
blackclan7: bets $2.18
UnRRRReal: folds 
Uncalled bet ($2.18) returned to blackclan7
blackclan7 collected $4.28 from pot
blackclan7: doesn't show hand 
*** SUMMARY ***
Total pot $4.50 | Rake $0.22 
Board [Jh 2c 7d]
Seat 3: YeeesMan
Seat 1: UnRRRReal (big blind) folded on the Flop
Seat 2: blackclan7 collected ($4.28)
Seat 4: fugitive-Ty3 folded before Flop (didn't bet)
Seat 5: vadjkeee (button) folded before Flop (didn't bet)
Seat 6: Cythian182 (small blind) folded before Flop



PokerStars Hand #254519533296:  Hold'em No Limit ($0.50/$1.00 USD) - 2025/01/23 21:05:39 WET [2025/01/23 16:05:39 ET]
Table 'Halleria III' 6-max Seat #6 is the button
Seat 2: blackclan7 ($116.78 in chips) is sitting out
Seat 1: UnRRRReal ($100 in chips) 
Seat 3: YeeesMan ($100 in chips) 
Seat 4: fugitive-Ty3 ($101.50 in chips) 
Seat 5: vadjkeee ($100 in chips) 
Seat 6: Cythian182 ($98.50 in chips) 
UnRRRReal: posts small blind $0.50
blackclan7: is sitting out 
blackclan7 leaves the table
YeeesMan: posts big blind $1
*** HOLE CARDS ***
fugitive-Ty3: folds 
vadjkeee: folds 
Cythian182: folds 
UnRRRReal: folds 
Uncalled bet ($0.50) returned to YeeesMan
YeeesMan collected $1 from pot
YeeesMan: doesn't show hand 
*** SUMMARY ***
Total pot $1 | Rake $0 
Seat 2: blackclan7
Seat 1: UnRRRReal (small blind) folded before Flop
Seat 3: YeeesMan (big blind) collected ($1)
Seat 4: fugitive-Ty3 folded before Flop (didn't bet)
Seat 5: vadjkeee folded before Flop (didn't bet)
Seat 6: Cythian182 (button) folded before Flop (didn't bet)



PokerStars Hand #254519537907:  Hold'em No Limit ($0.50/$1.00 USD) - 2025/01/23 21:05:54 WET [2025/01/23 16:05:54 ET]
Table 'Halleria III' 6-max Seat #1 is the button
Seat 4: fugitive-Ty3 ($101.50 in chips) is sitting out
Seat 1: UnRRRReal ($100 in chips) 
Seat 3: YeeesMan ($100.50 in chips) 
Seat 5: vadjkeee ($100 in chips) 
Seat 6: Cythian182 ($98.50 in chips) 
YeeesMan: posts small blind $0.50
fugitive-Ty3: is sitting out 
vadjkeee: posts big blind $1
*** HOLE CARDS ***
xcinaz joins the table at seat #2 
fugitive-Ty3 leaves the table
Cythian182: raises $2 to $3
UnRRRReal: folds 
Nicedaymybro joins the table at seat #4 
YeeesMan: folds 
vadjkeee: folds 
Uncalled bet ($2) returned to Cythian182
Cythian182 collected $2.50 from pot
*** SUMMARY ***
Total pot $2.50 | Rake $0 
Seat 4: fugitive-Ty3
Seat 1: UnRRRReal (button) folded before Flop (didn't bet)
Seat 3: YeeesMan (small blind) folded before Flop
Seat 5: vadjkeee (big blind) folded before Flop
Seat 6: Cythian182 collected ($2.50)



PokerStars Hand #254519544777:  Hold'em No Limit ($0.50/$1.00 USD) - 2025/01/23 21:06:16 WET [2025/01/23 16:06:16 ET]
Table 'Halleria III' 6-max Seat #3 is the button
Seat 2: xcinaz ($100 in chips) is sitting out
Seat 4: Nicedaymybro ($100 in chips) is sitting out
Seat 1: UnRRRReal ($100 in chips) 
Seat 3: YeeesMan ($100 in chips) 
Seat 5: vadjkeee ($100 in chips) 
Seat 6: Cythian182 ($100 in chips) 
vadjkeee: posts small blind $0.50
Cythian182: posts big blind $1
xcinaz: sits out 
*** HOLE CARDS ***
UnRRRReal: folds 
YeeesMan: folds 
vadjkeee: raises $2 to $3
Cythian182: calls $2
*** FLOP *** [Ac 6h 4d]
vadjkeee: bets $1.88
Cythian182: folds 
Uncalled bet ($1.88) returned to vadjkeee
vadjkeee collected $5.70 from pot
vadjkeee: doesn't show hand 
*** SUMMARY ***
Total pot $6 | Rake $0.30 
Board [Ac 6h 4d]
Seat 2: xcinaz
Seat 4: Nicedaymybro
Seat 1: UnRRRReal folded before Flop (didn't bet)
Seat 3: YeeesMan (button) folded before Flop (didn't bet)
Seat 5: vadjkeee (small blind) collected ($5.70)
Seat 6: Cythian182 (big blind) folded on the Flop



PokerStars Hand #254519555460:  Hold'em No Limit ($0.50/$1.00 USD) - 2025/01/23 21:06:52 WET [2025/01/23 16:06:52 ET]
Table 'Halleria III' 6-max Seat #5 is the button
Seat 2: xcinaz ($100 in chips) is sitting out
Seat 4: Nicedaymybro ($100 in chips) is sitting out
Seat 1: UnRRRReal ($100 in chips) 
Seat 3: YeeesMan ($100 in chips) 
Seat 5: vadjkeee ($102.70 in chips) 
Seat 6: Cythian182 ($97 in chips) 
Cythian182: posts small blind $0.50
UnRRRReal: posts big blind $1
xcinaz: sits out 
Nicedaymybro: sits out 
*** HOLE CARDS ***
YeeesMan: folds 
vadjkeee: raises $2 to $3
Cythian182: raises $10 to $13
UnRRRReal: raises $12 to $25
vadjkeee: folds 
xcinaz leaves the table
Cythian182: calls $12
*** FLOP *** [8h 9c Ks]
GuigaMan joins the table at seat #2 
Cythian182: checks 
UnRRRReal: bets $13
Cythian182: calls $13
*** TURN *** [8h 9c Ks] [Ac]
Cythian182: checks 
UnRRRReal: checks 
*** RIVER *** [8h 9c Ks Ac] [9s]
Cythian182: checks 
UnRRRReal: checks 
*** SHOW DOWN ***
Cythian182: shows [Kh Qh] (two pair, Kings and Nines)
UnRRRReal: shows [Jc Kc] (two pair, Kings and Nines)
Cythian182 collected $39 from pot
UnRRRReal collected $39 from pot
*** SUMMARY ***
Total pot $79 | Rake $1 
Board [8h 9c Ks Ac 9s]
Seat 2: xcinaz
Seat 4: Nicedaymybro
Seat 1: UnRRRReal (big blind) showed [Jc Kc] and won ($39) with two pair, Kings and Nines
Seat 3: YeeesMan folded before Flop (didn't bet)
Seat 5: vadjkeee (button) folded before Flop
Seat 6: Cythian182 (small blind) showed [Kh Qh] and won ($39) with two pair, Kings and Nines



PokerStars Hand #254519578076:  Hold'em No Limit ($0.50/$1.00 USD) - 2025/01/23 21:08:07 WET [2025/01/23 16:08:07 ET]
Table 'Halleria III' 6-max Seat #6 is the button
Seat 4: Nicedaymybro ($100 in chips) is sitting out
Seat 1: UnRRRReal ($101 in chips) 
Seat 2: GuigaMan ($100 in chips) 
Seat 3: YeeesMan ($100 in chips) 
Seat 5: vadjkeee ($100 in chips) 
Seat 6: Cythian182 ($98 in chips) 
UnRRRReal: posts small blind $0.50
GuigaMan: posts big blind $1
Nicedaymybro: sits out 
*** HOLE CARDS ***
YeeesMan: folds 
vadjkeee: folds 
Cythian182: folds 
UnRRRReal: raises $2 to $3
GuigaMan: calls $2
*** FLOP *** [2h 3s Kc]
vadjkeee leaves the table
UnRRRReal: bets $1.88
GuigaMan: folds 
Uncalled bet ($1.88) returned to UnRRRReal
UnRRRReal collected $5.70 from pot
UnRRRReal: doesn't show hand 
*** SUMMARY ***
Total pot $6 | Rake $0.30 
Board [2h 3s Kc]
Seat 4: Nicedaymybro
Seat 1: UnRRRReal (small blind) collected ($5.70)
Seat 2: GuigaMan (big blind) folded on the Flop
Seat 3: YeeesMan folded before Flop (didn't bet)
Seat 5: vadjkeee folded before Flop (didn't bet)
Seat 6: Cythian182 (button) folded before Flop (didn't bet)



PokerStars Hand #254519583600:  Hold'em No Limit ($0.50/$1.00 USD) - 2025/01/23 21:08:25 WET [2025/01/23 16:08:25 ET]
Table 'Halleria III' 6-max Seat #1 is the button
Seat 3: YeeesMan ($100 in chips) is sitting out
Seat 1: UnRRRReal ($103.70 in chips) 
Seat 2: GuigaMan ($100 in chips) 
Seat 4: Nicedaymybro ($100 in chips) 
Seat 6: Cythian182 ($98 in chips) 
GuigaMan: posts small blind $0.50
YeeesMan: is sitting out 
Nicedaymybro: posts big blind $1
*** HOLE CARDS ***
Cythian182: folds 
UnRRRReal: folds 
GuigaMan: folds 
Uncalled bet ($0.50) returned to Nicedaymybro
Nicedaymybro collected $1 from pot
Nicedaymybro: doesn't show hand 
*** SUMMARY ***
Total pot $1 | Rake $0 
Seat 3: YeeesMan
Seat 1: UnRRRReal (button) folded before Flop (didn't bet)
Seat 2: GuigaMan (small blind) folded before Flop
Seat 4: Nicedaymybro (big blind) collected ($1)
Seat 6: Cythian182 folded before Flop (didn't bet)



PokerStars Hand #254519586156:  Hold'em No Limit ($0.50/$1.00 USD) - 2025/01/23 21:08:34 WET [2025/01/23 16:08:34 ET]
Table 'Halleria III' 6-max Seat #2 is the button
Seat 3: YeeesMan ($100 in chips) is sitting out
Seat 1: UnRRRReal ($103.70 in chips) 
Seat 2: GuigaMan ($100 in chips) 
Seat 4: Nicedaymybro ($100.50 in chips) 
Seat 6: Cythian182 ($98 in chips) 
Nicedaymybro: posts small blind $0.50
Cythian182: posts big blind $1
*** HOLE CARDS ***
UnRRRReal: raises $1.50 to $2.50
GuigaMan: folds 
Nicedaymybro: folds 
Timonessb joins the table at seat #5 
YeeesMan leaves the table
Cythian182: raises $8.50 to $11
UnRRRReal: folds 
Uncalled bet ($8.50) returned to Cythian182
Cythian182 collected $5.50 from pot
*** SUMMARY ***
Total pot $5.50 | Rake $0 
Seat 3: YeeesMan
Seat 1: UnRRRReal folded before Flop
Seat 2: GuigaMan (button) folded before Flop (didn't bet)
Seat 4: Nicedaymybro (small blind) folded before Flop
Seat 6: Cythian182 (big blind) collected ($5.50)



PokerStars Hand #254519594028:  Hold'em No Limit ($0.50/$1.00 USD) - 2025/01/23 21:09:00 WET [2025/01/23 16:09:00 ET]
Table 'Halleria III' 6-max Seat #4 is the button
Seat 5: Timonessb ($100 in chips) is sitting out
Seat 1: UnRRRReal ($101.20 in chips) 
Seat 2: GuigaMan ($100 in chips) 
Seat 4: Nicedaymybro ($100 in chips) 
Seat 6: Cythian182 ($101 in chips) 
Cythian182: posts small blind $0.50
UnRRRReal: posts big blind $1
*** HOLE CARDS ***
GuigaMan: folds 
Nicedaymybro: raises $1.50 to $2.50
Cythian182: folds 
UnRRRReal: folds 
Uncalled bet ($1.50) returned to Nicedaymybro
Nicedaymybro collected $2.50 from pot
Nicedaymybro: doesn't show hand 
*** SUMMARY ***
Total pot $2.50 | Rake $0 
Seat 5: Timonessb
Seat 1: UnRRRReal (big blind) folded before Flop
Seat 2: GuigaMan folded before Flop (didn't bet)
Seat 4: Nicedaymybro (button) collected ($2.50)
Seat 6: Cythian182 (small blind) folded before Flop



PokerStars Hand #254519598460:  Hold'em No Limit ($0.50/$1.00 USD) - 2025/01/23 21:09:15 WET [2025/01/23 16:09:15 ET]
Table 'Halleria III' 6-max Seat #6 is the button
Seat 5: Timonessb ($100 in chips) is sitting out
Seat 1: UnRRRReal ($100.20 in chips) 
Seat 2: GuigaMan ($100 in chips) 
Seat 4: Nicedaymybro ($101.50 in chips) 
Seat 6: Cythian182 ($100.50 in chips) 
UnRRRReal: posts small blind $0.50
GuigaMan: posts big blind $1
Timonessb: sits out 
*** HOLE CARDS ***
Nicedaymybro: folds 
Cythian182: folds 
UnRRRReal: folds 
Uncalled bet ($0.50) returned to GuigaMan
GuigaMan collected $1 from pot
*** SUMMARY ***
Total pot $1 | Rake $0 
Seat 5: Timonessb
Seat 1: UnRRRReal (small blind) folded before Flop
Seat 2: GuigaMan (big blind) collected ($1)
Seat 4: Nicedaymybro folded before Flop (didn't bet)
Seat 6: Cythian182 (button) folded before Flop (didn't bet)



PokerStars Hand #254519607789:  Hold'em No Limit ($0.50/$1.00 USD) - 2025/01/23 21:09:46 WET [2025/01/23 16:09:46 ET]
Table 'Halleria III' 6-max Seat #1 is the button
Seat 5: Timonessb ($100 in chips) is sitting out
Seat 1: UnRRRReal ($100 in chips) 
Seat 2: GuigaMan ($100.50 in chips) 
Seat 4: Nicedaymybro ($101.50 in chips) 
Seat 6: Cythian182 ($100.50 in chips) 
GuigaMan: posts small blind $0.50
Nicedaymybro: posts big blind $1
Timonessb: sits out 
*** HOLE CARDS ***
Cythian182: folds 
UnRRRReal: folds 
GuigaMan: folds 
Uncalled bet ($0.50) returned to Nicedaymybro
Nicedaymybro collected $1 from pot
Nicedaymybro: doesn't show hand 
*** SUMMARY ***
Total pot $1 | Rake $0 
Seat 5: Timonessb
Seat 1: UnRRRReal (button) folded before Flop (didn't bet)
Seat 2: GuigaMan (small blind) folded before Flop
Seat 4: Nicedaymybro (big blind) collected ($1)
Seat 6: Cythian182 folded before Flop (didn't bet)



PokerStars Hand #254519610424:  Hold'em No Limit ($0.50/$1.00 USD) - 2025/01/23 21:09:55 WET [2025/01/23 16:09:55 ET]
Table 'Halleria III' 6-max Seat #2 is the button
Seat 1: UnRRRReal ($100 in chips) 
Seat 2: GuigaMan ($100 in chips) 
Seat 4: Nicedaymybro ($102 in chips) 
Seat 5: Timonessb ($100 in chips) 
Seat 6: Cythian182 ($100.50 in chips) 
Nicedaymybro: posts small blind $0.50
Timonessb: posts big blind $1
*** HOLE CARDS ***
Cythian182: folds 
UnRRRReal: folds 
GuigaMan: raises $1.50 to $2.50
Nicedaymybro: folds 
Timonessb: folds 
Uncalled bet ($1.50) returned to GuigaMan
GuigaMan collected $2.50 from pot
*** SUMMARY ***
Total pot $2.50 | Rake $0 
Seat 1: UnRRRReal folded before Flop (didn't bet)
Seat 2: GuigaMan (button) collected ($2.50)
Seat 4: Nicedaymybro (small blind) folded before Flop
Seat 5: Timonessb (big blind) folded before Flop
Seat 6: Cythian182 folded before Flop (didn't bet)



PokerStars Hand #254519616138:  Hold'em No Limit ($0.50/$1.00 USD) - 2025/01/23 21:10:14 WET [2025/01/23 16:10:14 ET]
Table 'Halleria III' 6-max Seat #4 is the button
Seat 1: UnRRRReal ($100 in chips) 
Seat 2: GuigaMan ($101.50 in chips) 
Seat 4: Nicedaymybro ($101.50 in chips) 
Seat 5: Timonessb ($100 in chips) 
Seat 6: Cythian182 ($100.50 in chips) 
Timonessb: posts small blind $0.50
Cythian182: posts big blind $1
*** HOLE CARDS ***
UnRRRReal: folds 
GuigaMan: folds 
Nicedaymybro: raises $1.50 to $2.50
Timonessb: folds 
Bessie0009 joins the table at seat #3 
Bessie0009 is disconnected 
Cythian182: folds 
Uncalled bet ($1.50) returned to Nicedaymybro
Nicedaymybro collected $2.50 from pot
Nicedaymybro: doesn't show hand 
*** SUMMARY ***
Total pot $2.50 | Rake $0 
Seat 1: UnRRRReal folded before Flop (didn't bet)
Seat 2: GuigaMan folded before Flop (didn't bet)
Seat 4: Nicedaymybro (button) collected ($2.50)
Seat 5: Timonessb (small blind) folded before Flop
Seat 6: Cythian182 (big blind) folded before Flop



PokerStars Hand #254519624310:  Hold'em No Limit ($0.50/$1.00 USD) - 2025/01/23 21:10:41 WET [2025/01/23 16:10:41 ET]
Table 'Halleria III' 6-max Seat #5 is the button
Seat 3: Bessie0009 ($19.25 in chips) is sitting out
Seat 1: UnRRRReal ($100 in chips) 
Seat 2: GuigaMan ($101.50 in chips) 
Seat 4: Nicedaymybro ($103 in chips) 
Seat 5: Timonessb ($100 in chips) 
Seat 6: Cythian182 ($99.50 in chips) 
Cythian182: posts small blind $0.50
UnRRRReal: posts big blind $1
Bessie0009: sits out 
*** HOLE CARDS ***
GuigaMan: folds 
Nicedaymybro: raises $1.50 to $2.50
Timonessb: folds 
Cythian182: folds 
UnRRRReal: raises $10.50 to $13
Nicedaymybro: calls $10.50
*** FLOP *** [4h 5s 2h]
UnRRRReal: bets $18.89
Nicedaymybro: folds 
Uncalled bet ($18.89) returned to UnRRRReal
UnRRRReal collected $25.18 from pot
UnRRRReal: doesn't show hand 
*** SUMMARY ***
Total pot $26.50 | Rake $1.32 
Board [4h 5s 2h]
Seat 3: Bessie0009
Seat 1: UnRRRReal (big blind) collected ($25.18)
Seat 2: GuigaMan folded before Flop (didn't bet)
Seat 4: Nicedaymybro folded on the Flop
Seat 5: Timonessb (button) folded before Flop (didn't bet)
Seat 6: Cythian182 (small blind) folded before Flop



PokerStars Hand #254519635781:  Hold'em No Limit ($0.50/$1.00 USD) - 2025/01/23 21:11:18 WET [2025/01/23 16:11:18 ET]
Table 'Halleria III' 6-max Seat #6 is the button
Seat 3: Bessie0009 ($19.25 in chips) is sitting out
Seat 1: UnRRRReal ($112.18 in chips) 
Seat 2: GuigaMan ($101.50 in chips) 
Seat 4: Nicedaymybro ($100 in chips) 
Seat 5: Timonessb ($100 in chips) 
Seat 6: Cythian182 ($99 in chips) 
UnRRRReal: posts small blind $0.50
GuigaMan: posts big blind $1
Bessie0009: sits out 
*** HOLE CARDS ***
Nicedaymybro: folds 
Timonessb: raises $1.30 to $2.30
Cythian182: folds 
UnRRRReal: folds 
GuigaMan: calls $1.30
*** FLOP *** [2s 2h 5s]
GuigaMan: checks 
Timonessb: checks 
*** TURN *** [2s 2h 5s] [Kd]
GuigaMan: checks 
Timonessb: bets $4.99
GuigaMan: calls $4.99
*** RIVER *** [2s 2h 5s Kd] [3c]
GuigaMan: checks 
Timonessb: bets $18.90
GuigaMan: calls $18.90
*** SHOW DOWN ***
Timonessb: shows [Ad Ac] (two pair, Aces and Deuces)
GuigaMan: mucks hand 
Timonessb collected $50.38 from pot
*** SUMMARY ***
Total pot $52.88 | Rake $2.50 
Board [2s 2h 5s Kd 3c]
Seat 3: Bessie0009
Seat 1: UnRRRReal (small blind) folded before Flop
Seat 2: GuigaMan (big blind) mucked
Seat 4: Nicedaymybro folded before Flop (didn't bet)
Seat 5: Timonessb showed [Ad Ac] and won ($50.38) with two pair, Aces and Deuces
Seat 6: Cythian182 (button) folded before Flop (didn't bet)



PokerStars Hand #254519648534:  Hold'em No Limit ($0.50/$1.00 USD) - 2025/01/23 21:12:00 WET [2025/01/23 16:12:00 ET]
Table 'Halleria III' 6-max Seat #1 is the button
Seat 1: UnRRRReal ($111.68 in chips) 
Seat 2: GuigaMan ($100 in chips) 
Seat 3: Bessie0009 ($19.25 in chips) 
Seat 4: Nicedaymybro ($100 in chips) 
Seat 5: Timonessb ($124.19 in chips) 
Seat 6: Cythian182 ($99 in chips) 
GuigaMan: posts small blind $0.50
Bessie0009: posts big blind $1
*** HOLE CARDS ***
Nicedaymybro: folds 
Timonessb: folds 
Cythian182: raises $2 to $3
UnRRRReal: raises $6 to $9
GuigaMan: folds 
Bessie0009: folds 
Cythian182: calls $6
*** FLOP *** [9s 2d 5c]
Cythian182: checks 
UnRRRReal: checks 
*** TURN *** [9s 2d 5c] [Ts]
Cythian182: bets $13
UnRRRReal: calls $13
*** RIVER *** [9s 2d 5c Ts] [Kd]
Cythian182: bets $9.50
UnRRRReal: folds 
Uncalled bet ($9.50) returned to Cythian182
Cythian182 collected $43.22 from pot
*** SUMMARY ***
Total pot $45.50 | Rake $2.28 
Board [9s 2d 5c Ts Kd]
Seat 1: UnRRRReal (button) folded on the River
Seat 2: GuigaMan (small blind) folded before Flop
Seat 3: Bessie0009 (big blind) folded before Flop
Seat 4: Nicedaymybro folded before Flop (didn't bet)
Seat 5: Timonessb folded before Flop (didn't bet)
Seat 6: Cythian182 collected ($43.22)



PokerStars Hand #254519668707:  Hold'em No Limit ($0.50/$1.00 USD) - 2025/01/23 21:13:06 WET [2025/01/23 16:13:06 ET]
Table 'Halleria III' 6-max Seat #2 is the button
Seat 1: UnRRRReal ($100 in chips) 
Seat 2: GuigaMan ($100 in chips) 
Seat 3: Bessie0009 ($18.25 in chips) 
Seat 4: Nicedaymybro ($100 in chips) 
Seat 5: Timonessb ($124.19 in chips) 
Seat 6: Cythian182 ($120.22 in chips) 
Bessie0009: posts small blind $0.50
Nicedaymybro: posts big blind $1
*** HOLE CARDS ***
Timonessb: folds 
Cythian182: raises $2 to $3
UnRRRReal: folds 
GuigaMan: folds 
Bessie0009: folds 
Nicedaymybro: calls $2
*** FLOP *** [Kd 3h Th]
Nicedaymybro: checks 
Cythian182: bets $3
Nicedaymybro: raises $9.14 to $12.14
Cythian182: folds 
Uncalled bet ($9.14) returned to Nicedaymybro
Nicedaymybro collected $11.88 from pot
Nicedaymybro: doesn't show hand 
*** SUMMARY ***
Total pot $12.50 | Rake $0.62 
Board [Kd 3h Th]
Seat 1: UnRRRReal folded before Flop (didn't bet)
Seat 2: GuigaMan (button) folded before Flop (didn't bet)
Seat 3: Bessie0009 (small blind) folded before Flop
Seat 4: Nicedaymybro (big blind) collected ($11.88)
Seat 5: Timonessb folded before Flop (didn't bet)
Seat 6: Cythian182 folded on the Flop



PokerStars Hand #254519681611:  Hold'em No Limit ($0.50/$1.00 USD) - 2025/01/23 21:13:48 WET [2025/01/23 16:13:48 ET]
Table 'Halleria III' 6-max Seat #3 is the button
Seat 1: UnRRRReal ($100 in chips) 
Seat 2: GuigaMan ($100 in chips) 
Seat 3: Bessie0009 ($17.75 in chips) 
Seat 4: Nicedaymybro ($105.88 in chips) 
Seat 5: Timonessb ($124.19 in chips) 
Seat 6: Cythian182 ($114.22 in chips) 
Nicedaymybro: posts small blind $0.50
Timonessb: posts big blind $1
*** HOLE CARDS ***
Cythian182: folds 
UnRRRReal: folds 
GuigaMan: folds 
Bessie0009: raises $2.50 to $3.50
Nicedaymybro: folds 
Timonessb: folds 
Uncalled bet ($2.50) returned to Bessie0009
Bessie0009 collected $2.50 from pot
*** SUMMARY ***
Total pot $2.50 | Rake $0 
Seat 1: UnRRRReal folded before Flop (didn't bet)
Seat 2: GuigaMan folded before Flop (didn't bet)
Seat 3: Bessie0009 (button) collected ($2.50)
Seat 4: Nicedaymybro (small blind) folded before Flop
Seat 5: Timonessb (big blind) folded before Flop
Seat 6: Cythian182 folded before Flop (didn't bet)



PokerStars Hand #254519686587:  Hold'em No Limit ($0.50/$1.00 USD) - 2025/01/23 21:14:04 WET [2025/01/23 16:14:04 ET]
Table 'Halleria III' 6-max Seat #4 is the button
Seat 1: UnRRRReal ($100 in chips) 
Seat 2: GuigaMan ($100 in chips) 
Seat 3: Bessie0009 ($19.25 in chips) 
Seat 4: Nicedaymybro ($105.38 in chips) 
Seat 5: Timonessb ($123.19 in chips) 
Seat 6: Cythian182 ($114.22 in chips) 
Timonessb: posts small blind $0.50
Cythian182: posts big blind $1
*** HOLE CARDS ***
UnRRRReal: folds 
GuigaMan: folds 
Bessie0009: folds 
Nicedaymybro: raises $1.50 to $2.50
Timonessb: raises $9.50 to $12
Cythian182: folds 
Nicedaymybro: folds 
Uncalled bet ($9.50) returned to Timonessb
Timonessb collected $6 from pot
*** SUMMARY ***
Total pot $6 | Rake $0 
Seat 1: UnRRRReal folded before Flop (didn't bet)
Seat 2: GuigaMan folded before Flop (didn't bet)
Seat 3: Bessie0009 folded before Flop (didn't bet)
Seat 4: Nicedaymybro (button) folded before Flop
Seat 5: Timonessb (small blind) collected ($6)
Seat 6: Cythian182 (big blind) folded before Flop



PokerStars Hand #254519694895:  Hold'em No Limit ($0.50/$1.00 USD) - 2025/01/23 21:14:31 WET [2025/01/23 16:14:31 ET]
Table 'Halleria III' 6-max Seat #5 is the button
Seat 1: UnRRRReal ($100 in chips) 
Seat 2: GuigaMan ($100 in chips) 
Seat 3: Bessie0009 ($19.25 in chips) 
Seat 4: Nicedaymybro ($102.88 in chips) 
Seat 5: Timonessb ($126.69 in chips) 
Seat 6: Cythian182 ($113.22 in chips) 
Cythian182: posts small blind $0.50
UnRRRReal: posts big blind $1
*** HOLE CARDS ***
GuigaMan: folds 
Bessie0009: raises $2.50 to $3.50
Nicedaymybro: folds 
Timonessb: folds 
Cythian182: folds 
UnRRRReal: folds 
Uncalled bet ($2.50) returned to Bessie0009
Bessie0009 collected $2.50 from pot
*** SUMMARY ***
Total pot $2.50 | Rake $0 
Seat 1: UnRRRReal (big blind) folded before Flop
Seat 2: GuigaMan folded before Flop (didn't bet)
Seat 3: Bessie0009 collected ($2.50)
Seat 4: Nicedaymybro folded before Flop (didn't bet)
Seat 5: Timonessb (button) folded before Flop (didn't bet)
Seat 6: Cythian182 (small blind) folded before Flop



PokerStars Hand #254519699656:  Hold'em No Limit ($0.50/$1.00 USD) - 2025/01/23 21:14:46 WET [2025/01/23 16:14:46 ET]
Table 'Halleria III' 6-max Seat #6 is the button
Seat 1: UnRRRReal ($100 in chips) 
Seat 2: GuigaMan ($100 in chips) 
Seat 3: Bessie0009 ($20.75 in chips) 
Seat 4: Nicedaymybro ($102.88 in chips) 
Seat 5: Timonessb ($126.69 in chips) 
Seat 6: Cythian182 ($112.72 in chips) 
UnRRRReal: posts small blind $0.50
GuigaMan: posts big blind $1
*** HOLE CARDS ***
Bessie0009: folds 
Nicedaymybro: folds 
Timonessb: folds 
Cythian182: raises $2 to $3
UnRRRReal: folds 
GuigaMan: raises $8 to $11
Cythian182: calls $8
*** FLOP *** [7c 3h 5h]
GuigaMan: checks 
Cythian182: bets $6.35
GuigaMan: calls $6.35
*** TURN *** [7c 3h 5h] [6d]
GuigaMan: checks 
Cythian182: bets $20
GuigaMan: folds 
Uncalled bet ($20) returned to Cythian182
Cythian182 collected $33.44 from pot
*** SUMMARY ***
Total pot $35.20 | Rake $1.76 
Board [7c 3h 5h 6d]
Seat 1: UnRRRReal (small blind) folded before Flop
Seat 2: GuigaMan (big blind) folded on the Turn
Seat 3: Bessie0009 folded before Flop (didn't bet)
Seat 4: Nicedaymybro folded before Flop (didn't bet)
Seat 5: Timonessb folded before Flop (didn't bet)
Seat 6: Cythian182 (button) collected ($33.44)



PokerStars Hand #254519719357:  Hold'em No Limit ($0.50/$1.00 USD) - 2025/01/23 21:15:49 WET [2025/01/23 16:15:49 ET]
Table 'Halleria III' 6-max Seat #1 is the button
Seat 1: UnRRRReal ($100 in chips) 
Seat 2: GuigaMan ($100 in chips) 
Seat 3: Bessie0009 ($20.75 in chips) 
Seat 4: Nicedaymybro ($102.88 in chips) 
Seat 5: Timonessb ($126.69 in chips) 
Seat 6: Cythian182 ($128.81 in chips) 
GuigaMan: posts small blind $0.50
Bessie0009: posts big blind $1
*** HOLE CARDS ***
Nicedaymybro: raises $1.50 to $2.50
Timonessb: folds 
Cythian182: folds 
UnRRRReal: folds 
GuigaMan: folds 
Bessie0009: calls $1.50
*** FLOP *** [Qd Td Kd]
Bessie0009: checks 
Nicedaymybro: bets $1
Bessie0009: raises $7.22 to $8.22
Nicedaymybro: raises $19.46 to $27.68
Bessie0009: folds 
Uncalled bet ($19.46) returned to Nicedaymybro
Nicedaymybro collected $20.84 from pot
Nicedaymybro: doesn't show hand 
*** SUMMARY ***
Total pot $21.94 | Rake $1.10 
Board [Qd Td Kd]
Seat 1: UnRRRReal (button) folded before Flop (didn't bet)
Seat 2: GuigaMan (small blind) folded before Flop
Seat 3: Bessie0009 (big blind) folded on the Flop
Seat 4: Nicedaymybro collected ($20.84)
Seat 5: Timonessb folded before Flop (didn't bet)
Seat 6: Cythian182 folded before Flop (didn't bet)



PokerStars Hand #254519731258:  Hold'em No Limit ($0.50/$1.00 USD) - 2025/01/23 21:16:28 WET [2025/01/23 16:16:28 ET]
Table 'Halleria III' 6-max Seat #2 is the button
Seat 1: UnRRRReal ($100 in chips) 
Seat 2: GuigaMan ($100 in chips) 
Seat 3: Bessie0009 ($10.03 in chips) 
Seat 4: Nicedaymybro ($113 in chips) 
Seat 5: Timonessb ($126.69 in chips) 
Seat 6: Cythian182 ($128.81 in chips) 
Bessie0009: posts small blind $0.50
Nicedaymybro: posts big blind $1
*** HOLE CARDS ***
Timonessb: raises $1 to $2
Cythian182: folds 
UnRRRReal: folds 
GuigaMan: calls $2
Bessie0009: calls $1.50
Nicedaymybro: folds 
*** FLOP *** [6s Ah 8d]
Bessie0009: checks 
Timonessb: checks 
GuigaMan: bets $3.59
Bessie0009: folds 
Timonessb: folds 
Uncalled bet ($3.59) returned to GuigaMan
GuigaMan collected $6.65 from pot
*** SUMMARY ***
Total pot $7 | Rake $0.35 
Board [6s Ah 8d]
Seat 1: UnRRRReal folded before Flop (didn't bet)
Seat 2: GuigaMan (button) collected ($6.65)
Seat 3: Bessie0009 (small blind) folded on the Flop
Seat 4: Nicedaymybro (big blind) folded before Flop
Seat 5: Timonessb folded on the Flop
Seat 6: Cythian182 folded before Flop (didn't bet)



PokerStars Hand #254519739316:  Hold'em No Limit ($0.50/$1.00 USD) - 2025/01/23 21:16:53 WET [2025/01/23 16:16:53 ET]
Table 'Halleria III' 6-max Seat #3 is the button
Seat 1: UnRRRReal ($100 in chips) 
Seat 2: GuigaMan ($104.65 in chips) 
Seat 3: Bessie0009 ($8.03 in chips) 
Seat 4: Nicedaymybro ($112 in chips) 
Seat 5: Timonessb ($124.69 in chips) 
Seat 6: Cythian182 ($128.81 in chips) 
Nicedaymybro: posts small blind $0.50
Timonessb: posts big blind $1
*** HOLE CARDS ***
Cythian182: folds 
UnRRRReal: folds 
GuigaMan: folds 
Bessie0009: raises $2.50 to $3.50
Nicedaymybro: folds 
Timonessb: folds 
Uncalled bet ($2.50) returned to Bessie0009
Bessie0009 collected $2.50 from pot
*** SUMMARY ***
Total pot $2.50 | Rake $0 
Seat 1: UnRRRReal folded before Flop (didn't bet)
Seat 2: GuigaMan folded before Flop (didn't bet)
Seat 3: Bessie0009 (button) collected ($2.50)
Seat 4: Nicedaymybro (small blind) folded before Flop
Seat 5: Timonessb (big blind) folded before Flop
Seat 6: Cythian182 folded before Flop (didn't bet)



PokerStars Hand #254519745800:  Hold'em No Limit ($0.50/$1.00 USD) - 2025/01/23 21:17:15 WET [2025/01/23 16:17:15 ET]
Table 'Halleria III' 6-max Seat #4 is the button
Seat 1: UnRRRReal ($100 in chips) 
Seat 2: GuigaMan ($104.65 in chips) 
Seat 3: Bessie0009 ($9.53 in chips) 
Seat 4: Nicedaymybro ($111.50 in chips) 
Seat 5: Timonessb ($123.69 in chips) 
Seat 6: Cythian182 ($128.81 in chips) 
Timonessb: posts small blind $0.50
Cythian182: posts big blind $1
*** HOLE CARDS ***
UnRRRReal: raises $1.50 to $2.50
GuigaMan: folds 
Bessie0009: folds 
Nicedaymybro: folds 
Timonessb: folds 
Cythian182: folds 
Uncalled bet ($1.50) returned to UnRRRReal
UnRRRReal collected $2.50 from pot
UnRRRReal: doesn't show hand 
*** SUMMARY ***
Total pot $2.50 | Rake $0 
Seat 1: UnRRRReal collected ($2.50)
Seat 2: GuigaMan folded before Flop (didn't bet)
Seat 3: Bessie0009 folded before Flop (didn't bet)
Seat 4: Nicedaymybro (button) folded before Flop (didn't bet)
Seat 5: Timonessb (small blind) folded before Flop
Seat 6: Cythian182 (big blind) folded before Flop



PokerStars Hand #254519749827:  Hold'em No Limit ($0.50/$1.00 USD) - 2025/01/23 21:17:28 WET [2025/01/23 16:17:28 ET]
Table 'Halleria III' 6-max Seat #5 is the button
Seat 1: UnRRRReal ($101.50 in chips) 
Seat 2: GuigaMan ($104.65 in chips) 
Seat 3: Bessie0009 ($9.53 in chips) 
Seat 4: Nicedaymybro ($111.50 in chips) 
Seat 5: Timonessb ($123.19 in chips) 
Seat 6: Cythian182 ($127.81 in chips) 
Cythian182: posts small blind $0.50
UnRRRReal: posts big blind $1
*** HOLE CARDS ***
GuigaMan: folds 
Bessie0009: raises $1 to $2
Nicedaymybro: folds 
Timonessb: folds 
Cythian182: folds 
UnRRRReal: folds 
Uncalled bet ($1) returned to Bessie0009
Bessie0009 collected $2.50 from pot
*** SUMMARY ***
Total pot $2.50 | Rake $0 
Seat 1: UnRRRReal (big blind) folded before Flop
Seat 2: GuigaMan folded before Flop (didn't bet)
Seat 3: Bessie0009 collected ($2.50)
Seat 4: Nicedaymybro folded before Flop (didn't bet)
Seat 5: Timonessb (button) folded before Flop (didn't bet)
Seat 6: Cythian182 (small blind) folded before Flop



PokerStars Hand #254519754144:  Hold'em No Limit ($0.50/$1.00 USD) - 2025/01/23 21:17:41 WET [2025/01/23 16:17:41 ET]
Table 'Halleria III' 6-max Seat #6 is the button
Seat 1: UnRRRReal ($100.50 in chips) 
Seat 2: GuigaMan ($104.65 in chips) 
Seat 3: Bessie0009 ($11.03 in chips) 
Seat 4: Nicedaymybro ($111.50 in chips) 
Seat 5: Timonessb ($123.19 in chips) 
Seat 6: Cythian182 ($127.31 in chips) 
UnRRRReal: posts small blind $0.50
GuigaMan: posts big blind $1
*** HOLE CARDS ***
Bessie0009: raises $2.50 to $3.50
Nicedaymybro: folds 
Timonessb: folds 
Cythian182: raises $8.50 to $12
UnRRRReal: folds 
GuigaMan: folds 
Bessie0009: calls $7.53 and is all-in
Uncalled bet ($0.97) returned to Cythian182
*** FLOP *** [4h 2d 7s]
*** TURN *** [4h 2d 7s] [Tc]
*** RIVER *** [4h 2d 7s Tc] [Kd]
*** SHOW DOWN ***
Bessie0009: shows [Ad 2h] (a pair of Deuces)
Cythian182: shows [8h Ah] (high card Ace)
Bessie0009 collected $22.38 from pot
*** SUMMARY ***
Total pot $23.56 | Rake $1.18 
Board [4h 2d 7s Tc Kd]
Seat 1: UnRRRReal (small blind) folded before Flop
Seat 2: GuigaMan (big blind) folded before Flop
Seat 3: Bessie0009 showed [Ad 2h] and won ($22.38) with a pair of Deuces
Seat 4: Nicedaymybro folded before Flop (didn't bet)
Seat 5: Timonessb folded before Flop (didn't bet)
Seat 6: Cythian182 (button) showed [8h Ah] and lost with high card Ace



PokerStars Hand #254519765006:  Hold'em No Limit ($0.50/$1.00 USD) - 2025/01/23 21:18:17 WET [2025/01/23 16:18:17 ET]
Table 'Halleria III' 6-max Seat #1 is the button
Seat 1: UnRRRReal ($100 in chips) 
Seat 2: GuigaMan ($103.65 in chips) 
Seat 3: Bessie0009 ($22.38 in chips) 
Seat 4: Nicedaymybro ($111.50 in chips) 
Seat 5: Timonessb ($123.19 in chips) 
Seat 6: Cythian182 ($116.28 in chips) 
GuigaMan: posts small blind $0.50
Bessie0009: posts big blind $1
*** HOLE CARDS ***
Nicedaymybro: folds 
Timonessb: folds 
Cythian182: folds 
UnRRRReal: raises $1.50 to $2.50
GuigaMan: calls $2
Bessie0009: calls $1.50
*** FLOP *** [3d Ts Ks]
GuigaMan: checks 
Bessie0009: checks 
UnRRRReal: bets $2.35
GuigaMan: folds 
Bessie0009: folds 
Uncalled bet ($2.35) returned to UnRRRReal
UnRRRReal collected $7.12 from pot
UnRRRReal: doesn't show hand 
*** SUMMARY ***
Total pot $7.50 | Rake $0.38 
Board [3d Ts Ks]
Seat 1: UnRRRReal (button) collected ($7.12)
Seat 2: GuigaMan (small blind) folded on the Flop
Seat 3: Bessie0009 (big blind) folded on the Flop
Seat 4: Nicedaymybro folded before Flop (didn't bet)
Seat 5: Timonessb folded before Flop (didn't bet)
Seat 6: Cythian182 folded before Flop (didn't bet)



PokerStars Hand #254519773328:  Hold'em No Limit ($0.50/$1.00 USD) - 2025/01/23 21:18:44 WET [2025/01/23 16:18:44 ET]
Table 'Halleria III' 6-max Seat #2 is the button
Seat 1: UnRRRReal ($104.62 in chips) 
Seat 2: GuigaMan ($101.15 in chips) 
Seat 3: Bessie0009 ($19.88 in chips) 
Seat 4: Nicedaymybro ($111.50 in chips) 
Seat 5: Timonessb ($123.19 in chips) 
Seat 6: Cythian182 ($116.28 in chips) 
Bessie0009: posts small blind $0.50
Nicedaymybro: posts big blind $1
*** HOLE CARDS ***
Timonessb: folds 
Cythian182: folds 
UnRRRReal: folds 
GuigaMan: raises $1.50 to $2.50
Bessie0009: folds 
Nicedaymybro: folds 
Uncalled bet ($1.50) returned to GuigaMan
GuigaMan collected $2.50 from pot
*** SUMMARY ***
Total pot $2.50 | Rake $0 
Seat 1: UnRRRReal folded before Flop (didn't bet)
Seat 2: GuigaMan (button) collected ($2.50)
Seat 3: Bessie0009 (small blind) folded before Flop
Seat 4: Nicedaymybro (big blind) folded before Flop
Seat 5: Timonessb folded before Flop (didn't bet)
Seat 6: Cythian182 folded before Flop (didn't bet)



PokerStars Hand #254519783543:  Hold'em No Limit ($0.50/$1.00 USD) - 2025/01/23 21:19:17 WET [2025/01/23 16:19:17 ET]
Table 'Halleria III' 6-max Seat #3 is the button
Seat 1: UnRRRReal ($104.62 in chips) 
Seat 2: GuigaMan ($102.65 in chips) 
Seat 3: Bessie0009 ($19.38 in chips) 
Seat 4: Nicedaymybro ($110.50 in chips) 
Seat 5: Timonessb ($123.19 in chips) 
Seat 6: Cythian182 ($116.28 in chips) 
Nicedaymybro: posts small blind $0.50
Timonessb: posts big blind $1
*** HOLE CARDS ***
Cythian182: folds 
UnRRRReal: folds 
GuigaMan: folds 
Bessie0009: folds 
Nicedaymybro: raises $2 to $3
Timonessb: folds 
Uncalled bet ($2) returned to Nicedaymybro
Nicedaymybro collected $2 from pot
Nicedaymybro: doesn't show hand 
*** SUMMARY ***
Total pot $2 | Rake $0 
Seat 1: UnRRRReal folded before Flop (didn't bet)
Seat 2: GuigaMan folded before Flop (didn't bet)
Seat 3: Bessie0009 (button) folded before Flop (didn't bet)
Seat 4: Nicedaymybro (small blind) collected ($2)
Seat 5: Timonessb (big blind) folded before Flop
Seat 6: Cythian182 folded before Flop (didn't bet)



PokerStars Hand #254519789150:  Hold'em No Limit ($0.50/$1.00 USD) - 2025/01/23 21:19:35 WET [2025/01/23 16:19:35 ET]
Table 'Halleria III' 6-max Seat #4 is the button
Seat 1: UnRRRReal ($104.62 in chips) 
Seat 2: GuigaMan ($102.65 in chips) 
Seat 3: Bessie0009 ($19.38 in chips) 
Seat 4: Nicedaymybro ($111.50 in chips) 
Seat 5: Timonessb ($122.19 in chips) 
Seat 6: Cythian182 ($116.28 in chips) 
Timonessb: posts small blind $0.50
Cythian182: posts big blind $1
*** HOLE CARDS ***
UnRRRReal: raises $1.50 to $2.50
GuigaMan: folds 
Bessie0009: calls $2.50
Nicedaymybro: folds 
Timonessb: folds 
Cythian182: folds 
*** FLOP *** [Ad Kd 9h]
UnRRRReal: checks 
Bessie0009: bets $6.18
UnRRRReal: folds 
Uncalled bet ($6.18) returned to Bessie0009
Bessie0009 collected $6.18 from pot
*** SUMMARY ***
Total pot $6.50 | Rake $0.32 
Board [Ad Kd 9h]
Seat 1: UnRRRReal folded on the Flop
Seat 2: GuigaMan folded before Flop (didn't bet)
Seat 3: Bessie0009 collected ($6.18)
Seat 4: Nicedaymybro (button) folded before Flop (didn't bet)
Seat 5: Timonessb (small blind) folded before Flop
Seat 6: Cythian182 (big blind) folded before Flop



PokerStars Hand #254519802841:  Hold'em No Limit ($0.50/$1.00 USD) - 2025/01/23 21:20:19 WET [2025/01/23 16:20:19 ET]
Table 'Halleria III' 6-max Seat #5 is the button
Seat 1: UnRRRReal ($102.12 in chips) 
Seat 2: GuigaMan ($102.65 in chips) 
Seat 3: Bessie0009 ($23.06 in chips) 
Seat 4: Nicedaymybro ($111.50 in chips) 
Seat 5: Timonessb ($121.69 in chips) 
Seat 6: Cythian182 ($115.28 in chips) 
Cythian182: posts small blind $0.50
UnRRRReal: posts big blind $1
*** HOLE CARDS ***
GuigaMan: folds 
Bessie0009: folds 
Nicedaymybro: folds 
Timonessb: folds 
Cythian182: folds 
Uncalled bet ($0.50) returned to UnRRRReal
UnRRRReal collected $1 from pot
UnRRRReal: doesn't show hand 
*** SUMMARY ***
Total pot $1 | Rake $0 
Seat 1: UnRRRReal (big blind) collected ($1)
Seat 2: GuigaMan folded before Flop (didn't bet)
Seat 3: Bessie0009 folded before Flop (didn't bet)
Seat 4: Nicedaymybro folded before Flop (didn't bet)
Seat 5: Timonessb (button) folded before Flop (didn't bet)
Seat 6: Cythian182 (small blind) folded before Flop



PokerStars Hand #254519805256:  Hold'em No Limit ($0.50/$1.00 USD) - 2025/01/23 21:20:26 WET [2025/01/23 16:20:26 ET]
Table 'Halleria III' 6-max Seat #6 is the button
Seat 1: UnRRRReal ($102.62 in chips) 
Seat 2: GuigaMan ($102.65 in chips) 
Seat 3: Bessie0009 ($23.06 in chips) 
Seat 4: Nicedaymybro ($111.50 in chips) 
Seat 5: Timonessb ($121.69 in chips) 
Seat 6: Cythian182 ($114.78 in chips) 
UnRRRReal: posts small blind $0.50
GuigaMan: posts big blind $1
*** HOLE CARDS ***
Bessie0009: folds 
Nicedaymybro: folds 
Timonessb: raises $1.30 to $2.30
Cythian182: calls $2.30
UnRRRReal: folds 
GuigaMan: folds 
*** FLOP *** [5d Ts Qc]
Timonessb: bets $2.96
Cythian182: calls $2.96
*** TURN *** [5d Ts Qc] [Kd]
Timonessb: bets $8.15
Cythian182: calls $8.15
*** RIVER *** [5d Ts Qc Kd] [4c]
Timonessb: checks 
Cythian182: bets $11
Timonessb: folds 
Uncalled bet ($11) returned to Cythian182
Cythian182 collected $26.90 from pot
*** SUMMARY ***
Total pot $28.32 | Rake $1.42 
Board [5d Ts Qc Kd 4c]
Seat 1: UnRRRReal (small blind) folded before Flop
Seat 2: GuigaMan (big blind) folded before Flop
Seat 3: Bessie0009 folded before Flop (didn't bet)
Seat 4: Nicedaymybro folded before Flop (didn't bet)
Seat 5: Timonessb folded on the River
Seat 6: Cythian182 (button) collected ($26.90)



PokerStars Hand #254519831470:  Hold'em No Limit ($0.50/$1.00 USD) - 2025/01/23 21:21:51 WET [2025/01/23 16:21:51 ET]
Table 'Halleria III' 6-max Seat #1 is the button
Seat 1: UnRRRReal ($102.12 in chips) 
Seat 2: GuigaMan ($101.65 in chips) 
Seat 3: Bessie0009 ($23.06 in chips) 
Seat 4: Nicedaymybro ($111.50 in chips) 
Seat 5: Timonessb ($108.28 in chips) 
Seat 6: Cythian182 ($128.27 in chips) 
GuigaMan: posts small blind $0.50
Bessie0009: posts big blind $1
*** HOLE CARDS ***
Nicedaymybro: folds 
Timonessb: folds 
Cythian182: raises $2 to $3
UnRRRReal: raises $6 to $9
GuigaMan: folds 
Bessie0009: calls $8
Cythian182: raises $20.50 to $29.50
UnRRRReal: calls $20.50
Bessie0009: calls $14.06 and is all-in
*** FLOP *** [4s 6d 3d]
Cythian182: bets $98.77 and is all-in
UnRRRReal: folds 
Uncalled bet ($98.77) returned to Cythian182
*** TURN *** [4s 6d 3d] [Kc]
*** RIVER *** [4s 6d 3d Kc] [8d]
*** SHOW DOWN ***
Cythian182: shows [Ad Kd] (a flush, Ace high)
Cythian182 collected $12.88 from side pot
Bessie0009: shows [Jh As] (high card Ace)
Cythian182 collected $67.18 from main pot
*** SUMMARY ***
Total pot $82.56 Main pot $67.18. Side pot $12.88. | Rake $2.50 
Board [4s 6d 3d Kc 8d]
Seat 1: UnRRRReal (button) folded on the Flop
Seat 2: GuigaMan (small blind) folded before Flop
Seat 3: Bessie0009 (big blind) showed [Jh As] and lost with high card Ace
Seat 4: Nicedaymybro folded before Flop (didn't bet)
Seat 5: Timonessb folded before Flop (didn't bet)
Seat 6: Cythian182 showed [Ad Kd] and won ($80.06) with a flush, Ace high



PokerStars Hand #254519851950:  Hold'em No Limit ($0.50/$1.00 USD) - 2025/01/23 21:22:58 WET [2025/01/23 16:22:58 ET]
Table 'Halleria III' 6-max Seat #2 is the button
Seat 3: Bessie0009 ($0 in chips) is sitting out
Seat 1: UnRRRReal ($100 in chips) 
Seat 2: GuigaMan ($101.15 in chips) 
Seat 4: Nicedaymybro ($111.50 in chips) 
Seat 5: Timonessb ($108.28 in chips) 
Seat 6: Cythian182 ($178.83 in chips) 
Nicedaymybro: posts small blind $0.50
Timonessb: posts big blind $1
*** HOLE CARDS ***
Cythian182: folds 
UnRRRReal: folds 
GuigaMan: folds 
Nicedaymybro: folds 
Uncalled bet ($0.50) returned to Timonessb
Timonessb collected $1 from pot
*** SUMMARY ***
Total pot $1 | Rake $0 
Seat 3: Bessie0009
Seat 1: UnRRRReal folded before Flop (didn't bet)
Seat 2: GuigaMan (button) folded before Flop (didn't bet)
Seat 4: Nicedaymybro (small blind) folded before Flop
Seat 5: Timonessb (big blind) collected ($1)
Seat 6: Cythian182 folded before Flop (didn't bet)



PokerStars Hand #254519857059:  Hold'em No Limit ($0.50/$1.00 USD) - 2025/01/23 21:23:15 WET [2025/01/23 16:23:15 ET]
Table 'Halleria III' 6-max Seat #4 is the button
Seat 1: UnRRRReal ($100 in chips) 
Seat 2: GuigaMan ($101.15 in chips) 
Seat 3: Bessie0009 ($20.75 in chips) 
Seat 4: Nicedaymybro ($111 in chips) 
Seat 5: Timonessb ($108.78 in chips) 
Seat 6: Cythian182 ($178.83 in chips) 
Timonessb: posts small blind $0.50
Cythian182: posts big blind $1
Bessie0009: posts small blind $0.50
*** HOLE CARDS ***
UnRRRReal: folds 
GuigaMan: folds 
Bessie0009: raises $3 to $4
Nicedaymybro: folds 
Timonessb: folds 
Cythian182: raises $174.83 to $178.83 and is all-in
Bessie0009: folds 
Uncalled bet ($174.83) returned to Cythian182
Cythian182 collected $9 from pot
*** SUMMARY ***
Total pot $9 | Rake $0 
Seat 1: UnRRRReal folded before Flop (didn't bet)
Seat 2: GuigaMan folded before Flop (didn't bet)
Seat 3: Bessie0009 folded before Flop
Seat 4: Nicedaymybro (button) folded before Flop (didn't bet)
Seat 5: Timonessb (small blind) folded before Flop
Seat 6: Cythian182 (big blind) collected ($9)



PokerStars Hand #254519870537:  Hold'em No Limit ($0.50/$1.00 USD) - 2025/01/23 21:23:59 WET [2025/01/23 16:23:59 ET]
Table 'Halleria III' 6-max Seat #5 is the button
Seat 1: UnRRRReal ($100 in chips) 
Seat 2: GuigaMan ($101.15 in chips) 
Seat 3: Bessie0009 ($16.25 in chips) 
Seat 4: Nicedaymybro ($111 in chips) 
Seat 5: Timonessb ($108.28 in chips) 
Seat 6: Cythian182 ($183.83 in chips) 
Cythian182: posts small blind $0.50
UnRRRReal: posts big blind $1
*** HOLE CARDS ***
GuigaMan: folds 
Bessie0009: calls $1
Nicedaymybro: folds 
Timonessb: raises $3 to $4
Cythian182: folds 
UnRRRReal: folds 
Bessie0009: calls $3
*** FLOP *** [Ac 4s Jc]
Bessie0009: checks 
Timonessb: bets $2.50
Bessie0009: folds 
Uncalled bet ($2.50) returned to Timonessb
Timonessb collected $9.02 from pot
*** SUMMARY ***
Total pot $9.50 | Rake $0.48 
Board [Ac 4s Jc]
Seat 1: UnRRRReal (big blind) folded before Flop
Seat 2: GuigaMan folded before Flop (didn't bet)
Seat 3: Bessie0009 folded on the Flop
Seat 4: Nicedaymybro folded before Flop (didn't bet)
Seat 5: Timonessb (button) collected ($9.02)
Seat 6: Cythian182 (small blind) folded before Flop



PokerStars Hand #254519878124:  Hold'em No Limit ($0.50/$1.00 USD) - 2025/01/23 21:24:23 WET [2025/01/23 16:24:23 ET]
Table 'Halleria III' 6-max Seat #6 is the button
Seat 1: UnRRRReal ($100 in chips) 
Seat 2: GuigaMan ($101.15 in chips) 
Seat 3: Bessie0009 ($12.25 in chips) 
Seat 4: Nicedaymybro ($111 in chips) 
Seat 5: Timonessb ($113.30 in chips) 
Seat 6: Cythian182 ($183.33 in chips) 
UnRRRReal: posts small blind $0.50
GuigaMan: posts big blind $1
*** HOLE CARDS ***
Bessie0009: folds 
Nicedaymybro: raises $1.50 to $2.50
Timonessb: folds 
Cythian182: folds 
UnRRRReal: folds 
GuigaMan: folds 
Uncalled bet ($1.50) returned to Nicedaymybro
Nicedaymybro collected $2.50 from pot
Nicedaymybro: doesn't show hand 
*** SUMMARY ***
Total pot $2.50 | Rake $0 
Seat 1: UnRRRReal (small blind) folded before Flop
Seat 2: GuigaMan (big blind) folded before Flop
Seat 3: Bessie0009 folded before Flop (didn't bet)
Seat 4: Nicedaymybro collected ($2.50)
Seat 5: Timonessb folded before Flop (didn't bet)
Seat 6: Cythian182 (button) folded before Flop (didn't bet)



PokerStars Hand #254519883405:  Hold'em No Limit ($0.50/$1.00 USD) - 2025/01/23 21:24:40 WET [2025/01/23 16:24:40 ET]
Table 'Halleria III' 6-max Seat #1 is the button
Seat 1: UnRRRReal ($100 in chips) 
Seat 2: GuigaMan ($100.15 in chips) 
Seat 3: Bessie0009 ($12.25 in chips) 
Seat 4: Nicedaymybro ($112.50 in chips) 
Seat 5: Timonessb ($113.30 in chips) 
Seat 6: Cythian182 ($183.33 in chips) 
GuigaMan: posts small blind $0.50
Bessie0009: posts big blind $1
*** HOLE CARDS ***
Nicedaymybro: folds 
Timonessb: folds 
Cythian182: folds 
UnRRRReal: folds 
GuigaMan: raises $2 to $3
Bessie0009: calls $2
*** FLOP *** [4c 6s 8s]
GuigaMan: checks 
Bessie0009: bets $5.70
GuigaMan: folds 
Uncalled bet ($5.70) returned to Bessie0009
Bessie0009 collected $5.70 from pot
*** SUMMARY ***
Total pot $6 | Rake $0.30 
Board [4c 6s 8s]
Seat 1: UnRRRReal (button) folded before Flop (didn't bet)
Seat 2: GuigaMan (small blind) folded on the Flop
Seat 3: Bessie0009 (big blind) collected ($5.70)
Seat 4: Nicedaymybro folded before Flop (didn't bet)
Seat 5: Timonessb folded before Flop (didn't bet)
Seat 6: Cythian182 folded before Flop (didn't bet)



PokerStars Hand #254519889047:  Hold'em No Limit ($0.50/$1.00 USD) - 2025/01/23 21:24:59 WET [2025/01/23 16:24:59 ET]
Table 'Halleria III' 6-max Seat #2 is the button
Seat 1: UnRRRReal ($100 in chips) 
Seat 2: GuigaMan ($100 in chips) 
Seat 3: Bessie0009 ($14.95 in chips) 
Seat 4: Nicedaymybro ($112.50 in chips) 
Seat 5: Timonessb ($113.30 in chips) 
Seat 6: Cythian182 ($183.33 in chips) 
Bessie0009: posts small blind $0.50
Nicedaymybro: posts big blind $1
*** HOLE CARDS ***
Timonessb: folds 
Cythian182: folds 
UnRRRReal: raises $1.50 to $2.50
GuigaMan: folds 
Bessie0009: folds 
Nicedaymybro: calls $1.50
*** FLOP *** [Qc Ac Th]
Nicedaymybro: checks 
UnRRRReal: bets $3.92
Nicedaymybro: folds 
Uncalled bet ($3.92) returned to UnRRRReal
UnRRRReal collected $5.22 from pot
UnRRRReal: doesn't show hand 
*** SUMMARY ***
Total pot $5.50 | Rake $0.28 
Board [Qc Ac Th]
Seat 1: UnRRRReal collected ($5.22)
Seat 2: GuigaMan (button) folded before Flop (didn't bet)
Seat 3: Bessie0009 (small blind) folded before Flop
Seat 4: Nicedaymybro (big blind) folded on the Flop
Seat 5: Timonessb folded before Flop (didn't bet)
Seat 6: Cythian182 folded before Flop (didn't bet)



PokerStars Hand #254519896379:  Hold'em No Limit ($0.50/$1.00 USD) - 2025/01/23 21:25:22 WET [2025/01/23 16:25:22 ET]
Table 'Halleria III' 6-max Seat #3 is the button
Seat 1: UnRRRReal ($102.72 in chips) 
Seat 2: GuigaMan ($100 in chips) 
Seat 3: Bessie0009 ($14.45 in chips) 
Seat 4: Nicedaymybro ($110 in chips) 
Seat 5: Timonessb ($113.30 in chips) 
Seat 6: Cythian182 ($183.33 in chips) 
Nicedaymybro: posts small blind $0.50
Timonessb: posts big blind $1
*** HOLE CARDS ***
Cythian182: folds 
UnRRRReal: raises $1.50 to $2.50
GuigaMan: raises $5.50 to $8
Bessie0009: folds 
Nicedaymybro: folds 
Timonessb: folds 
UnRRRReal: folds 
Uncalled bet ($5.50) returned to GuigaMan
GuigaMan collected $6.50 from pot
*** SUMMARY ***
Total pot $6.50 | Rake $0 
Seat 1: UnRRRReal folded before Flop
Seat 2: GuigaMan collected ($6.50)
Seat 3: Bessie0009 (button) folded before Flop (didn't bet)
Seat 4: Nicedaymybro (small blind) folded before Flop
Seat 5: Timonessb (big blind) folded before Flop
Seat 6: Cythian182 folded before Flop (didn't bet)



PokerStars Hand #254519903999:  Hold'em No Limit ($0.50/$1.00 USD) - 2025/01/23 21:25:47 WET [2025/01/23 16:25:47 ET]
Table 'Halleria III' 6-max Seat #4 is the button
Seat 1: UnRRRReal ($100.22 in chips) 
Seat 2: GuigaMan ($104 in chips) 
Seat 3: Bessie0009 ($14.45 in chips) 
Seat 4: Nicedaymybro ($109.50 in chips) 
Seat 5: Timonessb ($112.30 in chips) 
Seat 6: Cythian182 ($183.33 in chips) 
Timonessb: posts small blind $0.50
Cythian182: posts big blind $1
*** HOLE CARDS ***
UnRRRReal: folds 
GuigaMan: folds 
Bessie0009: folds 
Nicedaymybro: folds 
Timonessb: raises $1 to $2
Cythian182: folds 
Uncalled bet ($1) returned to Timonessb
Timonessb collected $2 from pot
*** SUMMARY ***
Total pot $2 | Rake $0 
Seat 1: UnRRRReal folded before Flop (didn't bet)
Seat 2: GuigaMan folded before Flop (didn't bet)
Seat 3: Bessie0009 folded before Flop (didn't bet)
Seat 4: Nicedaymybro (button) folded before Flop (didn't bet)
Seat 5: Timonessb (small blind) collected ($2)
Seat 6: Cythian182 (big blind) folded before Flop



PokerStars Hand #254519913382:  Hold'em No Limit ($0.50/$1.00 USD) - 2025/01/23 21:26:18 WET [2025/01/23 16:26:18 ET]
Table 'Halleria III' 6-max Seat #5 is the button
Seat 1: UnRRRReal ($100.22 in chips) 
Seat 2: GuigaMan ($104 in chips) 
Seat 3: Bessie0009 ($14.45 in chips) 
Seat 4: Nicedaymybro ($109.50 in chips) 
Seat 5: Timonessb ($113.30 in chips) 
Seat 6: Cythian182 ($182.33 in chips) 
Cythian182: posts small blind $0.50
UnRRRReal: posts big blind $1
*** HOLE CARDS ***
GuigaMan: folds 
Bessie0009: folds 
Nicedaymybro: folds 
Timonessb: raises $1.50 to $2.50
Cythian182: folds 
UnRRRReal: calls $1.50
*** FLOP *** [5c 3c Tc]
UnRRRReal: checks 
Timonessb: bets $1.72
UnRRRReal: folds 
Uncalled bet ($1.72) returned to Timonessb
Timonessb collected $5.22 from pot
*** SUMMARY ***
Total pot $5.50 | Rake $0.28 
Board [5c 3c Tc]
Seat 1: UnRRRReal (big blind) folded on the Flop
Seat 2: GuigaMan folded before Flop (didn't bet)
Seat 3: Bessie0009 folded before Flop (didn't bet)
Seat 4: Nicedaymybro folded before Flop (didn't bet)
Seat 5: Timonessb (button) collected ($5.22)
Seat 6: Cythian182 (small blind) folded before Flop



PokerStars Hand #254519923403:  Hold'em No Limit ($0.50/$1.00 USD) - 2025/01/23 21:26:51 WET [2025/01/23 16:26:51 ET]
Table 'Halleria III' 6-max Seat #6 is the button
Seat 1: UnRRRReal ($100 in chips) 
Seat 2: GuigaMan ($104 in chips) 
Seat 3: Bessie0009 ($14.45 in chips) 
Seat 4: Nicedaymybro ($109.50 in chips) 
Seat 5: Timonessb ($116.02 in chips) 
Seat 6: Cythian182 ($181.83 in chips) 
UnRRRReal: posts small blind $0.50
GuigaMan: posts big blind $1
*** HOLE CARDS ***
Bessie0009: raises $2.50 to $3.50
Nicedaymybro: folds 
Timonessb: folds 
Cythian182: folds 
UnRRRReal: folds 
GuigaMan: folds 
Uncalled bet ($2.50) returned to Bessie0009
Bessie0009 collected $2.50 from pot
*** SUMMARY ***
Total pot $2.50 | Rake $0 
Seat 1: UnRRRReal (small blind) folded before Flop
Seat 2: GuigaMan (big blind) folded before Flop
Seat 3: Bessie0009 collected ($2.50)
Seat 4: Nicedaymybro folded before Flop (didn't bet)
Seat 5: Timonessb folded before Flop (didn't bet)
Seat 6: Cythian182 (button) folded before Flop (didn't bet)



PokerStars Hand #254519931111:  Hold'em No Limit ($0.50/$1.00 USD) - 2025/01/23 21:27:16 WET [2025/01/23 16:27:16 ET]
Table 'Halleria III' 6-max Seat #1 is the button
Seat 1: UnRRRReal ($100 in chips) 
Seat 2: GuigaMan ($103 in chips) 
Seat 3: Bessie0009 ($15.95 in chips) 
Seat 4: Nicedaymybro ($109.50 in chips) 
Seat 5: Timonessb ($116.02 in chips) 
Seat 6: Cythian182 ($181.83 in chips) 
GuigaMan: posts small blind $0.50
Bessie0009: posts big blind $1
*** HOLE CARDS ***
Nicedaymybro: folds 
Timonessb: raises $1.30 to $2.30
Cythian182: folds 
UnRRRReal: folds 
GuigaMan: folds 
Bessie0009: raises $5.10 to $7.40
Timonessb: folds 
Uncalled bet ($5.10) returned to Bessie0009
Bessie0009 collected $5.10 from pot
*** SUMMARY ***
Total pot $5.10 | Rake $0 
Seat 1: UnRRRReal (button) folded before Flop (didn't bet)
Seat 2: GuigaMan (small blind) folded before Flop
Seat 3: Bessie0009 (big blind) collected ($5.10)
Seat 4: Nicedaymybro folded before Flop (didn't bet)
Seat 5: Timonessb folded before Flop
Seat 6: Cythian182 folded before Flop (didn't bet)



PokerStars Hand #254519936233:  Hold'em No Limit ($0.50/$1.00 USD) - 2025/01/23 21:27:33 WET [2025/01/23 16:27:33 ET]
Table 'Halleria III' 6-max Seat #2 is the button
Seat 1: UnRRRReal ($100 in chips) 
Seat 2: GuigaMan ($102.50 in chips) 
Seat 3: Bessie0009 ($18.75 in chips) 
Seat 4: Nicedaymybro ($109.50 in chips) 
Seat 5: Timonessb ($113.72 in chips) 
Seat 6: Cythian182 ($181.83 in chips) 
Bessie0009: posts small blind $0.50
Nicedaymybro: posts big blind $1
*** HOLE CARDS ***
Timonessb: folds 
Cythian182: folds 
UnRRRReal: folds 
GuigaMan: raises $1.50 to $2.50
Bessie0009: folds 
Nicedaymybro: calls $1.50
*** FLOP *** [5c Tc 2c]
Nicedaymybro: checks 
GuigaMan: checks 
*** TURN *** [5c Tc 2c] [Kd]
Nicedaymybro: bets $7.31
GuigaMan: folds 
Uncalled bet ($7.31) returned to Nicedaymybro
Nicedaymybro collected $5.22 from pot
Nicedaymybro: doesn't show hand 
*** SUMMARY ***
Total pot $5.50 | Rake $0.28 
Board [5c Tc 2c Kd]
Seat 1: UnRRRReal folded before Flop (didn't bet)
Seat 2: GuigaMan (button) folded on the Turn
Seat 3: Bessie0009 (small blind) folded before Flop
Seat 4: Nicedaymybro (big blind) collected ($5.22)
Seat 5: Timonessb folded before Flop (didn't bet)
Seat 6: Cythian182 folded before Flop (didn't bet)



PokerStars Hand #254519946642:  Hold'em No Limit ($0.50/$1.00 USD) - 2025/01/23 21:28:07 WET [2025/01/23 16:28:07 ET]
Table 'Halleria III' 6-max Seat #3 is the button
Seat 1: UnRRRReal ($100 in chips) 
Seat 2: GuigaMan ($100 in chips) 
Seat 3: Bessie0009 ($18.25 in chips) 
Seat 4: Nicedaymybro ($112.22 in chips) 
Seat 5: Timonessb ($113.72 in chips) 
Seat 6: Cythian182 ($181.83 in chips) 
Nicedaymybro: posts small blind $0.50
Timonessb: posts big blind $1
*** HOLE CARDS ***
Cythian182: folds 
UnRRRReal: folds 
GuigaMan: folds 
Bessie0009: folds 
Nicedaymybro: folds 
Uncalled bet ($0.50) returned to Timonessb
Timonessb collected $1 from pot
*** SUMMARY ***
Total pot $1 | Rake $0 
Seat 1: UnRRRReal folded before Flop (didn't bet)
Seat 2: GuigaMan folded before Flop (didn't bet)
Seat 3: Bessie0009 (button) folded before Flop (didn't bet)
Seat 4: Nicedaymybro (small blind) folded before Flop
Seat 5: Timonessb (big blind) collected ($1)
Seat 6: Cythian182 folded before Flop (didn't bet)



PokerStars Hand #254519949325:  Hold'em No Limit ($0.50/$1.00 USD) - 2025/01/23 21:28:15 WET [2025/01/23 16:28:15 ET]
Table 'Halleria III' 6-max Seat #4 is the button
Seat 1: UnRRRReal ($100 in chips) 
Seat 2: GuigaMan ($100 in chips) 
Seat 3: Bessie0009 ($18.25 in chips) 
Seat 4: Nicedaymybro ($111.72 in chips) 
Seat 5: Timonessb ($114.22 in chips) 
Seat 6: Cythian182 ($181.83 in chips) 
Timonessb: posts small blind $0.50
Cythian182: posts big blind $1
*** HOLE CARDS ***
UnRRRReal: folds 
GuigaMan: folds 
Bessie0009: raises $2.50 to $3.50
Nicedaymybro: folds 
Timonessb: calls $3
Cythian182: folds 
*** FLOP *** [Kd 5h Ad]
Timonessb: checks 
Bessie0009: bets $7.60
Timonessb: folds 
Uncalled bet ($7.60) returned to Bessie0009
Bessie0009 collected $7.60 from pot
*** SUMMARY ***
Total pot $8 | Rake $0.40 
Board [Kd 5h Ad]
Seat 1: UnRRRReal folded before Flop (didn't bet)
Seat 2: GuigaMan folded before Flop (didn't bet)
Seat 3: Bessie0009 collected ($7.60)
Seat 4: Nicedaymybro (button) folded before Flop (didn't bet)
Seat 5: Timonessb (small blind) folded on the Flop
Seat 6: Cythian182 (big blind) folded before Flop



PokerStars Hand #254519957323:  Hold'em No Limit ($0.50/$1.00 USD) - 2025/01/23 21:28:42 WET [2025/01/23 16:28:42 ET]
Table 'Halleria III' 6-max Seat #5 is the button
Seat 1: UnRRRReal ($100 in chips) 
Seat 2: GuigaMan ($100 in chips) 
Seat 3: Bessie0009 ($22.35 in chips) 
Seat 4: Nicedaymybro ($111.72 in chips) 
Seat 5: Timonessb ($110.72 in chips) 
Seat 6: Cythian182 ($180.83 in chips) 
Cythian182: posts small blind $0.50
UnRRRReal: posts big blind $1
*** HOLE CARDS ***
GuigaMan: raises $1.20 to $2.20
Bessie0009: calls $2.20
Nicedaymybro: folds 
Timonessb: folds 
Cythian182: folds 
UnRRRReal: calls $1.20
*** FLOP *** [6d 9c 4h]
UnRRRReal: checks 
GuigaMan: bets $3.64
Bessie0009: raises $14.02 to $17.66
UnRRRReal: folds 
GuigaMan: raises $14.02 to $31.68
Bessie0009: calls $2.49 and is all-in
Uncalled bet ($11.53) returned to GuigaMan
*** TURN *** [6d 9c 4h] [Ah]
*** RIVER *** [6d 9c 4h Ah] [2h]
*** SHOW DOWN ***
GuigaMan: shows [Js Jh] (a pair of Jacks)
Bessie0009: shows [9h Kh] (a flush, Ace high)
Bessie0009 cashed out the hand for $10.52 | Cash Out Fee $0.21
*** SUMMARY ***
Total pot $47.40 | Rake $2.37 
Board [6d 9c 4h Ah 2h]
Seat 1: UnRRRReal (big blind) folded on the Flop
Seat 2: GuigaMan showed [Js Jh] and lost with a pair of Jacks
Seat 3: Bessie0009 showed [9h Kh] and won ($45.03) with a flush, Ace high (pot not awarded as player cashed out)
Seat 4: Nicedaymybro folded before Flop (didn't bet)
Seat 5: Timonessb (button) folded before Flop (didn't bet)
Seat 6: Cythian182 (small blind) folded before Flop



PokerStars Hand #254519970628:  Hold'em No Limit ($0.50/$1.00 USD) - 2025/01/23 21:29:26 WET [2025/01/23 16:29:26 ET]
Table 'Halleria III' 6-max Seat #6 is the button
Seat 1: UnRRRReal ($100 in chips) 
Seat 2: GuigaMan ($100 in chips) 
Seat 3: Bessie0009 ($10.52 in chips) 
Seat 4: Nicedaymybro ($111.72 in chips) 
Seat 5: Timonessb ($110.72 in chips) 
Seat 6: Cythian182 ($180.33 in chips) 
UnRRRReal: posts small blind $0.50
GuigaMan: posts big blind $1
*** HOLE CARDS ***
Bessie0009: raises $2.50 to $3.50
Nicedaymybro: folds 
Timonessb: folds 
Cythian182: folds 
UnRRRReal: folds 
GuigaMan: folds 
Uncalled bet ($2.50) returned to Bessie0009
Bessie0009 collected $2.50 from pot
*** SUMMARY ***
Total pot $2.50 | Rake $0 
Seat 1: UnRRRReal (small blind) folded before Flop
Seat 2: GuigaMan (big blind) folded before Flop
Seat 3: Bessie0009 collected ($2.50)
Seat 4: Nicedaymybro folded before Flop (didn't bet)
Seat 5: Timonessb folded before Flop (didn't bet)
Seat 6: Cythian182 (button) folded before Flop (didn't bet)



PokerStars Hand #254519975735:  Hold'em No Limit ($0.50/$1.00 USD) - 2025/01/23 21:29:43 WET [2025/01/23 16:29:43 ET]
Table 'Halleria III' 6-max Seat #1 is the button
Seat 3: Bessie0009 ($12.02 in chips) is sitting out
Seat 1: UnRRRReal ($100 in chips) 
Seat 2: GuigaMan ($100 in chips) 
Seat 4: Nicedaymybro ($111.72 in chips) 
Seat 5: Timonessb ($110.72 in chips) 
Seat 6: Cythian182 ($180.33 in chips) 
GuigaMan: posts small blind $0.50
Bessie0009: is sitting out 
Nicedaymybro: posts big blind $1
*** HOLE CARDS ***
Timonessb: folds 
Cythian182: folds 
UnRRRReal: folds 
GuigaMan: raises $2 to $3
Nicedaymybro: raises $6 to $9
GuigaMan: folds 
Uncalled bet ($6) returned to Nicedaymybro
Nicedaymybro collected $6 from pot
Nicedaymybro: doesn't show hand 
*** SUMMARY ***
Total pot $6 | Rake $0 
Seat 3: Bessie0009
Seat 1: UnRRRReal (button) folded before Flop (didn't bet)
Seat 2: GuigaMan (small blind) folded before Flop
Seat 4: Nicedaymybro (big blind) collected ($6)
Seat 5: Timonessb folded before Flop (didn't bet)
Seat 6: Cythian182 folded before Flop (didn't bet)



PokerStars Hand #254519982853:  Hold'em No Limit ($0.50/$1.00 USD) - 2025/01/23 21:30:06 WET [2025/01/23 16:30:06 ET]
Table 'Halleria III' 6-max Seat #2 is the button
Seat 3: Bessie0009 ($12.02 in chips) is sitting out
Seat 1: UnRRRReal ($100 in chips) 
Seat 2: GuigaMan ($100 in chips) 
Seat 4: Nicedaymybro ($114.72 in chips) 
Seat 5: Timonessb ($110.72 in chips) 
Seat 6: Cythian182 ($180.33 in chips) 
Nicedaymybro: posts small blind $0.50
Timonessb: posts big blind $1
*** HOLE CARDS ***
Cythian182: folds 
UnRRRReal: folds 
GuigaMan: raises $1.50 to $2.50
Nicedaymybro: folds 
Timonessb: folds 
Uncalled bet ($1.50) returned to GuigaMan
GuigaMan collected $2.50 from pot
*** SUMMARY ***
Total pot $2.50 | Rake $0 
Seat 3: Bessie0009
Seat 1: UnRRRReal folded before Flop (didn't bet)
Seat 2: GuigaMan (button) collected ($2.50)
Seat 4: Nicedaymybro (small blind) folded before Flop
Seat 5: Timonessb (big blind) folded before Flop
Seat 6: Cythian182 folded before Flop (didn't bet)



PokerStars Hand #254519988102:  Hold'em No Limit ($0.50/$1.00 USD) - 2025/01/23 21:30:23 WET [2025/01/23 16:30:23 ET]
Table 'Halleria III' 6-max Seat #4 is the button
Seat 3: Bessie0009 ($12.02 in chips) is sitting out
Seat 1: UnRRRReal ($100 in chips) 
Seat 2: GuigaMan ($101.50 in chips) 
Seat 4: Nicedaymybro ($114.22 in chips) 
Seat 5: Timonessb ($109.72 in chips) 
Seat 6: Cythian182 ($180.33 in chips) 
Timonessb: posts small blind $0.50
Cythian182: posts big blind $1
*** HOLE CARDS ***
UnRRRReal: folds 
GuigaMan: folds 
Nicedaymybro: folds 
Timonessb: raises $2 to $3
Cythian182: calls $2
*** FLOP *** [3d Kd 2c]
Timonessb: checks 
Cythian182: bets $2
Timonessb: calls $2
*** TURN *** [3d Kd 2c] [7c]
Timonessb: checks 
Cythian182: checks 
*** RIVER *** [3d Kd 2c 7c] [4s]
Timonessb: bets $6.87
Cythian182: folds 
Uncalled bet ($6.87) returned to Timonessb
Timonessb collected $9.50 from pot
Bessie0009 is disconnected 
*** SUMMARY ***
Total pot $10 | Rake $0.50 
Board [3d Kd 2c 7c 4s]
Seat 3: Bessie0009
Seat 1: UnRRRReal folded before Flop (didn't bet)
Seat 2: GuigaMan folded before Flop (didn't bet)
Seat 4: Nicedaymybro (button) folded before Flop (didn't bet)
Seat 5: Timonessb (small blind) collected ($9.50)
Seat 6: Cythian182 (big blind) folded on the River



PokerStars Hand #254520000034:  Hold'em No Limit ($0.50/$1.00 USD) - 2025/01/23 21:31:02 WET [2025/01/23 16:31:02 ET]
Table 'Halleria III' 6-max Seat #5 is the button
Seat 3: Bessie0009 ($12.02 in chips) is sitting out
Seat 1: UnRRRReal ($100 in chips) 
Seat 2: GuigaMan ($101.50 in chips) 
Seat 4: Nicedaymybro ($114.22 in chips) 
Seat 5: Timonessb ($114.22 in chips) 
Seat 6: Cythian182 ($175.33 in chips) 
Cythian182: posts small blind $0.50
UnRRRReal: posts big blind $1
*** HOLE CARDS ***
GuigaMan: folds 
Nicedaymybro: raises $1.50 to $2.50
Timonessb: folds 
Cythian182: folds 
UnRRRReal: folds 
Uncalled bet ($1.50) returned to Nicedaymybro
Nicedaymybro collected $2.50 from pot
Nicedaymybro: doesn't show hand 
*** SUMMARY ***
Total pot $2.50 | Rake $0 
Seat 3: Bessie0009
Seat 1: UnRRRReal (big blind) folded before Flop
Seat 2: GuigaMan folded before Flop (didn't bet)
Seat 4: Nicedaymybro collected ($2.50)
Seat 5: Timonessb (button) folded before Flop (didn't bet)
Seat 6: Cythian182 (small blind) folded before Flop



PokerStars Hand #254520007943:  Hold'em No Limit ($0.50/$1.00 USD) - 2025/01/23 21:31:28 WET [2025/01/23 16:31:28 ET]
Table 'Halleria III' 6-max Seat #6 is the button
Seat 3: Bessie0009 ($12.02 in chips) is sitting out
Seat 1: UnRRRReal ($100 in chips) 
Seat 2: GuigaMan ($101.50 in chips) 
Seat 4: Nicedaymybro ($115.72 in chips) 
Seat 5: Timonessb ($114.22 in chips) 
Seat 6: Cythian182 ($174.83 in chips) 
UnRRRReal: posts small blind $0.50
GuigaMan: posts big blind $1
*** HOLE CARDS ***
Nicedaymybro: raises $1.50 to $2.50
Timonessb: calls $2.50
Cythian182: folds 
UnRRRReal: folds 
GuigaMan: calls $1.50
*** FLOP *** [6d 7d 4s]
GuigaMan: checks 
Nicedaymybro: checks 
Timonessb: checks 
*** TURN *** [6d 7d 4s] [Ts]
GuigaMan: checks 
Nicedaymybro: checks 
Timonessb: checks 
*** RIVER *** [6d 7d 4s Ts] [Ac]
GuigaMan: checks 
Nicedaymybro: checks 
Timonessb: checks 
*** SHOW DOWN ***
GuigaMan: shows [4h 3h] (a pair of Fours)
Nicedaymybro: shows [Kh Kd] (a pair of Kings)
Timonessb: shows [As 2s] (a pair of Aces)
Timonessb collected $7.60 from pot
*** SUMMARY ***
Total pot $8 | Rake $0.40 
Board [6d 7d 4s Ts Ac]
Seat 3: Bessie0009
Seat 1: UnRRRReal (small blind) folded before Flop
Seat 2: GuigaMan (big blind) showed [4h 3h] and lost with a pair of Fours
Seat 4: Nicedaymybro showed [Kh Kd] and lost with a pair of Kings
Seat 5: Timonessb showed [As 2s] and won ($7.60) with a pair of Aces
Seat 6: Cythian182 (button) folded before Flop (didn't bet)



PokerStars Hand #254520018527:  Hold'em No Limit ($0.50/$1.00 USD) - 2025/01/23 21:32:03 WET [2025/01/23 16:32:03 ET]
Table 'Halleria III' 6-max Seat #1 is the button
Seat 3: Bessie0009 ($12.02 in chips) is sitting out
Seat 1: UnRRRReal ($100 in chips) 
Seat 2: GuigaMan ($100 in chips) 
Seat 4: Nicedaymybro ($113.22 in chips) 
Seat 5: Timonessb ($119.32 in chips) 
Seat 6: Cythian182 ($174.83 in chips) 
GuigaMan: posts small blind $0.50
Nicedaymybro: posts big blind $1
*** HOLE CARDS ***
Timonessb: folds 
Cythian182: folds 
UnRRRReal: folds 
GuigaMan: folds 
Uncalled bet ($0.50) returned to Nicedaymybro
Nicedaymybro collected $1 from pot
Nicedaymybro: doesn't show hand 
*** SUMMARY ***
Total pot $1 | Rake $0 
Seat 3: Bessie0009
Seat 1: UnRRRReal (button) folded before Flop (didn't bet)
Seat 2: GuigaMan (small blind) folded before Flop
Seat 4: Nicedaymybro (big blind) collected ($1)
Seat 5: Timonessb folded before Flop (didn't bet)
Seat 6: Cythian182 folded before Flop (didn't bet)



PokerStars Hand #254520022962:  Hold'em No Limit ($0.50/$1.00 USD) - 2025/01/23 21:32:18 WET [2025/01/23 16:32:18 ET]
Table 'Halleria III' 6-max Seat #2 is the button
Seat 3: Bessie0009 ($12.02 in chips) is sitting out
Seat 1: UnRRRReal ($100 in chips) 
Seat 2: GuigaMan ($100 in chips) 
Seat 4: Nicedaymybro ($113.72 in chips) 
Seat 5: Timonessb ($119.32 in chips) 
Seat 6: Cythian182 ($174.83 in chips) 
Nicedaymybro: posts small blind $0.50
Timonessb: posts big blind $1
*** HOLE CARDS ***
Cythian182: folds 
UnRRRReal: folds 
GuigaMan: folds 
Nicedaymybro: raises $2 to $3
Timonessb: calls $2
*** FLOP *** [5d 8c 4s]
Nicedaymybro: checks 
Timonessb: bets $2.91
Nicedaymybro: calls $2.91
*** TURN *** [5d 8c 4s] [4c]
Nicedaymybro: checks 
Timonessb: bets $7.52
Nicedaymybro: calls $7.52
*** RIVER *** [5d 8c 4s 4c] [Td]
Nicedaymybro: checks 
Timonessb: checks 
*** SHOW DOWN ***
Nicedaymybro: shows [6s Ac] (a pair of Fours)
Timonessb: shows [8d Qc] (two pair, Eights and Fours)
Timonessb collected $25.52 from pot
*** SUMMARY ***
Total pot $26.86 | Rake $1.34 
Board [5d 8c 4s 4c Td]
Seat 3: Bessie0009
Seat 1: UnRRRReal folded before Flop (didn't bet)
Seat 2: GuigaMan (button) folded before Flop (didn't bet)
Seat 4: Nicedaymybro (small blind) showed [6s Ac] and lost with a pair of Fours
Seat 5: Timonessb (big blind) showed [8d Qc] and won ($25.52) with two pair, Eights and Fours
Seat 6: Cythian182 folded before Flop (didn't bet)



PokerStars Hand #254520034663:  Hold'em No Limit ($0.50/$1.00 USD) - 2025/01/23 21:32:56 WET [2025/01/23 16:32:56 ET]
Table 'Halleria III' 6-max Seat #4 is the button
Seat 3: Bessie0009 ($12.02 in chips) is sitting out
Seat 1: UnRRRReal ($100 in chips) 
Seat 2: GuigaMan ($100 in chips) 
Seat 4: Nicedaymybro ($100.29 in chips) 
Seat 5: Timonessb ($131.41 in chips) 
Seat 6: Cythian182 ($174.83 in chips) 
Timonessb: posts small blind $0.50
Cythian182: posts big blind $1
Bessie0009: sits out 
*** HOLE CARDS ***
UnRRRReal: folds 
GuigaMan: raises $1.50 to $2.50
Nicedaymybro: folds 
Timonessb: calls $2
Cythian182: folds 
*** FLOP *** [Td 9s Qs]
Timonessb: checks 
GuigaMan: checks 
*** TURN *** [Td 9s Qs] [7h]
Timonessb: checks 
GuigaMan: bets $4.28
Timonessb: folds 
Uncalled bet ($4.28) returned to GuigaMan
GuigaMan collected $5.70 from pot
*** SUMMARY ***
Total pot $6 | Rake $0.30 
Board [Td 9s Qs 7h]
Seat 3: Bessie0009
Seat 1: UnRRRReal folded before Flop (didn't bet)
Seat 2: GuigaMan collected ($5.70)
Seat 4: Nicedaymybro (button) folded before Flop (didn't bet)
Seat 5: Timonessb (small blind) folded on the Turn
Seat 6: Cythian182 (big blind) folded before Flop



PokerStars Hand #254520046756:  Hold'em No Limit ($0.50/$1.00 USD) - 2025/01/23 21:33:35 WET [2025/01/23 16:33:35 ET]
Table 'Halleria III' 6-max Seat #5 is the button
Seat 3: Bessie0009 ($12.02 in chips) is sitting out
Seat 1: UnRRRReal ($100 in chips) 
Seat 2: GuigaMan ($103.20 in chips) 
Seat 4: Nicedaymybro ($100.29 in chips) 
Seat 5: Timonessb ($128.91 in chips) 
Seat 6: Cythian182 ($173.83 in chips) 
Cythian182: posts small blind $0.50
UnRRRReal: posts big blind $1
Bessie0009: sits out 
*** HOLE CARDS ***
GuigaMan: folds 
Nicedaymybro: folds 
Timonessb: folds 
Cythian182: folds 
Uncalled bet ($0.50) returned to UnRRRReal
UnRRRReal collected $1 from pot
UnRRRReal: doesn't show hand 
*** SUMMARY ***
Total pot $1 | Rake $0 
Seat 3: Bessie0009
Seat 1: UnRRRReal (big blind) collected ($1)
Seat 2: GuigaMan folded before Flop (didn't bet)
Seat 4: Nicedaymybro folded before Flop (didn't bet)
Seat 5: Timonessb (button) folded before Flop (didn't bet)
Seat 6: Cythian182 (small blind) folded before Flop



PokerStars Hand #254520050189:  Hold'em No Limit ($0.50/$1.00 USD) - 2025/01/23 21:33:46 WET [2025/01/23 16:33:46 ET]
Table 'Halleria III' 6-max Seat #6 is the button
Seat 3: Bessie0009 ($12.02 in chips) is sitting out
Seat 1: UnRRRReal ($100.50 in chips) 
Seat 2: GuigaMan ($103.20 in chips) 
Seat 4: Nicedaymybro ($100.29 in chips) 
Seat 5: Timonessb ($128.91 in chips) 
Seat 6: Cythian182 ($173.33 in chips) 
UnRRRReal: posts small blind $0.50
GuigaMan: posts big blind $1
Bessie0009: sits out 
*** HOLE CARDS ***
Nicedaymybro: folds 
Timonessb: folds 
Cythian182: raises $2 to $3
UnRRRReal: raises $9 to $12
GuigaMan: folds 
Cythian182: raises $14 to $26
UnRRRReal: folds 
Uncalled bet ($14) returned to Cythian182
Cythian182 collected $25 from pot
*** SUMMARY ***
Total pot $25 | Rake $0 
Seat 3: Bessie0009
Seat 1: UnRRRReal (small blind) folded before Flop
Seat 2: GuigaMan (big blind) folded before Flop
Seat 4: Nicedaymybro folded before Flop (didn't bet)
Seat 5: Timonessb folded before Flop (didn't bet)
Seat 6: Cythian182 (button) collected ($25)



PokerStars Hand #254520062953:  Hold'em No Limit ($0.50/$1.00 USD) - 2025/01/23 21:34:29 WET [2025/01/23 16:34:29 ET]
Table 'Halleria III' 6-max Seat #1 is the button
Seat 1: UnRRRReal ($100 in chips) 
Seat 2: GuigaMan ($102.20 in chips) 
Seat 3: Bessie0009 ($12.02 in chips) 
Seat 4: Nicedaymybro ($100.29 in chips) 
Seat 5: Timonessb ($128.91 in chips) 
Seat 6: Cythian182 ($186.33 in chips) 
GuigaMan: posts small blind $0.50
Bessie0009: posts big blind $1
*** HOLE CARDS ***
Nicedaymybro: folds 
Timonessb: raises $1 to $2
Cythian182: folds 
UnRRRReal: folds 
GuigaMan: raises $9 to $11
Bessie0009: raises $1.02 to $12.02 and is all-in
Timonessb: calls $10.02
GuigaMan: calls $1.02
*** FLOP *** [Js 2d Qd]
GuigaMan: checks 
Timonessb: checks 
*** TURN *** [Js 2d Qd] [4d]
GuigaMan: bets $10.28
Timonessb: folds 
Uncalled bet ($10.28) returned to GuigaMan
*** RIVER *** [Js 2d Qd 4d] [9c]
*** SHOW DOWN ***
GuigaMan: shows [Ks Kh] (a pair of Kings)
Bessie0009: shows [Qc Kd] (a pair of Queens)
GuigaMan collected $34.26 from pot
Bessie0009 cashed out the hand for $8.39 | Cash Out Fee $0.17
*** SUMMARY ***
Total pot $36.06 | Rake $1.80 
Board [Js 2d Qd 4d 9c]
Seat 1: UnRRRReal (button) folded before Flop (didn't bet)
Seat 2: GuigaMan (small blind) showed [Ks Kh] and won ($34.26) with a pair of Kings
Seat 3: Bessie0009 (big blind) showed [Qc Kd] and lost with a pair of Queens (cashed out).
Seat 4: Nicedaymybro folded before Flop (didn't bet)
Seat 5: Timonessb folded on the Turn
Seat 6: Cythian182 folded before Flop (didn't bet)



PokerStars Hand #254520072271:  Hold'em No Limit ($0.50/$1.00 USD) - 2025/01/23 21:35:00 WET [2025/01/23 16:35:00 ET]
Table 'Halleria III' 6-max Seat #2 is the button
Seat 1: UnRRRReal ($100 in chips) 
Seat 2: GuigaMan ($124.44 in chips) 
Seat 3: Bessie0009 ($8.39 in chips) 
Seat 4: Nicedaymybro ($100.29 in chips) 
Seat 5: Timonessb ($116.89 in chips) 
Seat 6: Cythian182 ($186.33 in chips) 
Bessie0009: posts small blind $0.50
Nicedaymybro: posts big blind $1
*** HOLE CARDS ***
Timonessb: folds 
Cythian182: folds 
UnRRRReal: folds 
GuigaMan: folds 
Bessie0009: folds 
Uncalled bet ($0.50) returned to Nicedaymybro
Nicedaymybro collected $1 from pot
Nicedaymybro: doesn't show hand 
*** SUMMARY ***
Total pot $1 | Rake $0 
Seat 1: UnRRRReal folded before Flop (didn't bet)
Seat 2: GuigaMan (button) folded before Flop (didn't bet)
Seat 3: Bessie0009 (small blind) folded before Flop
Seat 4: Nicedaymybro (big blind) collected ($1)
Seat 5: Timonessb folded before Flop (didn't bet)
Seat 6: Cythian182 folded before Flop (didn't bet)



PokerStars Hand #254520075783:  Hold'em No Limit ($0.50/$1.00 USD) - 2025/01/23 21:35:11 WET [2025/01/23 16:35:11 ET]
Table 'Halleria III' 6-max Seat #3 is the button
Seat 1: UnRRRReal ($100 in chips) 
Seat 2: GuigaMan ($124.44 in chips) 
Seat 3: Bessie0009 ($7.89 in chips) 
Seat 4: Nicedaymybro ($100.79 in chips) 
Seat 5: Timonessb ($116.89 in chips) 
Seat 6: Cythian182 ($186.33 in chips) 
Nicedaymybro: posts small blind $0.50
Timonessb: posts big blind $1
*** HOLE CARDS ***
Cythian182: folds 
UnRRRReal: folds 
GuigaMan: raises $1.50 to $2.50
Bessie0009: folds 
Nicedaymybro: folds 
Timonessb: folds 
Uncalled bet ($1.50) returned to GuigaMan
GuigaMan collected $2.50 from pot
*** SUMMARY ***
Total pot $2.50 | Rake $0 
Seat 1: UnRRRReal folded before Flop (didn't bet)
Seat 2: GuigaMan collected ($2.50)
Seat 3: Bessie0009 (button) folded before Flop (didn't bet)
Seat 4: Nicedaymybro (small blind) folded before Flop
Seat 5: Timonessb (big blind) folded before Flop
Seat 6: Cythian182 folded before Flop (didn't bet)



PokerStars Hand #254520079839:  Hold'em No Limit ($0.50/$1.00 USD) - 2025/01/23 21:35:25 WET [2025/01/23 16:35:25 ET]
Table 'Halleria III' 6-max Seat #4 is the button
Seat 1: UnRRRReal ($100 in chips) 
Seat 2: GuigaMan ($125.94 in chips) 
Seat 3: Bessie0009 ($7.89 in chips) 
Seat 4: Nicedaymybro ($100.29 in chips) 
Seat 5: Timonessb ($115.89 in chips) 
Seat 6: Cythian182 ($186.33 in chips) 
Timonessb: posts small blind $0.50
Cythian182: posts big blind $1
*** HOLE CARDS ***
UnRRRReal: folds 
GuigaMan: raises $1.50 to $2.50
Bessie0009: calls $2.50
Nicedaymybro: raises $6.50 to $9
Timonessb: folds 
Cythian182: folds 
GuigaMan: folds 
Bessie0009: calls $5.39 and is all-in
Uncalled bet ($1.11) returned to Nicedaymybro
*** FLOP *** [Ah 5d 7s]
*** TURN *** [Ah 5d 7s] [9s]
Cythian182 is disconnected 
*** RIVER *** [Ah 5d 7s 9s] [4s]
*** SHOW DOWN ***
Bessie0009: shows [9c Qd] (a pair of Nines)
Nicedaymybro: shows [Qs Ad] (a pair of Aces)
Nicedaymybro collected $18.79 from pot
*** SUMMARY ***
Total pot $19.78 | Rake $0.99 
Board [Ah 5d 7s 9s 4s]
Seat 1: UnRRRReal folded before Flop (didn't bet)
Seat 2: GuigaMan folded before Flop
Seat 3: Bessie0009 showed [9c Qd] and lost with a pair of Nines
Seat 4: Nicedaymybro (button) showed [Qs Ad] and won ($18.79) with a pair of Aces
Seat 5: Timonessb (small blind) folded before Flop
Seat 6: Cythian182 (big blind) folded before Flop



PokerStars Hand #254520094609:  Hold'em No Limit ($0.50/$1.00 USD) - 2025/01/23 21:36:14 WET [2025/01/23 16:36:14 ET]
Table 'Halleria III' 6-max Seat #5 is the button
Seat 3: Bessie0009 ($0 in chips) is sitting out
Seat 1: UnRRRReal ($100 in chips) 
Seat 2: GuigaMan ($123.44 in chips) 
Seat 4: Nicedaymybro ($111.19 in chips) 
Seat 5: Timonessb ($115.39 in chips) 
Seat 6: Cythian182 ($185.33 in chips) 
Cythian182 is connected 
Cythian182: posts small blind $0.50
UnRRRReal: posts big blind $1
*** HOLE CARDS ***
GuigaMan: folds 
Nicedaymybro: raises $1.50 to $2.50
Timonessb: folds 
Bessie0009 leaves the table
BoyLoc0 joins the table at seat #3 
Cythian182: folds 
UnRRRReal: folds 
Uncalled bet ($1.50) returned to Nicedaymybro
Nicedaymybro collected $2.50 from pot
Nicedaymybro: doesn't show hand 
*** SUMMARY ***
Total pot $2.50 | Rake $0 
Seat 3: Bessie0009
Seat 1: UnRRRReal (big blind) folded before Flop
Seat 2: GuigaMan folded before Flop (didn't bet)
Seat 4: Nicedaymybro collected ($2.50)
Seat 5: Timonessb (button) folded before Flop (didn't bet)
Seat 6: Cythian182 (small blind) folded before Flop



PokerStars Hand #254520101976:  Hold'em No Limit ($0.50/$1.00 USD) - 2025/01/23 21:36:38 WET [2025/01/23 16:36:38 ET]
Table 'Halleria III' 6-max Seat #6 is the button
Seat 3: BoyLoc0 ($100 in chips) is sitting out
Seat 1: UnRRRReal ($100 in chips) 
Seat 2: GuigaMan ($123.44 in chips) 
Seat 4: Nicedaymybro ($112.69 in chips) 
Seat 5: Timonessb ($115.39 in chips) 
Seat 6: Cythian182 ($184.83 in chips) 
UnRRRReal: posts small blind $0.50
GuigaMan: posts big blind $1
BoyLoc0: sits out 
*** HOLE CARDS ***
Nicedaymybro: folds 
Timonessb: folds 
Cythian182: folds 
UnRRRReal: raises $2 to $3
GuigaMan: folds 
Uncalled bet ($2) returned to UnRRRReal
UnRRRReal collected $2 from pot
UnRRRReal: doesn't show hand 
*** SUMMARY ***
Total pot $2 | Rake $0 
Seat 3: BoyLoc0
Seat 1: UnRRRReal (small blind) collected ($2)
Seat 2: GuigaMan (big blind) folded before Flop
Seat 4: Nicedaymybro folded before Flop (didn't bet)
Seat 5: Timonessb folded before Flop (didn't bet)
Seat 6: Cythian182 (button) folded before Flop (didn't bet)



PokerStars Hand #254520107061:  Hold'em No Limit ($0.50/$1.00 USD) - 2025/01/23 21:36:55 WET [2025/01/23 16:36:55 ET]
Table 'Halleria III' 6-max Seat #1 is the button
Seat 1: UnRRRReal ($101 in chips) 
Seat 2: GuigaMan ($122.44 in chips) 
Seat 3: BoyLoc0 ($100 in chips) 
Seat 4: Nicedaymybro ($112.69 in chips) 
Seat 5: Timonessb ($115.39 in chips) 
Seat 6: Cythian182 ($184.83 in chips) 
GuigaMan: posts small blind $0.50
BoyLoc0: posts big blind $1
*** HOLE CARDS ***
Nicedaymybro: raises $1.50 to $2.50
Timonessb: folds 
Cythian182: folds 
UnRRRReal: folds 
GuigaMan: folds 
BoyLoc0: folds 
Uncalled bet ($1.50) returned to Nicedaymybro
Nicedaymybro collected $2.50 from pot
Nicedaymybro: doesn't show hand 
*** SUMMARY ***
Total pot $2.50 | Rake $0 
Seat 1: UnRRRReal (button) folded before Flop (didn't bet)
Seat 2: GuigaMan (small blind) folded before Flop
Seat 3: BoyLoc0 (big blind) folded before Flop
Seat 4: Nicedaymybro collected ($2.50)
Seat 5: Timonessb folded before Flop (didn't bet)
Seat 6: Cythian182 folded before Flop (didn't bet)



PokerStars Hand #254520112518:  Hold'em No Limit ($0.50/$1.00 USD) - 2025/01/23 21:37:13 WET [2025/01/23 16:37:13 ET]
Table 'Halleria III' 6-max Seat #2 is the button
Seat 4: Nicedaymybro ($114.19 in chips) is sitting out
Seat 1: UnRRRReal ($101 in chips) 
Seat 2: GuigaMan ($121.94 in chips) 
Seat 3: BoyLoc0 ($100 in chips) 
Seat 5: Timonessb ($115.39 in chips) 
Seat 6: Cythian182 ($184.83 in chips) 
BoyLoc0: posts small blind $0.50
Nicedaymybro: is sitting out 
Timonessb: posts big blind $1
*** HOLE CARDS ***
Cythian182: folds 
UnRRRReal: folds 
Nicedaymybro leaves the table
GuigaMan: raises $1.50 to $2.50
BoyLoc0: folds 
ptolejmus joins the table at seat #4 
Timonessb: folds 
Uncalled bet ($1.50) returned to GuigaMan
GuigaMan collected $2.50 from pot
*** SUMMARY ***
Total pot $2.50 | Rake $0 
Seat 4: Nicedaymybro
Seat 1: UnRRRReal folded before Flop (didn't bet)
Seat 2: GuigaMan (button) collected ($2.50)
Seat 3: BoyLoc0 (small blind) folded before Flop
Seat 5: Timonessb (big blind) folded before Flop
Seat 6: Cythian182 folded before Flop (didn't bet)



PokerStars Hand #254520118694:  Hold'em No Limit ($0.50/$1.00 USD) - 2025/01/23 21:37:33 WET [2025/01/23 16:37:33 ET]
Table 'Halleria III' 6-max Seat #3 is the button
Seat 4: ptolejmus ($10 in chips) is sitting out
Seat 1: UnRRRReal ($101 in chips) 
Seat 2: GuigaMan ($123.44 in chips) 
Seat 3: BoyLoc0 ($100 in chips) 
Seat 5: Timonessb ($114.39 in chips) 
Seat 6: Cythian182 ($184.83 in chips) 
Timonessb: posts small blind $0.50
Cythian182: posts big blind $1
*** HOLE CARDS ***
UnRRRReal: folds 
GuigaMan: folds 
BoyLoc0: folds 
Timonessb: raises $2 to $3
Cythian182: folds 
Uncalled bet ($2) returned to Timonessb
Timonessb collected $2 from pot
*** SUMMARY ***
Total pot $2 | Rake $0 
Seat 4: ptolejmus
Seat 1: UnRRRReal folded before Flop (didn't bet)
Seat 2: GuigaMan folded before Flop (didn't bet)
Seat 3: BoyLoc0 (button) folded before Flop (didn't bet)
Seat 5: Timonessb (small blind) collected ($2)
Seat 6: Cythian182 (big blind) folded before Flop



PokerStars Hand #254520126549:  Hold'em No Limit ($0.50/$1.00 USD) - 2025/01/23 21:37:59 WET [2025/01/23 16:37:59 ET]
Table 'Halleria III' 6-max Seat #5 is the button
Seat 4: ptolejmus ($10 in chips) is sitting out
Seat 1: UnRRRReal ($101 in chips) 
Seat 2: GuigaMan ($123.44 in chips) 
Seat 3: BoyLoc0 ($100 in chips) 
Seat 5: Timonessb ($115.39 in chips) 
Seat 6: Cythian182 ($183.83 in chips) 
Cythian182: posts small blind $0.50
UnRRRReal: posts big blind $1
ptolejmus: sits out 
*** HOLE CARDS ***
GuigaMan: folds 
BoyLoc0: raises $1.50 to $2.50
Timonessb: raises $5 to $7.50
Cythian182: folds 
UnRRRReal: folds 
BoyLoc0: raises $12.50 to $20
Timonessb: calls $12.50
*** FLOP *** [9s 2d 4c]
BoyLoc0: bets $19.71
Timonessb: folds 
Uncalled bet ($19.71) returned to BoyLoc0
BoyLoc0 collected $39.42 from pot
BoyLoc0: doesn't show hand 
*** SUMMARY ***
Total pot $41.50 | Rake $2.08 
Board [9s 2d 4c]
Seat 4: ptolejmus
Seat 1: UnRRRReal (big blind) folded before Flop
Seat 2: GuigaMan folded before Flop (didn't bet)
Seat 3: BoyLoc0 collected ($39.42)
Seat 5: Timonessb (button) folded on the Flop
Seat 6: Cythian182 (small blind) folded before Flop



PokerStars Hand #254520141930:  Hold'em No Limit ($0.50/$1.00 USD) - 2025/01/23 21:38:50 WET [2025/01/23 16:38:50 ET]
Table 'Halleria III' 6-max Seat #6 is the button
Seat 4: ptolejmus ($10 in chips) is sitting out
Seat 1: UnRRRReal ($100 in chips) 
Seat 2: GuigaMan ($123.44 in chips) 
Seat 3: BoyLoc0 ($119.42 in chips) 
Seat 5: Timonessb ($100 in chips) 
Seat 6: Cythian182 ($183.33 in chips) 
UnRRRReal: posts small blind $0.50
GuigaMan: posts big blind $1
ptolejmus: sits out 
*** HOLE CARDS ***
BoyLoc0: folds 
Timonessb: folds 
Cythian182: folds 
UnRRRReal: folds 
Uncalled bet ($0.50) returned to GuigaMan
GuigaMan collected $1 from pot
*** SUMMARY ***
Total pot $1 | Rake $0 
Seat 4: ptolejmus
Seat 1: UnRRRReal (small blind) folded before Flop
Seat 2: GuigaMan (big blind) collected ($1)
Seat 3: BoyLoc0 folded before Flop (didn't bet)
Seat 5: Timonessb folded before Flop (didn't bet)
Seat 6: Cythian182 (button) folded before Flop (didn't bet)



PokerStars Hand #254520146001:  Hold'em No Limit ($0.50/$1.00 USD) - 2025/01/23 21:39:04 WET [2025/01/23 16:39:04 ET]
Table 'Halleria III' 6-max Seat #1 is the button
Seat 4: ptolejmus ($10 in chips) is sitting out
Seat 1: UnRRRReal ($100 in chips) 
Seat 2: GuigaMan ($123.94 in chips) 
Seat 3: BoyLoc0 ($119.42 in chips) 
Seat 5: Timonessb ($100 in chips) 
Seat 6: Cythian182 ($183.33 in chips) 
GuigaMan: posts small blind $0.50
BoyLoc0: posts big blind $1
ptolejmus: sits out 
*** HOLE CARDS ***
Timonessb: folds 
Cythian182: folds 
UnRRRReal: folds 
GuigaMan: folds 
Uncalled bet ($0.50) returned to BoyLoc0
BoyLoc0 collected $1 from pot
BoyLoc0: doesn't show hand 
*** SUMMARY ***
Total pot $1 | Rake $0 
Seat 4: ptolejmus
Seat 1: UnRRRReal (button) folded before Flop (didn't bet)
Seat 2: GuigaMan (small blind) folded before Flop
Seat 3: BoyLoc0 (big blind) collected ($1)
Seat 5: Timonessb folded before Flop (didn't bet)
Seat 6: Cythian182 folded before Flop (didn't bet)



PokerStars Hand #254520148880:  Hold'em No Limit ($0.50/$1.00 USD) - 2025/01/23 21:39:13 WET [2025/01/23 16:39:13 ET]
Table 'Halleria III' 6-max Seat #2 is the button
Seat 1: UnRRRReal ($100 in chips) 
Seat 2: GuigaMan ($123.44 in chips) 
Seat 3: BoyLoc0 ($119.92 in chips) 
Seat 4: ptolejmus ($10 in chips) 
Seat 5: Timonessb ($100 in chips) 
Seat 6: Cythian182 ($183.33 in chips) 
BoyLoc0: posts small blind $0.50
ptolejmus: posts big blind $1
*** HOLE CARDS ***
Timonessb: folds 
Cythian182: folds 
UnRRRReal: raises $1.50 to $2.50
GuigaMan: folds 
BoyLoc0: folds 
ptolejmus: folds 
Uncalled bet ($1.50) returned to UnRRRReal
UnRRRReal collected $2.50 from pot
UnRRRReal: doesn't show hand 
*** SUMMARY ***
Total pot $2.50 | Rake $0 
Seat 1: UnRRRReal collected ($2.50)
Seat 2: GuigaMan (button) folded before Flop (didn't bet)
Seat 3: BoyLoc0 (small blind) folded before Flop
Seat 4: ptolejmus (big blind) folded before Flop
Seat 5: Timonessb folded before Flop (didn't bet)
Seat 6: Cythian182 folded before Flop (didn't bet)



PokerStars Hand #254520155047:  Hold'em No Limit ($0.50/$1.00 USD) - 2025/01/23 21:39:33 WET [2025/01/23 16:39:33 ET]
Table 'Halleria III' 6-max Seat #3 is the button
Seat 1: UnRRRReal ($101.50 in chips) 
Seat 2: GuigaMan ($123.44 in chips) 
Seat 3: BoyLoc0 ($119.42 in chips) 
Seat 4: ptolejmus ($10 in chips) 
Seat 5: Timonessb ($100 in chips) 
Seat 6: Cythian182 ($183.33 in chips) 
ptolejmus: posts small blind $0.50
Timonessb: posts big blind $1
*** HOLE CARDS ***
Cythian182: folds 
UnRRRReal: raises $1.50 to $2.50
GuigaMan: raises $5.50 to $8
BoyLoc0: folds 
BoyLoc0 leaves the table
ptolejmus: folds 
Timonessb: folds 
UnRRRReal: folds 
Uncalled bet ($5.50) returned to GuigaMan
GuigaMan collected $6.50 from pot
*** SUMMARY ***
Total pot $6.50 | Rake $0 
Seat 1: UnRRRReal folded before Flop
Seat 2: GuigaMan collected ($6.50)
Seat 3: BoyLoc0 (button) folded before Flop (didn't bet)
Seat 4: ptolejmus (small blind) folded before Flop
Seat 5: Timonessb (big blind) folded before Flop
Seat 6: Cythian182 folded before Flop (didn't bet)



PokerStars Hand #254520164279:  Hold'em No Limit ($0.50/$1.00 USD) - 2025/01/23 21:40:04 WET [2025/01/23 16:40:04 ET]
Table 'Halleria III' 6-max Seat #4 is the button
Seat 1: UnRRRReal ($100 in chips) 
Seat 2: GuigaMan ($127.44 in chips) 
Seat 4: ptolejmus ($10 in chips) 
Seat 5: Timonessb ($100 in chips) 
Seat 6: Cythian182 ($183.33 in chips) 
Timonessb: posts small blind $0.50
Cythian182: posts big blind $1
*** HOLE CARDS ***
UnRRRReal: folds 
GuigaMan: folds 
ptolejmus: raises $1 to $2
Timonessb: folds 
Cythian182: raises $181.33 to $183.33 and is all-in
ptolejmus: calls $8 and is all-in
Uncalled bet ($173.33) returned to Cythian182
*** FLOP *** [Qs Kd 4s]
*** TURN *** [Qs Kd 4s] [Qd]
*** RIVER *** [Qs Kd 4s Qd] [Tc]
*** SHOW DOWN ***
Cythian182: shows [8c As] (a pair of Queens)
ptolejmus: shows [Ah Td] (two pair, Queens and Tens)
ptolejmus collected $19.48 from pot
*** SUMMARY ***
Total pot $20.50 | Rake $1.02 
Board [Qs Kd 4s Qd Tc]
Seat 1: UnRRRReal folded before Flop (didn't bet)
Seat 2: GuigaMan folded before Flop (didn't bet)
Seat 4: ptolejmus (button) showed [Ah Td] and won ($19.48) with two pair, Queens and Tens
Seat 5: Timonessb (small blind) folded before Flop
Seat 6: Cythian182 (big blind) showed [8c As] and lost with a pair of Queens



PokerStars Hand #254520175308:  Hold'em No Limit ($0.50/$1.00 USD) - 2025/01/23 21:40:40 WET [2025/01/23 16:40:40 ET]
Table 'Halleria III' 6-max Seat #5 is the button
Seat 1: UnRRRReal ($100 in chips) 
Seat 2: GuigaMan ($127.44 in chips) 
Seat 4: ptolejmus ($19.48 in chips) 
Seat 5: Timonessb ($100 in chips) 
Seat 6: Cythian182 ($173.33 in chips) 
Cythian182: posts small blind $0.50
UnRRRReal: posts big blind $1
*** HOLE CARDS ***
GuigaMan: folds 
ptolejmus: folds 
Timonessb: folds 
Cythian182: raises $2 to $3
UnRRRReal: raises $7 to $10
Cythian182: calls $7
*** FLOP *** [Tc Qc 7c]
Cythian182: checks 
UnRRRReal: bets $6.27
Cythian182: raises $17.73 to $24
UnRRRReal: calls $17.73
*** TURN *** [Tc Qc 7c] [8c]
Cythian182: checks 
UnRRRReal: checks 
*** RIVER *** [Tc Qc 7c 8c] [Qs]
Cythian182: bets $139.33 and is all-in
UnRRRReal: calls $66 and is all-in
Uncalled bet ($73.33) returned to Cythian182
*** SHOW DOWN ***
Cythian182: shows [Ac Jd] (a flush, Ace high)
UnRRRReal: shows [8d Qh] (a full house, Queens full of Eights)
UnRRRReal collected $197.50 from pot
*** SUMMARY ***
Total pot $200 | Rake $2.50 
Board [Tc Qc 7c 8c Qs]
Seat 1: UnRRRReal (big blind) showed [8d Qh] and won ($197.50) with a full house, Queens full of Eights
Seat 2: GuigaMan folded before Flop (didn't bet)
Seat 4: ptolejmus folded before Flop (didn't bet)
Seat 5: Timonessb (button) folded before Flop (didn't bet)
Seat 6: Cythian182 (small blind) showed [Ac Jd] and lost with a flush, Ace high



PokerStars Hand #254520211093:  Hold'em No Limit ($0.50/$1.00 USD) - 2025/01/23 21:42:36 WET [2025/01/23 16:42:36 ET]
Table 'Halleria III' 6-max Seat #6 is the button
Seat 2: GuigaMan ($127.44 in chips) 
Seat 4: ptolejmus ($19.48 in chips) 
Seat 5: Timonessb ($100 in chips) 
Seat 6: Cythian182 ($73.33 in chips) 
GuigaMan: posts small blind $0.50
ptolejmus: posts big blind $1
*** HOLE CARDS ***
Timonessb: raises $1.30 to $2.30
Cythian182: folds 
GuigaMan: folds 
ptolejmus: folds 
Uncalled bet ($1.30) returned to Timonessb
Timonessb collected $2.50 from pot
*** SUMMARY ***
Total pot $2.50 | Rake $0 
Seat 2: GuigaMan (small blind) folded before Flop
Seat 4: ptolejmus (big blind) folded before Flop
Seat 5: Timonessb collected ($2.50)
Seat 6: Cythian182 (button) folded before Flop (didn't bet)



PokerStars Hand #254520215342:  Hold'em No Limit ($0.50/$1.00 USD) - 2025/01/23 21:42:50 WET [2025/01/23 16:42:50 ET]
Table 'Halleria III' 6-max Seat #2 is the button
Seat 2: GuigaMan ($126.94 in chips) 
Seat 4: ptolejmus ($18.48 in chips) 
Seat 5: Timonessb ($101.50 in chips) 
Seat 6: Cythian182 ($73.33 in chips) 
ptolejmus: posts small blind $0.50
Timonessb: posts big blind $1
*** HOLE CARDS ***
Cythian182: raises $2 to $3
GuigaMan: raises $6 to $9
ptolejmus: folds 
Timonessb: folds 
Cythian182: calls $6
*** FLOP *** [7h Tc Ah]
Cythian182: checks 
GuigaMan: bets $5.56
Cythian182: calls $5.56
*** TURN *** [7h Tc Ah] [7c]
Cythian182: checks 
GuigaMan: checks 
*** RIVER *** [7h Tc Ah 7c] [Js]
Cythian182: bets $6.41
GuigaMan: calls $6.41
*** SHOW DOWN ***
Cythian182: shows [9h 4h] (a pair of Sevens)
GuigaMan: shows [Jd Kh] (two pair, Jacks and Sevens)
GuigaMan collected $42.44 from pot
*** SUMMARY ***
Total pot $43.44 | Rake $1 
Board [7h Tc Ah 7c Js]
Seat 2: GuigaMan (button) showed [Jd Kh] and won ($42.44) with two pair, Jacks and Sevens
Seat 4: ptolejmus (small blind) folded before Flop
Seat 5: Timonessb (big blind) folded before Flop
Seat 6: Cythian182 showed [9h 4h] and lost with a pair of Sevens



PokerStars Hand #254520227269:  Hold'em No Limit ($0.50/$1.00 USD) - 2025/01/23 21:43:29 WET [2025/01/23 16:43:29 ET]
Table 'Halleria III' 6-max Seat #4 is the button
Seat 2: GuigaMan ($148.41 in chips) 
Seat 4: ptolejmus ($17.98 in chips) 
Seat 5: Timonessb ($100.50 in chips) 
Seat 6: Cythian182 ($52.36 in chips) 
Timonessb: posts small blind $0.50
Cythian182: posts big blind $1
*** HOLE CARDS ***
GuigaMan: folds 
ptolejmus: folds 
erpaye joins the table at seat #1 
Timonessb: raises $1.50 to $2.50
Cythian182: raises $9.50 to $12
Timonessb: folds 
Uncalled bet ($9.50) returned to Cythian182
Cythian182 collected $5 from pot
*** SUMMARY ***
Total pot $5 | Rake $0 
Seat 2: GuigaMan folded before Flop (didn't bet)
Seat 4: ptolejmus (button) folded before Flop (didn't bet)
Seat 5: Timonessb (small blind) folded before Flop
Seat 6: Cythian182 (big blind) collected ($5)



PokerStars Hand #254520234744:  Hold'em No Limit ($0.50/$1.00 USD) - 2025/01/23 21:43:54 WET [2025/01/23 16:43:54 ET]
Table 'Halleria III' 6-max Seat #5 is the button
Seat 1: erpaye ($100 in chips) 
Seat 2: GuigaMan ($148.41 in chips) 
Seat 4: ptolejmus ($17.98 in chips) 
Seat 5: Timonessb ($100 in chips) 
Seat 6: Cythian182 ($54.86 in chips) 
Cythian182: posts small blind $0.50
erpaye: posts big blind $1
*** HOLE CARDS ***
GuigaMan: folds 
ptolejmus: folds 
Timonessb: raises $1.50 to $2.50
Cythian182: folds 
erpaye: folds 
Uncalled bet ($1.50) returned to Timonessb
Timonessb collected $2.50 from pot
*** SUMMARY ***
Total pot $2.50 | Rake $0 
Seat 1: erpaye (big blind) folded before Flop
Seat 2: GuigaMan folded before Flop (didn't bet)
Seat 4: ptolejmus folded before Flop (didn't bet)
Seat 5: Timonessb (button) collected ($2.50)
Seat 6: Cythian182 (small blind) folded before Flop



PokerStars Hand #254520244545:  Hold'em No Limit ($0.50/$1.00 USD) - 2025/01/23 21:44:25 WET [2025/01/23 16:44:25 ET]
Table 'Halleria III' 6-max Seat #6 is the button
Seat 1: erpaye ($100 in chips) 
Seat 2: GuigaMan ($148.41 in chips) 
Seat 4: ptolejmus ($17.98 in chips) 
Seat 5: Timonessb ($101.50 in chips) 
Seat 6: Cythian182 ($54.36 in chips) 
erpaye: posts small blind $0.50
GuigaMan: posts big blind $1
*** HOLE CARDS ***
ptolejmus: folds 
Timonessb: folds 
Cythian182: raises $2 to $3
erpaye: folds 
GuigaMan: raises $9 to $12
Cythian182: folds 
Uncalled bet ($9) returned to GuigaMan
GuigaMan collected $6.50 from pot
*** SUMMARY ***
Total pot $6.50 | Rake $0 
Seat 1: erpaye (small blind) folded before Flop
Seat 2: GuigaMan (big blind) collected ($6.50)
Seat 4: ptolejmus folded before Flop (didn't bet)
Seat 5: Timonessb folded before Flop (didn't bet)
Seat 6: Cythian182 (button) folded before Flop



PokerStars Hand #254520254061:  Hold'em No Limit ($0.50/$1.00 USD) - 2025/01/23 21:44:56 WET [2025/01/23 16:44:56 ET]
Table 'Halleria III' 6-max Seat #1 is the button
Seat 1: erpaye ($100 in chips) 
Seat 2: GuigaMan ($151.91 in chips) 
Seat 4: ptolejmus ($17.98 in chips) 
Seat 5: Timonessb ($101.50 in chips) 
Seat 6: Cythian182 ($51.36 in chips) 
GuigaMan: posts small blind $0.50
ptolejmus: posts big blind $1
*** HOLE CARDS ***
Timonessb: folds 
Cythian182: folds 
erpaye: raises $1.30 to $2.30
GuigaMan: folds 
ptolejmus: raises $15.68 to $17.98 and is all-in
michasia joins the table at seat #3 
erpaye: calls $15.68
*** FLOP *** [Tc 7d 5h]
*** TURN *** [Tc 7d 5h] [Ks]
*** RIVER *** [Tc 7d 5h Ks] [Ad]
*** SHOW DOWN ***
ptolejmus: shows [Td 9d] (a pair of Tens)
erpaye: shows [7c Ah] (two pair, Aces and Sevens)
erpaye collected $34.64 from pot
*** SUMMARY ***
Total pot $36.46 | Rake $1.82 
Board [Tc 7d 5h Ks Ad]
Seat 1: erpaye (button) showed [7c Ah] and won ($34.64) with two pair, Aces and Sevens
Seat 2: GuigaMan (small blind) folded before Flop
Seat 4: ptolejmus (big blind) showed [Td 9d] and lost with a pair of Tens
Seat 5: Timonessb folded before Flop (didn't bet)
Seat 6: Cythian182 folded before Flop (didn't bet)



PokerStars Hand #254520433675:  Hold'em No Limit ($0.50/$1.00 USD) - 2025/01/23 21:54:51 WET [2025/01/23 16:54:51 ET]
Table 'Halleria III' 6-max Seat #4 is the button
Seat 1: erpaye ($135.34 in chips) 
Seat 2: GuigaMan ($145.21 in chips) 
Seat 3: michasia ($100 in chips) 
Seat 4: ptolejmus ($11.50 in chips) 
Seat 5: Timonessb ($100 in chips) 
Seat 6: Cythian182 ($55.63 in chips) 
Timonessb: posts small blind $0.50
Cythian182: posts big blind $1
*** HOLE CARDS ***
erpaye: folds 
GuigaMan: folds 
michasia: folds 
ptolejmus: folds 
Timonessb: folds 
Uncalled bet ($0.50) returned to Cythian182
Cythian182 collected $1 from pot
*** SUMMARY ***
Total pot $1 | Rake $0 
Seat 1: erpaye folded before Flop (didn't bet)
Seat 2: GuigaMan folded before Flop (didn't bet)
Seat 3: michasia folded before Flop (didn't bet)
Seat 4: ptolejmus (button) folded before Flop (didn't bet)
Seat 5: Timonessb (small blind) folded before Flop
Seat 6: Cythian182 (big blind) collected ($1)



PokerStars Hand #254520441246:  Hold'em No Limit ($0.50/$1.00 USD) - 2025/01/23 21:55:18 WET [2025/01/23 16:55:18 ET]
Table 'Halleria III' 6-max Seat #5 is the button
Seat 1: erpaye ($135.34 in chips) 
Seat 2: GuigaMan ($145.21 in chips) 
Seat 3: michasia ($100 in chips) 
Seat 4: ptolejmus ($11.50 in chips) 
Seat 5: Timonessb ($100 in chips) 
Seat 6: Cythian182 ($56.13 in chips) 
Cythian182: posts small blind $0.50
erpaye: posts big blind $1
*** HOLE CARDS ***
GuigaMan: folds 
michasia: folds 
ptolejmus: folds 
Timonessb: raises $1.50 to $2.50
Cythian182: raises $8.50 to $11
erpaye: folds 
Timonessb: raises $89 to $100 and is all-in
Cythian182: calls $45.13 and is all-in
Uncalled bet ($43.87) returned to Timonessb
*** FLOP *** [Qh 6c 5d]
*** TURN *** [Qh 6c 5d] [3s]
*** RIVER *** [Qh 6c 5d 3s] [9h]
*** SHOW DOWN ***
Cythian182: shows [Ah 2s] (high card Ace)
Timonessb: shows [Jd Ac] (high card Ace - Queen+Jack kicker)
Timonessb collected $110.76 from pot
*** SUMMARY ***
Total pot $113.26 | Rake $2.50 
Board [Qh 6c 5d 3s 9h]
Seat 1: erpaye (big blind) folded before Flop
Seat 2: GuigaMan folded before Flop (didn't bet)
Seat 3: michasia folded before Flop (didn't bet)
Seat 4: ptolejmus folded before Flop (didn't bet)
Seat 5: Timonessb (button) showed [Jd Ac] and won ($110.76) with high card Ace
Seat 6: Cythian182 (small blind) showed [Ah 2s] and lost with high card Ace



PokerStars Hand #254520451438:  Hold'em No Limit ($0.50/$1.00 USD) - 2025/01/23 21:56:04 WET [2025/01/23 16:56:04 ET]
Table 'Halleria III' 6-max Seat #1 is the button
Seat 6: Cythian182 ($0 in chips) is sitting out
Seat 1: erpaye ($134.34 in chips) 
Seat 2: GuigaMan ($145.21 in chips) 
Seat 3: michasia ($100 in chips) 
Seat 4: ptolejmus ($11.50 in chips) 
Seat 5: Timonessb ($154.63 in chips) 
Cythian182 is disconnected 
GuigaMan: posts small blind $0.50
michasia: posts big blind $1
*** HOLE CARDS ***
ptolejmus: folds 
Timonessb: folds 
erpaye: folds 
GuigaMan: folds 
Uncalled bet ($0.50) returned to michasia
michasia collected $1 from pot
michasia: doesn't show hand 
*** SUMMARY ***
Total pot $1 | Rake $0 
Seat 6: Cythian182
Seat 1: erpaye (button) folded before Flop (didn't bet)
Seat 2: GuigaMan (small blind) folded before Flop
Seat 3: michasia (big blind) collected ($1)
Seat 4: ptolejmus folded before Flop (didn't bet)
Seat 5: Timonessb folded before Flop (didn't bet)



PokerStars Hand #254520454587:  Hold'em No Limit ($0.50/$1.00 USD) - 2025/01/23 21:56:18 WET [2025/01/23 16:56:18 ET]
Table 'Halleria III' 6-max Seat #2 is the button
Seat 6: Cythian182 ($0 in chips) is sitting out
Seat 1: erpaye ($134.34 in chips) 
Seat 2: GuigaMan ($144.71 in chips) 
Seat 3: michasia ($100.50 in chips) 
Seat 4: ptolejmus ($11.50 in chips) 
Seat 5: Timonessb ($154.63 in chips) 
michasia: posts small blind $0.50
ptolejmus: posts big blind $1
*** HOLE CARDS ***
Timonessb: raises $1.30 to $2.30
erpaye: folds 
GuigaMan: folds 
michasia: folds 
ptolejmus: folds 
Uncalled bet ($1.30) returned to Timonessb
Timonessb collected $2.50 from pot
*** SUMMARY ***
Total pot $2.50 | Rake $0 
Seat 6: Cythian182
Seat 1: erpaye folded before Flop (didn't bet)
Seat 2: GuigaMan (button) folded before Flop (didn't bet)
Seat 3: michasia (small blind) folded before Flop
Seat 4: ptolejmus (big blind) folded before Flop
Seat 5: Timonessb collected ($2.50)



PokerStars Hand #254520457408:  Hold'em No Limit ($0.50/$1.00 USD) - 2025/01/23 21:56:31 WET [2025/01/23 16:56:31 ET]
Table 'Halleria III' 6-max Seat #3 is the button
Seat 6: Cythian182 ($0 in chips) is sitting out
Seat 1: erpaye ($134.34 in chips) 
Seat 2: GuigaMan ($144.71 in chips) 
Seat 3: michasia ($100 in chips) 
Seat 4: ptolejmus ($10.50 in chips) 
Seat 5: Timonessb ($156.13 in chips) 
ptolejmus: posts small blind $0.50
Timonessb: posts big blind $1
*** HOLE CARDS ***
erpaye: folds 
GuigaMan: raises $1.50 to $2.50
michasia: folds 
Cythian182 leaves the table
BuzaCR7 joins the table at seat #6 
BuzaCR7 is disconnected 
ptolejmus: folds 
Timonessb: calls $1.50
*** FLOP *** [6d 4h 5h]
Timonessb: checks 
GuigaMan: checks 
*** TURN *** [6d 4h 5h] [9c]
Timonessb: bets $5
GuigaMan: folds 
Uncalled bet ($5) returned to Timonessb
Timonessb collected $5.22 from pot
*** SUMMARY ***
Total pot $5.50 | Rake $0.28 
Board [6d 4h 5h 9c]
Seat 6: Cythian182
Seat 1: erpaye folded before Flop (didn't bet)
Seat 2: GuigaMan folded on the Turn
Seat 3: michasia (button) folded before Flop (didn't bet)
Seat 4: ptolejmus (small blind) folded before Flop
Seat 5: Timonessb (big blind) collected ($5.22)



PokerStars Hand #254520465963:  Hold'em No Limit ($0.50/$1.00 USD) - 2025/01/23 21:57:10 WET [2025/01/23 16:57:10 ET]
Table 'Halleria III' 6-max Seat #4 is the button
Seat 1: erpaye ($134.34 in chips) 
Seat 2: GuigaMan ($142.21 in chips) 
Seat 3: michasia ($100 in chips) 
Seat 4: ptolejmus ($10 in chips) 
Seat 5: Timonessb ($158.85 in chips) 
Seat 6: BuzaCR7 ($11.06 in chips) 
Timonessb: posts small blind $0.50
BuzaCR7: posts big blind $1
*** HOLE CARDS ***
erpaye: folds 
GuigaMan: folds 
michasia: folds 
ptolejmus: folds 
Timonessb: folds 
Uncalled bet ($0.50) returned to BuzaCR7
BuzaCR7 collected $1 from pot
*** SUMMARY ***
Total pot $1 | Rake $0 
Seat 1: erpaye folded before Flop (didn't bet)
Seat 2: GuigaMan folded before Flop (didn't bet)
Seat 3: michasia folded before Flop (didn't bet)
Seat 4: ptolejmus (button) folded before Flop (didn't bet)
Seat 5: Timonessb (small blind) folded before Flop
Seat 6: BuzaCR7 (big blind) collected ($1)



PokerStars Hand #254520472428:  Hold'em No Limit ($0.50/$1.00 USD) - 2025/01/23 21:57:38 WET [2025/01/23 16:57:38 ET]
Table 'Halleria III' 6-max Seat #5 is the button
Seat 1: erpaye ($134.34 in chips) 
Seat 2: GuigaMan ($142.21 in chips) 
Seat 3: michasia ($100 in chips) 
Seat 4: ptolejmus ($10 in chips) 
Seat 5: Timonessb ($158.35 in chips) 
Seat 6: BuzaCR7 ($11.56 in chips) 
BuzaCR7: posts small blind $0.50
erpaye: posts big blind $1
*** HOLE CARDS ***
GuigaMan: folds 
michasia: folds 
ptolejmus: folds 
Timonessb: folds 
BuzaCR7: raises $10.56 to $11.56 and is all-in
erpaye: folds 
Uncalled bet ($10.56) returned to BuzaCR7
BuzaCR7 collected $2 from pot
*** SUMMARY ***
Total pot $2 | Rake $0 
Seat 1: erpaye (big blind) folded before Flop
Seat 2: GuigaMan folded before Flop (didn't bet)
Seat 3: michasia folded before Flop (didn't bet)
Seat 4: ptolejmus folded before Flop (didn't bet)
Seat 5: Timonessb (button) folded before Flop (didn't bet)
Seat 6: BuzaCR7 (small blind) collected ($2)



PokerStars Hand #254520478549:  Hold'em No Limit ($0.50/$1.00 USD) - 2025/01/23 21:58:06 WET [2025/01/23 16:58:06 ET]
Table 'Halleria III' 6-max Seat #6 is the button
Seat 1: erpaye ($133.34 in chips) 
Seat 2: GuigaMan ($142.21 in chips) 
Seat 3: michasia ($100 in chips) 
Seat 4: ptolejmus ($10 in chips) 
Seat 5: Timonessb ($158.35 in chips) 
Seat 6: BuzaCR7 ($12.56 in chips) 
erpaye: posts small blind $0.50
GuigaMan: posts big blind $1
*** HOLE CARDS ***
michasia: folds 
ptolejmus: raises $1 to $2
Timonessb: folds 
BuzaCR7: raises $10.56 to $12.56 and is all-in
erpaye: folds 
GuigaMan: folds 
ptolejmus: folds 
Uncalled bet ($10.56) returned to BuzaCR7
BuzaCR7 collected $5.50 from pot
*** SUMMARY ***
Total pot $5.50 | Rake $0 
Seat 1: erpaye (small blind) folded before Flop
Seat 2: GuigaMan (big blind) folded before Flop
Seat 3: michasia folded before Flop (didn't bet)
Seat 4: ptolejmus folded before Flop
Seat 5: Timonessb folded before Flop (didn't bet)
Seat 6: BuzaCR7 (button) collected ($5.50)



PokerStars Hand #254520484926:  Hold'em No Limit ($0.50/$1.00 USD) - 2025/01/23 21:58:34 WET [2025/01/23 16:58:34 ET]
Table 'Halleria III' 6-max Seat #1 is the button
Seat 1: erpaye ($132.84 in chips) 
Seat 2: GuigaMan ($141.21 in chips) 
Seat 3: michasia ($100 in chips) 
Seat 4: ptolejmus ($10 in chips) 
Seat 5: Timonessb ($158.35 in chips) 
Seat 6: BuzaCR7 ($16.06 in chips) 
GuigaMan: posts small blind $0.50
michasia: posts big blind $1
*** HOLE CARDS ***
ptolejmus: raises $1 to $2
Timonessb: folds 
BuzaCR7: folds 
erpaye: folds 
GuigaMan: folds 
michasia: folds 
Uncalled bet ($1) returned to ptolejmus
ptolejmus collected $2.50 from pot
*** SUMMARY ***
Total pot $2.50 | Rake $0 
Seat 1: erpaye (button) folded before Flop (didn't bet)
Seat 2: GuigaMan (small blind) folded before Flop
Seat 3: michasia (big blind) folded before Flop
Seat 4: ptolejmus collected ($2.50)
Seat 5: Timonessb folded before Flop (didn't bet)
Seat 6: BuzaCR7 folded before Flop (didn't bet)



PokerStars Hand #254520491285:  Hold'em No Limit ($0.50/$1.00 USD) - 2025/01/23 21:59:03 WET [2025/01/23 16:59:03 ET]
Table 'Halleria III' 6-max Seat #2 is the button
Seat 1: erpaye ($132.84 in chips) 
Seat 2: GuigaMan ($140.71 in chips) 
Seat 3: michasia ($100 in chips) 
Seat 4: ptolejmus ($11.50 in chips) 
Seat 5: Timonessb ($158.35 in chips) 
Seat 6: BuzaCR7 ($16.06 in chips) 
michasia: posts small blind $0.50
ptolejmus: posts big blind $1
*** HOLE CARDS ***
Timonessb: folds 
BuzaCR7: folds 
erpaye: folds 
GuigaMan: raises $1.50 to $2.50
michasia: folds 
ptolejmus: folds 
Uncalled bet ($1.50) returned to GuigaMan
GuigaMan collected $2.50 from pot
*** SUMMARY ***
Total pot $2.50 | Rake $0 
Seat 1: erpaye folded before Flop (didn't bet)
Seat 2: GuigaMan (button) collected ($2.50)
Seat 3: michasia (small blind) folded before Flop
Seat 4: ptolejmus (big blind) folded before Flop
Seat 5: Timonessb folded before Flop (didn't bet)
Seat 6: BuzaCR7 folded before Flop (didn't bet)



PokerStars Hand #254520496007:  Hold'em No Limit ($0.50/$1.00 USD) - 2025/01/23 21:59:23 WET [2025/01/23 16:59:23 ET]
Table 'Halleria III' 6-max Seat #3 is the button
Seat 5: Timonessb ($158.35 in chips) is sitting out
Seat 1: erpaye ($132.84 in chips) 
Seat 2: GuigaMan ($142.21 in chips) 
Seat 3: michasia ($100 in chips) 
Seat 4: ptolejmus ($10.50 in chips) 
Seat 6: BuzaCR7 ($16.06 in chips) 
ptolejmus: posts small blind $0.50
Timonessb: is sitting out 
BuzaCR7: posts big blind $1
*** HOLE CARDS ***
erpaye: folds 
Timonessb leaves the table
GuigaMan: folds 
BoyLoc0 joins the table at seat #5 
michasia: folds 
ptolejmus: raises $9.50 to $10.50 and is all-in
BuzaCR7: calls $9.50
*** FLOP *** [4d Kc Qs]
*** TURN *** [4d Kc Qs] [3s]
*** RIVER *** [4d Kc Qs 3s] [8d]
*** SHOW DOWN ***
ptolejmus: shows [9h Ad] (high card Ace)
BuzaCR7: shows [Tc Kh] (a pair of Kings)
BuzaCR7 collected $19.95 from pot
*** SUMMARY ***
Total pot $21 | Rake $1.05 
Board [4d Kc Qs 3s 8d]
Seat 5: Timonessb
Seat 1: erpaye folded before Flop (didn't bet)
Seat 2: GuigaMan folded before Flop (didn't bet)
Seat 3: michasia (button) folded before Flop (didn't bet)
Seat 4: ptolejmus (small blind) showed [9h Ad] and lost with high card Ace
Seat 6: BuzaCR7 (big blind) showed [Tc Kh] and won ($19.95) with a pair of Kings



PokerStars Hand #254520503505:  Hold'em No Limit ($0.50/$1.00 USD) - 2025/01/23 21:59:57 WET [2025/01/23 16:59:57 ET]
Table 'Halleria III' 6-max Seat #4 is the button
Seat 5: BoyLoc0 ($119.42 in chips) is sitting out
Seat 1: erpaye ($132.84 in chips) 
Seat 2: GuigaMan ($142.21 in chips) 
Seat 3: michasia ($100 in chips) 
Seat 4: ptolejmus ($10 in chips) 
Seat 6: BuzaCR7 ($25.51 in chips) 
BuzaCR7: posts small blind $0.50
erpaye: posts big blind $1
*** HOLE CARDS ***
GuigaMan: folds 
michasia: folds 
ptolejmus: folds 
BuzaCR7: calls $0.50
erpaye: raises $2.50 to $3.50
BuzaCR7: folds 
Uncalled bet ($2.50) returned to erpaye
erpaye collected $2 from pot
erpaye: doesn't show hand 
*** SUMMARY ***
Total pot $2 | Rake $0 
Seat 5: BoyLoc0
Seat 1: erpaye (big blind) collected ($2)
Seat 2: GuigaMan folded before Flop (didn't bet)
Seat 3: michasia folded before Flop (didn't bet)
Seat 4: ptolejmus (button) folded before Flop (didn't bet)
Seat 6: BuzaCR7 (small blind) folded before Flop



PokerStars Hand #254520513407:  Hold'em No Limit ($0.50/$1.00 USD) - 2025/01/23 22:00:40 WET [2025/01/23 17:00:40 ET]
Table 'Halleria III' 6-max Seat #1 is the button
Seat 5: BoyLoc0 ($119.42 in chips) is sitting out
Seat 6: BuzaCR7 ($24.51 in chips) is sitting out
Seat 1: erpaye ($133.84 in chips) 
Seat 2: GuigaMan ($142.21 in chips) 
Seat 3: michasia ($100 in chips) 
Seat 4: ptolejmus ($10 in chips) 
GuigaMan: posts small blind $0.50
michasia: posts big blind $1
BoyLoc0: sits out 
*** HOLE CARDS ***
ptolejmus: folds 
BuzaCR7 leaves the table
erpaye: folds 
GuigaMan: folds 
Uncalled bet ($0.50) returned to michasia
michasia collected $1 from pot
michasia: doesn't show hand 
*** SUMMARY ***
Total pot $1 | Rake $0 
Seat 5: BoyLoc0
Seat 6: BuzaCR7
Seat 1: erpaye (button) folded before Flop (didn't bet)
Seat 2: GuigaMan (small blind) folded before Flop
Seat 3: michasia (big blind) collected ($1)
Seat 4: ptolejmus folded before Flop (didn't bet)



PokerStars Hand #254520516892:  Hold'em No Limit ($0.50/$1.00 USD) - 2025/01/23 22:00:54 WET [2025/01/23 17:00:54 ET]
Table 'Halleria III' 6-max Seat #2 is the button
Seat 5: BoyLoc0 ($119.42 in chips) is sitting out
Seat 1: erpaye ($133.84 in chips) 
Seat 2: GuigaMan ($141.71 in chips) 
Seat 3: michasia ($100.50 in chips) 
Seat 4: ptolejmus ($10 in chips) 
michasia: posts small blind $0.50
ptolejmus: posts big blind $1
BoyLoc0: sits out 
*** HOLE CARDS ***
BoyLoc0 leaves the table
erpaye: raises $1.10 to $2.10
GuigaMan: folds 
michasia: folds 
ptolejmus: folds 
Uncalled bet ($1.10) returned to erpaye
erpaye collected $2.50 from pot
erpaye: doesn't show hand 
*** SUMMARY ***
Total pot $2.50 | Rake $0 
Seat 5: BoyLoc0
Seat 1: erpaye collected ($2.50)
Seat 2: GuigaMan (button) folded before Flop (didn't bet)
Seat 3: michasia (small blind) folded before Flop
Seat 4: ptolejmus (big blind) folded before Flop



PokerStars Hand #254520520744:  Hold'em No Limit ($0.50/$1.00 USD) - 2025/01/23 22:01:09 WET [2025/01/23 17:01:09 ET]
Table 'Halleria III' 6-max Seat #3 is the button
Seat 1: erpaye ($135.34 in chips) is sitting out
Seat 2: GuigaMan ($141.71 in chips) 
Seat 3: michasia ($100 in chips) 
Seat 4: ptolejmus ($10 in chips) 
ptolejmus: posts small blind $0.50
erpaye: is sitting out 
GuigaMan: posts big blind $1
*** HOLE CARDS ***
michasia: folds 
erpaye leaves the table
michasia leaves the table
ptolejmus: folds 
Uncalled bet ($0.50) returned to GuigaMan
GuigaMan collected $1 from pot
*** SUMMARY ***
Total pot $1 | Rake $0 
Seat 1: erpaye
Seat 2: GuigaMan (big blind) collected ($1)
Seat 3: michasia (button) folded before Flop (didn't bet)
Seat 4: ptolejmus (small blind) folded before Flop



