PokerStars Hand #254513514942:  Hold'em No Limit ($0.50/$1.00 USD) - 2025/01/23 12:57:16 WET [2025/01/23 7:57:16 ET]
Table 'Arsinoe IV' 6-max Seat #2 is the button
Seat 1: ru_ruu_ru ($101 in chips) is sitting out
Seat 2: DL1B ($100 in chips) 
Seat 3: Pippa83 ($100 in chips) 
Seat 4: shave_mustache ($100 in chips) 
Seat 5: Quahrino ($100 in chips) 
Seat 6: Evelexy1 ($80 in chips) 
Pippa83: posts small blind $0.50
shave_mustache: posts big blind $1
*** HOLE CARDS ***
Quahrino: raises $1 to $2
Evelexy1: folds 
DL1B: folds 
Pippa83: folds 
shave_mustache: folds 
Uncalled bet ($1) returned to Quahrino
Quahrino collected $2.50 from pot
Quahrino: doesn't show hand 
*** SUMMARY ***
Total pot $2.50 | Rake $0 
Seat 1: ru_ruu_ru
Seat 2: DL1B (button) folded before Flop (didn't bet)
Seat 3: Pippa83 (small blind) folded before Flop
Seat 4: shave_mustache (big blind) folded before Flop
Seat 5: Quahrino collected ($2.50)
Seat 6: Evelexy1 folded before Flop (didn't bet)



PokerStars Hand #254513516693:  Hold'em No Limit ($0.50/$1.00 USD) - 2025/01/23 12:57:32 WET [2025/01/23 7:57:32 ET]
Table 'Arsinoe IV' 6-max Seat #3 is the button
Seat 1: ru_ruu_ru ($101 in chips) is sitting out
Seat 2: DL1B ($100 in chips) 
Seat 3: Pippa83 ($100 in chips) 
Seat 4: shave_mustache ($100 in chips) 
Seat 5: Quahrino ($101.50 in chips) 
Seat 6: Evelexy1 ($100 in chips) 
shave_mustache: posts small blind $0.50
Quahrino: posts big blind $1
*** HOLE CARDS ***
Evelexy1: raises $1 to $2
DL1B: folds 
Pippa83: folds 
shave_mustache: folds 
Quahrino: folds 
Uncalled bet ($1) returned to Evelexy1
Evelexy1 collected $2.50 from pot
Evelexy1: doesn't show hand 
*** SUMMARY ***
Total pot $2.50 | Rake $0 
Seat 1: ru_ruu_ru
Seat 2: DL1B folded before Flop (didn't bet)
Seat 3: Pippa83 (button) folded before Flop (didn't bet)
Seat 4: shave_mustache (small blind) folded before Flop
Seat 5: Quahrino (big blind) folded before Flop
Seat 6: Evelexy1 collected ($2.50)



PokerStars Hand #254513517811:  Hold'em No Limit ($0.50/$1.00 USD) - 2025/01/23 12:57:42 WET [2025/01/23 7:57:42 ET]
Table 'Arsinoe IV' 6-max Seat #4 is the button
Seat 1: ru_ruu_ru ($101 in chips) is sitting out
Seat 2: DL1B ($100 in chips) 
Seat 3: Pippa83 ($100 in chips) 
Seat 4: shave_mustache ($100 in chips) 
Seat 5: Quahrino ($100.50 in chips) 
Seat 6: Evelexy1 ($101.50 in chips) 
Quahrino: posts small blind $0.50
Evelexy1: posts big blind $1
*** HOLE CARDS ***
DL1B: folds 
Pippa83: folds 
shave_mustache: folds 
Quahrino: raises $2 to $3
Evelexy1: folds 
Uncalled bet ($2) returned to Quahrino
Quahrino collected $2 from pot
Quahrino: doesn't show hand 
*** SUMMARY ***
Total pot $2 | Rake $0 
Seat 1: ru_ruu_ru
Seat 2: DL1B folded before Flop (didn't bet)
Seat 3: Pippa83 folded before Flop (didn't bet)
Seat 4: shave_mustache (button) folded before Flop (didn't bet)
Seat 5: Quahrino (small blind) collected ($2)
Seat 6: Evelexy1 (big blind) folded before Flop



PokerStars Hand #254513519193:  Hold'em No Limit ($0.50/$1.00 USD) - 2025/01/23 12:57:55 WET [2025/01/23 7:57:55 ET]
Table 'Arsinoe IV' 6-max Seat #5 is the button
Seat 1: ru_ruu_ru ($101 in chips) is sitting out
Seat 2: DL1B ($100 in chips) 
Seat 3: Pippa83 ($100 in chips) 
Seat 4: shave_mustache ($100 in chips) 
Seat 5: Quahrino ($101.50 in chips) 
Seat 6: Evelexy1 ($100.50 in chips) 
Evelexy1: posts small blind $0.50
DL1B: posts big blind $1
*** HOLE CARDS ***
Pippa83: folds 
shave_mustache: raises $1.50 to $2.50
Quahrino: folds 
Evelexy1: folds 
DL1B: folds 
Uncalled bet ($1.50) returned to shave_mustache
shave_mustache collected $2.50 from pot
shave_mustache: doesn't show hand 
*** SUMMARY ***
Total pot $2.50 | Rake $0 
Seat 1: ru_ruu_ru
Seat 2: DL1B (big blind) folded before Flop
Seat 3: Pippa83 folded before Flop (didn't bet)
Seat 4: shave_mustache collected ($2.50)
Seat 5: Quahrino (button) folded before Flop (didn't bet)
Seat 6: Evelexy1 (small blind) folded before Flop



PokerStars Hand #254513520488:  Hold'em No Limit ($0.50/$1.00 USD) - 2025/01/23 12:58:07 WET [2025/01/23 7:58:07 ET]
Table 'Arsinoe IV' 6-max Seat #6 is the button
Seat 1: ru_ruu_ru ($101 in chips) is sitting out
Seat 2: DL1B ($100 in chips) 
Seat 3: Pippa83 ($100 in chips) 
Seat 4: shave_mustache ($101.50 in chips) 
Seat 5: Quahrino ($101.50 in chips) 
Seat 6: Evelexy1 ($100 in chips) 
DL1B: posts small blind $0.50
Pippa83: posts big blind $1
*** HOLE CARDS ***
shave_mustache: folds 
Quahrino: folds 
Evelexy1: raises $1.50 to $2.50
DL1B: folds 
Pippa83: raises $9.50 to $12
Evelexy1: folds 
Uncalled bet ($9.50) returned to Pippa83
Pippa83 collected $5.50 from pot
Pippa83: doesn't show hand 
ru_ruu_ru leaves the table
*** SUMMARY ***
Total pot $5.50 | Rake $0 
Seat 1: ru_ruu_ru
Seat 2: DL1B (small blind) folded before Flop
Seat 3: Pippa83 (big blind) collected ($5.50)
Seat 4: shave_mustache folded before Flop (didn't bet)
Seat 5: Quahrino folded before Flop (didn't bet)
Seat 6: Evelexy1 (button) folded before Flop



PokerStars Hand #254513522622:  Hold'em No Limit ($0.50/$1.00 USD) - 2025/01/23 12:58:27 WET [2025/01/23 7:58:27 ET]
Table 'Arsinoe IV' 6-max Seat #2 is the button
Seat 2: DL1B ($100 in chips) 
Seat 4: shave_mustache ($101.50 in chips) 
Seat 5: Quahrino ($101.50 in chips) 
Seat 6: Evelexy1 ($100 in chips) 
shave_mustache: posts small blind $0.50
Quahrino: posts big blind $1
*** HOLE CARDS ***
Evelexy1: folds 
DL1B: folds 
shave_mustache: raises $2 to $3
Quahrino: raises $7 to $10
shave_mustache: folds 
Uncalled bet ($7) returned to Quahrino
Quahrino collected $6 from pot
Quahrino: doesn't show hand 
*** SUMMARY ***
Total pot $6 | Rake $0 
Seat 2: DL1B (button) folded before Flop (didn't bet)
Seat 4: shave_mustache (small blind) folded before Flop
Seat 5: Quahrino (big blind) collected ($6)
Seat 6: Evelexy1 folded before Flop (didn't bet)



PokerStars Hand #254513524553:  Hold'em No Limit ($0.50/$1.00 USD) - 2025/01/23 12:58:45 WET [2025/01/23 7:58:45 ET]
Table 'Arsinoe IV' 6-max Seat #4 is the button
Seat 2: DL1B ($100 in chips) 
Seat 4: shave_mustache ($100 in chips) 
Seat 5: Quahrino ($104.50 in chips) 
Seat 6: Evelexy1 ($100 in chips) 
Quahrino: posts small blind $0.50
Evelexy1: posts big blind $1
*** HOLE CARDS ***
DL1B: folds 
shave_mustache: folds 
Quahrino: folds 
Uncalled bet ($0.50) returned to Evelexy1
Evelexy1 collected $1 from pot
Evelexy1: doesn't show hand 
*** SUMMARY ***
Total pot $1 | Rake $0 
Seat 2: DL1B folded before Flop (didn't bet)
Seat 4: shave_mustache (button) folded before Flop (didn't bet)
Seat 5: Quahrino (small blind) folded before Flop
Seat 6: Evelexy1 (big blind) collected ($1)



PokerStars Hand #254513525450:  Hold'em No Limit ($0.50/$1.00 USD) - 2025/01/23 12:58:54 WET [2025/01/23 7:58:54 ET]
Table 'Arsinoe IV' 6-max Seat #6 is the button
Seat 2: DL1B ($100 in chips) is sitting out
Seat 4: shave_mustache ($100 in chips) is sitting out
Seat 5: Quahrino ($104 in chips) 
Seat 6: Evelexy1 ($100.50 in chips) 
Evelexy1: posts small blind $0.50
DL1B: is sitting out 
shave_mustache: is sitting out 
Quahrino: posts big blind $1
*** HOLE CARDS ***
Evelexy1: raises $1.50 to $2.50
DL1B leaves the table
shave_mustache leaves the table
Quahrino: calls $1.50
*** FLOP *** [8c 8d 3c]
Quahrino: checks 
Evelexy1: bets $3.14
Quahrino: calls $3.14
*** TURN *** [8c 8d 3c] [2c]
Quahrino: checks 
Evelexy1: bets $7.08
fugitive-Ty3 joins the table at seat #4 
Quahrino: folds 
Uncalled bet ($7.08) returned to Evelexy1
Evelexy1 collected $10.72 from pot
Evelexy1: doesn't show hand 
*** SUMMARY ***
Total pot $11.28 | Rake $0.56 
Board [8c 8d 3c 2c]
Seat 2: DL1B
Seat 4: shave_mustache
Seat 5: Quahrino (big blind) folded on the Turn
Seat 6: Evelexy1 (button) (small blind) collected ($10.72)



PokerStars Hand #254513530287:  Hold'em No Limit ($0.50/$1.00 USD) - 2025/01/23 12:59:39 WET [2025/01/23 7:59:39 ET]
Table 'Arsinoe IV' 6-max Seat #5 is the button
Seat 4: fugitive-Ty3 ($100 in chips) 
Seat 5: Quahrino ($100 in chips) 
Quahrino: posts small blind $0.50
fugitive-Ty3: posts big blind $1
*** HOLE CARDS ***
Quahrino: raises $1.50 to $2.50
fugitive-Ty3: calls $1.50
*** FLOP *** [3c 2h Ad]
fugitive-Ty3: checks 
Quahrino: bets $1.19
fugitive-Ty3: calls $1.19
*** TURN *** [3c 2h Ad] [3s]
fugitive-Ty3: checks 
Quahrino: checks 
*** RIVER *** [3c 2h Ad 3s] [Kd]
fugitive-Ty3: checks 
Quahrino: checks 
*** SHOW DOWN ***
fugitive-Ty3: shows [Kh 7s] (two pair, Kings and Threes)
Quahrino: mucks hand 
fugitive-Ty3 collected $7.01 from pot
*** SUMMARY ***
Total pot $7.38 | Rake $0.37 
Board [3c 2h Ad 3s Kd]
Seat 4: fugitive-Ty3 (big blind) showed [Kh 7s] and won ($7.01) with two pair, Kings and Threes
Seat 5: Quahrino (button) (small blind) mucked



