PokerStars Hand #254512944387:  Hold'em No Limit ($0.50/$1.00 USD) - 2025/01/23 11:37:39 WET [2025/01/23 6:37:39 ET]
Table 'Svea IV' 6-max Seat #6 is the button
Seat 3: Tykylevits ($100 in chips) is sitting out
Seat 5: Desverdi ($10 in chips) is sitting out
Seat 1: Melenya ($100 in chips) 
Seat 2: coeeeelho ($100 in chips) 
Seat 6: steepfell ($110.88 in chips) 
Melenya: posts small blind $0.50
coeeeelho: posts big blind $1
Tykylevits: sits out 
*** HOLE CARDS ***
steepfell: raises $1.50 to $2.50
Melenya: folds 
coeeeelho: folds 
Uncalled bet ($1.50) returned to steepfell
steepfell collected $2.50 from pot
steepfell: doesn't show hand 
*** SUMMARY ***
Total pot $2.50 | Rake $0 
Seat 3: Tykylevits
Seat 5: Desverdi
Seat 1: Melenya (small blind) folded before Flop
Seat 2: coeeeelho (big blind) folded before Flop
Seat 6: steepfell (button) collected ($2.50)



PokerStars Hand #254512945769:  Hold'em No Limit ($0.50/$1.00 USD) - 2025/01/23 11:37:52 WET [2025/01/23 6:37:52 ET]
Table 'Svea IV' 6-max Seat #1 is the button
Seat 5: Desverdi ($10 in chips) is sitting out
Seat 1: Melenya ($100 in chips) 
Seat 2: coeeeelho ($100 in chips) 
Seat 3: Tykylevits ($100 in chips) 
Seat 6: steepfell ($112.38 in chips) 
coeeeelho: posts small blind $0.50
Tykylevits: posts big blind $1
*** HOLE CARDS ***
steepfell: raises $1.50 to $2.50
Melenya: folds 
coeeeelho: raises $8.72 to $11.22
Tykylevits: folds 
steepfell: calls $8.72
*** FLOP *** [9s 4d 6d]
coeeeelho: bets $11.22
steepfell: folds 
Uncalled bet ($11.22) returned to coeeeelho
coeeeelho collected $22.44 from pot
*** SUMMARY ***
Total pot $23.44 | Rake $1 
Board [9s 4d 6d]
Seat 5: Desverdi
Seat 1: Melenya (button) folded before Flop (didn't bet)
Seat 2: coeeeelho (small blind) collected ($22.44)
Seat 3: Tykylevits (big blind) folded before Flop
Seat 6: steepfell folded on the Flop



PokerStars Hand #254512950585:  Hold'em No Limit ($0.50/$1.00 USD) - 2025/01/23 11:38:34 WET [2025/01/23 6:38:34 ET]
Table 'Svea IV' 6-max Seat #2 is the button
Seat 5: Desverdi ($10 in chips) is sitting out
Seat 1: Melenya ($100 in chips) 
Seat 2: coeeeelho ($111.22 in chips) 
Seat 3: Tykylevits ($100 in chips) 
Seat 6: steepfell ($101.16 in chips) 
Tykylevits: posts small blind $0.50
steepfell: posts big blind $1
*** HOLE CARDS ***
Melenya: raises $1.30 to $2.30
coeeeelho: folds 
Tykylevits: folds 
steepfell: folds 
Uncalled bet ($1.30) returned to Melenya
Melenya collected $2.50 from pot
Melenya: doesn't show hand 
*** SUMMARY ***
Total pot $2.50 | Rake $0 
Seat 5: Desverdi
Seat 1: Melenya collected ($2.50)
Seat 2: coeeeelho (button) folded before Flop (didn't bet)
Seat 3: Tykylevits (small blind) folded before Flop
Seat 6: steepfell (big blind) folded before Flop



PokerStars Hand #254512954046:  Hold'em No Limit ($0.50/$1.00 USD) - 2025/01/23 11:39:04 WET [2025/01/23 6:39:04 ET]
Table 'Svea IV' 6-max Seat #3 is the button
Seat 5: Desverdi ($10 in chips) is sitting out
Seat 1: Melenya ($101.50 in chips) 
Seat 2: coeeeelho ($111.22 in chips) 
Seat 3: Tykylevits ($100 in chips) 
Seat 6: steepfell ($100.16 in chips) 
steepfell: posts small blind $0.50
Melenya: posts big blind $1
*** HOLE CARDS ***
coeeeelho: folds 
Tykylevits: raises $1.50 to $2.50
steepfell: folds 
Melenya: folds 
Uncalled bet ($1.50) returned to Tykylevits
Tykylevits collected $2.50 from pot
Tykylevits: doesn't show hand 
*** SUMMARY ***
Total pot $2.50 | Rake $0 
Seat 5: Desverdi
Seat 1: Melenya (big blind) folded before Flop
Seat 2: coeeeelho folded before Flop (didn't bet)
Seat 3: Tykylevits (button) collected ($2.50)
Seat 6: steepfell (small blind) folded before Flop



PokerStars Hand #254512956540:  Hold'em No Limit ($0.50/$1.00 USD) - 2025/01/23 11:39:26 WET [2025/01/23 6:39:26 ET]
Table 'Svea IV' 6-max Seat #6 is the button
Seat 5: Desverdi ($10 in chips) is sitting out
Seat 1: Melenya ($100.50 in chips) 
Seat 2: coeeeelho ($111.22 in chips) 
Seat 3: Tykylevits ($101.50 in chips) 
Seat 6: steepfell ($100 in chips) 
Melenya: posts small blind $0.50
coeeeelho: posts big blind $1
*** HOLE CARDS ***
Tykylevits: folds 
steepfell: raises $1.50 to $2.50
Melenya: raises $9.50 to $12
coeeeelho: folds 
steepfell: raises $14 to $26
Melenya: calls $14
*** FLOP *** [7s 8s 2c]
Melenya: checks 
steepfell: bets $17.16
Melenya: folds 
Uncalled bet ($17.16) returned to steepfell
steepfell collected $52 from pot
steepfell: doesn't show hand 
*** SUMMARY ***
Total pot $53 | Rake $1 
Board [7s 8s 2c]
Seat 5: Desverdi
Seat 1: Melenya (small blind) folded on the Flop
Seat 2: coeeeelho (big blind) folded before Flop
Seat 3: Tykylevits folded before Flop (didn't bet)
Seat 6: steepfell (button) collected ($52)



PokerStars Hand #254512963269:  Hold'em No Limit ($0.50/$1.00 USD) - 2025/01/23 11:40:25 WET [2025/01/23 6:40:25 ET]
Table 'Svea IV' 6-max Seat #1 is the button
Seat 5: Desverdi ($10 in chips) is sitting out
Seat 1: Melenya ($100 in chips) 
Seat 2: coeeeelho ($110.22 in chips) 
Seat 3: Tykylevits ($101.50 in chips) 
Seat 6: steepfell ($126 in chips) 
coeeeelho: posts small blind $0.50
Tykylevits: posts big blind $1
*** HOLE CARDS ***
steepfell: folds 
Melenya: raises $1.50 to $2.50
Rikardas777 joins the table at seat #4 
Rikardas777 is disconnected 
coeeeelho: folds 
Tykylevits: folds 
Uncalled bet ($1.50) returned to Melenya
Melenya collected $2.50 from pot
Melenya: doesn't show hand 
*** SUMMARY ***
Total pot $2.50 | Rake $0 
Seat 5: Desverdi
Seat 1: Melenya (button) collected ($2.50)
Seat 2: coeeeelho (small blind) folded before Flop
Seat 3: Tykylevits (big blind) folded before Flop
Seat 6: steepfell folded before Flop (didn't bet)



PokerStars Hand #254512965176:  Hold'em No Limit ($0.50/$1.00 USD) - 2025/01/23 11:40:43 WET [2025/01/23 6:40:43 ET]
Table 'Svea IV' 6-max Seat #2 is the button
Seat 5: Desverdi ($10 in chips) is sitting out
Seat 1: Melenya ($101.50 in chips) 
Seat 2: coeeeelho ($109.72 in chips) 
Seat 3: Tykylevits ($100.50 in chips) 
Seat 4: Rikardas777 ($60.31 in chips) 
Seat 6: steepfell ($126 in chips) 
Tykylevits: posts small blind $0.50
Rikardas777: posts big blind $1
*** HOLE CARDS ***
steepfell: folds 
Melenya: folds 
coeeeelho: raises $1.50 to $2.50
Tykylevits: calls $2
Rikardas777: calls $1.50
*** FLOP *** [3s 6s Kc]
Tykylevits: checks 
Rikardas777: checks 
coeeeelho: bets $3.56
Tykylevits: folds 
Rikardas777: folds 
Uncalled bet ($3.56) returned to coeeeelho
coeeeelho collected $7.12 from pot
*** SUMMARY ***
Total pot $7.50 | Rake $0.38 
Board [3s 6s Kc]
Seat 5: Desverdi
Seat 1: Melenya folded before Flop (didn't bet)
Seat 2: coeeeelho (button) collected ($7.12)
Seat 3: Tykylevits (small blind) folded on the Flop
Seat 4: Rikardas777 (big blind) folded on the Flop
Seat 6: steepfell folded before Flop (didn't bet)



PokerStars Hand #254512970773:  Hold'em No Limit ($0.50/$1.00 USD) - 2025/01/23 11:41:31 WET [2025/01/23 6:41:31 ET]
Table 'Svea IV' 6-max Seat #3 is the button
Seat 5: Desverdi ($10 in chips) is sitting out
Seat 1: Melenya ($101.50 in chips) 
Seat 2: coeeeelho ($114.34 in chips) 
Seat 3: Tykylevits ($100 in chips) 
Seat 4: Rikardas777 ($57.81 in chips) 
Seat 6: steepfell ($126 in chips) 
Rikardas777: posts small blind $0.50
steepfell: posts big blind $1
*** HOLE CARDS ***
Melenya: folds 
coeeeelho: raises $1.30 to $2.30
Tykylevits: folds 
Rikardas777: calls $1.80
steepfell: folds 
*** FLOP *** [Ac 8s 8c]
Rikardas777: checks 
coeeeelho: bets $1.33
Rikardas777: folds 
Uncalled bet ($1.33) returned to coeeeelho
coeeeelho collected $5.32 from pot
*** SUMMARY ***
Total pot $5.60 | Rake $0.28 
Board [Ac 8s 8c]
Seat 5: Desverdi
Seat 1: Melenya folded before Flop (didn't bet)
Seat 2: coeeeelho collected ($5.32)
Seat 3: Tykylevits (button) folded before Flop (didn't bet)
Seat 4: Rikardas777 (small blind) folded on the Flop
Seat 6: steepfell (big blind) folded before Flop



PokerStars Hand #254512975943:  Hold'em No Limit ($0.50/$1.00 USD) - 2025/01/23 11:42:16 WET [2025/01/23 6:42:16 ET]
Table 'Svea IV' 6-max Seat #4 is the button
Seat 5: Desverdi ($10 in chips) is sitting out
Seat 1: Melenya ($101.50 in chips) 
Seat 2: coeeeelho ($117.36 in chips) 
Seat 3: Tykylevits ($100 in chips) 
Seat 4: Rikardas777 ($55.51 in chips) 
Seat 6: steepfell ($125 in chips) 
steepfell: posts small blind $0.50
Melenya: posts big blind $1
*** HOLE CARDS ***
coeeeelho: folds 
Tykylevits: folds 
Rikardas777: calls $1
steepfell: folds 
Melenya: checks 
*** FLOP *** [5c 5d 7h]
Melenya: checks 
Rikardas777: checks 
*** TURN *** [5c 5d 7h] [Qh]
Melenya: checks 
Rikardas777: checks 
*** RIVER *** [5c 5d 7h Qh] [8s]
Melenya: bets $2.38
Rikardas777: folds 
Uncalled bet ($2.38) returned to Melenya
Melenya collected $2.38 from pot
Melenya: doesn't show hand 
*** SUMMARY ***
Total pot $2.50 | Rake $0.12 
Board [5c 5d 7h Qh 8s]
Seat 5: Desverdi
Seat 1: Melenya (big blind) collected ($2.38)
Seat 2: coeeeelho folded before Flop (didn't bet)
Seat 3: Tykylevits folded before Flop (didn't bet)
Seat 4: Rikardas777 (button) folded on the River
Seat 6: steepfell (small blind) folded before Flop



PokerStars Hand #254512981476:  Hold'em No Limit ($0.50/$1.00 USD) - 2025/01/23 11:43:04 WET [2025/01/23 6:43:04 ET]
Table 'Svea IV' 6-max Seat #6 is the button
Seat 5: Desverdi ($10 in chips) is sitting out
Seat 1: Melenya ($102.88 in chips) 
Seat 2: coeeeelho ($117.36 in chips) 
Seat 3: Tykylevits ($100 in chips) 
Seat 4: Rikardas777 ($54.51 in chips) 
Seat 6: steepfell ($124.50 in chips) 
Melenya: posts small blind $0.50
coeeeelho: posts big blind $1
*** HOLE CARDS ***
Tykylevits: folds 
Rikardas777: calls $1
steepfell: folds 
Melenya: folds 
coeeeelho: raises $4 to $5
Rikardas777: folds 
Uncalled bet ($4) returned to coeeeelho
coeeeelho collected $2.50 from pot
*** SUMMARY ***
Total pot $2.50 | Rake $0 
Seat 5: Desverdi
Seat 1: Melenya (small blind) folded before Flop
Seat 2: coeeeelho (big blind) collected ($2.50)
Seat 3: Tykylevits folded before Flop (didn't bet)
Seat 4: Rikardas777 folded before Flop
Seat 6: steepfell (button) folded before Flop (didn't bet)



PokerStars Hand #254512985130:  Hold'em No Limit ($0.50/$1.00 USD) - 2025/01/23 11:43:36 WET [2025/01/23 6:43:36 ET]
Table 'Svea IV' 6-max Seat #1 is the button
Seat 5: Desverdi ($10 in chips) is sitting out
Seat 1: Melenya ($102.38 in chips) 
Seat 2: coeeeelho ($118.86 in chips) 
Seat 3: Tykylevits ($100 in chips) 
Seat 4: Rikardas777 ($53.51 in chips) 
Seat 6: steepfell ($124.50 in chips) 
coeeeelho: posts small blind $0.50
Tykylevits: posts big blind $1
*** HOLE CARDS ***
Rikardas777: calls $1
steepfell: raises $3 to $4
Melenya: folds 
coeeeelho: folds 
Tykylevits: raises $10 to $14
Rikardas777: folds 
steepfell: folds 
Uncalled bet ($10) returned to Tykylevits
Tykylevits collected $9.50 from pot
Tykylevits: doesn't show hand 
*** SUMMARY ***
Total pot $9.50 | Rake $0 
Seat 5: Desverdi
Seat 1: Melenya (button) folded before Flop (didn't bet)
Seat 2: coeeeelho (small blind) folded before Flop
Seat 3: Tykylevits (big blind) collected ($9.50)
Seat 4: Rikardas777 folded before Flop
Seat 6: steepfell folded before Flop



PokerStars Hand #254512991583:  Hold'em No Limit ($0.50/$1.00 USD) - 2025/01/23 11:44:33 WET [2025/01/23 6:44:33 ET]
Table 'Svea IV' 6-max Seat #2 is the button
Seat 1: Melenya ($102.38 in chips) 
Seat 2: coeeeelho ($118.36 in chips) 
Seat 3: Tykylevits ($105.50 in chips) 
Seat 4: Rikardas777 ($52.51 in chips) 
Seat 5: Desverdi ($51.75 in chips) 
Seat 6: steepfell ($120.50 in chips) 
Tykylevits: posts small blind $0.50
Rikardas777: posts big blind $1
Desverdi: posts small & big blinds $1.50
*** HOLE CARDS ***
Desverdi: checks 
steepfell: folds 
Melenya: folds 
coeeeelho: folds 
Tykylevits: raises $4 to $5
Rikardas777: folds 
Desverdi: raises $9 to $14
Tykylevits: folds 
Uncalled bet ($9) returned to Desverdi
Desverdi collected $11.50 from pot
*** SUMMARY ***
Total pot $11.50 | Rake $0 
Seat 1: Melenya folded before Flop (didn't bet)
Seat 2: coeeeelho (button) folded before Flop (didn't bet)
Seat 3: Tykylevits (small blind) folded before Flop
Seat 4: Rikardas777 (big blind) folded before Flop
Seat 5: Desverdi collected ($11.50)
Seat 6: steepfell folded before Flop (didn't bet)



PokerStars Hand #254512997435:  Hold'em No Limit ($0.50/$1.00 USD) - 2025/01/23 11:45:24 WET [2025/01/23 6:45:24 ET]
Table 'Svea IV' 6-max Seat #3 is the button
Seat 1: Melenya ($102.38 in chips) 
Seat 2: coeeeelho ($118.36 in chips) 
Seat 3: Tykylevits ($100.50 in chips) 
Seat 4: Rikardas777 ($51.51 in chips) 
Seat 5: Desverdi ($57.75 in chips) 
Seat 6: steepfell ($120.50 in chips) 
Rikardas777: posts small blind $0.50
Desverdi: posts big blind $1
*** HOLE CARDS ***
steepfell: folds 
Melenya: folds 
coeeeelho: raises $1.30 to $2.30
Tykylevits: folds 
Rikardas777: calls $1.80
Desverdi: folds 
*** FLOP *** [As 9h Kh]
Rikardas777: checks 
coeeeelho: checks 
*** TURN *** [As 9h Kh] [Td]
Rikardas777: bets $5.32
coeeeelho: folds 
Uncalled bet ($5.32) returned to Rikardas777
Rikardas777 collected $5.32 from pot
*** SUMMARY ***
Total pot $5.60 | Rake $0.28 
Board [As 9h Kh Td]
Seat 1: Melenya folded before Flop (didn't bet)
Seat 2: coeeeelho folded on the Turn
Seat 3: Tykylevits (button) folded before Flop (didn't bet)
Seat 4: Rikardas777 (small blind) collected ($5.32)
Seat 5: Desverdi (big blind) folded before Flop
Seat 6: steepfell folded before Flop (didn't bet)



PokerStars Hand #254513001307:  Hold'em No Limit ($0.50/$1.00 USD) - 2025/01/23 11:45:59 WET [2025/01/23 6:45:59 ET]
Table 'Svea IV' 6-max Seat #4 is the button
Seat 1: Melenya ($102.38 in chips) 
Seat 2: coeeeelho ($116.06 in chips) 
Seat 3: Tykylevits ($100.50 in chips) 
Seat 4: Rikardas777 ($54.53 in chips) 
Seat 5: Desverdi ($56.75 in chips) 
Seat 6: steepfell ($120.50 in chips) 
Desverdi: posts small blind $0.50
steepfell: posts big blind $1
*** HOLE CARDS ***
Melenya: folds 
coeeeelho: folds 
Tykylevits: folds 
Rikardas777: calls $1
Desverdi: folds 
steepfell: checks 
*** FLOP *** [3s 9s Td]
steepfell: bets $1.19
Rikardas777: calls $1.19
*** TURN *** [3s 9s Td] [6s]
steepfell: bets $3.48
Rikardas777: folds 
Uncalled bet ($3.48) returned to steepfell
steepfell collected $4.64 from pot
steepfell: doesn't show hand 
*** SUMMARY ***
Total pot $4.88 | Rake $0.24 
Board [3s 9s Td 6s]
Seat 1: Melenya folded before Flop (didn't bet)
Seat 2: coeeeelho folded before Flop (didn't bet)
Seat 3: Tykylevits folded before Flop (didn't bet)
Seat 4: Rikardas777 (button) folded on the Turn
Seat 5: Desverdi (small blind) folded before Flop
Seat 6: steepfell (big blind) collected ($4.64)



PokerStars Hand #254513007221:  Hold'em No Limit ($0.50/$1.00 USD) - 2025/01/23 11:46:51 WET [2025/01/23 6:46:51 ET]
Table 'Svea IV' 6-max Seat #5 is the button
Seat 1: Melenya ($102.38 in chips) 
Seat 2: coeeeelho ($116.06 in chips) 
Seat 3: Tykylevits ($100.50 in chips) 
Seat 4: Rikardas777 ($52.34 in chips) 
Seat 5: Desverdi ($56.25 in chips) 
Seat 6: steepfell ($122.95 in chips) 
steepfell: posts small blind $0.50
Melenya: posts big blind $1
*** HOLE CARDS ***
coeeeelho: folds 
Tykylevits: folds 
Rikardas777: folds 
Desverdi: folds 
steepfell: folds 
Uncalled bet ($0.50) returned to Melenya
Melenya collected $1 from pot
Melenya: doesn't show hand 
*** SUMMARY ***
Total pot $1 | Rake $0 
Seat 1: Melenya (big blind) collected ($1)
Seat 2: coeeeelho folded before Flop (didn't bet)
Seat 3: Tykylevits folded before Flop (didn't bet)
Seat 4: Rikardas777 folded before Flop (didn't bet)
Seat 5: Desverdi (button) folded before Flop (didn't bet)
Seat 6: steepfell (small blind) folded before Flop



PokerStars Hand #254513009527:  Hold'em No Limit ($0.50/$1.00 USD) - 2025/01/23 11:47:12 WET [2025/01/23 6:47:12 ET]
Table 'Svea IV' 6-max Seat #6 is the button
Seat 1: Melenya ($102.88 in chips) 
Seat 2: coeeeelho ($116.06 in chips) 
Seat 3: Tykylevits ($100.50 in chips) 
Seat 4: Rikardas777 ($52.34 in chips) 
Seat 5: Desverdi ($56.25 in chips) 
Seat 6: steepfell ($122.45 in chips) 
Melenya: posts small blind $0.50
coeeeelho: posts big blind $1
*** HOLE CARDS ***
Tykylevits: folds 
Rikardas777: calls $1
Desverdi: folds 
steepfell: raises $3 to $4
Melenya: folds 
coeeeelho: folds 
Rikardas777: calls $3
*** FLOP *** [2c 9d 9h]
Rikardas777: checks 
steepfell: bets $1.80
Rikardas777: calls $1.80
*** TURN *** [2c 9d 9h] [7s]
Rikardas777: checks 
steepfell: checks 
*** RIVER *** [2c 9d 9h 7s] [5d]
Rikardas777: checks 
steepfell: checks 
*** SHOW DOWN ***
Rikardas777: shows [4c Ac] (a pair of Nines)
steepfell: shows [Kh Ad] (a pair of Nines - Ace+King kicker)
steepfell collected $12.44 from pot
*** SUMMARY ***
Total pot $13.10 | Rake $0.66 
Board [2c 9d 9h 7s 5d]
Seat 1: Melenya (small blind) folded before Flop
Seat 2: coeeeelho (big blind) folded before Flop
Seat 3: Tykylevits folded before Flop (didn't bet)
Seat 4: Rikardas777 showed [4c Ac] and lost with a pair of Nines
Seat 5: Desverdi folded before Flop (didn't bet)
Seat 6: steepfell (button) showed [Kh Ad] and won ($12.44) with a pair of Nines



PokerStars Hand #254513014276:  Hold'em No Limit ($0.50/$1.00 USD) - 2025/01/23 11:47:54 WET [2025/01/23 6:47:54 ET]
Table 'Svea IV' 6-max Seat #1 is the button
Seat 1: Melenya ($102.38 in chips) 
Seat 2: coeeeelho ($115.06 in chips) 
Seat 3: Tykylevits ($100.50 in chips) 
Seat 4: Rikardas777 ($46.54 in chips) 
Seat 5: Desverdi ($56.25 in chips) 
Seat 6: steepfell ($129.09 in chips) 
coeeeelho: posts small blind $0.50
Tykylevits: posts big blind $1
*** HOLE CARDS ***
Rikardas777: calls $1
Desverdi: raises $5 to $6
steepfell: folds 
Melenya: folds 
coeeeelho: folds 
Tykylevits: folds 
Rikardas777: folds 
Uncalled bet ($5) returned to Desverdi
Desverdi collected $3.50 from pot
*** SUMMARY ***
Total pot $3.50 | Rake $0 
Seat 1: Melenya (button) folded before Flop (didn't bet)
Seat 2: coeeeelho (small blind) folded before Flop
Seat 3: Tykylevits (big blind) folded before Flop
Seat 4: Rikardas777 folded before Flop
Seat 5: Desverdi collected ($3.50)
Seat 6: steepfell folded before Flop (didn't bet)



PokerStars Hand #254513017658:  Hold'em No Limit ($0.50/$1.00 USD) - 2025/01/23 11:48:24 WET [2025/01/23 6:48:24 ET]
Table 'Svea IV' 6-max Seat #2 is the button
Seat 1: Melenya ($102.38 in chips) 
Seat 2: coeeeelho ($114.56 in chips) 
Seat 3: Tykylevits ($100 in chips) 
Seat 4: Rikardas777 ($45.54 in chips) 
Seat 5: Desverdi ($58.75 in chips) 
Seat 6: steepfell ($129.09 in chips) 
Tykylevits: posts small blind $0.50
Rikardas777: posts big blind $1
*** HOLE CARDS ***
Desverdi: folds 
steepfell: folds 
Melenya: raises $1.30 to $2.30
coeeeelho: folds 
Tykylevits: folds 
Rikardas777: calls $1.30
*** FLOP *** [6d Ac Jh]
Rikardas777: checks 
Desverdi leaves the table
Melenya: bets $1.21
Rikardas777: calls $1.21
*** TURN *** [6d Ac Jh] [2d]
Rikardas777: checks 
Melenya: bets $1.79
Rikardas777: raises $1.79 to $3.58
Pon4uk.ua joins the table at seat #5 
Melenya: folds 
Uncalled bet ($1.79) returned to Rikardas777
Rikardas777 collected $10.54 from pot
*** SUMMARY ***
Total pot $11.10 | Rake $0.56 
Board [6d Ac Jh 2d]
Seat 1: Melenya folded on the Turn
Seat 2: coeeeelho (button) folded before Flop (didn't bet)
Seat 3: Tykylevits (small blind) folded before Flop
Seat 4: Rikardas777 (big blind) collected ($10.54)
Seat 5: Desverdi folded before Flop (didn't bet)
Seat 6: steepfell folded before Flop (didn't bet)



PokerStars Hand #254513024008:  Hold'em No Limit ($0.50/$1.00 USD) - 2025/01/23 11:49:20 WET [2025/01/23 6:49:20 ET]
Table 'Svea IV' 6-max Seat #3 is the button
Seat 1: Melenya ($100 in chips) 
Seat 2: coeeeelho ($114.56 in chips) 
Seat 3: Tykylevits ($100 in chips) 
Seat 4: Rikardas777 ($50.78 in chips) 
Seat 5: Pon4uk.ua ($100 in chips) 
Seat 6: steepfell ($129.09 in chips) 
Rikardas777: posts small blind $0.50
Pon4uk.ua: posts big blind $1
*** HOLE CARDS ***
steepfell: raises $1.50 to $2.50
Melenya: folds 
coeeeelho: folds 
Tykylevits: folds 
Rikardas777: calls $2
Pon4uk.ua: folds 
*** FLOP *** [9d 8d 6s]
Rikardas777: checks 
steepfell: checks 
*** TURN *** [9d 8d 6s] [9s]
Rikardas777: bets $2.85
steepfell: folds 
Uncalled bet ($2.85) returned to Rikardas777
Rikardas777 collected $5.70 from pot
*** SUMMARY ***
Total pot $6 | Rake $0.30 
Board [9d 8d 6s 9s]
Seat 1: Melenya folded before Flop (didn't bet)
Seat 2: coeeeelho folded before Flop (didn't bet)
Seat 3: Tykylevits (button) folded before Flop (didn't bet)
Seat 4: Rikardas777 (small blind) collected ($5.70)
Seat 5: Pon4uk.ua (big blind) folded before Flop
Seat 6: steepfell folded on the Turn



PokerStars Hand #254513028062:  Hold'em No Limit ($0.50/$1.00 USD) - 2025/01/23 11:49:55 WET [2025/01/23 6:49:55 ET]
Table 'Svea IV' 6-max Seat #4 is the button
Seat 1: Melenya ($100 in chips) 
Seat 2: coeeeelho ($114.56 in chips) 
Seat 3: Tykylevits ($100 in chips) 
Seat 4: Rikardas777 ($53.98 in chips) 
Seat 5: Pon4uk.ua ($100 in chips) 
Seat 6: steepfell ($126.59 in chips) 
Pon4uk.ua: posts small blind $0.50
steepfell: posts big blind $1
*** HOLE CARDS ***
Melenya: folds 
coeeeelho: folds 
Tykylevits: folds 
Rikardas777: folds 
Pon4uk.ua: raises $1.75 to $2.75
steepfell: calls $1.75
*** FLOP *** [9d 7c 2d]
Pon4uk.ua: checks 
steepfell: bets $1.72
Pon4uk.ua: folds 
Uncalled bet ($1.72) returned to steepfell
steepfell collected $5.22 from pot
steepfell: doesn't show hand 
*** SUMMARY ***
Total pot $5.50 | Rake $0.28 
Board [9d 7c 2d]
Seat 1: Melenya folded before Flop (didn't bet)
Seat 2: coeeeelho folded before Flop (didn't bet)
Seat 3: Tykylevits folded before Flop (didn't bet)
Seat 4: Rikardas777 (button) folded before Flop (didn't bet)
Seat 5: Pon4uk.ua (small blind) folded on the Flop
Seat 6: steepfell (big blind) collected ($5.22)



PokerStars Hand #254513032219:  Hold'em No Limit ($0.50/$1.00 USD) - 2025/01/23 11:50:31 WET [2025/01/23 6:50:31 ET]
Table 'Svea IV' 6-max Seat #5 is the button
Seat 1: Melenya ($100 in chips) is sitting out
Seat 2: coeeeelho ($114.56 in chips) 
Seat 3: Tykylevits ($100 in chips) 
Seat 4: Rikardas777 ($53.98 in chips) 
Seat 5: Pon4uk.ua ($100 in chips) 
Seat 6: steepfell ($129.06 in chips) 
steepfell: posts small blind $0.50
Melenya: is sitting out 
coeeeelho: posts big blind $1
*** HOLE CARDS ***
Tykylevits has timed out
Tykylevits: folds 
Rikardas777: calls $1
Pon4uk.ua: folds 
steepfell: raises $3 to $4
coeeeelho: folds 
Rikardas777: calls $3
*** FLOP *** [3c 3h 6d]
steepfell: bets $2.14
Rikardas777: calls $2.14
*** TURN *** [3c 3h 6d] [8c]
steepfell: bets $8.33
Rikardas777: calls $8.33
*** RIVER *** [3c 3h 6d 8c] [4c]
steepfell: bets $42.66
Rikardas777: folds 
Uncalled bet ($42.66) returned to steepfell
steepfell collected $28.44 from pot
steepfell: doesn't show hand 
*** SUMMARY ***
Total pot $29.94 | Rake $1.50 
Board [3c 3h 6d 8c 4c]
Seat 1: Melenya
Seat 2: coeeeelho (big blind) folded before Flop
Seat 3: Tykylevits folded before Flop (didn't bet)
Seat 4: Rikardas777 folded on the River
Seat 5: Pon4uk.ua (button) folded before Flop (didn't bet)
Seat 6: steepfell (small blind) collected ($28.44)



PokerStars Hand #254513041736:  Hold'em No Limit ($0.50/$1.00 USD) - 2025/01/23 11:51:52 WET [2025/01/23 6:51:52 ET]
Table 'Svea IV' 6-max Seat #6 is the button
Seat 1: Melenya ($100 in chips) is sitting out
Seat 2: coeeeelho ($113.56 in chips) 
Seat 3: Tykylevits ($100 in chips) 
Seat 4: Rikardas777 ($39.51 in chips) 
Seat 5: Pon4uk.ua ($100 in chips) 
Seat 6: steepfell ($143.03 in chips) 
coeeeelho: posts small blind $0.50
Tykylevits: posts big blind $1
*** HOLE CARDS ***
Rikardas777: raises $38.51 to $39.51 and is all-in
Pon4uk.ua: folds 
steepfell: folds 
coeeeelho: folds 
Tykylevits: folds 
Uncalled bet ($38.51) returned to Rikardas777
Rikardas777 collected $2.50 from pot
*** SUMMARY ***
Total pot $2.50 | Rake $0 
Seat 1: Melenya
Seat 2: coeeeelho (small blind) folded before Flop
Seat 3: Tykylevits (big blind) folded before Flop
Seat 4: Rikardas777 collected ($2.50)
Seat 5: Pon4uk.ua folded before Flop (didn't bet)
Seat 6: steepfell (button) folded before Flop (didn't bet)



PokerStars Hand #254513044088:  Hold'em No Limit ($0.50/$1.00 USD) - 2025/01/23 11:52:12 WET [2025/01/23 6:52:12 ET]
Table 'Svea IV' 6-max Seat #2 is the button
Seat 1: Melenya ($100 in chips) is sitting out
Seat 2: coeeeelho ($113.06 in chips) 
Seat 3: Tykylevits ($100 in chips) 
Seat 4: Rikardas777 ($41.01 in chips) 
Seat 5: Pon4uk.ua ($100 in chips) 
Seat 6: steepfell ($143.03 in chips) 
Tykylevits: posts small blind $0.50
Rikardas777: posts big blind $1
*** HOLE CARDS ***
Pon4uk.ua: folds 
steepfell: raises $1.50 to $2.50
coeeeelho: raises $5 to $7.50
Tykylevits: folds 
Rikardas777: folds 
steepfell: raises $14.50 to $22
coeeeelho: folds 
Uncalled bet ($14.50) returned to steepfell
steepfell collected $16.50 from pot
steepfell: doesn't show hand 
*** SUMMARY ***
Total pot $16.50 | Rake $0 
Seat 1: Melenya
Seat 2: coeeeelho (button) folded before Flop
Seat 3: Tykylevits (small blind) folded before Flop
Seat 4: Rikardas777 (big blind) folded before Flop
Seat 5: Pon4uk.ua folded before Flop (didn't bet)
Seat 6: steepfell collected ($16.50)



PokerStars Hand #254513049564:  Hold'em No Limit ($0.50/$1.00 USD) - 2025/01/23 11:52:59 WET [2025/01/23 6:52:59 ET]
Table 'Svea IV' 6-max Seat #3 is the button
Seat 1: Melenya ($100 in chips) is sitting out
Seat 2: coeeeelho ($105.56 in chips) 
Seat 3: Tykylevits ($100 in chips) 
Seat 4: Rikardas777 ($40.01 in chips) 
Seat 5: Pon4uk.ua ($100 in chips) 
Seat 6: steepfell ($152.03 in chips) 
Rikardas777: posts small blind $0.50
Pon4uk.ua: posts big blind $1
*** HOLE CARDS ***
steepfell: folds 
coeeeelho: folds 
Tykylevits: raises $1.50 to $2.50
Rikardas777: calls $2
Pon4uk.ua: calls $1.50
*** FLOP *** [5h 3d Jd]
Rikardas777: checks 
Pon4uk.ua: checks 
Tykylevits: bets $2.85
Rikardas777: folds 
Pon4uk.ua: calls $2.85
*** TURN *** [5h 3d Jd] [3h]
Pon4uk.ua: checks 
Tykylevits: checks 
*** RIVER *** [5h 3d Jd 3h] [6s]
Pon4uk.ua: bets $9.41
Tykylevits: calls $9.41
*** SHOW DOWN ***
Pon4uk.ua: shows [Qh Kd] (a pair of Threes)
Tykylevits: shows [Jh 8s] (two pair, Jacks and Threes)
Tykylevits collected $30.42 from pot
*** SUMMARY ***
Total pot $32.02 | Rake $1.60 
Board [5h 3d Jd 3h 6s]
Seat 1: Melenya
Seat 2: coeeeelho folded before Flop (didn't bet)
Seat 3: Tykylevits (button) showed [Jh 8s] and won ($30.42) with two pair, Jacks and Threes
Seat 4: Rikardas777 (small blind) folded on the Flop
Seat 5: Pon4uk.ua (big blind) showed [Qh Kd] and lost with a pair of Threes
Seat 6: steepfell folded before Flop (didn't bet)



PokerStars Hand #254513062864:  Hold'em No Limit ($0.50/$1.00 USD) - 2025/01/23 11:54:53 WET [2025/01/23 6:54:53 ET]
Table 'Svea IV' 6-max Seat #4 is the button
Seat 1: Melenya ($100 in chips) is sitting out
Seat 2: coeeeelho ($105.56 in chips) 
Seat 3: Tykylevits ($115.66 in chips) 
Seat 4: Rikardas777 ($37.51 in chips) 
Seat 5: Pon4uk.ua ($100 in chips) 
Seat 6: steepfell ($152.03 in chips) 
Pon4uk.ua: posts small blind $0.50
steepfell: posts big blind $1
Melenya: sits out 
*** HOLE CARDS ***
coeeeelho: folds 
Tykylevits: folds 
Rikardas777: calls $1
Pon4uk.ua: folds 
steepfell: checks 
*** FLOP *** [As Kh Jc]
steepfell: checks 
Rikardas777: checks 
*** TURN *** [As Kh Jc] [7s]
steepfell: checks 
Rikardas777: checks 
*** RIVER *** [As Kh Jc 7s] [6c]
steepfell: bets $1
Rikardas777: folds 
Uncalled bet ($1) returned to steepfell
steepfell collected $2.38 from pot
steepfell: doesn't show hand 
*** SUMMARY ***
Total pot $2.50 | Rake $0.12 
Board [As Kh Jc 7s 6c]
Seat 1: Melenya
Seat 2: coeeeelho folded before Flop (didn't bet)
Seat 3: Tykylevits folded before Flop (didn't bet)
Seat 4: Rikardas777 (button) folded on the River
Seat 5: Pon4uk.ua (small blind) folded before Flop
Seat 6: steepfell (big blind) collected ($2.38)



PokerStars Hand #254513068375:  Hold'em No Limit ($0.50/$1.00 USD) - 2025/01/23 11:55:45 WET [2025/01/23 6:55:45 ET]
Table 'Svea IV' 6-max Seat #5 is the button
Seat 1: Melenya ($100 in chips) 
Seat 2: coeeeelho ($105.56 in chips) 
Seat 3: Tykylevits ($115.66 in chips) 
Seat 4: Rikardas777 ($36.51 in chips) 
Seat 5: Pon4uk.ua ($100 in chips) 
Seat 6: steepfell ($153.41 in chips) 
steepfell: posts small blind $0.50
Melenya: posts big blind $1
*** HOLE CARDS ***
coeeeelho: folds 
Tykylevits: raises $1.13 to $2.13
Rikardas777: calls $2.13
Pon4uk.ua: folds 
steepfell: raises $10.87 to $13
Melenya: folds 
Tykylevits: folds 
Rikardas777: folds 
Uncalled bet ($10.87) returned to steepfell
steepfell collected $7.39 from pot
steepfell: doesn't show hand 
*** SUMMARY ***
Total pot $7.39 | Rake $0 
Seat 1: Melenya (big blind) folded before Flop
Seat 2: coeeeelho folded before Flop (didn't bet)
Seat 3: Tykylevits folded before Flop
Seat 4: Rikardas777 folded before Flop
Seat 5: Pon4uk.ua (button) folded before Flop (didn't bet)
Seat 6: steepfell (small blind) collected ($7.39)



PokerStars Hand #254513072549:  Hold'em No Limit ($0.50/$1.00 USD) - 2025/01/23 11:56:30 WET [2025/01/23 6:56:30 ET]
Table 'Svea IV' 6-max Seat #6 is the button
Seat 1: Melenya ($100 in chips) 
Seat 2: coeeeelho ($105.56 in chips) 
Seat 3: Tykylevits ($113.53 in chips) 
Seat 4: Rikardas777 ($34.38 in chips) 
Seat 5: Pon4uk.ua ($100 in chips) 
Seat 6: steepfell ($158.67 in chips) 
Melenya: posts small blind $0.50
coeeeelho: posts big blind $1
*** HOLE CARDS ***
Tykylevits: raises $1.13 to $2.13
Rikardas777: folds 
Pon4uk.ua: folds 
steepfell: folds 
Melenya: folds 
coeeeelho: folds 
Uncalled bet ($1.13) returned to Tykylevits
Tykylevits collected $2.50 from pot
Tykylevits: doesn't show hand 
*** SUMMARY ***
Total pot $2.50 | Rake $0 
Seat 1: Melenya (small blind) folded before Flop
Seat 2: coeeeelho (big blind) folded before Flop
Seat 3: Tykylevits collected ($2.50)
Seat 4: Rikardas777 folded before Flop (didn't bet)
Seat 5: Pon4uk.ua folded before Flop (didn't bet)
Seat 6: steepfell (button) folded before Flop (didn't bet)



PokerStars Hand #254513073842:  Hold'em No Limit ($0.50/$1.00 USD) - 2025/01/23 11:56:44 WET [2025/01/23 6:56:44 ET]
Table 'Svea IV' 6-max Seat #1 is the button
Seat 1: Melenya ($100 in chips) 
Seat 2: coeeeelho ($104.56 in chips) 
Seat 3: Tykylevits ($115.03 in chips) 
Seat 4: Rikardas777 ($34.38 in chips) 
Seat 5: Pon4uk.ua ($100 in chips) 
Seat 6: steepfell ($158.67 in chips) 
coeeeelho: posts small blind $0.50
Tykylevits: posts big blind $1
*** HOLE CARDS ***
Rikardas777: calls $1
Pon4uk.ua: folds 
steepfell: raises $3 to $4
Melenya: folds 
coeeeelho: folds 
Tykylevits: folds 
Rikardas777: calls $3
*** FLOP *** [Td 2s As]
Rikardas777: checks 
steepfell: bets $4.51
Rikardas777: calls $4.51
*** TURN *** [Td 2s As] [8s]
Rikardas777: checks 
steepfell: checks 
*** RIVER *** [Td 2s As 8s] [9h]
Rikardas777: bets $25.87 and is all-in
steepfell: calls $25.87
*** SHOW DOWN ***
Rikardas777: shows [Qs Js] (a flush, Ace high)
steepfell: shows [9c Ac] (two pair, Aces and Nines)
Rikardas777 collected $67.76 from pot
*** SUMMARY ***
Total pot $70.26 | Rake $2.50 
Board [Td 2s As 8s 9h]
Seat 1: Melenya (button) folded before Flop (didn't bet)
Seat 2: coeeeelho (small blind) folded before Flop
Seat 3: Tykylevits (big blind) folded before Flop
Seat 4: Rikardas777 showed [Qs Js] and won ($67.76) with a flush, Ace high
Seat 5: Pon4uk.ua folded before Flop (didn't bet)
Seat 6: steepfell showed [9c Ac] and lost with two pair, Aces and Nines



PokerStars Hand #254513080296:  Hold'em No Limit ($0.50/$1.00 USD) - 2025/01/23 11:57:53 WET [2025/01/23 6:57:53 ET]
Table 'Svea IV' 6-max Seat #2 is the button
Seat 1: Melenya ($100 in chips) 
Seat 2: coeeeelho ($104.06 in chips) 
Seat 3: Tykylevits ($114.03 in chips) 
Seat 4: Rikardas777 ($67.76 in chips) 
Seat 5: Pon4uk.ua ($100 in chips) 
Seat 6: steepfell ($124.29 in chips) 
Tykylevits: posts small blind $0.50
Rikardas777: posts big blind $1
*** HOLE CARDS ***
Pon4uk.ua: folds 
steepfell: folds 
Melenya: folds 
coeeeelho: folds 
Tykylevits: calls $0.50
Rikardas777: checks 
*** FLOP *** [Th 2c Qs]
Tykylevits: checks 
Rikardas777: checks 
*** TURN *** [Th 2c Qs] [9c]
Tykylevits: checks 
Rikardas777: checks 
*** RIVER *** [Th 2c Qs 9c] [6d]
Tykylevits: checks 
Rikardas777: checks 
*** SHOW DOWN ***
Tykylevits: shows [Ac 2d] (a pair of Deuces)
Rikardas777: mucks hand 
Tykylevits collected $1.90 from pot
*** SUMMARY ***
Total pot $2 | Rake $0.10 
Board [Th 2c Qs 9c 6d]
Seat 1: Melenya folded before Flop (didn't bet)
Seat 2: coeeeelho (button) folded before Flop (didn't bet)
Seat 3: Tykylevits (small blind) showed [Ac 2d] and won ($1.90) with a pair of Deuces
Seat 4: Rikardas777 (big blind) mucked
Seat 5: Pon4uk.ua folded before Flop (didn't bet)
Seat 6: steepfell folded before Flop (didn't bet)



PokerStars Hand #254513087382:  Hold'em No Limit ($0.50/$1.00 USD) - 2025/01/23 11:59:07 WET [2025/01/23 6:59:07 ET]
Table 'Svea IV' 6-max Seat #3 is the button
Seat 1: Melenya ($100 in chips) 
Seat 2: coeeeelho ($104.06 in chips) 
Seat 3: Tykylevits ($114.93 in chips) 
Seat 4: Rikardas777 ($66.76 in chips) 
Seat 5: Pon4uk.ua ($100 in chips) 
Seat 6: steepfell ($124.29 in chips) 
Rikardas777: posts small blind $0.50
Pon4uk.ua: posts big blind $1
*** HOLE CARDS ***
steepfell: folds 
Melenya: folds 
coeeeelho: raises $1.20 to $2.20
Tykylevits: calls $2.20
Rikardas777: calls $1.70
Pon4uk.ua: raises $12.30 to $14.50
coeeeelho: folds 
Tykylevits: folds 
Rikardas777: folds 
Uncalled bet ($12.30) returned to Pon4uk.ua
Pon4uk.ua collected $8.80 from pot
Pon4uk.ua: doesn't show hand 
*** SUMMARY ***
Total pot $8.80 | Rake $0 
Seat 1: Melenya folded before Flop (didn't bet)
Seat 2: coeeeelho folded before Flop
Seat 3: Tykylevits (button) folded before Flop
Seat 4: Rikardas777 (small blind) folded before Flop
Seat 5: Pon4uk.ua (big blind) collected ($8.80)
Seat 6: steepfell folded before Flop (didn't bet)



PokerStars Hand #254513093623:  Hold'em No Limit ($0.50/$1.00 USD) - 2025/01/23 12:00:13 WET [2025/01/23 7:00:13 ET]
Table 'Svea IV' 6-max Seat #4 is the button
Seat 1: Melenya ($100 in chips) 
Seat 2: coeeeelho ($101.86 in chips) 
Seat 3: Tykylevits ($112.73 in chips) 
Seat 4: Rikardas777 ($64.56 in chips) 
Seat 5: Pon4uk.ua ($106.60 in chips) 
Seat 6: steepfell ($124.29 in chips) 
Pon4uk.ua: posts small blind $0.50
steepfell: posts big blind $1
*** HOLE CARDS ***
Melenya: folds 
coeeeelho: folds 
Tykylevits: folds 
Rikardas777: folds 
Pon4uk.ua: raises $1.75 to $2.75
steepfell: folds 
Uncalled bet ($1.75) returned to Pon4uk.ua
Pon4uk.ua collected $2 from pot
Pon4uk.ua: doesn't show hand 
*** SUMMARY ***
Total pot $2 | Rake $0 
Seat 1: Melenya folded before Flop (didn't bet)
Seat 2: coeeeelho folded before Flop (didn't bet)
Seat 3: Tykylevits folded before Flop (didn't bet)
Seat 4: Rikardas777 (button) folded before Flop (didn't bet)
Seat 5: Pon4uk.ua (small blind) collected ($2)
Seat 6: steepfell (big blind) folded before Flop



PokerStars Hand #254513096458:  Hold'em No Limit ($0.50/$1.00 USD) - 2025/01/23 12:00:42 WET [2025/01/23 7:00:42 ET]
Table 'Svea IV' 6-max Seat #5 is the button
Seat 1: Melenya ($100 in chips) 
Seat 2: coeeeelho ($101.86 in chips) 
Seat 3: Tykylevits ($112.73 in chips) 
Seat 4: Rikardas777 ($64.56 in chips) 
Seat 5: Pon4uk.ua ($107.60 in chips) 
Seat 6: steepfell ($123.29 in chips) 
steepfell: posts small blind $0.50
Melenya: posts big blind $1
*** HOLE CARDS ***
coeeeelho: folds 
Tykylevits: folds 
Rikardas777: calls $1
Pon4uk.ua: raises $3 to $4
steepfell: raises $10 to $14
Melenya: folds 
Rikardas777: folds 
Pon4uk.ua: calls $10
*** FLOP *** [2c 9s Qd]
steepfell: bets $9.41
Pon4uk.ua: calls $9.41
*** TURN *** [2c 9s Qd] [8h]
steepfell: checks 
Pon4uk.ua: bets $15.31
steepfell: folds 
Uncalled bet ($15.31) returned to Pon4uk.ua
Pon4uk.ua collected $46.38 from pot
Pon4uk.ua: doesn't show hand 
*** SUMMARY ***
Total pot $48.82 | Rake $2.44 
Board [2c 9s Qd 8h]
Seat 1: Melenya (big blind) folded before Flop
Seat 2: coeeeelho folded before Flop (didn't bet)
Seat 3: Tykylevits folded before Flop (didn't bet)
Seat 4: Rikardas777 folded before Flop
Seat 5: Pon4uk.ua (button) collected ($46.38)
Seat 6: steepfell (small blind) folded on the Turn



PokerStars Hand #254513104169:  Hold'em No Limit ($0.50/$1.00 USD) - 2025/01/23 12:01:50 WET [2025/01/23 7:01:50 ET]
Table 'Svea IV' 6-max Seat #6 is the button
Seat 1: Melenya ($100 in chips) 
Seat 2: coeeeelho ($101.86 in chips) 
Seat 3: Tykylevits ($112.73 in chips) 
Seat 4: Rikardas777 ($63.56 in chips) 
Seat 5: Pon4uk.ua ($130.57 in chips) 
Seat 6: steepfell ($100 in chips) 
Melenya: posts small blind $0.50
coeeeelho: posts big blind $1
*** HOLE CARDS ***
Tykylevits: folds 
Rikardas777: calls $1
Pon4uk.ua: raises $3 to $4
steepfell: folds 
Melenya: folds 
coeeeelho: folds 
Rikardas777: calls $3
*** FLOP *** [Kc Qh Th]
Rikardas777: checks 
Pon4uk.ua: bets $2.98
Rikardas777: folds 
Uncalled bet ($2.98) returned to Pon4uk.ua
Pon4uk.ua collected $9.02 from pot
Pon4uk.ua: doesn't show hand 
*** SUMMARY ***
Total pot $9.50 | Rake $0.48 
Board [Kc Qh Th]
Seat 1: Melenya (small blind) folded before Flop
Seat 2: coeeeelho (big blind) folded before Flop
Seat 3: Tykylevits folded before Flop (didn't bet)
Seat 4: Rikardas777 folded on the Flop
Seat 5: Pon4uk.ua collected ($9.02)
Seat 6: steepfell (button) folded before Flop (didn't bet)



PokerStars Hand #254513107847:  Hold'em No Limit ($0.50/$1.00 USD) - 2025/01/23 12:02:22 WET [2025/01/23 7:02:22 ET]
Table 'Svea IV' 6-max Seat #1 is the button
Seat 1: Melenya ($100 in chips) 
Seat 2: coeeeelho ($100.86 in chips) 
Seat 3: Tykylevits ($112.73 in chips) 
Seat 4: Rikardas777 ($59.56 in chips) 
Seat 5: Pon4uk.ua ($135.59 in chips) 
Seat 6: steepfell ($100 in chips) 
coeeeelho: posts small blind $0.50
Tykylevits: posts big blind $1
*** HOLE CARDS ***
Rikardas777: folds 
Pon4uk.ua: raises $1 to $2
steepfell: raises $6 to $8
Melenya: folds 
coeeeelho: folds 
Tykylevits: folds 
Pon4uk.ua: folds 
Uncalled bet ($6) returned to steepfell
steepfell collected $5.50 from pot
steepfell: doesn't show hand 
*** SUMMARY ***
Total pot $5.50 | Rake $0 
Seat 1: Melenya (button) folded before Flop (didn't bet)
Seat 2: coeeeelho (small blind) folded before Flop
Seat 3: Tykylevits (big blind) folded before Flop
Seat 4: Rikardas777 folded before Flop (didn't bet)
Seat 5: Pon4uk.ua folded before Flop
Seat 6: steepfell collected ($5.50)



PokerStars Hand #254513110797:  Hold'em No Limit ($0.50/$1.00 USD) - 2025/01/23 12:02:47 WET [2025/01/23 7:02:47 ET]
Table 'Svea IV' 6-max Seat #2 is the button
Seat 1: Melenya ($100 in chips) 
Seat 2: coeeeelho ($100.36 in chips) 
Seat 3: Tykylevits ($111.73 in chips) 
Seat 4: Rikardas777 ($59.56 in chips) 
Seat 5: Pon4uk.ua ($133.59 in chips) 
Seat 6: steepfell ($103.50 in chips) 
Tykylevits: posts small blind $0.50
Rikardas777: posts big blind $1
*** HOLE CARDS ***
Pon4uk.ua: folds 
steepfell: folds 
Melenya: folds 
coeeeelho: raises $1.50 to $2.50
Tykylevits: folds 
Rikardas777: calls $1.50
*** FLOP *** [Jc 7c 4c]
Rikardas777: checks 
coeeeelho: bets $1.72
Rikardas777: calls $1.72
*** TURN *** [Jc 7c 4c] [7s]
Rikardas777: checks 
coeeeelho: checks 
*** RIVER *** [Jc 7c 4c 7s] [Qc]
Rikardas777: checks 
coeeeelho: bets $6.37
Rikardas777: folds 
Uncalled bet ($6.37) returned to coeeeelho
coeeeelho collected $8.49 from pot
*** SUMMARY ***
Total pot $8.94 | Rake $0.45 
Board [Jc 7c 4c 7s Qc]
Seat 1: Melenya folded before Flop (didn't bet)
Seat 2: coeeeelho (button) collected ($8.49)
Seat 3: Tykylevits (small blind) folded before Flop
Seat 4: Rikardas777 (big blind) folded on the River
Seat 5: Pon4uk.ua folded before Flop (didn't bet)
Seat 6: steepfell folded before Flop (didn't bet)



PokerStars Hand #254513115199:  Hold'em No Limit ($0.50/$1.00 USD) - 2025/01/23 12:03:25 WET [2025/01/23 7:03:25 ET]
Table 'Svea IV' 6-max Seat #3 is the button
Seat 1: Melenya ($100 in chips) 
Seat 2: coeeeelho ($104.63 in chips) 
Seat 3: Tykylevits ($111.23 in chips) 
Seat 4: Rikardas777 ($55.34 in chips) 
Seat 5: Pon4uk.ua ($133.59 in chips) 
Seat 6: steepfell ($103.50 in chips) 
Rikardas777: posts small blind $0.50
Pon4uk.ua: posts big blind $1
*** HOLE CARDS ***
steepfell: folds 
Melenya: folds 
coeeeelho: folds 
Tykylevits: raises $1.50 to $2.50
Rikardas777: calls $2
Pon4uk.ua: folds 
*** FLOP *** [As Kh Qs]
Rikardas777: checks 
Tykylevits: bets $1
Rikardas777: calls $1
*** TURN *** [As Kh Qs] [4h]
Rikardas777: checks 
Tykylevits: bets $1
Rikardas777: raises $1 to $2
Tykylevits: calls $1
*** RIVER *** [As Kh Qs 4h] [3c]
Rikardas777: bets $12.40
Tykylevits: folds 
Uncalled bet ($12.40) returned to Rikardas777
Rikardas777 collected $11.40 from pot
*** SUMMARY ***
Total pot $12 | Rake $0.60 
Board [As Kh Qs 4h 3c]
Seat 1: Melenya folded before Flop (didn't bet)
Seat 2: coeeeelho folded before Flop (didn't bet)
Seat 3: Tykylevits (button) folded on the River
Seat 4: Rikardas777 (small blind) collected ($11.40)
Seat 5: Pon4uk.ua (big blind) folded before Flop
Seat 6: steepfell folded before Flop (didn't bet)



PokerStars Hand #254513121221:  Hold'em No Limit ($0.50/$1.00 USD) - 2025/01/23 12:04:17 WET [2025/01/23 7:04:17 ET]
Table 'Svea IV' 6-max Seat #4 is the button
Seat 1: Melenya ($100 in chips) 
Seat 2: coeeeelho ($104.63 in chips) 
Seat 3: Tykylevits ($105.73 in chips) 
Seat 4: Rikardas777 ($61.24 in chips) 
Seat 5: Pon4uk.ua ($132.59 in chips) 
Seat 6: steepfell ($103.50 in chips) 
Pon4uk.ua: posts small blind $0.50
steepfell: posts big blind $1
*** HOLE CARDS ***
Melenya: folds 
coeeeelho: folds 
Tykylevits: folds 
Rikardas777: folds 
Pon4uk.ua: folds 
Uncalled bet ($0.50) returned to steepfell
steepfell collected $1 from pot
steepfell: doesn't show hand 
*** SUMMARY ***
Total pot $1 | Rake $0 
Seat 1: Melenya folded before Flop (didn't bet)
Seat 2: coeeeelho folded before Flop (didn't bet)
Seat 3: Tykylevits folded before Flop (didn't bet)
Seat 4: Rikardas777 (button) folded before Flop (didn't bet)
Seat 5: Pon4uk.ua (small blind) folded before Flop
Seat 6: steepfell (big blind) collected ($1)



PokerStars Hand #254513124149:  Hold'em No Limit ($0.50/$1.00 USD) - 2025/01/23 12:04:43 WET [2025/01/23 7:04:43 ET]
Table 'Svea IV' 6-max Seat #5 is the button
Seat 1: Melenya ($100 in chips) is sitting out
Seat 2: coeeeelho ($104.63 in chips) 
Seat 3: Tykylevits ($105.73 in chips) 
Seat 4: Rikardas777 ($61.24 in chips) 
Seat 5: Pon4uk.ua ($132.09 in chips) 
Seat 6: steepfell ($104 in chips) 
steepfell: posts small blind $0.50
Melenya: is sitting out 
coeeeelho: posts big blind $1
*** HOLE CARDS ***
Tykylevits: folds 
Rikardas777: folds 
Melenya leaves the table
Pon4uk.ua: folds 
steepfell: folds 
Uncalled bet ($0.50) returned to coeeeelho
coeeeelho collected $1 from pot
UnRRRReal joins the table at seat #1 
*** SUMMARY ***
Total pot $1 | Rake $0 
Seat 1: Melenya
Seat 2: coeeeelho (big blind) collected ($1)
Seat 3: Tykylevits folded before Flop (didn't bet)
Seat 4: Rikardas777 folded before Flop (didn't bet)
Seat 5: Pon4uk.ua (button) folded before Flop (didn't bet)
Seat 6: steepfell (small blind) folded before Flop



PokerStars Hand #254513125667:  Hold'em No Limit ($0.50/$1.00 USD) - 2025/01/23 12:04:56 WET [2025/01/23 7:04:56 ET]
Table 'Svea IV' 6-max Seat #6 is the button
Seat 1: UnRRRReal ($100 in chips) is sitting out
Seat 2: coeeeelho ($105.13 in chips) 
Seat 3: Tykylevits ($105.73 in chips) 
Seat 4: Rikardas777 ($61.24 in chips) 
Seat 5: Pon4uk.ua ($132.09 in chips) 
Seat 6: steepfell ($103.50 in chips) 
coeeeelho: posts small blind $0.50
Tykylevits: posts big blind $1
*** HOLE CARDS ***
Rikardas777: folds 
Pon4uk.ua: folds 
steepfell: folds 
coeeeelho: raises $2 to $3
Tykylevits: folds 
Uncalled bet ($2) returned to coeeeelho
coeeeelho collected $2 from pot
*** SUMMARY ***
Total pot $2 | Rake $0 
Seat 1: UnRRRReal
Seat 2: coeeeelho (small blind) collected ($2)
Seat 3: Tykylevits (big blind) folded before Flop
Seat 4: Rikardas777 folded before Flop (didn't bet)
Seat 5: Pon4uk.ua folded before Flop (didn't bet)
Seat 6: steepfell (button) folded before Flop (didn't bet)



PokerStars Hand #254513127930:  Hold'em No Limit ($0.50/$1.00 USD) - 2025/01/23 12:05:15 WET [2025/01/23 7:05:15 ET]
Table 'Svea IV' 6-max Seat #2 is the button
Seat 1: UnRRRReal ($100 in chips) is sitting out
Seat 2: coeeeelho ($106.13 in chips) 
Seat 3: Tykylevits ($104.73 in chips) 
Seat 4: Rikardas777 ($61.24 in chips) 
Seat 5: Pon4uk.ua ($132.09 in chips) 
Seat 6: steepfell ($103.50 in chips) 
Tykylevits: posts small blind $0.50
Rikardas777: posts big blind $1
UnRRRReal: sits out 
*** HOLE CARDS ***
Pon4uk.ua: folds 
steepfell: folds 
coeeeelho: raises $1.50 to $2.50
Tykylevits: raises $8.50 to $11
Rikardas777: folds 
coeeeelho: raises $12 to $23
Tykylevits: calls $12
*** FLOP *** [Ac 7s 3s]
Tykylevits: checks 
coeeeelho: bets $9
Tykylevits: calls $9
*** TURN *** [Ac 7s 3s] [9c]
Tykylevits: checks 
coeeeelho: bets $10
Tykylevits: raises $62.73 to $72.73 and is all-in
coeeeelho: folds 
Uncalled bet ($62.73) returned to Tykylevits
Tykylevits collected $82.50 from pot
Tykylevits: doesn't show hand 
*** SUMMARY ***
Total pot $85 | Rake $2.50 
Board [Ac 7s 3s 9c]
Seat 1: UnRRRReal
Seat 2: coeeeelho (button) folded on the Turn
Seat 3: Tykylevits (small blind) collected ($82.50)
Seat 4: Rikardas777 (big blind) folded before Flop
Seat 5: Pon4uk.ua folded before Flop (didn't bet)
Seat 6: steepfell folded before Flop (didn't bet)



PokerStars Hand #254513144439:  Hold'em No Limit ($0.50/$1.00 USD) - 2025/01/23 12:07:36 WET [2025/01/23 7:07:36 ET]
Table 'Svea IV' 6-max Seat #3 is the button
Seat 1: UnRRRReal ($100 in chips) is sitting out
Seat 2: coeeeelho ($100 in chips) 
Seat 3: Tykylevits ($145.23 in chips) 
Seat 4: Rikardas777 ($60.24 in chips) 
Seat 5: Pon4uk.ua ($132.09 in chips) 
Seat 6: steepfell ($103.50 in chips) 
Rikardas777: posts small blind $0.50
Pon4uk.ua: posts big blind $1
UnRRRReal: sits out 
*** HOLE CARDS ***
steepfell: folds 
coeeeelho: raises $1.20 to $2.20
Tykylevits: calls $2.20
Rikardas777: calls $1.70
Pon4uk.ua: calls $1.20
*** FLOP *** [2s 5c Kd]
Rikardas777: checks 
Pon4uk.ua: checks 
coeeeelho: checks 
Tykylevits: checks 
*** TURN *** [2s 5c Kd] [8s]
Rikardas777: checks 
Pon4uk.ua: bets $4.18
coeeeelho: raises $4.82 to $9
Tykylevits has timed out
Tykylevits: folds 
Rikardas777: folds 
Pon4uk.ua: calls $4.82
*** RIVER *** [2s 5c Kd 8s] [Ts]
Pon4uk.ua: bets $12.73
coeeeelho: folds 
Uncalled bet ($12.73) returned to Pon4uk.ua
Pon4uk.ua collected $25.46 from pot
Pon4uk.ua: doesn't show hand 
*** SUMMARY ***
Total pot $26.80 | Rake $1.34 
Board [2s 5c Kd 8s Ts]
Seat 1: UnRRRReal
Seat 2: coeeeelho folded on the River
Seat 3: Tykylevits (button) folded on the Turn
Seat 4: Rikardas777 (small blind) folded on the Turn
Seat 5: Pon4uk.ua (big blind) collected ($25.46)
Seat 6: steepfell folded before Flop (didn't bet)



PokerStars Hand #254513154552:  Hold'em No Limit ($0.50/$1.00 USD) - 2025/01/23 12:09:02 WET [2025/01/23 7:09:02 ET]
Table 'Svea IV' 6-max Seat #4 is the button
Seat 1: UnRRRReal ($100 in chips) is sitting out
Seat 2: coeeeelho ($100 in chips) 
Seat 3: Tykylevits ($143.03 in chips) 
Seat 4: Rikardas777 ($58.04 in chips) 
Seat 5: Pon4uk.ua ($146.35 in chips) 
Seat 6: steepfell ($103.50 in chips) 
Pon4uk.ua: posts small blind $0.50
steepfell: posts big blind $1
UnRRRReal: sits out 
*** HOLE CARDS ***
coeeeelho: folds 
Tykylevits: raises $1.13 to $2.13
Rikardas777: calls $2.13
Pon4uk.ua: folds 
steepfell: calls $1.13
*** FLOP *** [Qs Th Tc]
steepfell: checks 
Tykylevits: checks 
Rikardas777: checks 
*** TURN *** [Qs Th Tc] [2d]
steepfell: checks 
Tykylevits: bets $4.52
Rikardas777: folds 
steepfell: folds 
Uncalled bet ($4.52) returned to Tykylevits
Tykylevits collected $6.55 from pot
Tykylevits: doesn't show hand 
*** SUMMARY ***
Total pot $6.89 | Rake $0.34 
Board [Qs Th Tc 2d]
Seat 1: UnRRRReal
Seat 2: coeeeelho folded before Flop (didn't bet)
Seat 3: Tykylevits collected ($6.55)
Seat 4: Rikardas777 (button) folded on the Turn
Seat 5: Pon4uk.ua (small blind) folded before Flop
Seat 6: steepfell (big blind) folded on the Turn



PokerStars Hand #254513160688:  Hold'em No Limit ($0.50/$1.00 USD) - 2025/01/23 12:09:55 WET [2025/01/23 7:09:55 ET]
Table 'Svea IV' 6-max Seat #5 is the button
Seat 1: UnRRRReal ($100 in chips) 
Seat 2: coeeeelho ($100 in chips) 
Seat 3: Tykylevits ($147.45 in chips) 
Seat 4: Rikardas777 ($55.91 in chips) 
Seat 5: Pon4uk.ua ($145.85 in chips) 
Seat 6: steepfell ($101.37 in chips) 
steepfell: posts small blind $0.50
UnRRRReal: posts big blind $1
*** HOLE CARDS ***
coeeeelho: folds 
Tykylevits: folds 
Rikardas777: folds 
Pon4uk.ua: folds 
steepfell: raises $2 to $3
UnRRRReal: folds 
Uncalled bet ($2) returned to steepfell
steepfell collected $2 from pot
steepfell: doesn't show hand 
*** SUMMARY ***
Total pot $2 | Rake $0 
Seat 1: UnRRRReal (big blind) folded before Flop
Seat 2: coeeeelho folded before Flop (didn't bet)
Seat 3: Tykylevits folded before Flop (didn't bet)
Seat 4: Rikardas777 folded before Flop (didn't bet)
Seat 5: Pon4uk.ua (button) folded before Flop (didn't bet)
Seat 6: steepfell (small blind) collected ($2)



PokerStars Hand #254513162131:  Hold'em No Limit ($0.50/$1.00 USD) - 2025/01/23 12:10:07 WET [2025/01/23 7:10:07 ET]
Table 'Svea IV' 6-max Seat #6 is the button
Seat 1: UnRRRReal ($100 in chips) 
Seat 2: coeeeelho ($100 in chips) 
Seat 3: Tykylevits ($147.45 in chips) 
Seat 4: Rikardas777 ($55.91 in chips) 
Seat 5: Pon4uk.ua ($145.85 in chips) 
Seat 6: steepfell ($102.37 in chips) 
UnRRRReal: posts small blind $0.50
coeeeelho: posts big blind $1
*** HOLE CARDS ***
Tykylevits: folds 
Rikardas777: calls $1
Pon4uk.ua: folds 
steepfell: folds 
UnRRRReal: raises $3 to $4
coeeeelho: folds 
Rikardas777: raises $3 to $7
UnRRRReal: raises $93 to $100 and is all-in
Rikardas777: calls $48.91 and is all-in
Uncalled bet ($44.09) returned to UnRRRReal
*** FLOP *** [Kh 3d 9c]
*** TURN *** [Kh 3d 9c] [4h]
*** RIVER *** [Kh 3d 9c 4h] [Kc]
*** SHOW DOWN ***
UnRRRReal: shows [Jc Js] (two pair, Kings and Jacks)
Rikardas777: shows [Ac Ah] (two pair, Aces and Kings)
Rikardas777 collected $110.32 from pot
*** SUMMARY ***
Total pot $112.82 | Rake $2.50 
Board [Kh 3d 9c 4h Kc]
Seat 1: UnRRRReal (small blind) showed [Jc Js] and lost with two pair, Kings and Jacks
Seat 2: coeeeelho (big blind) folded before Flop
Seat 3: Tykylevits folded before Flop (didn't bet)
Seat 4: Rikardas777 showed [Ac Ah] and won ($110.32) with two pair, Aces and Kings
Seat 5: Pon4uk.ua folded before Flop (didn't bet)
Seat 6: steepfell (button) folded before Flop (didn't bet)



PokerStars Hand #254513166552:  Hold'em No Limit ($0.50/$1.00 USD) - 2025/01/23 12:10:44 WET [2025/01/23 7:10:44 ET]
Table 'Svea IV' 6-max Seat #1 is the button
Seat 1: UnRRRReal ($100 in chips) 
Seat 2: coeeeelho ($100 in chips) 
Seat 3: Tykylevits ($147.45 in chips) 
Seat 4: Rikardas777 ($110.32 in chips) 
Seat 5: Pon4uk.ua ($145.85 in chips) 
Seat 6: steepfell ($102.37 in chips) 
coeeeelho: posts small blind $0.50
Tykylevits: posts big blind $1
*** HOLE CARDS ***
Rikardas777: calls $1
Pon4uk.ua: folds 
steepfell: folds 
UnRRRReal: raises $3.50 to $4.50
coeeeelho: folds 
Tykylevits: folds 
Rikardas777: folds 
Uncalled bet ($3.50) returned to UnRRRReal
UnRRRReal collected $3.50 from pot
UnRRRReal: doesn't show hand 
*** SUMMARY ***
Total pot $3.50 | Rake $0 
Seat 1: UnRRRReal (button) collected ($3.50)
Seat 2: coeeeelho (small blind) folded before Flop
Seat 3: Tykylevits (big blind) folded before Flop
Seat 4: Rikardas777 folded before Flop
Seat 5: Pon4uk.ua folded before Flop (didn't bet)
Seat 6: steepfell folded before Flop (didn't bet)



PokerStars Hand #254513169840:  Hold'em No Limit ($0.50/$1.00 USD) - 2025/01/23 12:11:12 WET [2025/01/23 7:11:12 ET]
Table 'Svea IV' 6-max Seat #2 is the button
Seat 1: UnRRRReal ($102.50 in chips) 
Seat 2: coeeeelho ($100 in chips) 
Seat 3: Tykylevits ($146.45 in chips) 
Seat 4: Rikardas777 ($109.32 in chips) 
Seat 5: Pon4uk.ua ($145.85 in chips) 
Seat 6: steepfell ($102.37 in chips) 
Tykylevits: posts small blind $0.50
Rikardas777: posts big blind $1
*** HOLE CARDS ***
Pon4uk.ua: folds 
steepfell: raises $1.50 to $2.50
UnRRRReal: folds 
coeeeelho: raises $5 to $7.50
Tykylevits: folds 
Rikardas777: folds 
steepfell: folds 
Uncalled bet ($5) returned to coeeeelho
coeeeelho collected $6.50 from pot
*** SUMMARY ***
Total pot $6.50 | Rake $0 
Seat 1: UnRRRReal folded before Flop (didn't bet)
Seat 2: coeeeelho (button) collected ($6.50)
Seat 3: Tykylevits (small blind) folded before Flop
Seat 4: Rikardas777 (big blind) folded before Flop
Seat 5: Pon4uk.ua folded before Flop (didn't bet)
Seat 6: steepfell folded before Flop



PokerStars Hand #254513172069:  Hold'em No Limit ($0.50/$1.00 USD) - 2025/01/23 12:11:32 WET [2025/01/23 7:11:32 ET]
Table 'Svea IV' 6-max Seat #3 is the button
Seat 1: UnRRRReal ($102.50 in chips) 
Seat 2: coeeeelho ($104 in chips) 
Seat 3: Tykylevits ($145.95 in chips) 
Seat 4: Rikardas777 ($108.32 in chips) 
Seat 5: Pon4uk.ua ($145.85 in chips) 
Seat 6: steepfell ($100 in chips) 
Rikardas777: posts small blind $0.50
Pon4uk.ua: posts big blind $1
*** HOLE CARDS ***
steepfell: folds 
UnRRRReal: folds 
coeeeelho: raises $1.30 to $2.30
Tykylevits: folds 
Rikardas777: folds 
Pon4uk.ua: folds 
Uncalled bet ($1.30) returned to coeeeelho
coeeeelho collected $2.50 from pot
*** SUMMARY ***
Total pot $2.50 | Rake $0 
Seat 1: UnRRRReal folded before Flop (didn't bet)
Seat 2: coeeeelho collected ($2.50)
Seat 3: Tykylevits (button) folded before Flop (didn't bet)
Seat 4: Rikardas777 (small blind) folded before Flop
Seat 5: Pon4uk.ua (big blind) folded before Flop
Seat 6: steepfell folded before Flop (didn't bet)



PokerStars Hand #254513174098:  Hold'em No Limit ($0.50/$1.00 USD) - 2025/01/23 12:11:49 WET [2025/01/23 7:11:49 ET]
Table 'Svea IV' 6-max Seat #4 is the button
Seat 1: UnRRRReal ($102.50 in chips) 
Seat 2: coeeeelho ($105.50 in chips) 
Seat 3: Tykylevits ($145.95 in chips) 
Seat 4: Rikardas777 ($107.82 in chips) 
Seat 5: Pon4uk.ua ($144.85 in chips) 
Seat 6: steepfell ($100 in chips) 
Pon4uk.ua: posts small blind $0.50
steepfell: posts big blind $1
*** HOLE CARDS ***
UnRRRReal: raises $1.50 to $2.50
coeeeelho: folds 
Tykylevits: folds 
Rikardas777: folds 
Pon4uk.ua: folds 
steepfell: folds 
Uncalled bet ($1.50) returned to UnRRRReal
UnRRRReal collected $2.50 from pot
UnRRRReal: doesn't show hand 
*** SUMMARY ***
Total pot $2.50 | Rake $0 
Seat 1: UnRRRReal collected ($2.50)
Seat 2: coeeeelho folded before Flop (didn't bet)
Seat 3: Tykylevits folded before Flop (didn't bet)
Seat 4: Rikardas777 (button) folded before Flop (didn't bet)
Seat 5: Pon4uk.ua (small blind) folded before Flop
Seat 6: steepfell (big blind) folded before Flop



PokerStars Hand #254513176247:  Hold'em No Limit ($0.50/$1.00 USD) - 2025/01/23 12:12:07 WET [2025/01/23 7:12:07 ET]
Table 'Svea IV' 6-max Seat #5 is the button
Seat 1: UnRRRReal ($104 in chips) 
Seat 2: coeeeelho ($105.50 in chips) 
Seat 3: Tykylevits ($145.95 in chips) 
Seat 4: Rikardas777 ($107.82 in chips) 
Seat 5: Pon4uk.ua ($144.35 in chips) 
Seat 6: steepfell ($100 in chips) 
steepfell: posts small blind $0.50
UnRRRReal: posts big blind $1
*** HOLE CARDS ***
coeeeelho: folds 
Tykylevits: folds 
Rikardas777: calls $1
Pon4uk.ua: folds 
steepfell: folds 
UnRRRReal: checks 
*** FLOP *** [5s 9s 4d]
UnRRRReal: checks 
Rikardas777: checks 
*** TURN *** [5s 9s 4d] [Jc]
UnRRRReal: checks 
Rikardas777: checks 
*** RIVER *** [5s 9s 4d Jc] [4h]
UnRRRReal: bets $1.79
Rikardas777: folds 
Uncalled bet ($1.79) returned to UnRRRReal
UnRRRReal collected $2.38 from pot
UnRRRReal: doesn't show hand 
*** SUMMARY ***
Total pot $2.50 | Rake $0.12 
Board [5s 9s 4d Jc 4h]
Seat 1: UnRRRReal (big blind) collected ($2.38)
Seat 2: coeeeelho folded before Flop (didn't bet)
Seat 3: Tykylevits folded before Flop (didn't bet)
Seat 4: Rikardas777 folded on the River
Seat 5: Pon4uk.ua (button) folded before Flop (didn't bet)
Seat 6: steepfell (small blind) folded before Flop



PokerStars Hand #254513179762:  Hold'em No Limit ($0.50/$1.00 USD) - 2025/01/23 12:12:38 WET [2025/01/23 7:12:38 ET]
Table 'Svea IV' 6-max Seat #6 is the button
Seat 1: UnRRRReal ($105.38 in chips) 
Seat 2: coeeeelho ($105.50 in chips) 
Seat 3: Tykylevits ($145.95 in chips) 
Seat 4: Rikardas777 ($106.82 in chips) 
Seat 5: Pon4uk.ua ($144.35 in chips) 
Seat 6: steepfell ($100 in chips) 
UnRRRReal: posts small blind $0.50
coeeeelho: posts big blind $1
*** HOLE CARDS ***
Tykylevits: raises $1.13 to $2.13
Rikardas777: folds 
Pon4uk.ua: folds 
steepfell: folds 
UnRRRReal: folds 
coeeeelho: folds 
Uncalled bet ($1.13) returned to Tykylevits
Tykylevits collected $2.50 from pot
Tykylevits: doesn't show hand 
*** SUMMARY ***
Total pot $2.50 | Rake $0 
Seat 1: UnRRRReal (small blind) folded before Flop
Seat 2: coeeeelho (big blind) folded before Flop
Seat 3: Tykylevits collected ($2.50)
Seat 4: Rikardas777 folded before Flop (didn't bet)
Seat 5: Pon4uk.ua folded before Flop (didn't bet)
Seat 6: steepfell (button) folded before Flop (didn't bet)



PokerStars Hand #254513181410:  Hold'em No Limit ($0.50/$1.00 USD) - 2025/01/23 12:12:52 WET [2025/01/23 7:12:52 ET]
Table 'Svea IV' 6-max Seat #1 is the button
Seat 1: UnRRRReal ($104.88 in chips) 
Seat 2: coeeeelho ($104.50 in chips) 
Seat 3: Tykylevits ($147.45 in chips) 
Seat 4: Rikardas777 ($106.82 in chips) 
Seat 5: Pon4uk.ua ($144.35 in chips) 
Seat 6: steepfell ($100 in chips) 
coeeeelho: posts small blind $0.50
Tykylevits: posts big blind $1
*** HOLE CARDS ***
Rikardas777: folds 
Pon4uk.ua: raises $1 to $2
steepfell: folds 
UnRRRReal: raises $5.50 to $7.50
coeeeelho: folds 
Tykylevits: raises $7.50 to $15
Pon4uk.ua: folds 
UnRRRReal: raises $89.88 to $104.88 and is all-in
Tykylevits: folds 
Uncalled bet ($89.88) returned to UnRRRReal
UnRRRReal collected $32.50 from pot
UnRRRReal: doesn't show hand 
*** SUMMARY ***
Total pot $32.50 | Rake $0 
Seat 1: UnRRRReal (button) collected ($32.50)
Seat 2: coeeeelho (small blind) folded before Flop
Seat 3: Tykylevits (big blind) folded before Flop
Seat 4: Rikardas777 folded before Flop (didn't bet)
Seat 5: Pon4uk.ua folded before Flop
Seat 6: steepfell folded before Flop (didn't bet)



PokerStars Hand #254513187896:  Hold'em No Limit ($0.50/$1.00 USD) - 2025/01/23 12:13:47 WET [2025/01/23 7:13:47 ET]
Table 'Svea IV' 6-max Seat #2 is the button
Seat 1: UnRRRReal ($122.38 in chips) 
Seat 2: coeeeelho ($104 in chips) 
Seat 3: Tykylevits ($132.45 in chips) 
Seat 4: Rikardas777 ($106.82 in chips) 
Seat 5: Pon4uk.ua ($142.35 in chips) 
Seat 6: steepfell ($100 in chips) 
Tykylevits: posts small blind $0.50
Rikardas777: posts big blind $1
*** HOLE CARDS ***
Pon4uk.ua: folds 
steepfell: folds 
UnRRRReal: folds 
coeeeelho: folds 
Tykylevits: folds 
Uncalled bet ($0.50) returned to Rikardas777
Rikardas777 collected $1 from pot
*** SUMMARY ***
Total pot $1 | Rake $0 
Seat 1: UnRRRReal folded before Flop (didn't bet)
Seat 2: coeeeelho (button) folded before Flop (didn't bet)
Seat 3: Tykylevits (small blind) folded before Flop
Seat 4: Rikardas777 (big blind) collected ($1)
Seat 5: Pon4uk.ua folded before Flop (didn't bet)
Seat 6: steepfell folded before Flop (didn't bet)



PokerStars Hand #254513189623:  Hold'em No Limit ($0.50/$1.00 USD) - 2025/01/23 12:14:02 WET [2025/01/23 7:14:02 ET]
Table 'Svea IV' 6-max Seat #3 is the button
Seat 5: Pon4uk.ua ($142.35 in chips) is sitting out
Seat 1: UnRRRReal ($122.38 in chips) 
Seat 2: coeeeelho ($104 in chips) 
Seat 3: Tykylevits ($131.95 in chips) 
Seat 4: Rikardas777 ($107.32 in chips) 
Seat 6: steepfell ($100 in chips) 
Rikardas777: posts small blind $0.50
Pon4uk.ua: is sitting out 
steepfell: posts big blind $1
*** HOLE CARDS ***
UnRRRReal: raises $1.50 to $2.50
coeeeelho: folds 
Tykylevits: raises $5.50 to $8
Rikardas777: calls $7.50
steepfell: folds 
UnRRRReal: folds 
*** FLOP *** [6h 9h 9d]
Rikardas777: checks 
Tykylevits: bets $4.26
Rikardas777: calls $4.26
*** TURN *** [6h 9h 9d] [3h]
Rikardas777: bets $95.06 and is all-in
Tykylevits: folds 
Uncalled bet ($95.06) returned to Rikardas777
Rikardas777 collected $26.62 from pot
*** SUMMARY ***
Total pot $28.02 | Rake $1.40 
Board [6h 9h 9d 3h]
Seat 5: Pon4uk.ua
Seat 1: UnRRRReal folded before Flop
Seat 2: coeeeelho folded before Flop (didn't bet)
Seat 3: Tykylevits (button) folded on the Turn
Seat 4: Rikardas777 (small blind) collected ($26.62)
Seat 6: steepfell (big blind) folded before Flop



PokerStars Hand #254513212613:  Hold'em No Limit ($0.50/$1.00 USD) - 2025/01/23 12:17:21 WET [2025/01/23 7:17:21 ET]
Table 'Svea IV' 6-max Seat #2 is the button
Seat 5: Pon4uk.ua ($142.35 in chips) is sitting out
Seat 1: UnRRRReal ($124.08 in chips) 
Seat 2: coeeeelho ($102.50 in chips) 
Seat 3: Tykylevits ($121.07 in chips) 
Seat 4: Rikardas777 ($117.36 in chips) 
Seat 6: steepfell ($100 in chips) 
Tykylevits: posts small blind $0.50
Rikardas777: posts big blind $1
*** HOLE CARDS ***
steepfell: folds 
UnRRRReal: folds 
coeeeelho: raises $1.50 to $2.50
Tykylevits: folds 
Rikardas777: calls $1.50
*** FLOP *** [7h 9c Qh]
Rikardas777: checks 
coeeeelho: checks 
*** TURN *** [7h 9c Qh] [Ac]
Rikardas777: checks 
coeeeelho: bets $3
Rikardas777: folds 
Uncalled bet ($3) returned to coeeeelho
coeeeelho collected $5.22 from pot
*** SUMMARY ***
Total pot $5.50 | Rake $0.28 
Board [7h 9c Qh Ac]
Seat 5: Pon4uk.ua
Seat 1: UnRRRReal folded before Flop (didn't bet)
Seat 2: coeeeelho (button) collected ($5.22)
Seat 3: Tykylevits (small blind) folded before Flop
Seat 4: Rikardas777 (big blind) folded on the Turn
Seat 6: steepfell folded before Flop (didn't bet)



PokerStars Hand #254513218287:  Hold'em No Limit ($0.50/$1.00 USD) - 2025/01/23 12:18:10 WET [2025/01/23 7:18:10 ET]
Table 'Svea IV' 6-max Seat #3 is the button
Seat 5: Pon4uk.ua ($142.35 in chips) is sitting out
Seat 1: UnRRRReal ($124.08 in chips) 
Seat 2: coeeeelho ($105.22 in chips) 
Seat 3: Tykylevits ($120.57 in chips) 
Seat 4: Rikardas777 ($114.86 in chips) 
Seat 6: steepfell ($100 in chips) 
Rikardas777: posts small blind $0.50
steepfell: posts big blind $1
*** HOLE CARDS ***
UnRRRReal: folds 
coeeeelho: raises $1.30 to $2.30
Tykylevits: folds 
Rikardas777: folds 
steepfell: folds 
Uncalled bet ($1.30) returned to coeeeelho
coeeeelho collected $2.50 from pot
*** SUMMARY ***
Total pot $2.50 | Rake $0 
Seat 5: Pon4uk.ua
Seat 1: UnRRRReal folded before Flop (didn't bet)
Seat 2: coeeeelho collected ($2.50)
Seat 3: Tykylevits (button) folded before Flop (didn't bet)
Seat 4: Rikardas777 (small blind) folded before Flop
Seat 6: steepfell (big blind) folded before Flop



PokerStars Hand #254513220292:  Hold'em No Limit ($0.50/$1.00 USD) - 2025/01/23 12:18:27 WET [2025/01/23 7:18:27 ET]
Table 'Svea IV' 6-max Seat #4 is the button
Seat 5: Pon4uk.ua ($142.35 in chips) is sitting out
Seat 1: UnRRRReal ($124.08 in chips) 
Seat 2: coeeeelho ($106.72 in chips) 
Seat 3: Tykylevits ($120.57 in chips) 
Seat 4: Rikardas777 ($114.36 in chips) 
Seat 6: steepfell ($100 in chips) 
steepfell: posts small blind $0.50
UnRRRReal: posts big blind $1
*** HOLE CARDS ***
coeeeelho: folds 
Tykylevits: folds 
Rikardas777: calls $1
steepfell: folds 
UnRRRReal: checks 
*** FLOP *** [Kh 9h 8d]
UnRRRReal: checks 
Rikardas777: checks 
*** TURN *** [Kh 9h 8d] [Ac]
UnRRRReal: checks 
Rikardas777: checks 
*** RIVER *** [Kh 9h 8d Ac] [9s]
UnRRRReal: checks 
Rikardas777: bets $2.38
UnRRRReal: folds 
Uncalled bet ($2.38) returned to Rikardas777
Rikardas777 collected $2.38 from pot
Rikardas777: doesn't show hand 
*** SUMMARY ***
Total pot $2.50 | Rake $0.12 
Board [Kh 9h 8d Ac 9s]
Seat 5: Pon4uk.ua
Seat 1: UnRRRReal (big blind) folded on the River
Seat 2: coeeeelho folded before Flop (didn't bet)
Seat 3: Tykylevits folded before Flop (didn't bet)
Seat 4: Rikardas777 (button) collected ($2.38)
Seat 6: steepfell (small blind) folded before Flop



PokerStars Hand #254513224159:  Hold'em No Limit ($0.50/$1.00 USD) - 2025/01/23 12:19:01 WET [2025/01/23 7:19:01 ET]
Table 'Svea IV' 6-max Seat #6 is the button
Seat 5: Pon4uk.ua ($142.35 in chips) is sitting out
Seat 1: UnRRRReal ($123.08 in chips) 
Seat 2: coeeeelho ($106.72 in chips) 
Seat 3: Tykylevits ($120.57 in chips) 
Seat 4: Rikardas777 ($115.74 in chips) 
Seat 6: steepfell ($100 in chips) 
UnRRRReal: posts small blind $0.50
coeeeelho: posts big blind $1
*** HOLE CARDS ***
Tykylevits: folds 
Rikardas777: calls $1
steepfell: raises $3 to $4
UnRRRReal: folds 
coeeeelho: raises $12 to $16
Rikardas777: folds 
steepfell: folds 
Uncalled bet ($12) returned to coeeeelho
coeeeelho collected $9.50 from pot
*** SUMMARY ***
Total pot $9.50 | Rake $0 
Seat 5: Pon4uk.ua
Seat 1: UnRRRReal (small blind) folded before Flop
Seat 2: coeeeelho (big blind) collected ($9.50)
Seat 3: Tykylevits folded before Flop (didn't bet)
Seat 4: Rikardas777 folded before Flop
Seat 6: steepfell (button) folded before Flop



PokerStars Hand #254513228552:  Hold'em No Limit ($0.50/$1.00 USD) - 2025/01/23 12:19:38 WET [2025/01/23 7:19:38 ET]
Table 'Svea IV' 6-max Seat #1 is the button
Seat 5: Pon4uk.ua ($142.35 in chips) is sitting out
Seat 1: UnRRRReal ($122.58 in chips) 
Seat 2: coeeeelho ($112.22 in chips) 
Seat 3: Tykylevits ($120.57 in chips) 
Seat 4: Rikardas777 ($114.74 in chips) 
Seat 6: steepfell ($100 in chips) 
coeeeelho: posts small blind $0.50
Tykylevits: posts big blind $1
*** HOLE CARDS ***
Rikardas777: calls $1
steepfell: folds 
UnRRRReal: folds 
coeeeelho: raises $3 to $4
Tykylevits: folds 
Rikardas777: calls $3
*** FLOP *** [4s 7d 4c]
coeeeelho: checks 
Rikardas777: checks 
*** TURN *** [4s 7d 4c] [Jh]
coeeeelho: bets $6.41
Rikardas777: folds 
Uncalled bet ($6.41) returned to coeeeelho
coeeeelho collected $8.55 from pot
*** SUMMARY ***
Total pot $9 | Rake $0.45 
Board [4s 7d 4c Jh]
Seat 5: Pon4uk.ua
Seat 1: UnRRRReal (button) folded before Flop (didn't bet)
Seat 2: coeeeelho (small blind) collected ($8.55)
Seat 3: Tykylevits (big blind) folded before Flop
Seat 4: Rikardas777 folded on the Turn
Seat 6: steepfell folded before Flop (didn't bet)



PokerStars Hand #254513234367:  Hold'em No Limit ($0.50/$1.00 USD) - 2025/01/23 12:20:27 WET [2025/01/23 7:20:27 ET]
Table 'Svea IV' 6-max Seat #2 is the button
Seat 5: Pon4uk.ua ($142.35 in chips) is sitting out
Seat 1: UnRRRReal ($122.58 in chips) 
Seat 2: coeeeelho ($116.77 in chips) 
Seat 3: Tykylevits ($119.57 in chips) 
Seat 4: Rikardas777 ($110.74 in chips) 
Seat 6: steepfell ($100 in chips) 
Tykylevits: posts small blind $0.50
Rikardas777: posts big blind $1
*** HOLE CARDS ***
steepfell: folds 
UnRRRReal: folds 
coeeeelho: raises $1.50 to $2.50
Tykylevits: folds 
Rikardas777: calls $1.50
*** FLOP *** [6c Qs 8h]
Rikardas777: checks 
coeeeelho: bets $1.30
Rikardas777: calls $1.30
*** TURN *** [6c Qs 8h] [Th]
Rikardas777: checks 
coeeeelho: checks 
*** RIVER *** [6c Qs 8h Th] [7h]
Rikardas777: bets $7.70
coeeeelho: folds 
Uncalled bet ($7.70) returned to Rikardas777
Rikardas777 collected $7.70 from pot
*** SUMMARY ***
Total pot $8.10 | Rake $0.40 
Board [6c Qs 8h Th 7h]
Seat 5: Pon4uk.ua
Seat 1: UnRRRReal folded before Flop (didn't bet)
Seat 2: coeeeelho (button) folded on the River
Seat 3: Tykylevits (small blind) folded before Flop
Seat 4: Rikardas777 (big blind) collected ($7.70)
Seat 6: steepfell folded before Flop (didn't bet)



PokerStars Hand #254513241903:  Hold'em No Limit ($0.50/$1.00 USD) - 2025/01/23 12:21:31 WET [2025/01/23 7:21:31 ET]
Table 'Svea IV' 6-max Seat #3 is the button
Seat 1: UnRRRReal ($122.58 in chips) 
Seat 2: coeeeelho ($112.97 in chips) 
Seat 3: Tykylevits ($119.07 in chips) 
Seat 4: Rikardas777 ($114.64 in chips) 
Seat 5: Pon4uk.ua ($142.35 in chips) 
Seat 6: steepfell ($100 in chips) 
Rikardas777: posts small blind $0.50
Pon4uk.ua: posts big blind $1
*** HOLE CARDS ***
steepfell: raises $1.50 to $2.50
UnRRRReal: folds 
coeeeelho: folds 
Tykylevits: folds 
Rikardas777: calls $2
Pon4uk.ua: calls $1.50
*** FLOP *** [9s 8d 7d]
Rikardas777: checks 
Pon4uk.ua: checks 
steepfell: bets $5.34
Rikardas777: calls $5.34
Pon4uk.ua: folds 
*** TURN *** [9s 8d 7d] [Th]
Rikardas777: checks 
steepfell: checks 
*** RIVER *** [9s 8d 7d Th] [As]
Rikardas777: checks 
steepfell: checks 
*** SHOW DOWN ***
Rikardas777: shows [Kd 9c] (a pair of Nines)
steepfell: shows [8s 8c] (three of a kind, Eights)
steepfell collected $17.27 from pot
*** SUMMARY ***
Total pot $18.18 | Rake $0.91 
Board [9s 8d 7d Th As]
Seat 1: UnRRRReal folded before Flop (didn't bet)
Seat 2: coeeeelho folded before Flop (didn't bet)
Seat 3: Tykylevits (button) folded before Flop (didn't bet)
Seat 4: Rikardas777 (small blind) showed [Kd 9c] and lost with a pair of Nines
Seat 5: Pon4uk.ua (big blind) folded on the Flop
Seat 6: steepfell showed [8s 8c] and won ($17.27) with three of a kind, Eights



PokerStars Hand #254513248592:  Hold'em No Limit ($0.50/$1.00 USD) - 2025/01/23 12:22:29 WET [2025/01/23 7:22:29 ET]
Table 'Svea IV' 6-max Seat #4 is the button
Seat 1: UnRRRReal ($122.58 in chips) 
Seat 2: coeeeelho ($112.97 in chips) 
Seat 3: Tykylevits ($119.07 in chips) 
Seat 4: Rikardas777 ($106.80 in chips) 
Seat 5: Pon4uk.ua ($139.85 in chips) 
Seat 6: steepfell ($109.43 in chips) 
Pon4uk.ua: posts small blind $0.50
steepfell: posts big blind $1
*** HOLE CARDS ***
UnRRRReal: folds 
coeeeelho: raises $1.10 to $2.10
Tykylevits: folds 
Rikardas777: calls $2.10
Pon4uk.ua: folds 
steepfell: calls $1.10
*** FLOP *** [Jc 9s 8s]
steepfell: checks 
coeeeelho: checks 
Rikardas777: checks 
*** TURN *** [Jc 9s 8s] [9d]
steepfell: checks 
coeeeelho: bets $4.84
Rikardas777: folds 
steepfell: folds 
Uncalled bet ($4.84) returned to coeeeelho
coeeeelho collected $6.46 from pot
*** SUMMARY ***
Total pot $6.80 | Rake $0.34 
Board [Jc 9s 8s 9d]
Seat 1: UnRRRReal folded before Flop (didn't bet)
Seat 2: coeeeelho collected ($6.46)
Seat 3: Tykylevits folded before Flop (didn't bet)
Seat 4: Rikardas777 (button) folded on the Turn
Seat 5: Pon4uk.ua (small blind) folded before Flop
Seat 6: steepfell (big blind) folded on the Turn



PokerStars Hand #254513254458:  Hold'em No Limit ($0.50/$1.00 USD) - 2025/01/23 12:23:18 WET [2025/01/23 7:23:18 ET]
Table 'Svea IV' 6-max Seat #5 is the button
Seat 1: UnRRRReal ($122.58 in chips) 
Seat 2: coeeeelho ($117.33 in chips) 
Seat 3: Tykylevits ($119.07 in chips) 
Seat 4: Rikardas777 ($104.70 in chips) 
Seat 5: Pon4uk.ua ($139.35 in chips) 
Seat 6: steepfell ($107.33 in chips) 
steepfell: posts small blind $0.50
UnRRRReal: posts big blind $1
*** HOLE CARDS ***
coeeeelho: folds 
Tykylevits: folds 
Rikardas777: calls $1
Pon4uk.ua: raises $3 to $4
steepfell: folds 
UnRRRReal: folds 
Rikardas777: calls $3
*** FLOP *** [8h 6h Jc]
Rikardas777: checks 
Pon4uk.ua: bets $4.51
Rikardas777: calls $4.51
*** TURN *** [8h 6h Jc] [Ts]
Rikardas777: checks 
Pon4uk.ua: bets $13.19
Rikardas777: calls $13.19
*** RIVER *** [8h 6h Jc Ts] [As]
Rikardas777: checks 
Pon4uk.ua: bets $117.65 and is all-in
Rikardas777: folds 
Uncalled bet ($117.65) returned to Pon4uk.ua
Pon4uk.ua collected $42.66 from pot
Pon4uk.ua: doesn't show hand 
*** SUMMARY ***
Total pot $44.90 | Rake $2.24 
Board [8h 6h Jc Ts As]
Seat 1: UnRRRReal (big blind) folded before Flop
Seat 2: coeeeelho folded before Flop (didn't bet)
Seat 3: Tykylevits folded before Flop (didn't bet)
Seat 4: Rikardas777 folded on the River
Seat 5: Pon4uk.ua (button) collected ($42.66)
Seat 6: steepfell (small blind) folded before Flop



PokerStars Hand #254513261258:  Hold'em No Limit ($0.50/$1.00 USD) - 2025/01/23 12:24:16 WET [2025/01/23 7:24:16 ET]
Table 'Svea IV' 6-max Seat #6 is the button
Seat 1: UnRRRReal ($121.58 in chips) 
Seat 2: coeeeelho ($117.33 in chips) 
Seat 3: Tykylevits ($119.07 in chips) 
Seat 4: Rikardas777 ($83 in chips) 
Seat 5: Pon4uk.ua ($160.31 in chips) 
Seat 6: steepfell ($106.83 in chips) 
UnRRRReal: posts small blind $0.50
coeeeelho: posts big blind $1
*** HOLE CARDS ***
Tykylevits: folds 
Rikardas777: calls $1
Pon4uk.ua has timed out
Pon4uk.ua: folds 
steepfell: folds 
UnRRRReal: folds 
coeeeelho: checks 
*** FLOP *** [3d 4s Qd]
coeeeelho: checks 
Rikardas777: checks 
*** TURN *** [3d 4s Qd] [Ts]
coeeeelho: bets $1.78
Rikardas777: calls $1.78
*** RIVER *** [3d 4s Qd Ts] [8h]
coeeeelho: bets $10
Rikardas777: folds 
Uncalled bet ($10) returned to coeeeelho
coeeeelho collected $5.76 from pot
*** SUMMARY ***
Total pot $6.06 | Rake $0.30 
Board [3d 4s Qd Ts 8h]
Seat 1: UnRRRReal (small blind) folded before Flop
Seat 2: coeeeelho (big blind) collected ($5.76)
Seat 3: Tykylevits folded before Flop (didn't bet)
Seat 4: Rikardas777 folded on the River
Seat 5: Pon4uk.ua folded before Flop (didn't bet)
Seat 6: steepfell (button) folded before Flop (didn't bet)



PokerStars Hand #254513268093:  Hold'em No Limit ($0.50/$1.00 USD) - 2025/01/23 12:25:13 WET [2025/01/23 7:25:13 ET]
Table 'Svea IV' 6-max Seat #1 is the button
Seat 1: UnRRRReal ($121.08 in chips) 
Seat 2: coeeeelho ($120.31 in chips) 
Seat 3: Tykylevits ($119.07 in chips) 
Seat 4: Rikardas777 ($80.22 in chips) 
Seat 5: Pon4uk.ua ($160.31 in chips) 
Seat 6: steepfell ($106.83 in chips) 
coeeeelho: posts small blind $0.50
Tykylevits: posts big blind $1
*** HOLE CARDS ***
Rikardas777: calls $1
Pon4uk.ua: folds 
steepfell: folds 
UnRRRReal: folds 
coeeeelho: calls $0.50
Tykylevits: checks 
*** FLOP *** [5h Ad Qs]
coeeeelho: checks 
Tykylevits: checks 
Rikardas777: checks 
*** TURN *** [5h Ad Qs] [3s]
coeeeelho: checks 
Tykylevits: bets $1.97
Rikardas777: calls $1.97
coeeeelho: folds 
*** RIVER *** [5h Ad Qs 3s] [5s]
Tykylevits: checks 
Rikardas777: checks 
*** SHOW DOWN ***
Tykylevits: shows [6h 2h] (a pair of Fives)
Rikardas777: shows [Jc As] (two pair, Aces and Fives)
Rikardas777 collected $6.59 from pot
*** SUMMARY ***
Total pot $6.94 | Rake $0.35 
Board [5h Ad Qs 3s 5s]
Seat 1: UnRRRReal (button) folded before Flop (didn't bet)
Seat 2: coeeeelho (small blind) folded on the Turn
Seat 3: Tykylevits (big blind) showed [6h 2h] and lost with a pair of Fives
Seat 4: Rikardas777 showed [Jc As] and won ($6.59) with two pair, Aces and Fives
Seat 5: Pon4uk.ua folded before Flop (didn't bet)
Seat 6: steepfell folded before Flop (didn't bet)



PokerStars Hand #254513275253:  Hold'em No Limit ($0.50/$1.00 USD) - 2025/01/23 12:26:13 WET [2025/01/23 7:26:13 ET]
Table 'Svea IV' 6-max Seat #2 is the button
Seat 1: UnRRRReal ($121.08 in chips) 
Seat 2: coeeeelho ($119.31 in chips) 
Seat 3: Tykylevits ($116.10 in chips) 
Seat 4: Rikardas777 ($83.84 in chips) 
Seat 5: Pon4uk.ua ($160.31 in chips) 
Seat 6: steepfell ($106.83 in chips) 
Tykylevits: posts small blind $0.50
Rikardas777: posts big blind $1
*** HOLE CARDS ***
Pon4uk.ua: raises $1 to $2
steepfell: folds 
UnRRRReal: folds 
coeeeelho: folds 
Tykylevits: folds 
Rikardas777: calls $1
*** FLOP *** [2s Qh 7d]
Rikardas777: checks 
Pon4uk.ua: bets $2
Rikardas777: calls $2
*** TURN *** [2s Qh 7d] [2d]
Rikardas777: checks 
Pon4uk.ua: bets $6.06
Rikardas777: folds 
Uncalled bet ($6.06) returned to Pon4uk.ua
Pon4uk.ua collected $8.08 from pot
Pon4uk.ua: doesn't show hand 
*** SUMMARY ***
Total pot $8.50 | Rake $0.42 
Board [2s Qh 7d 2d]
Seat 1: UnRRRReal folded before Flop (didn't bet)
Seat 2: coeeeelho (button) folded before Flop (didn't bet)
Seat 3: Tykylevits (small blind) folded before Flop
Seat 4: Rikardas777 (big blind) folded on the Turn
Seat 5: Pon4uk.ua collected ($8.08)
Seat 6: steepfell folded before Flop (didn't bet)



PokerStars Hand #254513280554:  Hold'em No Limit ($0.50/$1.00 USD) - 2025/01/23 12:26:58 WET [2025/01/23 7:26:58 ET]
Table 'Svea IV' 6-max Seat #3 is the button
Seat 1: UnRRRReal ($121.08 in chips) 
Seat 2: coeeeelho ($119.31 in chips) 
Seat 3: Tykylevits ($115.60 in chips) 
Seat 4: Rikardas777 ($79.84 in chips) 
Seat 5: Pon4uk.ua ($164.39 in chips) 
Seat 6: steepfell ($106.83 in chips) 
Rikardas777: posts small blind $0.50
Pon4uk.ua: posts big blind $1
*** HOLE CARDS ***
steepfell: folds 
UnRRRReal: folds 
coeeeelho: raises $1.30 to $2.30
Tykylevits: folds 
Rikardas777: calls $1.80
Pon4uk.ua: calls $1.30
*** FLOP *** [As Qs Ks]
Rikardas777: checks 
Pon4uk.ua: checks 
coeeeelho: checks 
*** TURN *** [As Qs Ks] [Ad]
Rikardas777: checks 
Pon4uk.ua: checks 
coeeeelho: checks 
*** RIVER *** [As Qs Ks Ad] [2d]
Rikardas777: checks 
Pon4uk.ua: bets $2.16
coeeeelho: folds 
Rikardas777: folds 
Uncalled bet ($2.16) returned to Pon4uk.ua
Pon4uk.ua collected $6.56 from pot
Pon4uk.ua: doesn't show hand 
*** SUMMARY ***
Total pot $6.90 | Rake $0.34 
Board [As Qs Ks Ad 2d]
Seat 1: UnRRRReal folded before Flop (didn't bet)
Seat 2: coeeeelho folded on the River
Seat 3: Tykylevits (button) folded before Flop (didn't bet)
Seat 4: Rikardas777 (small blind) folded on the River
Seat 5: Pon4uk.ua (big blind) collected ($6.56)
Seat 6: steepfell folded before Flop (didn't bet)



PokerStars Hand #254513289159:  Hold'em No Limit ($0.50/$1.00 USD) - 2025/01/23 12:28:08 WET [2025/01/23 7:28:08 ET]
Table 'Svea IV' 6-max Seat #4 is the button
Seat 1: UnRRRReal ($121.08 in chips) 
Seat 2: coeeeelho ($117.01 in chips) 
Seat 3: Tykylevits ($115.60 in chips) 
Seat 4: Rikardas777 ($77.54 in chips) 
Seat 5: Pon4uk.ua ($168.65 in chips) 
Seat 6: steepfell ($106.83 in chips) 
Pon4uk.ua: posts small blind $0.50
steepfell: posts big blind $1
*** HOLE CARDS ***
UnRRRReal: folds 
coeeeelho: folds 
Tykylevits: folds 
Rikardas777: folds 
Pon4uk.ua: raises $1.75 to $2.75
steepfell: calls $1.75
*** FLOP *** [8d 3s Ks]
Pon4uk.ua: checks 
steepfell: checks 
*** TURN *** [8d 3s Ks] [9c]
Pon4uk.ua: checks 
steepfell: checks 
*** RIVER *** [8d 3s Ks 9c] [6c]
Pon4uk.ua: checks 
steepfell: bets $1.72
Pon4uk.ua: folds 
Uncalled bet ($1.72) returned to steepfell
steepfell collected $5.22 from pot
steepfell: doesn't show hand 
*** SUMMARY ***
Total pot $5.50 | Rake $0.28 
Board [8d 3s Ks 9c 6c]
Seat 1: UnRRRReal folded before Flop (didn't bet)
Seat 2: coeeeelho folded before Flop (didn't bet)
Seat 3: Tykylevits folded before Flop (didn't bet)
Seat 4: Rikardas777 (button) folded before Flop (didn't bet)
Seat 5: Pon4uk.ua (small blind) folded on the River
Seat 6: steepfell (big blind) collected ($5.22)



PokerStars Hand #254513297963:  Hold'em No Limit ($0.50/$1.00 USD) - 2025/01/23 12:29:20 WET [2025/01/23 7:29:20 ET]
Table 'Svea IV' 6-max Seat #5 is the button
Seat 1: UnRRRReal ($121.08 in chips) 
Seat 2: coeeeelho ($117.01 in chips) 
Seat 3: Tykylevits ($115.60 in chips) 
Seat 4: Rikardas777 ($77.54 in chips) 
Seat 5: Pon4uk.ua ($165.90 in chips) 
Seat 6: steepfell ($109.30 in chips) 
steepfell: posts small blind $0.50
UnRRRReal: posts big blind $1
*** HOLE CARDS ***
coeeeelho: folds 
Tykylevits: folds 
Rikardas777: calls $1
Pon4uk.ua: folds 
steepfell: folds 
UnRRRReal: raises $3 to $4
Rikardas777: calls $3
*** FLOP *** [Th 6d 4c]
UnRRRReal: bets $2.67
Rikardas777: calls $2.67
*** TURN *** [Th 6d 4c] [5c]
UnRRRReal: bets $9.86
Rikardas777: folds 
Uncalled bet ($9.86) returned to UnRRRReal
UnRRRReal collected $13.15 from pot
UnRRRReal: doesn't show hand 
*** SUMMARY ***
Total pot $13.84 | Rake $0.69 
Board [Th 6d 4c 5c]
Seat 1: UnRRRReal (big blind) collected ($13.15)
Seat 2: coeeeelho folded before Flop (didn't bet)
Seat 3: Tykylevits folded before Flop (didn't bet)
Seat 4: Rikardas777 folded on the Turn
Seat 5: Pon4uk.ua (button) folded before Flop (didn't bet)
Seat 6: steepfell (small blind) folded before Flop



PokerStars Hand #254513302763:  Hold'em No Limit ($0.50/$1.00 USD) - 2025/01/23 12:29:58 WET [2025/01/23 7:29:58 ET]
Table 'Svea IV' 6-max Seat #6 is the button
Seat 1: UnRRRReal ($127.56 in chips) 
Seat 2: coeeeelho ($117.01 in chips) 
Seat 3: Tykylevits ($115.60 in chips) 
Seat 4: Rikardas777 ($70.87 in chips) 
Seat 5: Pon4uk.ua ($165.90 in chips) 
Seat 6: steepfell ($108.80 in chips) 
UnRRRReal: posts small blind $0.50
coeeeelho: posts big blind $1
*** HOLE CARDS ***
Tykylevits: folds 
Rikardas777: calls $1
Pon4uk.ua: folds 
steepfell: raises $3 to $4
UnRRRReal: folds 
coeeeelho: folds 
Rikardas777: calls $3
*** FLOP *** [Ad Qh 8h]
Rikardas777: checks 
steepfell: checks 
*** TURN *** [Ad Qh 8h] [As]
Rikardas777: checks 
steepfell: bets $4.51
Rikardas777: folds 
Uncalled bet ($4.51) returned to steepfell
steepfell collected $9.02 from pot
steepfell: doesn't show hand 
*** SUMMARY ***
Total pot $9.50 | Rake $0.48 
Board [Ad Qh 8h As]
Seat 1: UnRRRReal (small blind) folded before Flop
Seat 2: coeeeelho (big blind) folded before Flop
Seat 3: Tykylevits folded before Flop (didn't bet)
Seat 4: Rikardas777 folded on the Turn
Seat 5: Pon4uk.ua folded before Flop (didn't bet)
Seat 6: steepfell (button) collected ($9.02)



PokerStars Hand #254513306639:  Hold'em No Limit ($0.50/$1.00 USD) - 2025/01/23 12:30:29 WET [2025/01/23 7:30:29 ET]
Table 'Svea IV' 6-max Seat #1 is the button
Seat 1: UnRRRReal ($127.06 in chips) 
Seat 2: coeeeelho ($116.01 in chips) 
Seat 3: Tykylevits ($115.60 in chips) 
Seat 4: Rikardas777 ($66.87 in chips) 
Seat 5: Pon4uk.ua ($165.90 in chips) 
Seat 6: steepfell ($113.82 in chips) 
coeeeelho: posts small blind $0.50
Tykylevits: posts big blind $1
*** HOLE CARDS ***
Rikardas777: calls $1
Pon4uk.ua: folds 
steepfell: folds 
UnRRRReal: folds 
coeeeelho: folds 
Tykylevits: checks 
*** FLOP *** [6s 7s Ks]
Tykylevits: bets $1.64
Rikardas777: calls $1.64
*** TURN *** [6s 7s Ks] [Qh]
Tykylevits: checks 
Rikardas777: checks 
*** RIVER *** [6s 7s Ks Qh] [4d]
Tykylevits: bets $2.20
Rikardas777: folds 
Uncalled bet ($2.20) returned to Tykylevits
Tykylevits collected $5.49 from pot
Tykylevits: doesn't show hand 
*** SUMMARY ***
Total pot $5.78 | Rake $0.29 
Board [6s 7s Ks Qh 4d]
Seat 1: UnRRRReal (button) folded before Flop (didn't bet)
Seat 2: coeeeelho (small blind) folded before Flop
Seat 3: Tykylevits (big blind) collected ($5.49)
Seat 4: Rikardas777 folded on the River
Seat 5: Pon4uk.ua folded before Flop (didn't bet)
Seat 6: steepfell folded before Flop (didn't bet)



PokerStars Hand #254513314735:  Hold'em No Limit ($0.50/$1.00 USD) - 2025/01/23 12:31:32 WET [2025/01/23 7:31:32 ET]
Table 'Svea IV' 6-max Seat #2 is the button
Seat 1: UnRRRReal ($127.06 in chips) 
Seat 2: coeeeelho ($115.51 in chips) 
Seat 3: Tykylevits ($118.45 in chips) 
Seat 4: Rikardas777 ($64.23 in chips) 
Seat 5: Pon4uk.ua ($165.90 in chips) 
Seat 6: steepfell ($113.82 in chips) 
Tykylevits: posts small blind $0.50
Rikardas777: posts big blind $1
*** HOLE CARDS ***
Pon4uk.ua: folds 
steepfell: folds 
UnRRRReal: folds 
coeeeelho: raises $1.50 to $2.50
Tykylevits: folds 
Rikardas777: calls $1.50
*** FLOP *** [2c 9h 6c]
Rikardas777: checks 
coeeeelho: bets $3.92
Rikardas777: folds 
Uncalled bet ($3.92) returned to coeeeelho
coeeeelho collected $5.22 from pot
*** SUMMARY ***
Total pot $5.50 | Rake $0.28 
Board [2c 9h 6c]
Seat 1: UnRRRReal folded before Flop (didn't bet)
Seat 2: coeeeelho (button) collected ($5.22)
Seat 3: Tykylevits (small blind) folded before Flop
Seat 4: Rikardas777 (big blind) folded on the Flop
Seat 5: Pon4uk.ua folded before Flop (didn't bet)
Seat 6: steepfell folded before Flop (didn't bet)



PokerStars Hand #254513319181:  Hold'em No Limit ($0.50/$1.00 USD) - 2025/01/23 12:32:08 WET [2025/01/23 7:32:08 ET]
Table 'Svea IV' 6-max Seat #3 is the button
Seat 1: UnRRRReal ($127.06 in chips) 
Seat 2: coeeeelho ($118.23 in chips) 
Seat 3: Tykylevits ($117.95 in chips) 
Seat 4: Rikardas777 ($61.73 in chips) 
Seat 5: Pon4uk.ua ($165.90 in chips) 
Seat 6: steepfell ($113.82 in chips) 
Rikardas777: posts small blind $0.50
Pon4uk.ua: posts big blind $1
*** HOLE CARDS ***
steepfell: folds 
UnRRRReal: folds 
coeeeelho: folds 
Tykylevits: raises $1.50 to $2.50
Rikardas777: calls $2
Pon4uk.ua: folds 
*** FLOP *** [4d 3s Kh]
Rikardas777: checks 
Tykylevits: bets $1.31
Rikardas777: folds 
Uncalled bet ($1.31) returned to Tykylevits
Tykylevits collected $5.70 from pot
Tykylevits: doesn't show hand 
*** SUMMARY ***
Total pot $6 | Rake $0.30 
Board [4d 3s Kh]
Seat 1: UnRRRReal folded before Flop (didn't bet)
Seat 2: coeeeelho folded before Flop (didn't bet)
Seat 3: Tykylevits (button) collected ($5.70)
Seat 4: Rikardas777 (small blind) folded on the Flop
Seat 5: Pon4uk.ua (big blind) folded before Flop
Seat 6: steepfell folded before Flop (didn't bet)



PokerStars Hand #254513324753:  Hold'em No Limit ($0.50/$1.00 USD) - 2025/01/23 12:32:53 WET [2025/01/23 7:32:53 ET]
Table 'Svea IV' 6-max Seat #4 is the button
Seat 1: UnRRRReal ($127.06 in chips) 
Seat 2: coeeeelho ($118.23 in chips) 
Seat 3: Tykylevits ($121.15 in chips) 
Seat 4: Rikardas777 ($59.23 in chips) 
Seat 5: Pon4uk.ua ($164.90 in chips) 
Seat 6: steepfell ($113.82 in chips) 
Pon4uk.ua: posts small blind $0.50
steepfell: posts big blind $1
*** HOLE CARDS ***
UnRRRReal: folds 
coeeeelho: folds 
Tykylevits: raises $1.13 to $2.13
Rikardas777: calls $2.13
Pon4uk.ua: folds 
steepfell: folds 
*** FLOP *** [8c 3h Tc]
Tykylevits: checks 
Rikardas777: checks 
*** TURN *** [8c 3h Tc] [Qs]
Tykylevits: bets $3.77
Rikardas777: calls $3.77
*** RIVER *** [8c 3h Tc Qs] [2s]
Tykylevits: checks 
Rikardas777: checks 
*** SHOW DOWN ***
Tykylevits: shows [Kh 5h] (high card King)
Rikardas777: shows [Qc 6c] (a pair of Queens)
Rikardas777 collected $12.64 from pot
*** SUMMARY ***
Total pot $13.30 | Rake $0.66 
Board [8c 3h Tc Qs 2s]
Seat 1: UnRRRReal folded before Flop (didn't bet)
Seat 2: coeeeelho folded before Flop (didn't bet)
Seat 3: Tykylevits showed [Kh 5h] and lost with high card King
Seat 4: Rikardas777 (button) showed [Qc 6c] and won ($12.64) with a pair of Queens
Seat 5: Pon4uk.ua (small blind) folded before Flop
Seat 6: steepfell (big blind) folded before Flop



PokerStars Hand #254513332824:  Hold'em No Limit ($0.50/$1.00 USD) - 2025/01/23 12:33:57 WET [2025/01/23 7:33:57 ET]
Table 'Svea IV' 6-max Seat #5 is the button
Seat 1: UnRRRReal ($127.06 in chips) 
Seat 2: coeeeelho ($118.23 in chips) 
Seat 3: Tykylevits ($115.25 in chips) 
Seat 4: Rikardas777 ($65.97 in chips) 
Seat 5: Pon4uk.ua ($164.40 in chips) 
Seat 6: steepfell ($112.82 in chips) 
steepfell: posts small blind $0.50
UnRRRReal: posts big blind $1
*** HOLE CARDS ***
coeeeelho: raises $1.20 to $2.20
Tykylevits: folds 
Rikardas777: folds 
Pon4uk.ua: folds 
steepfell: folds 
UnRRRReal: folds 
Uncalled bet ($1.20) returned to coeeeelho
coeeeelho collected $2.50 from pot
*** SUMMARY ***
Total pot $2.50 | Rake $0 
Seat 1: UnRRRReal (big blind) folded before Flop
Seat 2: coeeeelho collected ($2.50)
Seat 3: Tykylevits folded before Flop (didn't bet)
Seat 4: Rikardas777 folded before Flop (didn't bet)
Seat 5: Pon4uk.ua (button) folded before Flop (didn't bet)
Seat 6: steepfell (small blind) folded before Flop



PokerStars Hand #254513335211:  Hold'em No Limit ($0.50/$1.00 USD) - 2025/01/23 12:34:16 WET [2025/01/23 7:34:16 ET]
Table 'Svea IV' 6-max Seat #6 is the button
Seat 1: UnRRRReal ($126.06 in chips) 
Seat 2: coeeeelho ($119.73 in chips) 
Seat 3: Tykylevits ($115.25 in chips) 
Seat 4: Rikardas777 ($65.97 in chips) 
Seat 5: Pon4uk.ua ($164.40 in chips) 
Seat 6: steepfell ($112.32 in chips) 
UnRRRReal: posts small blind $0.50
coeeeelho: posts big blind $1
*** HOLE CARDS ***
Tykylevits: folds 
Rikardas777: calls $1
Pon4uk.ua: folds 
steepfell: folds 
UnRRRReal: raises $3 to $4
coeeeelho: folds 
Rikardas777: calls $3
*** FLOP *** [Qc 7s Ac]
UnRRRReal: bets $2.82
Rikardas777: calls $2.82
*** TURN *** [Qc 7s Ac] [Js]
UnRRRReal: bets $17
Rikardas777: folds 
Uncalled bet ($17) returned to UnRRRReal
UnRRRReal collected $13.91 from pot
UnRRRReal: doesn't show hand 
*** SUMMARY ***
Total pot $14.64 | Rake $0.73 
Board [Qc 7s Ac Js]
Seat 1: UnRRRReal (small blind) collected ($13.91)
Seat 2: coeeeelho (big blind) folded before Flop
Seat 3: Tykylevits folded before Flop (didn't bet)
Seat 4: Rikardas777 folded on the Turn
Seat 5: Pon4uk.ua folded before Flop (didn't bet)
Seat 6: steepfell (button) folded before Flop (didn't bet)



PokerStars Hand #254513339432:  Hold'em No Limit ($0.50/$1.00 USD) - 2025/01/23 12:34:50 WET [2025/01/23 7:34:50 ET]
Table 'Svea IV' 6-max Seat #1 is the button
Seat 1: UnRRRReal ($133.15 in chips) 
Seat 2: coeeeelho ($118.73 in chips) 
Seat 3: Tykylevits ($115.25 in chips) 
Seat 4: Rikardas777 ($59.15 in chips) 
Seat 5: Pon4uk.ua ($164.40 in chips) 
Seat 6: steepfell ($112.32 in chips) 
coeeeelho: posts small blind $0.50
Tykylevits: posts big blind $1
*** HOLE CARDS ***
Rikardas777: calls $1
Pon4uk.ua: folds 
steepfell: folds 
UnRRRReal: folds 
coeeeelho: raises $3 to $4
Tykylevits: folds 
Rikardas777: calls $3
*** FLOP *** [3h 6c 6s]
coeeeelho: bets $2.14
Rikardas777: folds 
Uncalled bet ($2.14) returned to coeeeelho
coeeeelho collected $8.55 from pot
*** SUMMARY ***
Total pot $9 | Rake $0.45 
Board [3h 6c 6s]
Seat 1: UnRRRReal (button) folded before Flop (didn't bet)
Seat 2: coeeeelho (small blind) collected ($8.55)
Seat 3: Tykylevits (big blind) folded before Flop
Seat 4: Rikardas777 folded on the Flop
Seat 5: Pon4uk.ua folded before Flop (didn't bet)
Seat 6: steepfell folded before Flop (didn't bet)



PokerStars Hand #254513342136:  Hold'em No Limit ($0.50/$1.00 USD) - 2025/01/23 12:35:12 WET [2025/01/23 7:35:12 ET]
Table 'Svea IV' 6-max Seat #2 is the button
Seat 1: UnRRRReal ($133.15 in chips) 
Seat 2: coeeeelho ($123.28 in chips) 
Seat 3: Tykylevits ($114.25 in chips) 
Seat 4: Rikardas777 ($55.15 in chips) 
Seat 5: Pon4uk.ua ($164.40 in chips) 
Seat 6: steepfell ($112.32 in chips) 
Tykylevits: posts small blind $0.50
Rikardas777: posts big blind $1
*** HOLE CARDS ***
Pon4uk.ua: folds 
steepfell: folds 
UnRRRReal: folds 
coeeeelho: raises $1.20 to $2.20
Tykylevits: folds 
Rikardas777: folds 
Uncalled bet ($1.20) returned to coeeeelho
coeeeelho collected $2.50 from pot
*** SUMMARY ***
Total pot $2.50 | Rake $0 
Seat 1: UnRRRReal folded before Flop (didn't bet)
Seat 2: coeeeelho (button) collected ($2.50)
Seat 3: Tykylevits (small blind) folded before Flop
Seat 4: Rikardas777 (big blind) folded before Flop
Seat 5: Pon4uk.ua folded before Flop (didn't bet)
Seat 6: steepfell folded before Flop (didn't bet)



PokerStars Hand #254513345900:  Hold'em No Limit ($0.50/$1.00 USD) - 2025/01/23 12:35:41 WET [2025/01/23 7:35:41 ET]
Table 'Svea IV' 6-max Seat #3 is the button
Seat 1: UnRRRReal ($133.15 in chips) 
Seat 2: coeeeelho ($124.78 in chips) 
Seat 3: Tykylevits ($113.75 in chips) 
Seat 4: Rikardas777 ($54.15 in chips) 
Seat 5: Pon4uk.ua ($164.40 in chips) 
Seat 6: steepfell ($112.32 in chips) 
Rikardas777: posts small blind $0.50
Pon4uk.ua: posts big blind $1
*** HOLE CARDS ***
steepfell: raises $1.50 to $2.50
UnRRRReal: raises $5 to $7.50
coeeeelho: folds 
Tykylevits: folds 
Rikardas777: folds 
Pon4uk.ua: folds 
steepfell: raises $14.50 to $22
UnRRRReal: folds 
Uncalled bet ($14.50) returned to steepfell
steepfell collected $16.50 from pot
steepfell: doesn't show hand 
*** SUMMARY ***
Total pot $16.50 | Rake $0 
Seat 1: UnRRRReal folded before Flop
Seat 2: coeeeelho folded before Flop (didn't bet)
Seat 3: Tykylevits (button) folded before Flop (didn't bet)
Seat 4: Rikardas777 (small blind) folded before Flop
Seat 5: Pon4uk.ua (big blind) folded before Flop
Seat 6: steepfell collected ($16.50)



PokerStars Hand #254513350912:  Hold'em No Limit ($0.50/$1.00 USD) - 2025/01/23 12:36:20 WET [2025/01/23 7:36:20 ET]
Table 'Svea IV' 6-max Seat #4 is the button
Seat 1: UnRRRReal ($125.65 in chips) 
Seat 2: coeeeelho ($124.78 in chips) 
Seat 3: Tykylevits ($113.75 in chips) 
Seat 4: Rikardas777 ($53.65 in chips) 
Seat 5: Pon4uk.ua ($163.40 in chips) 
Seat 6: steepfell ($121.32 in chips) 
Pon4uk.ua: posts small blind $0.50
steepfell: posts big blind $1
*** HOLE CARDS ***
UnRRRReal: raises $1.50 to $2.50
coeeeelho: folds 
Tykylevits: folds 
Rikardas777: calls $2.50
Pon4uk.ua: folds 
steepfell: folds 
*** FLOP *** [9h Js 6c]
UnRRRReal: bets $4.64
Rikardas777: calls $4.64
*** TURN *** [9h Js 6c] [Qs]
UnRRRReal: bets $13
Rikardas777: calls $13
*** RIVER *** [9h Js 6c Qs] [9s]
UnRRRReal: bets $59.54
Rikardas777: calls $33.51 and is all-in
Uncalled bet ($26.03) returned to UnRRRReal
*** SHOW DOWN ***
UnRRRReal: shows [6h 6s] (a full house, Sixes full of Nines)
Rikardas777: shows [Jc Ad] (two pair, Jacks and Nines)
UnRRRReal collected $106.30 from pot
*** SUMMARY ***
Total pot $108.80 | Rake $2.50 
Board [9h Js 6c Qs 9s]
Seat 1: UnRRRReal showed [6h 6s] and won ($106.30) with a full house, Sixes full of Nines
Seat 2: coeeeelho folded before Flop (didn't bet)
Seat 3: Tykylevits folded before Flop (didn't bet)
Seat 4: Rikardas777 (button) showed [Jc Ad] and lost with two pair, Jacks and Nines
Seat 5: Pon4uk.ua (small blind) folded before Flop
Seat 6: steepfell (big blind) folded before Flop



PokerStars Hand #254513357466:  Hold'em No Limit ($0.50/$1.00 USD) - 2025/01/23 12:37:10 WET [2025/01/23 7:37:10 ET]
Table 'Svea IV' 6-max Seat #5 is the button
Seat 4: Rikardas777 ($0 in chips) is sitting out
Seat 1: UnRRRReal ($178.30 in chips) 
Seat 2: coeeeelho ($124.78 in chips) 
Seat 3: Tykylevits ($113.75 in chips) 
Seat 5: Pon4uk.ua ($162.90 in chips) 
Seat 6: steepfell ($120.32 in chips) 
steepfell: posts small blind $0.50
UnRRRReal: posts big blind $1
*** HOLE CARDS ***
Rikardas777 leaves the table
coeeeelho: raises $1.10 to $2.10
Tykylevits: folds 
Pon4uk.ua: folds 
steepfell: raises $8.90 to $11
UnRRRReal: folds 
coeeeelho: raises $13 to $24
steepfell: folds 
Uncalled bet ($13) returned to coeeeelho
coeeeelho collected $23 from pot
*** SUMMARY ***
Total pot $23 | Rake $0 
Seat 4: Rikardas777
Seat 1: UnRRRReal (big blind) folded before Flop
Seat 2: coeeeelho collected ($23)
Seat 3: Tykylevits folded before Flop (didn't bet)
Seat 5: Pon4uk.ua (button) folded before Flop (didn't bet)
Seat 6: steepfell (small blind) folded before Flop



PokerStars Hand #254513363316:  Hold'em No Limit ($0.50/$1.00 USD) - 2025/01/23 12:37:55 WET [2025/01/23 7:37:55 ET]
Table 'Svea IV' 6-max Seat #6 is the button
Seat 1: UnRRRReal ($177.30 in chips) 
Seat 2: coeeeelho ($136.78 in chips) 
Seat 3: Tykylevits ($113.75 in chips) 
Seat 5: Pon4uk.ua ($162.90 in chips) 
Seat 6: steepfell ($109.32 in chips) 
UnRRRReal: posts small blind $0.50
coeeeelho: posts big blind $1
*** HOLE CARDS ***
Tykylevits: folds 
Pon4uk.ua: folds 
steepfell: folds 
Tykylevits leaves the table
UnRRRReal: raises $2 to $3
coeeeelho: calls $2
*** FLOP *** [6d 6h Js]
BrilliantDawn84 joins the table at seat #3 
UnRRRReal: checks 
coeeeelho: checks 
*** TURN *** [6d 6h Js] [4d]
UnRRRReal: checks 
coeeeelho: bets $4.28
UnRRRReal: folds 
Uncalled bet ($4.28) returned to coeeeelho
ru_ruu_ru joins the table at seat #4 
coeeeelho collected $5.70 from pot
*** SUMMARY ***
Total pot $6 | Rake $0.30 
Board [6d 6h Js 4d]
Seat 1: UnRRRReal (small blind) folded on the Turn
Seat 2: coeeeelho (big blind) collected ($5.70)
Seat 3: Tykylevits folded before Flop (didn't bet)
Seat 5: Pon4uk.ua folded before Flop (didn't bet)
Seat 6: steepfell (button) folded before Flop (didn't bet)



PokerStars Hand #254513367065:  Hold'em No Limit ($0.50/$1.00 USD) - 2025/01/23 12:38:25 WET [2025/01/23 7:38:25 ET]
Table 'Svea IV' 6-max Seat #1 is the button
Seat 4: ru_ruu_ru ($100 in chips) is sitting out
Seat 1: UnRRRReal ($174.30 in chips) 
Seat 2: coeeeelho ($139.48 in chips) 
Seat 3: BrilliantDawn84 ($100 in chips) 
Seat 5: Pon4uk.ua ($162.90 in chips) 
Seat 6: steepfell ($109.32 in chips) 
coeeeelho: posts small blind $0.50
BrilliantDawn84: posts big blind $1
ru_ruu_ru: sits out 
*** HOLE CARDS ***
Pon4uk.ua: folds 
steepfell: folds 
UnRRRReal: folds 
coeeeelho: folds 
Uncalled bet ($0.50) returned to BrilliantDawn84
BrilliantDawn84 collected $1 from pot
BrilliantDawn84: doesn't show hand 
*** SUMMARY ***
Total pot $1 | Rake $0 
Seat 4: ru_ruu_ru
Seat 1: UnRRRReal (button) folded before Flop (didn't bet)
Seat 2: coeeeelho (small blind) folded before Flop
Seat 3: BrilliantDawn84 (big blind) collected ($1)
Seat 5: Pon4uk.ua folded before Flop (didn't bet)
Seat 6: steepfell folded before Flop (didn't bet)



PokerStars Hand #254513368978:  Hold'em No Limit ($0.50/$1.00 USD) - 2025/01/23 12:38:40 WET [2025/01/23 7:38:40 ET]
Table 'Svea IV' 6-max Seat #2 is the button
Seat 4: ru_ruu_ru ($100 in chips) is sitting out
Seat 5: Pon4uk.ua ($162.90 in chips) is sitting out
Seat 6: steepfell ($109.32 in chips) is sitting out
Seat 1: UnRRRReal ($174.30 in chips) 
Seat 2: coeeeelho ($138.98 in chips) 
Seat 3: BrilliantDawn84 ($100.50 in chips) 
BrilliantDawn84: posts small blind $0.50
Pon4uk.ua: is sitting out 
steepfell: is sitting out 
UnRRRReal: posts big blind $1
*** HOLE CARDS ***
coeeeelho: folds 
steepfell leaves the table
BrilliantDawn84: folds 
Uncalled bet ($0.50) returned to UnRRRReal
ru_ruu_ru leaves the table
Pon4uk.ua leaves the table
UnRRRReal collected $1 from pot
UnRRRReal: doesn't show hand 
*** SUMMARY ***
Total pot $1 | Rake $0 
Seat 4: ru_ruu_ru
Seat 5: Pon4uk.ua
Seat 6: steepfell
Seat 1: UnRRRReal (big blind) collected ($1)
Seat 2: coeeeelho (button) folded before Flop (didn't bet)
Seat 3: BrilliantDawn84 (small blind) folded before Flop



PokerStars Hand #254513369991:  Hold'em No Limit ($0.50/$1.00 USD) - 2025/01/23 12:38:47 WET [2025/01/23 7:38:47 ET]
Table 'Svea IV' 6-max Seat #3 is the button
Seat 1: UnRRRReal ($174.80 in chips) 
Seat 2: coeeeelho ($138.98 in chips) 
Seat 3: BrilliantDawn84 ($100 in chips) 
UnRRRReal: posts small blind $0.50
coeeeelho: posts big blind $1
*** HOLE CARDS ***
BrilliantDawn84: raises $1.50 to $2.50
UnRRRReal: raises $9.50 to $12
coeeeelho: folds 
BrilliantDawn84: folds 
Uncalled bet ($9.50) returned to UnRRRReal
UnRRRReal collected $6 from pot
UnRRRReal: doesn't show hand 
*** SUMMARY ***
Total pot $6 | Rake $0 
Seat 1: UnRRRReal (small blind) collected ($6)
Seat 2: coeeeelho (big blind) folded before Flop
Seat 3: BrilliantDawn84 (button) folded before Flop



PokerStars Hand #254513373300:  Hold'em No Limit ($0.50/$1.00 USD) - 2025/01/23 12:39:14 WET [2025/01/23 7:39:14 ET]
Table 'Svea IV' 6-max Seat #1 is the button
Seat 1: UnRRRReal ($178.30 in chips) 
Seat 2: coeeeelho ($137.98 in chips) 
Seat 3: BrilliantDawn84 ($97.50 in chips) 
coeeeelho: posts small blind $0.50
BrilliantDawn84: posts big blind $1
*** HOLE CARDS ***
UnRRRReal: raises $1.50 to $2.50
coeeeelho: folds 
BrilliantDawn84: calls $1.50
*** FLOP *** [6h Js Ac]
BrilliantDawn84: checks 
UnRRRReal: bets $7.83
BrilliantDawn84: folds 
Uncalled bet ($7.83) returned to UnRRRReal
UnRRRReal collected $5.22 from pot
UnRRRReal: doesn't show hand 
*** SUMMARY ***
Total pot $5.50 | Rake $0.28 
Board [6h Js Ac]
Seat 1: UnRRRReal (button) collected ($5.22)
Seat 2: coeeeelho (small blind) folded before Flop
Seat 3: BrilliantDawn84 (big blind) folded on the Flop



PokerStars Hand #254513375754:  Hold'em No Limit ($0.50/$1.00 USD) - 2025/01/23 12:39:33 WET [2025/01/23 7:39:33 ET]
Table 'Svea IV' 6-max Seat #2 is the button
Seat 1: UnRRRReal ($181.02 in chips) 
Seat 2: coeeeelho ($137.48 in chips) 
Seat 3: BrilliantDawn84 ($95 in chips) 
BrilliantDawn84: posts small blind $0.50
UnRRRReal: posts big blind $1
*** HOLE CARDS ***
coeeeelho: folds 
BrilliantDawn84: raises $1.50 to $2.50
UnRRRReal: calls $1.50
*** FLOP *** [4h 5h 8s]
BrilliantDawn84: checks 
UnRRRReal: checks 
*** TURN *** [4h 5h 8s] [Tc]
BrilliantDawn84: bets $2.38
UnRRRReal: raises $14.27 to $16.65
BrilliantDawn84: folds 
Uncalled bet ($14.27) returned to UnRRRReal
UnRRRReal collected $9.27 from pot
UnRRRReal: doesn't show hand 
*** SUMMARY ***
Total pot $9.76 | Rake $0.49 
Board [4h 5h 8s Tc]
Seat 1: UnRRRReal (big blind) collected ($9.27)
Seat 2: coeeeelho (button) folded before Flop (didn't bet)
Seat 3: BrilliantDawn84 (small blind) folded on the Turn



PokerStars Hand #254513384680:  Hold'em No Limit ($0.50/$1.00 USD) - 2025/01/23 12:40:42 WET [2025/01/23 7:40:42 ET]
Table 'Svea IV' 6-max Seat #1 is the button
Seat 3: BrilliantDawn84 ($90.12 in chips) is sitting out
Seat 1: UnRRRReal ($185.41 in chips) 
Seat 2: coeeeelho ($137.48 in chips) 
UnRRRReal: posts small blind $0.50
coeeeelho: posts big blind $1
*** HOLE CARDS ***
BrilliantDawn84 leaves the table
UnRRRReal: raises $1.50 to $2.50
coeeeelho: calls $1.50
*** FLOP *** [Ah 6s 2h]
coeeeelho: checks 
UnRRRReal: bets $1.57
coeeeelho: folds 
Uncalled bet ($1.57) returned to UnRRRReal
UnRRRReal collected $4.75 from pot
UnRRRReal: doesn't show hand 
*** SUMMARY ***
Total pot $5 | Rake $0.25 
Board [Ah 6s 2h]
Seat 3: BrilliantDawn84
Seat 1: UnRRRReal (button) (small blind) collected ($4.75)
Seat 2: coeeeelho (big blind) folded on the Flop



PokerStars Hand #254513387948:  Hold'em No Limit ($0.50/$1.00 USD) - 2025/01/23 12:41:07 WET [2025/01/23 7:41:07 ET]
Table 'Svea IV' 6-max Seat #2 is the button
Seat 1: UnRRRReal ($187.66 in chips) 
Seat 2: coeeeelho ($134.98 in chips) 
coeeeelho: posts small blind $0.50
UnRRRReal: posts big blind $1
*** HOLE CARDS ***
coeeeelho: raises $1.50 to $2.50
UnRRRReal: calls $1.50
*** FLOP *** [2s Qc 5c]
UnRRRReal: checks 
coeeeelho: bets $2.38
UnRRRReal: calls $2.38
*** TURN *** [2s Qc 5c] [2h]
UnRRRReal: checks 
coeeeelho: bets $9.27
UnRRRReal: folds 
Uncalled bet ($9.27) returned to coeeeelho
coeeeelho collected $9.27 from pot
*** SUMMARY ***
Total pot $9.76 | Rake $0.49 
Board [2s Qc 5c 2h]
Seat 1: UnRRRReal (big blind) folded on the Turn
Seat 2: coeeeelho (button) (small blind) collected ($9.27)



