PokerStars Hand #254513239226:  Hold'em No Limit ($0.50/$1.00 USD) - 2025/01/23 12:21:08 WET [2025/01/23 7:21:08 ET]
Table 'Rhodope IV' 6-max Seat #1 is the button
Seat 1: Supermegopro ($100 in chips) 
Seat 2: Fold Your Cats ($100 in chips) 
Seat 3: Evelexy1 ($100 in chips) 
Seat 4: Spartansmike ($103.65 in chips) 
Seat 5: blistein ($201.72 in chips) 
Seat 6: v.sting ($100 in chips) 
Fold Your Cats: posts small blind $0.50
Evelexy1: posts big blind $1
*** HOLE CARDS ***
Spartansmike: folds 
blistein: folds 
v.sting: raises $1.50 to $2.50
Supermegopro: folds 
Fold Your Cats: folds 
Evelexy1: folds 
Uncalled bet ($1.50) returned to v.sting
v.sting collected $2.50 from pot
v.sting: doesn't show hand 
*** SUMMARY ***
Total pot $2.50 | Rake $0 
Seat 1: Supermegopro (button) folded before Flop (didn't bet)
Seat 2: Fold Your Cats (small blind) folded before Flop
Seat 3: Evelexy1 (big blind) folded before Flop
Seat 4: Spartansmike folded before Flop (didn't bet)
Seat 5: blistein folded before Flop (didn't bet)
Seat 6: v.sting collected ($2.50)



PokerStars Hand #254513241592:  Hold'em No Limit ($0.50/$1.00 USD) - 2025/01/23 12:21:28 WET [2025/01/23 7:21:28 ET]
Table 'Rhodope IV' 6-max Seat #2 is the button
Seat 1: Supermegopro ($100 in chips) 
Seat 2: Fold Your Cats ($100 in chips) 
Seat 3: Evelexy1 ($100 in chips) 
Seat 4: Spartansmike ($103.65 in chips) 
Seat 5: blistein ($201.72 in chips) 
Seat 6: v.sting ($101.50 in chips) 
Evelexy1: posts small blind $0.50
Spartansmike: posts big blind $1
*** HOLE CARDS ***
blistein: raises $1.20 to $2.20
v.sting: folds 
Supermegopro: folds 
Fold Your Cats: folds 
Evelexy1: folds 
Spartansmike: folds 
Uncalled bet ($1.20) returned to blistein
blistein collected $2.50 from pot
blistein: doesn't show hand 
*** SUMMARY ***
Total pot $2.50 | Rake $0 
Seat 1: Supermegopro folded before Flop (didn't bet)
Seat 2: Fold Your Cats (button) folded before Flop (didn't bet)
Seat 3: Evelexy1 (small blind) folded before Flop
Seat 4: Spartansmike (big blind) folded before Flop
Seat 5: blistein collected ($2.50)
Seat 6: v.sting folded before Flop (didn't bet)



PokerStars Hand #254513243393:  Hold'em No Limit ($0.50/$1.00 USD) - 2025/01/23 12:21:44 WET [2025/01/23 7:21:44 ET]
Table 'Rhodope IV' 6-max Seat #3 is the button
Seat 1: Supermegopro ($100 in chips) 
Seat 2: Fold Your Cats ($100 in chips) 
Seat 3: Evelexy1 ($100 in chips) 
Seat 4: Spartansmike ($102.65 in chips) 
Seat 5: blistein ($203.22 in chips) 
Seat 6: v.sting ($101.50 in chips) 
Spartansmike: posts small blind $0.50
blistein: posts big blind $1
*** HOLE CARDS ***
v.sting: folds 
Supermegopro: folds 
Fold Your Cats: folds 
Evelexy1: raises $1.50 to $2.50
Spartansmike: calls $2
blistein: folds 
*** FLOP *** [Kh Qh Th]
Spartansmike: checks 
Evelexy1: checks 
*** TURN *** [Kh Qh Th] [Ts]
Spartansmike: bets $5.70
Evelexy1: calls $5.70
*** RIVER *** [Kh Qh Th Ts] [8s]
Spartansmike: bets $16.53
Evelexy1: folds 
Uncalled bet ($16.53) returned to Spartansmike
Spartansmike collected $16.53 from pot
*** SUMMARY ***
Total pot $17.40 | Rake $0.87 
Board [Kh Qh Th Ts 8s]
Seat 1: Supermegopro folded before Flop (didn't bet)
Seat 2: Fold Your Cats folded before Flop (didn't bet)
Seat 3: Evelexy1 (button) folded on the River
Seat 4: Spartansmike (small blind) collected ($16.53)
Seat 5: blistein (big blind) folded before Flop
Seat 6: v.sting folded before Flop (didn't bet)



PokerStars Hand #254513248353:  Hold'em No Limit ($0.50/$1.00 USD) - 2025/01/23 12:22:27 WET [2025/01/23 7:22:27 ET]
Table 'Rhodope IV' 6-max Seat #4 is the button
Seat 1: Supermegopro ($100 in chips) 
Seat 2: Fold Your Cats ($100 in chips) 
Seat 3: Evelexy1 ($100 in chips) 
Seat 4: Spartansmike ($110.98 in chips) 
Seat 5: blistein ($202.22 in chips) 
Seat 6: v.sting ($101.50 in chips) 
blistein: posts small blind $0.50
v.sting: posts big blind $1
*** HOLE CARDS ***
Supermegopro: raises $1.50 to $2.50
Fold Your Cats: folds 
Evelexy1: folds 
Spartansmike: folds 
blistein: folds 
v.sting: folds 
Uncalled bet ($1.50) returned to Supermegopro
Supermegopro collected $2.50 from pot
Supermegopro: doesn't show hand 
*** SUMMARY ***
Total pot $2.50 | Rake $0 
Seat 1: Supermegopro collected ($2.50)
Seat 2: Fold Your Cats folded before Flop (didn't bet)
Seat 3: Evelexy1 folded before Flop (didn't bet)
Seat 4: Spartansmike (button) folded before Flop (didn't bet)
Seat 5: blistein (small blind) folded before Flop
Seat 6: v.sting (big blind) folded before Flop



PokerStars Hand #254513252235:  Hold'em No Limit ($0.50/$1.00 USD) - 2025/01/23 12:23:00 WET [2025/01/23 7:23:00 ET]
Table 'Rhodope IV' 6-max Seat #5 is the button
Seat 1: Supermegopro ($101.50 in chips) 
Seat 2: Fold Your Cats ($100 in chips) 
Seat 3: Evelexy1 ($100 in chips) 
Seat 4: Spartansmike ($110.98 in chips) 
Seat 5: blistein ($201.72 in chips) 
Seat 6: v.sting ($100.50 in chips) 
v.sting: posts small blind $0.50
Supermegopro: posts big blind $1
*** HOLE CARDS ***
Fold Your Cats: folds 
Evelexy1: folds 
Spartansmike: folds 
blistein: raises $1.50 to $2.50
Spartansmike is disconnected 
v.sting: raises $10 to $12.50
Supermegopro: folds 
blistein: folds 
Uncalled bet ($10) returned to v.sting
v.sting collected $6 from pot
v.sting: doesn't show hand 
*** SUMMARY ***
Total pot $6 | Rake $0 
Seat 1: Supermegopro (big blind) folded before Flop
Seat 2: Fold Your Cats folded before Flop (didn't bet)
Seat 3: Evelexy1 folded before Flop (didn't bet)
Seat 4: Spartansmike folded before Flop (didn't bet)
Seat 5: blistein (button) folded before Flop
Seat 6: v.sting (small blind) collected ($6)



PokerStars Hand #254513255105:  Hold'em No Limit ($0.50/$1.00 USD) - 2025/01/23 12:23:24 WET [2025/01/23 7:23:24 ET]
Table 'Rhodope IV' 6-max Seat #6 is the button
Seat 1: Supermegopro ($100.50 in chips) 
Seat 2: Fold Your Cats ($100 in chips) 
Seat 3: Evelexy1 ($100 in chips) 
Seat 4: Spartansmike ($110.98 in chips) 
Seat 5: blistein ($199.22 in chips) 
Seat 6: v.sting ($104 in chips) 
Supermegopro: posts small blind $0.50
Fold Your Cats: posts big blind $1
*** HOLE CARDS ***
Evelexy1: raises $1 to $2
Spartansmike is connected 
Spartansmike: folds 
blistein: folds 
v.sting: folds 
Supermegopro: folds 
Fold Your Cats: folds 
Uncalled bet ($1) returned to Evelexy1
Evelexy1 collected $2.50 from pot
Evelexy1: doesn't show hand 
*** SUMMARY ***
Total pot $2.50 | Rake $0 
Seat 1: Supermegopro (small blind) folded before Flop
Seat 2: Fold Your Cats (big blind) folded before Flop
Seat 3: Evelexy1 collected ($2.50)
Seat 4: Spartansmike folded before Flop (didn't bet)
Seat 5: blistein folded before Flop (didn't bet)
Seat 6: v.sting (button) folded before Flop (didn't bet)



PokerStars Hand #254513257681:  Hold'em No Limit ($0.50/$1.00 USD) - 2025/01/23 12:23:45 WET [2025/01/23 7:23:45 ET]
Table 'Rhodope IV' 6-max Seat #1 is the button
Seat 1: Supermegopro ($100 in chips) 
Seat 2: Fold Your Cats ($100 in chips) 
Seat 3: Evelexy1 ($101.50 in chips) 
Seat 4: Spartansmike ($110.98 in chips) 
Seat 5: blistein ($199.22 in chips) 
Seat 6: v.sting ($104 in chips) 
Fold Your Cats: posts small blind $0.50
Evelexy1: posts big blind $1
*** HOLE CARDS ***
Spartansmike is disconnected 
Spartansmike is connected 
Spartansmike: folds 
blistein: folds 
v.sting: raises $1.50 to $2.50
Supermegopro: raises $5 to $7.50
Fold Your Cats: folds 
Evelexy1: folds 
Spartansmike is disconnected 
v.sting: calls $5
*** FLOP *** [Ts As 2d]
v.sting: checks 
Supermegopro: bets $5.17
v.sting: folds 
Uncalled bet ($5.17) returned to Supermegopro
Supermegopro collected $15.68 from pot
Supermegopro: doesn't show hand 
*** SUMMARY ***
Total pot $16.50 | Rake $0.82 
Board [Ts As 2d]
Seat 1: Supermegopro (button) collected ($15.68)
Seat 2: Fold Your Cats (small blind) folded before Flop
Seat 3: Evelexy1 (big blind) folded before Flop
Seat 4: Spartansmike folded before Flop (didn't bet)
Seat 5: blistein folded before Flop (didn't bet)
Seat 6: v.sting folded on the Flop



PokerStars Hand #254513263232:  Hold'em No Limit ($0.50/$1.00 USD) - 2025/01/23 12:24:32 WET [2025/01/23 7:24:32 ET]
Table 'Rhodope IV' 6-max Seat #2 is the button
Seat 1: Supermegopro ($108.18 in chips) 
Seat 2: Fold Your Cats ($100 in chips) 
Seat 3: Evelexy1 ($100.50 in chips) 
Seat 4: Spartansmike ($110.98 in chips) 
Seat 5: blistein ($199.22 in chips) 
Seat 6: v.sting ($100 in chips) 
Evelexy1: posts small blind $0.50
Spartansmike: posts big blind $1
*** HOLE CARDS ***
blistein: raises $1.20 to $2.20
v.sting: folds 
Supermegopro: folds 
Fold Your Cats: folds 
Evelexy1: folds 
Spartansmike: raises $4.90 to $7.10
blistein: calls $4.90
*** FLOP *** [9d 6s Ah]
Spartansmike: bets $6.98
blistein: calls $6.98
*** TURN *** [9d 6s Ah] [3h]
Spartansmike: checks 
blistein: bets $20.42
Spartansmike: folds 
Uncalled bet ($20.42) returned to blistein
blistein collected $27.23 from pot
blistein: doesn't show hand 
*** SUMMARY ***
Total pot $28.66 | Rake $1.43 
Board [9d 6s Ah 3h]
Seat 1: Supermegopro folded before Flop (didn't bet)
Seat 2: Fold Your Cats (button) folded before Flop (didn't bet)
Seat 3: Evelexy1 (small blind) folded before Flop
Seat 4: Spartansmike (big blind) folded on the Turn
Seat 5: blistein collected ($27.23)
Seat 6: v.sting folded before Flop (didn't bet)



PokerStars Hand #254513270913:  Hold'em No Limit ($0.50/$1.00 USD) - 2025/01/23 12:25:37 WET [2025/01/23 7:25:37 ET]
Table 'Rhodope IV' 6-max Seat #3 is the button
Seat 1: Supermegopro ($108.18 in chips) 
Seat 2: Fold Your Cats ($100 in chips) 
Seat 3: Evelexy1 ($100 in chips) 
Seat 4: Spartansmike ($96.90 in chips) 
Seat 5: blistein ($212.37 in chips) 
Seat 6: v.sting ($100 in chips) 
Spartansmike: posts small blind $0.50
blistein: posts big blind $1
*** HOLE CARDS ***
v.sting: raises $1.50 to $2.50
Supermegopro: folds 
Fold Your Cats: folds 
Evelexy1: folds 
Spartansmike: raises $6 to $8.50
blistein: folds 
v.sting: folds 
Uncalled bet ($6) returned to Spartansmike
Spartansmike collected $6 from pot
*** SUMMARY ***
Total pot $6 | Rake $0 
Seat 1: Supermegopro folded before Flop (didn't bet)
Seat 2: Fold Your Cats folded before Flop (didn't bet)
Seat 3: Evelexy1 (button) folded before Flop (didn't bet)
Seat 4: Spartansmike (small blind) collected ($6)
Seat 5: blistein (big blind) folded before Flop
Seat 6: v.sting folded before Flop



PokerStars Hand #254513274658:  Hold'em No Limit ($0.50/$1.00 USD) - 2025/01/23 12:26:08 WET [2025/01/23 7:26:08 ET]
Table 'Rhodope IV' 6-max Seat #4 is the button
Seat 6: v.sting ($100 in chips) is sitting out
Seat 1: Supermegopro ($108.18 in chips) 
Seat 2: Fold Your Cats ($100 in chips) 
Seat 3: Evelexy1 ($100 in chips) 
Seat 4: Spartansmike ($100.40 in chips) 
Seat 5: blistein ($211.37 in chips) 
blistein: posts small blind $0.50
v.sting: is sitting out 
Supermegopro: posts big blind $1
*** HOLE CARDS ***
Fold Your Cats: raises $1.50 to $2.50
v.sting leaves the table
Evelexy1: folds 
Spartansmike: calls $2.50
blistein: folds 
Supermegopro: folds 
*** FLOP *** [3c 3s Qd]
Fold Your Cats: bets $2.06
Spartansmike: calls $2.06
*** TURN *** [3c 3s Qd] [9h]
Fold Your Cats: bets $5.35
Spartansmike: calls $5.35
*** RIVER *** [3c 3s Qd 9h] [4s]
Fold Your Cats: bets $17.50
Spartansmike: calls $17.50
*** SHOW DOWN ***
Fold Your Cats: shows [Ad Ah] (two pair, Aces and Threes)
Spartansmike: mucks hand 
Fold Your Cats collected $53.82 from pot
Pon4uk.ua joins the table at seat #6 
*** SUMMARY ***
Total pot $56.32 | Rake $2.50 
Board [3c 3s Qd 9h 4s]
Seat 6: v.sting
Seat 1: Supermegopro (big blind) folded before Flop
Seat 2: Fold Your Cats showed [Ad Ah] and won ($53.82) with two pair, Aces and Threes
Seat 3: Evelexy1 folded before Flop (didn't bet)
Seat 4: Spartansmike (button) mucked
Seat 5: blistein (small blind) folded before Flop



PokerStars Hand #254513278343:  Hold'em No Limit ($0.50/$1.00 USD) - 2025/01/23 12:26:40 WET [2025/01/23 7:26:40 ET]
Table 'Rhodope IV' 6-max Seat #5 is the button
Seat 6: Pon4uk.ua ($100 in chips) is sitting out
Seat 1: Supermegopro ($107.18 in chips) 
Seat 2: Fold Your Cats ($126.41 in chips) 
Seat 3: Evelexy1 ($100 in chips) 
Seat 4: Spartansmike ($72.99 in chips) 
Seat 5: blistein ($210.87 in chips) 
Supermegopro: posts small blind $0.50
Fold Your Cats: posts big blind $1
*** HOLE CARDS ***
Evelexy1: folds 
Spartansmike: raises $1 to $2
blistein: folds 
Supermegopro: folds 
Fold Your Cats: folds 
Uncalled bet ($1) returned to Spartansmike
Spartansmike collected $2.50 from pot
*** SUMMARY ***
Total pot $2.50 | Rake $0 
Seat 6: Pon4uk.ua
Seat 1: Supermegopro (small blind) folded before Flop
Seat 2: Fold Your Cats (big blind) folded before Flop
Seat 3: Evelexy1 folded before Flop (didn't bet)
Seat 4: Spartansmike collected ($2.50)
Seat 5: blistein (button) folded before Flop (didn't bet)



PokerStars Hand #254513280125:  Hold'em No Limit ($0.50/$1.00 USD) - 2025/01/23 12:26:55 WET [2025/01/23 7:26:55 ET]
Table 'Rhodope IV' 6-max Seat #1 is the button
Seat 6: Pon4uk.ua ($100 in chips) is sitting out
Seat 1: Supermegopro ($106.68 in chips) 
Seat 2: Fold Your Cats ($125.41 in chips) 
Seat 3: Evelexy1 ($100 in chips) 
Seat 4: Spartansmike ($74.49 in chips) 
Seat 5: blistein ($210.87 in chips) 
Fold Your Cats: posts small blind $0.50
Evelexy1: posts big blind $1
Pon4uk.ua: sits out 
*** HOLE CARDS ***
Spartansmike: raises $2 to $3
blistein: folds 
Supermegopro: folds 
Fold Your Cats: raises $6 to $9
Evelexy1: folds 
Spartansmike: calls $6
*** FLOP *** [Qs 8d Tc]
Fold Your Cats: checks 
Spartansmike: bets $18.05
Fold Your Cats: folds 
Uncalled bet ($18.05) returned to Spartansmike
Spartansmike collected $18.05 from pot
*** SUMMARY ***
Total pot $19 | Rake $0.95 
Board [Qs 8d Tc]
Seat 6: Pon4uk.ua
Seat 1: Supermegopro (button) folded before Flop (didn't bet)
Seat 2: Fold Your Cats (small blind) folded on the Flop
Seat 3: Evelexy1 (big blind) folded before Flop
Seat 4: Spartansmike collected ($18.05)
Seat 5: blistein folded before Flop (didn't bet)



PokerStars Hand #254513284462:  Hold'em No Limit ($0.50/$1.00 USD) - 2025/01/23 12:27:30 WET [2025/01/23 7:27:30 ET]
Table 'Rhodope IV' 6-max Seat #2 is the button
Seat 6: Pon4uk.ua ($100 in chips) is sitting out
Seat 1: Supermegopro ($106.68 in chips) 
Seat 2: Fold Your Cats ($116.41 in chips) 
Seat 3: Evelexy1 ($100 in chips) 
Seat 4: Spartansmike ($83.54 in chips) 
Seat 5: blistein ($210.87 in chips) 
Evelexy1: posts small blind $0.50
Spartansmike: posts big blind $1
Pon4uk.ua: sits out 
*** HOLE CARDS ***
blistein: folds 
Supermegopro: raises $1.50 to $2.50
Fold Your Cats: folds 
Evelexy1: folds 
Spartansmike: folds 
Uncalled bet ($1.50) returned to Supermegopro
Supermegopro collected $2.50 from pot
Supermegopro: doesn't show hand 
*** SUMMARY ***
Total pot $2.50 | Rake $0 
Seat 6: Pon4uk.ua
Seat 1: Supermegopro collected ($2.50)
Seat 2: Fold Your Cats (button) folded before Flop (didn't bet)
Seat 3: Evelexy1 (small blind) folded before Flop
Seat 4: Spartansmike (big blind) folded before Flop
Seat 5: blistein folded before Flop (didn't bet)



PokerStars Hand #254513286035:  Hold'em No Limit ($0.50/$1.00 USD) - 2025/01/23 12:27:42 WET [2025/01/23 7:27:42 ET]
Table 'Rhodope IV' 6-max Seat #3 is the button
Seat 6: Pon4uk.ua ($100 in chips) is sitting out
Seat 1: Supermegopro ($108.18 in chips) 
Seat 2: Fold Your Cats ($116.41 in chips) 
Seat 3: Evelexy1 ($100 in chips) 
Seat 4: Spartansmike ($82.54 in chips) 
Seat 5: blistein ($210.87 in chips) 
Spartansmike: posts small blind $0.50
blistein: posts big blind $1
Pon4uk.ua: sits out 
*** HOLE CARDS ***
Supermegopro: folds 
Fold Your Cats: raises $1.50 to $2.50
Evelexy1: raises $5 to $7.50
Spartansmike: folds 
blistein: folds 
Fold Your Cats: raises $14.50 to $22
Evelexy1: raises $78 to $100 and is all-in
Fold Your Cats: calls $78
*** FIRST FLOP *** [2d 4c 4d]
*** FIRST TURN *** [2d 4c 4d] [Jd]
*** FIRST RIVER *** [2d 4c 4d Jd] [Tc]
*** SECOND FLOP *** [6s 5s 6h]
*** SECOND TURN *** [6s 5s 6h] [2c]
*** SECOND RIVER *** [6s 5s 6h 2c] [Ah]
*** FIRST SHOW DOWN ***
Fold Your Cats: shows [As Ac] (two pair, Aces and Fours)
Evelexy1: shows [Kd Kh] (two pair, Kings and Fours)
Fold Your Cats collected $99.50 from pot
*** SECOND SHOW DOWN ***
Fold Your Cats: shows [As Ac] (a full house, Aces full of Sixes)
Evelexy1: shows [Kd Kh] (two pair, Kings and Sixes)
Fold Your Cats collected $99.50 from pot
*** SUMMARY ***
Total pot $201.50 | Rake $2.50 
Hand was run twice
FIRST Board [2d 4c 4d Jd Tc]
SECOND Board [6s 5s 6h 2c Ah]
Seat 6: Pon4uk.ua
Seat 1: Supermegopro folded before Flop (didn't bet)
Seat 2: Fold Your Cats showed [As Ac] and won ($99.50) with two pair, Aces and Fours, and won ($99.50) with a full house, Aces full of Sixes
Seat 3: Evelexy1 (button) showed [Kd Kh] and lost with two pair, Kings and Fours, and lost with two pair, Kings and Sixes
Seat 4: Spartansmike (small blind) folded before Flop
Seat 5: blistein (big blind) folded before Flop



PokerStars Hand #254513290143:  Hold'em No Limit ($0.50/$1.00 USD) - 2025/01/23 12:28:17 WET [2025/01/23 7:28:17 ET]
Table 'Rhodope IV' 6-max Seat #4 is the button
Seat 1: Supermegopro ($108.18 in chips) 
Seat 2: Fold Your Cats ($215.41 in chips) 
Seat 3: Evelexy1 ($100 in chips) 
Seat 4: Spartansmike ($82.04 in chips) 
Seat 5: blistein ($209.87 in chips) 
Seat 6: Pon4uk.ua ($100 in chips) 
blistein: posts small blind $0.50
Pon4uk.ua: posts big blind $1
*** HOLE CARDS ***
Supermegopro: folds 
Fold Your Cats: folds 
Evelexy1: folds 
Spartansmike: raises $2 to $3
blistein: folds 
Pon4uk.ua: folds 
Uncalled bet ($2) returned to Spartansmike
Spartansmike collected $2.50 from pot
*** SUMMARY ***
Total pot $2.50 | Rake $0 
Seat 1: Supermegopro folded before Flop (didn't bet)
Seat 2: Fold Your Cats folded before Flop (didn't bet)
Seat 3: Evelexy1 folded before Flop (didn't bet)
Seat 4: Spartansmike (button) collected ($2.50)
Seat 5: blistein (small blind) folded before Flop
Seat 6: Pon4uk.ua (big blind) folded before Flop



PokerStars Hand #254513293099:  Hold'em No Limit ($0.50/$1.00 USD) - 2025/01/23 12:28:40 WET [2025/01/23 7:28:40 ET]
Table 'Rhodope IV' 6-max Seat #5 is the button
Seat 1: Supermegopro ($108.18 in chips) 
Seat 2: Fold Your Cats ($215.41 in chips) 
Seat 3: Evelexy1 ($100 in chips) 
Seat 4: Spartansmike ($83.54 in chips) 
Seat 5: blistein ($209.37 in chips) 
Seat 6: Pon4uk.ua ($100 in chips) 
Pon4uk.ua: posts small blind $0.50
Supermegopro: posts big blind $1
*** HOLE CARDS ***
Fold Your Cats: raises $1.50 to $2.50
Evelexy1: folds 
Spartansmike: raises $6.50 to $9
blistein: folds 
Pon4uk.ua: folds 
Supermegopro: folds 
Fold Your Cats: folds 
Uncalled bet ($6.50) returned to Spartansmike
Spartansmike collected $6.50 from pot
*** SUMMARY ***
Total pot $6.50 | Rake $0 
Seat 1: Supermegopro (big blind) folded before Flop
Seat 2: Fold Your Cats folded before Flop
Seat 3: Evelexy1 folded before Flop (didn't bet)
Seat 4: Spartansmike collected ($6.50)
Seat 5: blistein (button) folded before Flop (didn't bet)
Seat 6: Pon4uk.ua (small blind) folded before Flop



PokerStars Hand #254513295620:  Hold'em No Limit ($0.50/$1.00 USD) - 2025/01/23 12:29:01 WET [2025/01/23 7:29:01 ET]
Table 'Rhodope IV' 6-max Seat #6 is the button
Seat 1: Supermegopro ($107.18 in chips) 
Seat 2: Fold Your Cats ($212.91 in chips) 
Seat 3: Evelexy1 ($100 in chips) 
Seat 4: Spartansmike ($87.54 in chips) 
Seat 5: blistein ($209.37 in chips) 
Seat 6: Pon4uk.ua ($100 in chips) 
Supermegopro: posts small blind $0.50
Fold Your Cats: posts big blind $1
*** HOLE CARDS ***
Evelexy1: folds 
Spartansmike: raises $2 to $3
blistein: folds 
Pon4uk.ua: folds 
Supermegopro: folds 
Fold Your Cats: folds 
Uncalled bet ($2) returned to Spartansmike
Spartansmike collected $2.50 from pot
*** SUMMARY ***
Total pot $2.50 | Rake $0 
Seat 1: Supermegopro (small blind) folded before Flop
Seat 2: Fold Your Cats (big blind) folded before Flop
Seat 3: Evelexy1 folded before Flop (didn't bet)
Seat 4: Spartansmike collected ($2.50)
Seat 5: blistein folded before Flop (didn't bet)
Seat 6: Pon4uk.ua (button) folded before Flop (didn't bet)



PokerStars Hand #254513297636:  Hold'em No Limit ($0.50/$1.00 USD) - 2025/01/23 12:29:17 WET [2025/01/23 7:29:17 ET]
Table 'Rhodope IV' 6-max Seat #1 is the button
Seat 3: Evelexy1 ($100 in chips) is sitting out
Seat 1: Supermegopro ($106.68 in chips) 
Seat 2: Fold Your Cats ($211.91 in chips) 
Seat 4: Spartansmike ($89.04 in chips) 
Seat 5: blistein ($209.37 in chips) 
Seat 6: Pon4uk.ua ($100 in chips) 
Fold Your Cats: posts small blind $0.50
Spartansmike: posts big blind $1
*** HOLE CARDS ***
blistein: folds 
Pon4uk.ua: folds 
Supermegopro: folds 
Fold Your Cats: folds 
Uncalled bet ($0.50) returned to Spartansmike
Spartansmike collected $1 from pot
*** SUMMARY ***
Total pot $1 | Rake $0 
Seat 3: Evelexy1
Seat 1: Supermegopro (button) folded before Flop (didn't bet)
Seat 2: Fold Your Cats (small blind) folded before Flop
Seat 4: Spartansmike (big blind) collected ($1)
Seat 5: blistein folded before Flop (didn't bet)
Seat 6: Pon4uk.ua folded before Flop (didn't bet)



PokerStars Hand #254513298903:  Hold'em No Limit ($0.50/$1.00 USD) - 2025/01/23 12:29:27 WET [2025/01/23 7:29:27 ET]
Table 'Rhodope IV' 6-max Seat #2 is the button
Seat 3: Evelexy1 ($100 in chips) is sitting out
Seat 1: Supermegopro ($106.68 in chips) 
Seat 2: Fold Your Cats ($211.41 in chips) 
Seat 4: Spartansmike ($89.54 in chips) 
Seat 5: blistein ($209.37 in chips) 
Seat 6: Pon4uk.ua ($100 in chips) 
Spartansmike: posts small blind $0.50
blistein: posts big blind $1
*** HOLE CARDS ***
Pon4uk.ua: raises $1 to $2
Supermegopro: folds 
Fold Your Cats: folds 
Spartansmike: folds 
blistein: calls $1
*** FLOP *** [Ad 5s Kh]
blistein: checks 
Pon4uk.ua: bets $2
blistein: folds 
Uncalled bet ($2) returned to Pon4uk.ua
Pon4uk.ua collected $4.28 from pot
Pon4uk.ua: doesn't show hand 
*** SUMMARY ***
Total pot $4.50 | Rake $0.22 
Board [Ad 5s Kh]
Seat 3: Evelexy1
Seat 1: Supermegopro folded before Flop (didn't bet)
Seat 2: Fold Your Cats (button) folded before Flop (didn't bet)
Seat 4: Spartansmike (small blind) folded before Flop
Seat 5: blistein (big blind) folded on the Flop
Seat 6: Pon4uk.ua collected ($4.28)



PokerStars Hand #254513302369:  Hold'em No Limit ($0.50/$1.00 USD) - 2025/01/23 12:29:55 WET [2025/01/23 7:29:55 ET]
Table 'Rhodope IV' 6-max Seat #4 is the button
Seat 3: Evelexy1 ($100 in chips) is sitting out
Seat 1: Supermegopro ($106.68 in chips) 
Seat 2: Fold Your Cats ($211.41 in chips) 
Seat 4: Spartansmike ($89.04 in chips) 
Seat 5: blistein ($207.37 in chips) 
Seat 6: Pon4uk.ua ($102.28 in chips) 
blistein: posts small blind $0.50
Pon4uk.ua: posts big blind $1
*** HOLE CARDS ***
Supermegopro: raises $1.50 to $2.50
Fold Your Cats: folds 
Spartansmike: raises $6.50 to $9
blistein: folds 
Pon4uk.ua: folds 
Supermegopro: calls $6.50
*** FLOP *** [5s 7d Kc]
Supermegopro: checks 
Spartansmike: bets $9.26
Supermegopro: calls $9.26
*** TURN *** [5s 7d Kc] [Jh]
Supermegopro: checks 
Spartansmike: bets $36.12
Supermegopro: folds 
Uncalled bet ($36.12) returned to Spartansmike
Spartansmike collected $36.12 from pot
*** SUMMARY ***
Total pot $38.02 | Rake $1.90 
Board [5s 7d Kc Jh]
Seat 3: Evelexy1
Seat 1: Supermegopro folded on the Turn
Seat 2: Fold Your Cats folded before Flop (didn't bet)
Seat 4: Spartansmike (button) collected ($36.12)
Seat 5: blistein (small blind) folded before Flop
Seat 6: Pon4uk.ua (big blind) folded before Flop



PokerStars Hand #254513306949:  Hold'em No Limit ($0.50/$1.00 USD) - 2025/01/23 12:30:31 WET [2025/01/23 7:30:31 ET]
Table 'Rhodope IV' 6-max Seat #5 is the button
Seat 3: Evelexy1 ($100 in chips) is sitting out
Seat 1: Supermegopro ($100 in chips) 
Seat 2: Fold Your Cats ($211.41 in chips) 
Seat 4: Spartansmike ($106.90 in chips) 
Seat 5: blistein ($206.87 in chips) 
Seat 6: Pon4uk.ua ($101.28 in chips) 
Pon4uk.ua: posts small blind $0.50
Supermegopro: posts big blind $1
*** HOLE CARDS ***
Fold Your Cats: folds 
Spartansmike: folds 
blistein: folds 
Pon4uk.ua: raises $1.75 to $2.75
Supermegopro: folds 
Uncalled bet ($1.75) returned to Pon4uk.ua
Pon4uk.ua collected $2 from pot
Pon4uk.ua: doesn't show hand 
*** SUMMARY ***
Total pot $2 | Rake $0 
Seat 3: Evelexy1
Seat 1: Supermegopro (big blind) folded before Flop
Seat 2: Fold Your Cats folded before Flop (didn't bet)
Seat 4: Spartansmike folded before Flop (didn't bet)
Seat 5: blistein (button) folded before Flop (didn't bet)
Seat 6: Pon4uk.ua (small blind) collected ($2)



PokerStars Hand #254513308722:  Hold'em No Limit ($0.50/$1.00 USD) - 2025/01/23 12:30:45 WET [2025/01/23 7:30:45 ET]
Table 'Rhodope IV' 6-max Seat #6 is the button
Seat 3: Evelexy1 ($100 in chips) is sitting out
Seat 1: Supermegopro ($100 in chips) 
Seat 2: Fold Your Cats ($211.41 in chips) 
Seat 4: Spartansmike ($106.90 in chips) 
Seat 5: blistein ($206.87 in chips) 
Seat 6: Pon4uk.ua ($102.28 in chips) 
Supermegopro: posts small blind $0.50
Fold Your Cats: posts big blind $1
*** HOLE CARDS ***
Spartansmike: raises $2 to $3
blistein: folds 
Pon4uk.ua: folds 
Supermegopro: calls $2.50
Fold Your Cats: folds 
*** FLOP *** [3s Qh 5d]
Supermegopro: checks 
Spartansmike: checks 
*** TURN *** [3s Qh 5d] [Jd]
Supermegopro: bets $2.19
Spartansmike: folds 
Uncalled bet ($2.19) returned to Supermegopro
Supermegopro collected $6.65 from pot
Supermegopro: doesn't show hand 
*** SUMMARY ***
Total pot $7 | Rake $0.35 
Board [3s Qh 5d Jd]
Seat 3: Evelexy1
Seat 1: Supermegopro (small blind) collected ($6.65)
Seat 2: Fold Your Cats (big blind) folded before Flop
Seat 4: Spartansmike folded on the Turn
Seat 5: blistein folded before Flop (didn't bet)
Seat 6: Pon4uk.ua (button) folded before Flop (didn't bet)



PokerStars Hand #254513311787:  Hold'em No Limit ($0.50/$1.00 USD) - 2025/01/23 12:31:09 WET [2025/01/23 7:31:09 ET]
Table 'Rhodope IV' 6-max Seat #1 is the button
Seat 3: Evelexy1 ($100 in chips) is sitting out
Seat 1: Supermegopro ($103.65 in chips) 
Seat 2: Fold Your Cats ($210.41 in chips) 
Seat 4: Spartansmike ($103.90 in chips) 
Seat 5: blistein ($206.87 in chips) 
Seat 6: Pon4uk.ua ($102.28 in chips) 
Fold Your Cats: posts small blind $0.50
Spartansmike: posts big blind $1
*** HOLE CARDS ***
blistein: raises $1.20 to $2.20
Pon4uk.ua: folds 
Supermegopro: calls $2.20
Fold Your Cats: raises $12.30 to $14.50
Spartansmike: folds 
blistein: folds 
Supermegopro: calls $12.30
*** FLOP *** [Th 9s Ks]
Fold Your Cats: checks 
Supermegopro: checks 
*** TURN *** [Th 9s Ks] [7d]
Fold Your Cats: bets $16.21
Supermegopro: folds 
Uncalled bet ($16.21) returned to Fold Your Cats
Fold Your Cats collected $30.59 from pot
Fold Your Cats: doesn't show hand 
*** SUMMARY ***
Total pot $32.20 | Rake $1.61 
Board [Th 9s Ks 7d]
Seat 3: Evelexy1
Seat 1: Supermegopro (button) folded on the Turn
Seat 2: Fold Your Cats (small blind) collected ($30.59)
Seat 4: Spartansmike (big blind) folded before Flop
Seat 5: blistein folded before Flop
Seat 6: Pon4uk.ua folded before Flop (didn't bet)



PokerStars Hand #254513318349:  Hold'em No Limit ($0.50/$1.00 USD) - 2025/01/23 12:32:01 WET [2025/01/23 7:32:01 ET]
Table 'Rhodope IV' 6-max Seat #2 is the button
Seat 3: Evelexy1 ($100 in chips) is sitting out
Seat 4: Spartansmike ($102.90 in chips) is sitting out
Seat 1: Supermegopro ($100 in chips) 
Seat 2: Fold Your Cats ($226.50 in chips) 
Seat 5: blistein ($204.67 in chips) 
Seat 6: Pon4uk.ua ($102.28 in chips) 
Spartansmike has timed out while disconnected
Spartansmike: is sitting out 
blistein: posts small blind $0.50
Pon4uk.ua: posts big blind $1
*** HOLE CARDS ***
Supermegopro: folds 
Fold Your Cats: raises $1.50 to $2.50
blistein: folds 
Pon4uk.ua: folds 
Uncalled bet ($1.50) returned to Fold Your Cats
Fold Your Cats collected $2.50 from pot
Fold Your Cats: doesn't show hand 
*** SUMMARY ***
Total pot $2.50 | Rake $0 
Seat 3: Evelexy1
Seat 4: Spartansmike
Seat 1: Supermegopro folded before Flop (didn't bet)
Seat 2: Fold Your Cats (button) collected ($2.50)
Seat 5: blistein (small blind) folded before Flop
Seat 6: Pon4uk.ua (big blind) folded before Flop



PokerStars Hand #254513321015:  Hold'em No Limit ($0.50/$1.00 USD) - 2025/01/23 12:32:23 WET [2025/01/23 7:32:23 ET]
Table 'Rhodope IV' 6-max Seat #5 is the button
Seat 3: Evelexy1 ($100 in chips) is sitting out
Seat 4: Spartansmike ($102.90 in chips) is sitting out
Seat 1: Supermegopro ($100 in chips) 
Seat 2: Fold Your Cats ($228 in chips) 
Seat 5: blistein ($204.17 in chips) 
Seat 6: Pon4uk.ua ($101.28 in chips) 
Pon4uk.ua: posts small blind $0.50
Supermegopro: posts big blind $1
*** HOLE CARDS ***
Fold Your Cats: folds 
blistein: folds 
Pon4uk.ua: raises $1.75 to $2.75
Supermegopro: folds 
Uncalled bet ($1.75) returned to Pon4uk.ua
Pon4uk.ua collected $2 from pot
Pon4uk.ua: doesn't show hand 
*** SUMMARY ***
Total pot $2 | Rake $0 
Seat 3: Evelexy1
Seat 4: Spartansmike
Seat 1: Supermegopro (big blind) folded before Flop
Seat 2: Fold Your Cats folded before Flop (didn't bet)
Seat 5: blistein (button) folded before Flop (didn't bet)
Seat 6: Pon4uk.ua (small blind) collected ($2)



PokerStars Hand #254513323553:  Hold'em No Limit ($0.50/$1.00 USD) - 2025/01/23 12:32:44 WET [2025/01/23 7:32:44 ET]
Table 'Rhodope IV' 6-max Seat #6 is the button
Seat 3: Evelexy1 ($100 in chips) is sitting out
Seat 1: Supermegopro ($100 in chips) 
Seat 2: Fold Your Cats ($228 in chips) 
Seat 4: Spartansmike ($102.90 in chips) 
Seat 5: blistein ($204.17 in chips) 
Seat 6: Pon4uk.ua ($102.28 in chips) 
Supermegopro: posts small blind $0.50
Fold Your Cats: posts big blind $1
Spartansmike: posts small blind $0.50
*** HOLE CARDS ***
Spartansmike: raises $2 to $3
blistein: folds 
Pon4uk.ua: folds 
Supermegopro: calls $2.50
Fold Your Cats: folds 
*** FLOP *** [9d 4s 2c]
Supermegopro: checks 
Spartansmike: checks 
*** TURN *** [9d 4s 2c] [7d]
Supermegopro: bets $5
Spartansmike: calls $5
*** RIVER *** [9d 4s 2c 7d] [3s]
Supermegopro: bets $24.93
Spartansmike: folds 
Uncalled bet ($24.93) returned to Supermegopro
Supermegopro collected $16.62 from pot
Supermegopro: doesn't show hand 
*** SUMMARY ***
Total pot $17.50 | Rake $0.88 
Board [9d 4s 2c 7d 3s]
Seat 3: Evelexy1
Seat 1: Supermegopro (small blind) collected ($16.62)
Seat 2: Fold Your Cats (big blind) folded before Flop
Seat 4: Spartansmike folded on the River
Seat 5: blistein folded before Flop (didn't bet)
Seat 6: Pon4uk.ua (button) folded before Flop (didn't bet)



PokerStars Hand #254513328260:  Hold'em No Limit ($0.50/$1.00 USD) - 2025/01/23 12:33:21 WET [2025/01/23 7:33:21 ET]
Table 'Rhodope IV' 6-max Seat #1 is the button
Seat 1: Supermegopro ($108.62 in chips) 
Seat 2: Fold Your Cats ($227 in chips) 
Seat 3: Evelexy1 ($100 in chips) 
Seat 4: Spartansmike ($94.40 in chips) 
Seat 5: blistein ($204.17 in chips) 
Seat 6: Pon4uk.ua ($102.28 in chips) 
Fold Your Cats: posts small blind $0.50
Evelexy1: posts big blind $1
*** HOLE CARDS ***
Spartansmike: raises $2 to $3
blistein: folds 
Pon4uk.ua: folds 
Supermegopro: folds 
Fold Your Cats: folds 
Evelexy1: folds 
Uncalled bet ($2) returned to Spartansmike
Spartansmike collected $2.50 from pot
*** SUMMARY ***
Total pot $2.50 | Rake $0 
Seat 1: Supermegopro (button) folded before Flop (didn't bet)
Seat 2: Fold Your Cats (small blind) folded before Flop
Seat 3: Evelexy1 (big blind) folded before Flop
Seat 4: Spartansmike collected ($2.50)
Seat 5: blistein folded before Flop (didn't bet)
Seat 6: Pon4uk.ua folded before Flop (didn't bet)



PokerStars Hand #254513330193:  Hold'em No Limit ($0.50/$1.00 USD) - 2025/01/23 12:33:37 WET [2025/01/23 7:33:37 ET]
Table 'Rhodope IV' 6-max Seat #2 is the button
Seat 1: Supermegopro ($108.62 in chips) 
Seat 2: Fold Your Cats ($226.50 in chips) 
Seat 3: Evelexy1 ($100 in chips) 
Seat 4: Spartansmike ($95.90 in chips) 
Seat 5: blistein ($204.17 in chips) 
Seat 6: Pon4uk.ua ($102.28 in chips) 
Evelexy1: posts small blind $0.50
Spartansmike: posts big blind $1
*** HOLE CARDS ***
blistein: folds 
Pon4uk.ua: folds 
Supermegopro: raises $1.50 to $2.50
Fold Your Cats: folds 
Evelexy1: folds 
Spartansmike: raises $5.50 to $8
Supermegopro: calls $5.50
*** FLOP *** [Th 7d 3c]
Spartansmike: bets $7.84
Supermegopro: folds 
Uncalled bet ($7.84) returned to Spartansmike
Spartansmike collected $15.68 from pot
*** SUMMARY ***
Total pot $16.50 | Rake $0.82 
Board [Th 7d 3c]
Seat 1: Supermegopro folded on the Flop
Seat 2: Fold Your Cats (button) folded before Flop (didn't bet)
Seat 3: Evelexy1 (small blind) folded before Flop
Seat 4: Spartansmike (big blind) collected ($15.68)
Seat 5: blistein folded before Flop (didn't bet)
Seat 6: Pon4uk.ua folded before Flop (didn't bet)



PokerStars Hand #254513334062:  Hold'em No Limit ($0.50/$1.00 USD) - 2025/01/23 12:34:07 WET [2025/01/23 7:34:07 ET]
Table 'Rhodope IV' 6-max Seat #3 is the button
Seat 1: Supermegopro ($100.62 in chips) 
Seat 2: Fold Your Cats ($226.50 in chips) 
Seat 3: Evelexy1 ($100 in chips) 
Seat 4: Spartansmike ($103.58 in chips) 
Seat 5: blistein ($204.17 in chips) 
Seat 6: Pon4uk.ua ($102.28 in chips) 
Spartansmike: posts small blind $0.50
blistein: posts big blind $1
*** HOLE CARDS ***
Pon4uk.ua: folds 
Supermegopro: folds 
Fold Your Cats: folds 
Evelexy1: folds 
Spartansmike: raises $2 to $3
blistein: folds 
Uncalled bet ($2) returned to Spartansmike
Spartansmike collected $2 from pot
*** SUMMARY ***
Total pot $2 | Rake $0 
Seat 1: Supermegopro folded before Flop (didn't bet)
Seat 2: Fold Your Cats folded before Flop (didn't bet)
Seat 3: Evelexy1 (button) folded before Flop (didn't bet)
Seat 4: Spartansmike (small blind) collected ($2)
Seat 5: blistein (big blind) folded before Flop
Seat 6: Pon4uk.ua folded before Flop (didn't bet)



PokerStars Hand #254513336728:  Hold'em No Limit ($0.50/$1.00 USD) - 2025/01/23 12:34:28 WET [2025/01/23 7:34:28 ET]
Table 'Rhodope IV' 6-max Seat #4 is the button
Seat 1: Supermegopro ($100.62 in chips) 
Seat 2: Fold Your Cats ($226.50 in chips) 
Seat 3: Evelexy1 ($100 in chips) 
Seat 4: Spartansmike ($104.58 in chips) 
Seat 5: blistein ($203.17 in chips) 
Seat 6: Pon4uk.ua ($102.28 in chips) 
blistein: posts small blind $0.50
Pon4uk.ua: posts big blind $1
*** HOLE CARDS ***
Supermegopro: folds 
Fold Your Cats: folds 
Evelexy1: raises $1.50 to $2.50
Spartansmike: folds 
blistein: folds 
Pon4uk.ua: folds 
Uncalled bet ($1.50) returned to Evelexy1
Evelexy1 collected $2.50 from pot
Evelexy1: doesn't show hand 
*** SUMMARY ***
Total pot $2.50 | Rake $0 
Seat 1: Supermegopro folded before Flop (didn't bet)
Seat 2: Fold Your Cats folded before Flop (didn't bet)
Seat 3: Evelexy1 collected ($2.50)
Seat 4: Spartansmike (button) folded before Flop (didn't bet)
Seat 5: blistein (small blind) folded before Flop
Seat 6: Pon4uk.ua (big blind) folded before Flop



PokerStars Hand #254513339287:  Hold'em No Limit ($0.50/$1.00 USD) - 2025/01/23 12:34:49 WET [2025/01/23 7:34:49 ET]
Table 'Rhodope IV' 6-max Seat #5 is the button
Seat 1: Supermegopro ($100.62 in chips) 
Seat 2: Fold Your Cats ($226.50 in chips) 
Seat 3: Evelexy1 ($101.50 in chips) 
Seat 4: Spartansmike ($104.58 in chips) 
Seat 5: blistein ($202.67 in chips) 
Seat 6: Pon4uk.ua ($101.28 in chips) 
Pon4uk.ua: posts small blind $0.50
Supermegopro: posts big blind $1
*** HOLE CARDS ***
Fold Your Cats: folds 
Evelexy1: folds 
Spartansmike: folds 
blistein: raises $1.50 to $2.50
Pon4uk.ua: folds 
Supermegopro: folds 
Uncalled bet ($1.50) returned to blistein
blistein collected $2.50 from pot
blistein: doesn't show hand 
*** SUMMARY ***
Total pot $2.50 | Rake $0 
Seat 1: Supermegopro (big blind) folded before Flop
Seat 2: Fold Your Cats folded before Flop (didn't bet)
Seat 3: Evelexy1 folded before Flop (didn't bet)
Seat 4: Spartansmike folded before Flop (didn't bet)
Seat 5: blistein (button) collected ($2.50)
Seat 6: Pon4uk.ua (small blind) folded before Flop



PokerStars Hand #254513341517:  Hold'em No Limit ($0.50/$1.00 USD) - 2025/01/23 12:35:07 WET [2025/01/23 7:35:07 ET]
Table 'Rhodope IV' 6-max Seat #6 is the button
Seat 1: Supermegopro ($100 in chips) 
Seat 2: Fold Your Cats ($226.50 in chips) 
Seat 3: Evelexy1 ($101.50 in chips) 
Seat 4: Spartansmike ($104.58 in chips) 
Seat 5: blistein ($204.17 in chips) 
Seat 6: Pon4uk.ua ($100.78 in chips) 
Supermegopro: posts small blind $0.50
Fold Your Cats: posts big blind $1
*** HOLE CARDS ***
Evelexy1: raises $1 to $2
Spartansmike: folds 
blistein: folds 
Pon4uk.ua: folds 
Supermegopro: folds 
Fold Your Cats: folds 
Uncalled bet ($1) returned to Evelexy1
Evelexy1 collected $2.50 from pot
Evelexy1: doesn't show hand 
*** SUMMARY ***
Total pot $2.50 | Rake $0 
Seat 1: Supermegopro (small blind) folded before Flop
Seat 2: Fold Your Cats (big blind) folded before Flop
Seat 3: Evelexy1 collected ($2.50)
Seat 4: Spartansmike folded before Flop (didn't bet)
Seat 5: blistein folded before Flop (didn't bet)
Seat 6: Pon4uk.ua (button) folded before Flop (didn't bet)



PokerStars Hand #254513343720:  Hold'em No Limit ($0.50/$1.00 USD) - 2025/01/23 12:35:24 WET [2025/01/23 7:35:24 ET]
Table 'Rhodope IV' 6-max Seat #1 is the button
Seat 1: Supermegopro ($100 in chips) 
Seat 2: Fold Your Cats ($225.50 in chips) 
Seat 3: Evelexy1 ($103 in chips) 
Seat 4: Spartansmike ($104.58 in chips) 
Seat 5: blistein ($204.17 in chips) 
Seat 6: Pon4uk.ua ($100.78 in chips) 
Fold Your Cats: posts small blind $0.50
Evelexy1: posts big blind $1
*** HOLE CARDS ***
Spartansmike: folds 
blistein: folds 
Pon4uk.ua: folds 
Supermegopro: folds 
Fold Your Cats: folds 
Uncalled bet ($0.50) returned to Evelexy1
Evelexy1 collected $1 from pot
Evelexy1: doesn't show hand 
*** SUMMARY ***
Total pot $1 | Rake $0 
Seat 1: Supermegopro (button) folded before Flop (didn't bet)
Seat 2: Fold Your Cats (small blind) folded before Flop
Seat 3: Evelexy1 (big blind) collected ($1)
Seat 4: Spartansmike folded before Flop (didn't bet)
Seat 5: blistein folded before Flop (didn't bet)
Seat 6: Pon4uk.ua folded before Flop (didn't bet)



PokerStars Hand #254513345313:  Hold'em No Limit ($0.50/$1.00 USD) - 2025/01/23 12:35:37 WET [2025/01/23 7:35:37 ET]
Table 'Rhodope IV' 6-max Seat #2 is the button
Seat 1: Supermegopro ($100 in chips) 
Seat 2: Fold Your Cats ($225 in chips) 
Seat 3: Evelexy1 ($103.50 in chips) 
Seat 4: Spartansmike ($104.58 in chips) 
Seat 5: blistein ($204.17 in chips) 
Seat 6: Pon4uk.ua ($100.78 in chips) 
Evelexy1: posts small blind $0.50
Spartansmike: posts big blind $1
*** HOLE CARDS ***
blistein: folds 
Pon4uk.ua: folds 
Supermegopro: folds 
Fold Your Cats: raises $2 to $3
Evelexy1: raises $10 to $13
Spartansmike: folds 
Fold Your Cats: raises $212 to $225 and is all-in
Evelexy1: folds 
Uncalled bet ($212) returned to Fold Your Cats
Fold Your Cats collected $27 from pot
Fold Your Cats: doesn't show hand 
*** SUMMARY ***
Total pot $27 | Rake $0 
Seat 1: Supermegopro folded before Flop (didn't bet)
Seat 2: Fold Your Cats (button) collected ($27)
Seat 3: Evelexy1 (small blind) folded before Flop
Seat 4: Spartansmike (big blind) folded before Flop
Seat 5: blistein folded before Flop (didn't bet)
Seat 6: Pon4uk.ua folded before Flop (didn't bet)



PokerStars Hand #254513348150:  Hold'em No Limit ($0.50/$1.00 USD) - 2025/01/23 12:35:58 WET [2025/01/23 7:35:58 ET]
Table 'Rhodope IV' 6-max Seat #3 is the button
Seat 1: Supermegopro ($100 in chips) 
Seat 2: Fold Your Cats ($239 in chips) 
Seat 3: Evelexy1 ($100 in chips) 
Seat 4: Spartansmike ($103.58 in chips) 
Seat 5: blistein ($204.17 in chips) 
Seat 6: Pon4uk.ua ($100.78 in chips) 
Spartansmike: posts small blind $0.50
blistein: posts big blind $1
*** HOLE CARDS ***
Pon4uk.ua: folds 
Supermegopro: raises $1.50 to $2.50
Fold Your Cats: folds 
Evelexy1: folds 
Spartansmike: folds 
blistein: folds 
Uncalled bet ($1.50) returned to Supermegopro
Spartansmike leaves the table
Supermegopro collected $2.50 from pot
Supermegopro: doesn't show hand 
*** SUMMARY ***
Total pot $2.50 | Rake $0 
Seat 1: Supermegopro collected ($2.50)
Seat 2: Fold Your Cats folded before Flop (didn't bet)
Seat 3: Evelexy1 (button) folded before Flop (didn't bet)
Seat 4: Spartansmike (small blind) folded before Flop
Seat 5: blistein (big blind) folded before Flop
Seat 6: Pon4uk.ua folded before Flop (didn't bet)



PokerStars Hand #254513350161:  Hold'em No Limit ($0.50/$1.00 USD) - 2025/01/23 12:36:14 WET [2025/01/23 7:36:14 ET]
Table 'Rhodope IV' 6-max Seat #5 is the button
Seat 1: Supermegopro ($101.50 in chips) is sitting out
Seat 2: Fold Your Cats ($239 in chips) is sitting out
Seat 3: Evelexy1 ($100 in chips) 
Seat 5: blistein ($203.17 in chips) 
Seat 6: Pon4uk.ua ($100.78 in chips) 
Pon4uk.ua: posts small blind $0.50
Supermegopro: is sitting out 
Fold Your Cats: is sitting out 
Evelexy1: posts big blind $1
*** HOLE CARDS ***
Supermegopro leaves the table
Fold Your Cats leaves the table
blistein: folds 
Pon4uk.ua: folds 
Uncalled bet ($0.50) returned to Evelexy1
Evelexy1 collected $1 from pot
Evelexy1: doesn't show hand 
blistein leaves the table
*** SUMMARY ***
Total pot $1 | Rake $0 
Seat 1: Supermegopro
Seat 2: Fold Your Cats
Seat 3: Evelexy1 (big blind) collected ($1)
Seat 5: blistein (button) folded before Flop (didn't bet)
Seat 6: Pon4uk.ua (small blind) folded before Flop



PokerStars Hand #254513356733:  Hold'em No Limit ($0.50/$1.00 USD) - 2025/01/23 12:37:05 WET [2025/01/23 7:37:05 ET]
Table 'Rhodope IV' 6-max Seat #6 is the button
Seat 2: ptolejmus ($10 in chips) 
Seat 6: Evelexy1 ($100.50 in chips) 
Evelexy1: posts small blind $0.50
ptolejmus: posts big blind $1
*** HOLE CARDS ***
Evelexy1: raises $99.50 to $100.50 and is all-in
ptolejmus: folds 
Uncalled bet ($99.50) returned to Evelexy1
Evelexy1 collected $2 from pot
Evelexy1: doesn't show hand 
*** SUMMARY ***
Total pot $2 | Rake $0 
Seat 2: ptolejmus (big blind) folded before Flop
Seat 6: Evelexy1 (button) (small blind) collected ($2)



PokerStars Hand #254513358103:  Hold'em No Limit ($0.50/$1.00 USD) - 2025/01/23 12:37:15 WET [2025/01/23 7:37:15 ET]
Table 'Rhodope IV' 6-max Seat #2 is the button
Seat 2: ptolejmus ($10 in chips) 
Seat 6: Evelexy1 ($101.50 in chips) 
ptolejmus: posts small blind $0.50
Evelexy1: posts big blind $1
*** HOLE CARDS ***
ptolejmus: raises $9 to $10 and is all-in
Evelexy1: folds 
Uncalled bet ($9) returned to ptolejmus
ptolejmus collected $2 from pot
*** SUMMARY ***
Total pot $2 | Rake $0 
Seat 2: ptolejmus (button) (small blind) collected ($2)
Seat 6: Evelexy1 (big blind) folded before Flop



PokerStars Hand #254513360269:  Hold'em No Limit ($0.50/$1.00 USD) - 2025/01/23 12:37:32 WET [2025/01/23 7:37:32 ET]
Table 'Rhodope IV' 6-max Seat #6 is the button
Seat 2: ptolejmus ($11 in chips) 
Seat 6: Evelexy1 ($100.50 in chips) 
Evelexy1: posts small blind $0.50
ptolejmus: posts big blind $1
*** HOLE CARDS ***
Evelexy1: folds 
Uncalled bet ($0.50) returned to ptolejmus
ptolejmus collected $1 from pot
*** SUMMARY ***
Total pot $1 | Rake $0 
Seat 2: ptolejmus (big blind) collected ($1)
Seat 6: Evelexy1 (button) (small blind) folded before Flop



PokerStars Hand #254513361021:  Hold'em No Limit ($0.50/$1.00 USD) - 2025/01/23 12:37:38 WET [2025/01/23 7:37:38 ET]
Table 'Rhodope IV' 6-max Seat #2 is the button
Seat 2: ptolejmus ($11.50 in chips) 
Seat 6: Evelexy1 ($100 in chips) 
ptolejmus: posts small blind $0.50
Evelexy1: posts big blind $1
*** HOLE CARDS ***
ptolejmus: calls $0.50
Evelexy1: raises $99 to $100 and is all-in
ptolejmus: folds 
Uncalled bet ($99) returned to Evelexy1
Evelexy1 collected $2 from pot
Evelexy1: doesn't show hand 
*** SUMMARY ***
Total pot $2 | Rake $0 
Seat 2: ptolejmus (button) (small blind) folded before Flop
Seat 6: Evelexy1 (big blind) collected ($2)



PokerStars Hand #254513362511:  Hold'em No Limit ($0.50/$1.00 USD) - 2025/01/23 12:37:49 WET [2025/01/23 7:37:49 ET]
Table 'Rhodope IV' 6-max Seat #6 is the button
Seat 2: ptolejmus ($10.50 in chips) 
Seat 6: Evelexy1 ($101 in chips) 
Evelexy1: posts small blind $0.50
ptolejmus: posts big blind $1
*** HOLE CARDS ***
Evelexy1: raises $100 to $101 and is all-in
ptolejmus: calls $9.50 and is all-in
Uncalled bet ($90.50) returned to Evelexy1
*** FIRST FLOP *** [Kc Ts 9c]
*** FIRST TURN *** [Kc Ts 9c] [8c]
*** FIRST RIVER *** [Kc Ts 9c 8c] [5d]
*** SECOND FLOP *** [9d 8s 2d]
*** SECOND TURN *** [9d 8s 2d] [7s]
*** SECOND RIVER *** [9d 8s 2d 7s] [3h]
*** FIRST SHOW DOWN ***
ptolejmus: shows [Js Jd] (a pair of Jacks)
Evelexy1: shows [9h Kh] (two pair, Kings and Nines)
Evelexy1 collected $10 from pot
*** SECOND SHOW DOWN ***
ptolejmus: shows [Js Jd] (a pair of Jacks)
Evelexy1: shows [9h Kh] (a pair of Nines)
ptolejmus collected $10 from pot
*** SUMMARY ***
Total pot $21 | Rake $1 
Hand was run twice
FIRST Board [Kc Ts 9c 8c 5d]
SECOND Board [9d 8s 2d 7s 3h]
Seat 2: ptolejmus (big blind) showed [Js Jd] and lost with a pair of Jacks, and won ($10) with a pair of Jacks
Seat 6: Evelexy1 (button) (small blind) showed [9h Kh] and won ($10) with two pair, Kings and Nines, and lost with a pair of Nines



PokerStars Hand #254513364678:  Hold'em No Limit ($0.50/$1.00 USD) - 2025/01/23 12:38:06 WET [2025/01/23 7:38:06 ET]
Table 'Rhodope IV' 6-max Seat #2 is the button
Seat 2: ptolejmus ($10 in chips) 
Seat 6: Evelexy1 ($100.50 in chips) 
ptolejmus: posts small blind $0.50
Evelexy1: posts big blind $1
*** HOLE CARDS ***
ptolejmus: calls $0.50
Evelexy1: checks 
*** FLOP *** [Td Qs Jd]
Evelexy1: checks 
ptolejmus: bets $1
trueYes.3970 joins the table at seat #4 
trueYes.3970 is disconnected 
Evelexy1: raises $98.50 to $99.50 and is all-in
ptolejmus: calls $8 and is all-in
Uncalled bet ($90.50) returned to Evelexy1
*** FIRST TURN *** [Td Qs Jd] [6s]
*** FIRST RIVER *** [Td Qs Jd 6s] [5c]
*** SECOND TURN *** [Td Qs Jd] [3d]
*** SECOND RIVER *** [Td Qs Jd 3d] [Ac]
Supermegopro joins the table at seat #5 
*** FIRST SHOW DOWN ***
Evelexy1: shows [9s 8d] (a straight, Eight to Queen)
ptolejmus: shows [3c Qh] (a pair of Queens)
Evelexy1 collected $9.50 from pot
*** SECOND SHOW DOWN ***
Evelexy1: shows [9s 8d] (a straight, Eight to Queen)
ptolejmus: shows [3c Qh] (two pair, Queens and Threes)
Evelexy1 collected $9.50 from pot
*** SUMMARY ***
Total pot $20 | Rake $1 
Hand was run twice
FIRST Board [Td Qs Jd 6s 5c]
SECOND Board [Td Qs Jd 3d Ac]
Seat 2: ptolejmus (button) (small blind) showed [3c Qh] and lost with a pair of Queens, and lost with two pair, Queens and Threes
Seat 6: Evelexy1 (big blind) showed [9s 8d] and won ($9.50) with a straight, Eight to Queen, and won ($9.50) with a straight, Eight to Queen



PokerStars Hand #254513368408:  Hold'em No Limit ($0.50/$1.00 USD) - 2025/01/23 12:38:35 WET [2025/01/23 7:38:35 ET]
Table 'Rhodope IV' 6-max Seat #6 is the button
Seat 5: Supermegopro ($101.50 in chips) is sitting out
Seat 2: ptolejmus ($10 in chips) 
Seat 4: trueYes.3970 ($10 in chips) 
Seat 6: Evelexy1 ($109.50 in chips) 
ptolejmus: posts small blind $0.50
trueYes.3970: posts big blind $1
Supermegopro: sits out 
*** HOLE CARDS ***
Evelexy1: folds 
ptolejmus: raises $9 to $10 and is all-in
trueYes.3970: calls $9 and is all-in
*** FLOP *** [6c Qh 4d]
*** TURN *** [6c Qh 4d] [8c]
*** RIVER *** [6c Qh 4d 8c] [Jc]
*** SHOW DOWN ***
ptolejmus: shows [Ks Jh] (a pair of Jacks)
trueYes.3970: shows [8h Ah] (a pair of Eights)
ptolejmus collected $19 from pot
*** SUMMARY ***
Total pot $20 | Rake $1 
Board [6c Qh 4d 8c Jc]
Seat 5: Supermegopro
Seat 2: ptolejmus (small blind) showed [Ks Jh] and won ($19) with a pair of Jacks
Seat 4: trueYes.3970 (big blind) showed [8h Ah] and lost with a pair of Eights
Seat 6: Evelexy1 (button) folded before Flop (didn't bet)



PokerStars Hand #254513370476:  Hold'em No Limit ($0.50/$1.00 USD) - 2025/01/23 12:38:51 WET [2025/01/23 7:38:51 ET]
Table 'Rhodope IV' 6-max Seat #2 is the button
Seat 4: trueYes.3970 ($0 in chips) is sitting out
Seat 5: Supermegopro ($101.50 in chips) is sitting out
Seat 2: ptolejmus ($19 in chips) 
Seat 6: Evelexy1 ($109.50 in chips) 
ptolejmus: posts small blind $0.50
Evelexy1: posts big blind $1
*** HOLE CARDS ***
ptolejmus: raises $1 to $2
Evelexy1: calls $1
*** FLOP *** [2s Th Kc]
Evelexy1: checks 
ptolejmus: bets $1.03
Evelexy1: calls $1.03
*** TURN *** [2s Th Kc] [7d]
Evelexy1: checks 
ptolejmus: bets $4.32
Evelexy1: calls $4.32
*** RIVER *** [2s Th Kc 7d] [3s]
Evelexy1: checks 
ptolejmus: checks 
*** SHOW DOWN ***
Evelexy1: shows [Td 9d] (a pair of Tens)
ptolejmus: mucks hand 
Evelexy1 collected $13.96 from pot
Pon4uk.ua joins the table at seat #1 
*** SUMMARY ***
Total pot $14.70 | Rake $0.74 
Board [2s Th Kc 7d 3s]
Seat 4: trueYes.3970
Seat 5: Supermegopro
Seat 2: ptolejmus (button) (small blind) mucked
Seat 6: Evelexy1 (big blind) showed [Td 9d] and won ($13.96) with a pair of Tens



PokerStars Hand #254513373831:  Hold'em No Limit ($0.50/$1.00 USD) - 2025/01/23 12:39:18 WET [2025/01/23 7:39:18 ET]
Table 'Rhodope IV' 6-max Seat #6 is the button
Seat 1: Pon4uk.ua ($100.28 in chips) is sitting out
Seat 5: Supermegopro ($101.50 in chips) is sitting out
Seat 2: ptolejmus ($11.65 in chips) 
Seat 4: trueYes.3970 ($10 in chips) 
Seat 6: Evelexy1 ($116.11 in chips) 
ptolejmus: posts small blind $0.50
trueYes.3970: posts big blind $1
Supermegopro: sits out 
*** HOLE CARDS ***
Evelexy1: raises $115.11 to $116.11 and is all-in
ptolejmus: calls $11.15 and is all-in
trueYes.3970: folds 
Uncalled bet ($104.46) returned to Evelexy1
*** FIRST FLOP *** [2h 3h Jh]
*** FIRST TURN *** [2h 3h Jh] [Ad]
*** FIRST RIVER *** [2h 3h Jh Ad] [Ah]
*** SECOND FLOP *** [9h 8c 5s]
*** SECOND TURN *** [9h 8c 5s] [4h]
*** SECOND RIVER *** [9h 8c 5s 4h] [3d]
*** FIRST SHOW DOWN ***
ptolejmus: shows [Qc Qd] (two pair, Aces and Queens)
Evelexy1: shows [As 7s] (three of a kind, Aces)
Evelexy1 collected $11.65 from pot
*** SECOND SHOW DOWN ***
ptolejmus: shows [Qc Qd] (a pair of Queens)
Evelexy1: shows [As 7s] (high card Ace)
ptolejmus collected $11.65 from pot
*** SUMMARY ***
Total pot $24.30 | Rake $1 
Hand was run twice
FIRST Board [2h 3h Jh Ad Ah]
SECOND Board [9h 8c 5s 4h 3d]
Seat 1: Pon4uk.ua
Seat 5: Supermegopro
Seat 2: ptolejmus (small blind) showed [Qc Qd] and lost with two pair, Aces and Queens, and won ($11.65) with a pair of Queens
Seat 4: trueYes.3970 (big blind) folded before Flop
Seat 6: Evelexy1 (button) showed [As 7s] and won ($11.65) with three of a kind, Aces, and lost with high card Ace



PokerStars Hand #254513375969:  Hold'em No Limit ($0.50/$1.00 USD) - 2025/01/23 12:39:35 WET [2025/01/23 7:39:35 ET]
Table 'Rhodope IV' 6-max Seat #2 is the button
Seat 1: Pon4uk.ua ($100.28 in chips) is sitting out
Seat 2: ptolejmus ($11.65 in chips) 
Seat 4: trueYes.3970 ($9 in chips) 
Seat 5: Supermegopro ($101.50 in chips) 
Seat 6: Evelexy1 ($116.11 in chips) 
trueYes.3970: posts small blind $0.50
Supermegopro: posts big blind $1
Pon4uk.ua: sits out 
*** HOLE CARDS ***
Evelexy1: folds 
ptolejmus: folds 
trueYes.3970: calls $0.50
Supermegopro: checks 
*** FLOP *** [4d 2h Tc]
trueYes.3970: checks 
Supermegopro: checks 
*** TURN *** [4d 2h Tc] [5c]
trueYes.3970: bets $1.90
Supermegopro: calls $1.90
*** RIVER *** [4d 2h Tc 5c] [6s]
trueYes.3970: checks 
Supermegopro: bets $3.67
trueYes.3970: calls $3.67
*** SHOW DOWN ***
Supermegopro: shows [5s 6h] (two pair, Sixes and Fives)
trueYes.3970: mucks hand 
Supermegopro collected $12.48 from pot
*** SUMMARY ***
Total pot $13.14 | Rake $0.66 
Board [4d 2h Tc 5c 6s]
Seat 1: Pon4uk.ua
Seat 2: ptolejmus (button) folded before Flop (didn't bet)
Seat 4: trueYes.3970 (small blind) mucked
Seat 5: Supermegopro (big blind) showed [5s 6h] and won ($12.48) with two pair, Sixes and Fives
Seat 6: Evelexy1 folded before Flop (didn't bet)



PokerStars Hand #254513380124:  Hold'em No Limit ($0.50/$1.00 USD) - 2025/01/23 12:40:07 WET [2025/01/23 7:40:07 ET]
Table 'Rhodope IV' 6-max Seat #4 is the button
Seat 1: Pon4uk.ua ($100.28 in chips) is sitting out
Seat 2: ptolejmus ($11.65 in chips) 
Seat 4: trueYes.3970 ($2.43 in chips) 
Seat 5: Supermegopro ($107.41 in chips) 
Seat 6: Evelexy1 ($116.11 in chips) 
Supermegopro: posts small blind $0.50
Evelexy1: posts big blind $1
Pon4uk.ua: sits out 
*** HOLE CARDS ***
ptolejmus: folds 
trueYes.3970: folds 
Supermegopro: raises $2 to $3
Evelexy1: folds 
Uncalled bet ($2) returned to Supermegopro
Supermegopro collected $2 from pot
Supermegopro: doesn't show hand 
*** SUMMARY ***
Total pot $2 | Rake $0 
Seat 1: Pon4uk.ua
Seat 2: ptolejmus folded before Flop (didn't bet)
Seat 4: trueYes.3970 (button) folded before Flop (didn't bet)
Seat 5: Supermegopro (small blind) collected ($2)
Seat 6: Evelexy1 (big blind) folded before Flop



PokerStars Hand #254513381904:  Hold'em No Limit ($0.50/$1.00 USD) - 2025/01/23 12:40:21 WET [2025/01/23 7:40:21 ET]
Table 'Rhodope IV' 6-max Seat #5 is the button
Seat 1: Pon4uk.ua ($100.28 in chips) 
Seat 2: ptolejmus ($11.65 in chips) 
Seat 4: trueYes.3970 ($10.52 in chips) 
Seat 5: Supermegopro ($108.41 in chips) 
Seat 6: Evelexy1 ($115.11 in chips) 
Evelexy1: posts small blind $0.50
Pon4uk.ua: posts big blind $1
*** HOLE CARDS ***
ptolejmus: folds 
trueYes.3970: raises $1 to $2
Supermegopro: folds 
Evelexy1: folds 
Pon4uk.ua: folds 
Uncalled bet ($1) returned to trueYes.3970
trueYes.3970 collected $2.50 from pot
*** SUMMARY ***
Total pot $2.50 | Rake $0 
Seat 1: Pon4uk.ua (big blind) folded before Flop
Seat 2: ptolejmus folded before Flop (didn't bet)
Seat 4: trueYes.3970 collected ($2.50)
Seat 5: Supermegopro (button) folded before Flop (didn't bet)
Seat 6: Evelexy1 (small blind) folded before Flop



PokerStars Hand #254513383807:  Hold'em No Limit ($0.50/$1.00 USD) - 2025/01/23 12:40:35 WET [2025/01/23 7:40:35 ET]
Table 'Rhodope IV' 6-max Seat #6 is the button
Seat 2: ptolejmus ($11.65 in chips) is sitting out
Seat 1: Pon4uk.ua ($100 in chips) 
Seat 4: trueYes.3970 ($12.02 in chips) 
Seat 5: Supermegopro ($108.41 in chips) 
Seat 6: Evelexy1 ($114.61 in chips) 
Pon4uk.ua: posts small blind $0.50
ptolejmus: is sitting out 
trueYes.3970: posts big blind $1
*** HOLE CARDS ***
Supermegopro: folds 
Evelexy1: folds 
jhowjhowrk joins the table at seat #3 
Pon4uk.ua: raises $11 to $12
trueYes.3970: calls $11
*** FLOP *** [Jd Qc 9d]
Pon4uk.ua: bets $1
trueYes.3970: calls $0.02 and is all-in
Uncalled bet ($0.98) returned to Pon4uk.ua
*** TURN *** [Jd Qc 9d] [5c]
*** RIVER *** [Jd Qc 9d 5c] [Jh]
*** SHOW DOWN ***
Pon4uk.ua: shows [4d 4h] (two pair, Jacks and Fours)
trueYes.3970: shows [7d Kc] (a pair of Jacks)
Pon4uk.ua collected $23.04 from pot
*** SUMMARY ***
Total pot $24.04 | Rake $1 
Board [Jd Qc 9d 5c Jh]
Seat 2: ptolejmus
Seat 1: Pon4uk.ua (small blind) showed [4d 4h] and won ($23.04) with two pair, Jacks and Fours
Seat 4: trueYes.3970 (big blind) showed [7d Kc] and lost with a pair of Jacks
Seat 5: Supermegopro folded before Flop (didn't bet)
Seat 6: Evelexy1 (button) folded before Flop (didn't bet)



PokerStars Hand #254513386762:  Hold'em No Limit ($0.50/$1.00 USD) - 2025/01/23 12:40:58 WET [2025/01/23 7:40:58 ET]
Table 'Rhodope IV' 6-max Seat #1 is the button
Seat 2: ptolejmus ($11.65 in chips) is sitting out
Seat 3: jhowjhowrk ($88.86 in chips) is sitting out
Seat 4: trueYes.3970 ($0 in chips) is sitting out
Seat 1: Pon4uk.ua ($111.02 in chips) 
Seat 5: Supermegopro ($108.41 in chips) 
Seat 6: Evelexy1 ($114.61 in chips) 
Supermegopro: posts small blind $0.50
Evelexy1: posts big blind $1
*** HOLE CARDS ***
Pon4uk.ua: folds 
Supermegopro: raises $2 to $3
Evelexy1: calls $2
*** FLOP *** [5h Ah 3s]
Supermegopro: bets $2.85
Evelexy1: calls $2.85
*** TURN *** [5h Ah 3s] [Tc]
Supermegopro: bets $9.45
Evelexy1: calls $9.45
*** RIVER *** [5h Ah 3s Tc] [3c]
Supermegopro: checks 
Evelexy1: checks 
*** SHOW DOWN ***
Supermegopro: shows [Jc Kh] (a pair of Threes)
Evelexy1: shows [Ad 7d] (two pair, Aces and Threes)
Evelexy1 collected $29.60 from pot
*** SUMMARY ***
Total pot $30.60 | Rake $1 
Board [5h Ah 3s Tc 3c]
Seat 2: ptolejmus
Seat 3: jhowjhowrk
Seat 4: trueYes.3970
Seat 1: Pon4uk.ua (button) folded before Flop (didn't bet)
Seat 5: Supermegopro (small blind) showed [Jc Kh] and lost with a pair of Threes
Seat 6: Evelexy1 (big blind) showed [Ad 7d] and won ($29.60) with two pair, Aces and Threes



PokerStars Hand #254513390909:  Hold'em No Limit ($0.50/$1.00 USD) - 2025/01/23 12:41:30 WET [2025/01/23 7:41:30 ET]
Table 'Rhodope IV' 6-max Seat #5 is the button
Seat 2: ptolejmus ($11.65 in chips) is sitting out
Seat 3: jhowjhowrk ($88.86 in chips) is sitting out
Seat 1: Pon4uk.ua ($111.02 in chips) 
Seat 4: trueYes.3970 ($20.77 in chips) 
Seat 5: Supermegopro ($100 in chips) 
Seat 6: Evelexy1 ($128.91 in chips) 
Evelexy1: posts small blind $0.50
Pon4uk.ua: posts big blind $1
ptolejmus: sits out 
jhowjhowrk: sits out 
trueYes.3970: posts small blind $0.50
*** HOLE CARDS ***
trueYes.3970: folds 
Supermegopro: raises $3 to $4
Evelexy1: folds 
Pon4uk.ua: folds 
Uncalled bet ($3) returned to Supermegopro
Supermegopro collected $3 from pot
Supermegopro: doesn't show hand 
*** SUMMARY ***
Total pot $3 | Rake $0 
Seat 2: ptolejmus
Seat 3: jhowjhowrk
Seat 1: Pon4uk.ua (big blind) folded before Flop
Seat 4: trueYes.3970 folded before Flop (didn't bet)
Seat 5: Supermegopro (button) collected ($3)
Seat 6: Evelexy1 (small blind) folded before Flop



PokerStars Hand #254513393948:  Hold'em No Limit ($0.50/$1.00 USD) - 2025/01/23 12:41:53 WET [2025/01/23 7:41:53 ET]
Table 'Rhodope IV' 6-max Seat #6 is the button
Seat 3: jhowjhowrk ($88.86 in chips) is sitting out
Seat 1: Pon4uk.ua ($110.02 in chips) 
Seat 2: ptolejmus ($11.65 in chips) 
Seat 4: trueYes.3970 ($20.27 in chips) 
Seat 5: Supermegopro ($102 in chips) 
Seat 6: Evelexy1 ($128.41 in chips) 
Pon4uk.ua: posts small blind $0.50
ptolejmus: posts big blind $1
jhowjhowrk: sits out 
*** HOLE CARDS ***
trueYes.3970: raises $2 to $3
Supermegopro: calls $3
Evelexy1: folds 
Pon4uk.ua: folds 
ptolejmus: folds 
*** FLOP *** [Kh 2d 4c]
trueYes.3970: checks 
Supermegopro: bets $2.85
trueYes.3970: calls $2.85
*** TURN *** [Kh 2d 4c] [4d]
trueYes.3970: checks 
Supermegopro: bets $3.13
trueYes.3970: folds 
Uncalled bet ($3.13) returned to Supermegopro
Supermegopro collected $12.54 from pot
Supermegopro: doesn't show hand 
*** SUMMARY ***
Total pot $13.20 | Rake $0.66 
Board [Kh 2d 4c 4d]
Seat 3: jhowjhowrk
Seat 1: Pon4uk.ua (small blind) folded before Flop
Seat 2: ptolejmus (big blind) folded before Flop
Seat 4: trueYes.3970 folded on the Turn
Seat 5: Supermegopro collected ($12.54)
Seat 6: Evelexy1 (button) folded before Flop (didn't bet)



PokerStars Hand #254513398137:  Hold'em No Limit ($0.50/$1.00 USD) - 2025/01/23 12:42:25 WET [2025/01/23 7:42:25 ET]
Table 'Rhodope IV' 6-max Seat #1 is the button
Seat 1: Pon4uk.ua ($109.52 in chips) 
Seat 2: ptolejmus ($10.65 in chips) 
Seat 3: jhowjhowrk ($88.86 in chips) 
Seat 4: trueYes.3970 ($14.42 in chips) 
Seat 5: Supermegopro ($108.69 in chips) 
Seat 6: Evelexy1 ($128.41 in chips) 
ptolejmus: posts small blind $0.50
jhowjhowrk: posts big blind $1
*** HOLE CARDS ***
trueYes.3970: folds 
Supermegopro: folds 
Evelexy1: raises $1.50 to $2.50
Pon4uk.ua: folds 
trueYes.3970 leaves the table
ptolejmus: folds 
jhowjhowrk: calls $1.50
*** FLOP *** [Qd Qh Kd]
jhowjhowrk: checks 
Evelexy1: checks 
*** TURN *** [Qd Qh Kd] [3d]
coeeeelho joins the table at seat #4 
jhowjhowrk: checks 
Evelexy1: bets $1.74
jhowjhowrk: folds 
Uncalled bet ($1.74) returned to Evelexy1
Evelexy1 collected $5.22 from pot
Evelexy1: doesn't show hand 
*** SUMMARY ***
Total pot $5.50 | Rake $0.28 
Board [Qd Qh Kd 3d]
Seat 1: Pon4uk.ua (button) folded before Flop (didn't bet)
Seat 2: ptolejmus (small blind) folded before Flop
Seat 3: jhowjhowrk (big blind) folded on the Turn
Seat 4: trueYes.3970 folded before Flop (didn't bet)
Seat 5: Supermegopro folded before Flop (didn't bet)
Seat 6: Evelexy1 collected ($5.22)



PokerStars Hand #254513404115:  Hold'em No Limit ($0.50/$1.00 USD) - 2025/01/23 12:43:11 WET [2025/01/23 7:43:11 ET]
Table 'Rhodope IV' 6-max Seat #2 is the button
Seat 1: Pon4uk.ua ($109.52 in chips) 
Seat 2: ptolejmus ($10.15 in chips) 
Seat 3: jhowjhowrk ($86.36 in chips) 
Seat 4: coeeeelho ($100 in chips) 
Seat 5: Supermegopro ($108.69 in chips) 
Seat 6: Evelexy1 ($131.13 in chips) 
jhowjhowrk: posts small blind $0.50
coeeeelho: posts big blind $1
*** HOLE CARDS ***
Supermegopro: raises $1.50 to $2.50
Evelexy1: folds 
Pon4uk.ua: folds 
ptolejmus: folds 
jhowjhowrk: raises $7.50 to $10
coeeeelho: folds 
Supermegopro: calls $7.50
*** FLOP *** [8s 5h 4s]
jhowjhowrk: checks 
Supermegopro: checks 
*** TURN *** [8s 5h 4s] [2c]
jhowjhowrk: bets $5
Supermegopro: calls $5
*** RIVER *** [8s 5h 4s 2c] [Ah]
jhowjhowrk: checks 
Supermegopro: checks 
*** SHOW DOWN ***
jhowjhowrk: shows [Kd 7s] (high card Ace)
Supermegopro: mucks hand 
jhowjhowrk collected $29.45 from pot
*** SUMMARY ***
Total pot $31 | Rake $1.55 
Board [8s 5h 4s 2c Ah]
Seat 1: Pon4uk.ua folded before Flop (didn't bet)
Seat 2: ptolejmus (button) folded before Flop (didn't bet)
Seat 3: jhowjhowrk (small blind) showed [Kd 7s] and won ($29.45) with high card Ace
Seat 4: coeeeelho (big blind) folded before Flop
Seat 5: Supermegopro mucked
Seat 6: Evelexy1 folded before Flop (didn't bet)



PokerStars Hand #254513413630:  Hold'em No Limit ($0.50/$1.00 USD) - 2025/01/23 12:44:22 WET [2025/01/23 7:44:22 ET]
Table 'Rhodope IV' 6-max Seat #3 is the button
Seat 1: Pon4uk.ua ($109.52 in chips) 
Seat 2: ptolejmus ($10.15 in chips) 
Seat 3: jhowjhowrk ($100.81 in chips) 
Seat 4: coeeeelho ($100 in chips) 
Seat 5: Supermegopro ($100 in chips) 
Seat 6: Evelexy1 ($131.13 in chips) 
coeeeelho: posts small blind $0.50
Supermegopro: posts big blind $1
*** HOLE CARDS ***
Evelexy1: folds 
Pon4uk.ua: folds 
ptolejmus: folds 
jhowjhowrk: raises $1 to $2
coeeeelho: folds 
Supermegopro: calls $1
*** FLOP *** [6d Qs Td]
Supermegopro: checks 
jhowjhowrk: checks 
*** TURN *** [6d Qs Td] [5h]
Supermegopro: bets $8.56
jhowjhowrk: folds 
Uncalled bet ($8.56) returned to Supermegopro
Supermegopro collected $4.28 from pot
Supermegopro: doesn't show hand 
*** SUMMARY ***
Total pot $4.50 | Rake $0.22 
Board [6d Qs Td 5h]
Seat 1: Pon4uk.ua folded before Flop (didn't bet)
Seat 2: ptolejmus folded before Flop (didn't bet)
Seat 3: jhowjhowrk (button) folded on the Turn
Seat 4: coeeeelho (small blind) folded before Flop
Seat 5: Supermegopro (big blind) collected ($4.28)
Seat 6: Evelexy1 folded before Flop (didn't bet)



PokerStars Hand #254513420451:  Hold'em No Limit ($0.50/$1.00 USD) - 2025/01/23 12:45:13 WET [2025/01/23 7:45:13 ET]
Table 'Rhodope IV' 6-max Seat #4 is the button
Seat 1: Pon4uk.ua ($109.52 in chips) 
Seat 2: ptolejmus ($10.15 in chips) 
Seat 3: jhowjhowrk ($98.81 in chips) 
Seat 4: coeeeelho ($100 in chips) 
Seat 5: Supermegopro ($102.28 in chips) 
Seat 6: Evelexy1 ($131.13 in chips) 
Supermegopro: posts small blind $0.50
Evelexy1: posts big blind $1
*** HOLE CARDS ***
Pon4uk.ua: folds 
ptolejmus: folds 
jhowjhowrk: raises $4 to $5
coeeeelho: folds 
Supermegopro: folds 
Evelexy1: folds 
Uncalled bet ($4) returned to jhowjhowrk
jhowjhowrk collected $2.50 from pot
jhowjhowrk: doesn't show hand 
*** SUMMARY ***
Total pot $2.50 | Rake $0 
Seat 1: Pon4uk.ua folded before Flop (didn't bet)
Seat 2: ptolejmus folded before Flop (didn't bet)
Seat 3: jhowjhowrk collected ($2.50)
Seat 4: coeeeelho (button) folded before Flop (didn't bet)
Seat 5: Supermegopro (small blind) folded before Flop
Seat 6: Evelexy1 (big blind) folded before Flop



PokerStars Hand #254513422931:  Hold'em No Limit ($0.50/$1.00 USD) - 2025/01/23 12:45:31 WET [2025/01/23 7:45:31 ET]
Table 'Rhodope IV' 6-max Seat #5 is the button
Seat 1: Pon4uk.ua ($109.52 in chips) 
Seat 2: ptolejmus ($10.15 in chips) 
Seat 3: jhowjhowrk ($100.31 in chips) 
Seat 4: coeeeelho ($100 in chips) 
Seat 5: Supermegopro ($101.78 in chips) 
Seat 6: Evelexy1 ($130.13 in chips) 
Evelexy1: posts small blind $0.50
Pon4uk.ua: posts big blind $1
*** HOLE CARDS ***
ptolejmus: folds 
jhowjhowrk: folds 
coeeeelho: folds 
Supermegopro: raises $2 to $3
Evelexy1: folds 
Pon4uk.ua: calls $2
*** FLOP *** [9c 4h 4d]
Pon4uk.ua: checks 
Supermegopro: bets $5
Pon4uk.ua: folds 
Uncalled bet ($5) returned to Supermegopro
Supermegopro collected $6.18 from pot
Supermegopro: doesn't show hand 
*** SUMMARY ***
Total pot $6.50 | Rake $0.32 
Board [9c 4h 4d]
Seat 1: Pon4uk.ua (big blind) folded on the Flop
Seat 2: ptolejmus folded before Flop (didn't bet)
Seat 3: jhowjhowrk folded before Flop (didn't bet)
Seat 4: coeeeelho folded before Flop (didn't bet)
Seat 5: Supermegopro (button) collected ($6.18)
Seat 6: Evelexy1 (small blind) folded before Flop



PokerStars Hand #254513429157:  Hold'em No Limit ($0.50/$1.00 USD) - 2025/01/23 12:46:18 WET [2025/01/23 7:46:18 ET]
Table 'Rhodope IV' 6-max Seat #6 is the button
Seat 1: Pon4uk.ua ($106.52 in chips) 
Seat 2: ptolejmus ($10.15 in chips) 
Seat 3: jhowjhowrk ($100.31 in chips) 
Seat 4: coeeeelho ($100 in chips) 
Seat 5: Supermegopro ($104.96 in chips) 
Seat 6: Evelexy1 ($129.63 in chips) 
Pon4uk.ua: posts small blind $0.50
ptolejmus: posts big blind $1
*** HOLE CARDS ***
jhowjhowrk: folds 
coeeeelho: raises $1.20 to $2.20
Supermegopro: folds 
Evelexy1: folds 
Pon4uk.ua: folds 
ptolejmus: folds 
Uncalled bet ($1.20) returned to coeeeelho
coeeeelho collected $2.50 from pot
*** SUMMARY ***
Total pot $2.50 | Rake $0 
Seat 1: Pon4uk.ua (small blind) folded before Flop
Seat 2: ptolejmus (big blind) folded before Flop
Seat 3: jhowjhowrk folded before Flop (didn't bet)
Seat 4: coeeeelho collected ($2.50)
Seat 5: Supermegopro folded before Flop (didn't bet)
Seat 6: Evelexy1 (button) folded before Flop (didn't bet)



PokerStars Hand #254513434908:  Hold'em No Limit ($0.50/$1.00 USD) - 2025/01/23 12:47:00 WET [2025/01/23 7:47:00 ET]
Table 'Rhodope IV' 6-max Seat #1 is the button
Seat 1: Pon4uk.ua ($106.02 in chips) 
Seat 2: ptolejmus ($10 in chips) 
Seat 3: jhowjhowrk ($100.31 in chips) 
Seat 4: coeeeelho ($101.50 in chips) 
Seat 5: Supermegopro ($104.96 in chips) 
Seat 6: Evelexy1 ($129.63 in chips) 
ptolejmus: posts small blind $0.50
jhowjhowrk: posts big blind $1
*** HOLE CARDS ***
coeeeelho: folds 
Supermegopro: folds 
Evelexy1: raises $1.50 to $2.50
Pon4uk.ua: folds 
ptolejmus: folds 
jhowjhowrk: calls $1.50
*** FLOP *** [Kh 5h 5c]
jhowjhowrk: checks 
Evelexy1: bets $1.74
jhowjhowrk: calls $1.74
*** TURN *** [Kh 5h 5c] [8c]
jhowjhowrk: bets $5
Evelexy1: folds 
Uncalled bet ($5) returned to jhowjhowrk
jhowjhowrk collected $8.53 from pot
jhowjhowrk: doesn't show hand 
*** SUMMARY ***
Total pot $8.98 | Rake $0.45 
Board [Kh 5h 5c 8c]
Seat 1: Pon4uk.ua (button) folded before Flop (didn't bet)
Seat 2: ptolejmus (small blind) folded before Flop
Seat 3: jhowjhowrk (big blind) collected ($8.53)
Seat 4: coeeeelho folded before Flop (didn't bet)
Seat 5: Supermegopro folded before Flop (didn't bet)
Seat 6: Evelexy1 folded on the Turn



PokerStars Hand #254513441343:  Hold'em No Limit ($0.50/$1.00 USD) - 2025/01/23 12:47:48 WET [2025/01/23 7:47:48 ET]
Table 'Rhodope IV' 6-max Seat #2 is the button
Seat 1: Pon4uk.ua ($106.02 in chips) 
Seat 2: ptolejmus ($10 in chips) 
Seat 3: jhowjhowrk ($104.60 in chips) 
Seat 4: coeeeelho ($101.50 in chips) 
Seat 5: Supermegopro ($104.96 in chips) 
Seat 6: Evelexy1 ($125.39 in chips) 
jhowjhowrk: posts small blind $0.50
coeeeelho: posts big blind $1
*** HOLE CARDS ***
Supermegopro: folds 
Evelexy1: folds 
Pon4uk.ua: folds 
ptolejmus: folds 
jhowjhowrk: calls $0.50
coeeeelho: checks 
*** FLOP *** [4d Ac 6c]
jhowjhowrk: checks 
coeeeelho: bets $1
jhowjhowrk: calls $1
*** TURN *** [4d Ac 6c] [Ad]
jhowjhowrk: checks 
coeeeelho: checks 
*** RIVER *** [4d Ac 6c Ad] [5h]
jhowjhowrk: bets $4
coeeeelho: folds 
Uncalled bet ($4) returned to jhowjhowrk
jhowjhowrk collected $3.80 from pot
jhowjhowrk: doesn't show hand 
*** SUMMARY ***
Total pot $4 | Rake $0.20 
Board [4d Ac 6c Ad 5h]
Seat 1: Pon4uk.ua folded before Flop (didn't bet)
Seat 2: ptolejmus (button) folded before Flop (didn't bet)
Seat 3: jhowjhowrk (small blind) collected ($3.80)
Seat 4: coeeeelho (big blind) folded on the River
Seat 5: Supermegopro folded before Flop (didn't bet)
Seat 6: Evelexy1 folded before Flop (didn't bet)



PokerStars Hand #254513450380:  Hold'em No Limit ($0.50/$1.00 USD) - 2025/01/23 12:48:55 WET [2025/01/23 7:48:55 ET]
Table 'Rhodope IV' 6-max Seat #3 is the button
Seat 1: Pon4uk.ua ($106.02 in chips) 
Seat 2: ptolejmus ($10 in chips) 
Seat 3: jhowjhowrk ($106.40 in chips) 
Seat 4: coeeeelho ($100 in chips) 
Seat 5: Supermegopro ($104.96 in chips) 
Seat 6: Evelexy1 ($125.39 in chips) 
coeeeelho: posts small blind $0.50
Supermegopro: posts big blind $1
*** HOLE CARDS ***
Evelexy1: folds 
Pon4uk.ua: folds 
ptolejmus: folds 
jhowjhowrk: calls $1
coeeeelho: raises $3.20 to $4.20
Supermegopro: folds 
jhowjhowrk: folds 
Uncalled bet ($3.20) returned to coeeeelho
coeeeelho collected $3 from pot
*** SUMMARY ***
Total pot $3 | Rake $0 
Seat 1: Pon4uk.ua folded before Flop (didn't bet)
Seat 2: ptolejmus folded before Flop (didn't bet)
Seat 3: jhowjhowrk (button) folded before Flop
Seat 4: coeeeelho (small blind) collected ($3)
Seat 5: Supermegopro (big blind) folded before Flop
Seat 6: Evelexy1 folded before Flop (didn't bet)



PokerStars Hand #254513453530:  Hold'em No Limit ($0.50/$1.00 USD) - 2025/01/23 12:49:18 WET [2025/01/23 7:49:18 ET]
Table 'Rhodope IV' 6-max Seat #4 is the button
Seat 1: Pon4uk.ua ($106.02 in chips) 
Seat 2: ptolejmus ($10 in chips) 
Seat 3: jhowjhowrk ($105.40 in chips) 
Seat 4: coeeeelho ($102 in chips) 
Seat 5: Supermegopro ($103.96 in chips) 
Seat 6: Evelexy1 ($125.39 in chips) 
Supermegopro: posts small blind $0.50
Evelexy1: posts big blind $1
*** HOLE CARDS ***
Pon4uk.ua: folds 
ptolejmus: folds 
jhowjhowrk: folds 
coeeeelho: raises $1.50 to $2.50
Supermegopro: folds 
Evelexy1: folds 
Uncalled bet ($1.50) returned to coeeeelho
coeeeelho collected $2.50 from pot
*** SUMMARY ***
Total pot $2.50 | Rake $0 
Seat 1: Pon4uk.ua folded before Flop (didn't bet)
Seat 2: ptolejmus folded before Flop (didn't bet)
Seat 3: jhowjhowrk folded before Flop (didn't bet)
Seat 4: coeeeelho (button) collected ($2.50)
Seat 5: Supermegopro (small blind) folded before Flop
Seat 6: Evelexy1 (big blind) folded before Flop



PokerStars Hand #254513456231:  Hold'em No Limit ($0.50/$1.00 USD) - 2025/01/23 12:49:38 WET [2025/01/23 7:49:38 ET]
Table 'Rhodope IV' 6-max Seat #5 is the button
Seat 1: Pon4uk.ua ($106.02 in chips) 
Seat 2: ptolejmus ($10 in chips) 
Seat 3: jhowjhowrk ($105.40 in chips) 
Seat 4: coeeeelho ($103.50 in chips) 
Seat 5: Supermegopro ($103.46 in chips) 
Seat 6: Evelexy1 ($124.39 in chips) 
Evelexy1: posts small blind $0.50
Pon4uk.ua: posts big blind $1
*** HOLE CARDS ***
ptolejmus: folds 
jhowjhowrk: raises $4 to $5
coeeeelho: folds 
Supermegopro: folds 
Evelexy1: folds 
Pon4uk.ua: folds 
Uncalled bet ($4) returned to jhowjhowrk
jhowjhowrk collected $2.50 from pot
jhowjhowrk: doesn't show hand 
*** SUMMARY ***
Total pot $2.50 | Rake $0 
Seat 1: Pon4uk.ua (big blind) folded before Flop
Seat 2: ptolejmus folded before Flop (didn't bet)
Seat 3: jhowjhowrk collected ($2.50)
Seat 4: coeeeelho folded before Flop (didn't bet)
Seat 5: Supermegopro (button) folded before Flop (didn't bet)
Seat 6: Evelexy1 (small blind) folded before Flop



PokerStars Hand #254513460586:  Hold'em No Limit ($0.50/$1.00 USD) - 2025/01/23 12:50:09 WET [2025/01/23 7:50:09 ET]
Table 'Rhodope IV' 6-max Seat #6 is the button
Seat 1: Pon4uk.ua ($105.02 in chips) 
Seat 2: ptolejmus ($10 in chips) 
Seat 3: jhowjhowrk ($106.90 in chips) 
Seat 4: coeeeelho ($103.50 in chips) 
Seat 5: Supermegopro ($103.46 in chips) 
Seat 6: Evelexy1 ($123.89 in chips) 
Pon4uk.ua: posts small blind $0.50
ptolejmus: posts big blind $1
*** HOLE CARDS ***
jhowjhowrk: calls $1
coeeeelho: folds 
Supermegopro: folds 
Evelexy1: folds 
Pon4uk.ua: raises $4 to $5
ptolejmus: folds 
jhowjhowrk: folds 
Uncalled bet ($4) returned to Pon4uk.ua
Pon4uk.ua collected $3 from pot
Pon4uk.ua: doesn't show hand 
*** SUMMARY ***
Total pot $3 | Rake $0 
Seat 1: Pon4uk.ua (small blind) collected ($3)
Seat 2: ptolejmus (big blind) folded before Flop
Seat 3: jhowjhowrk folded before Flop
Seat 4: coeeeelho folded before Flop (didn't bet)
Seat 5: Supermegopro folded before Flop (didn't bet)
Seat 6: Evelexy1 (button) folded before Flop (didn't bet)



PokerStars Hand #254513463167:  Hold'em No Limit ($0.50/$1.00 USD) - 2025/01/23 12:50:28 WET [2025/01/23 7:50:28 ET]
Table 'Rhodope IV' 6-max Seat #1 is the button
Seat 1: Pon4uk.ua ($107.02 in chips) 
Seat 2: ptolejmus ($10 in chips) 
Seat 3: jhowjhowrk ($105.90 in chips) 
Seat 4: coeeeelho ($103.50 in chips) 
Seat 5: Supermegopro ($103.46 in chips) 
Seat 6: Evelexy1 ($123.89 in chips) 
ptolejmus: posts small blind $0.50
jhowjhowrk: posts big blind $1
*** HOLE CARDS ***
coeeeelho: folds 
Supermegopro: folds 
Evelexy1: folds 
Pon4uk.ua: raises $1.50 to $2.50
ptolejmus: folds 
jhowjhowrk: calls $1.50
*** FLOP *** [9d 7s 3h]
jhowjhowrk: checks 
Pon4uk.ua: bets $1.72
jhowjhowrk: folds 
Uncalled bet ($1.72) returned to Pon4uk.ua
Pon4uk.ua collected $5.22 from pot
Pon4uk.ua: doesn't show hand 
*** SUMMARY ***
Total pot $5.50 | Rake $0.28 
Board [9d 7s 3h]
Seat 1: Pon4uk.ua (button) collected ($5.22)
Seat 2: ptolejmus (small blind) folded before Flop
Seat 3: jhowjhowrk (big blind) folded on the Flop
Seat 4: coeeeelho folded before Flop (didn't bet)
Seat 5: Supermegopro folded before Flop (didn't bet)
Seat 6: Evelexy1 folded before Flop (didn't bet)



PokerStars Hand #254513467681:  Hold'em No Limit ($0.50/$1.00 USD) - 2025/01/23 12:51:01 WET [2025/01/23 7:51:01 ET]
Table 'Rhodope IV' 6-max Seat #2 is the button
Seat 1: Pon4uk.ua ($109.74 in chips) 
Seat 2: ptolejmus ($10 in chips) 
Seat 3: jhowjhowrk ($103.40 in chips) 
Seat 4: coeeeelho ($103.50 in chips) 
Seat 5: Supermegopro ($103.46 in chips) 
Seat 6: Evelexy1 ($123.89 in chips) 
jhowjhowrk: posts small blind $0.50
coeeeelho: posts big blind $1
*** HOLE CARDS ***
Supermegopro: folds 
Evelexy1: folds 
Supermegopro leaves the table
Pon4uk.ua: folds 
ptolejmus: raises $1 to $2
jhowjhowrk: calls $1.50
Pippa83 joins the table at seat #5 
coeeeelho: folds 
*** FLOP *** [Jc 6c Kc]
jhowjhowrk: bets $3
ptolejmus: raises $5 to $8 and is all-in
jhowjhowrk: calls $5
*** TURN *** [Jc 6c Kc] [4h]
*** RIVER *** [Jc 6c Kc 4h] [3s]
*** SHOW DOWN ***
jhowjhowrk: shows [8c Ad] (high card Ace)
ptolejmus: shows [9s Kh] (a pair of Kings)
ptolejmus collected $19.95 from pot
jhowjhowrk cashed out the hand for $8.48 | Cash Out Fee $0.17
*** SUMMARY ***
Total pot $21 | Rake $1.05 
Board [Jc 6c Kc 4h 3s]
Seat 1: Pon4uk.ua folded before Flop (didn't bet)
Seat 2: ptolejmus (button) showed [9s Kh] and won ($19.95) with a pair of Kings
Seat 3: jhowjhowrk (small blind) showed [8c Ad] and lost with high card Ace (cashed out).
Seat 4: coeeeelho (big blind) folded before Flop
Seat 5: Supermegopro folded before Flop (didn't bet)
Seat 6: Evelexy1 folded before Flop (didn't bet)



PokerStars Hand #254513476199:  Hold'em No Limit ($0.50/$1.00 USD) - 2025/01/23 12:52:04 WET [2025/01/23 7:52:04 ET]
Table 'Rhodope IV' 6-max Seat #3 is the button
Seat 1: Pon4uk.ua ($109.74 in chips) 
Seat 2: ptolejmus ($19.95 in chips) 
Seat 3: jhowjhowrk ($101.88 in chips) 
Seat 4: coeeeelho ($102.50 in chips) 
Seat 5: Pippa83 ($100 in chips) 
Seat 6: Evelexy1 ($123.89 in chips) 
coeeeelho: posts small blind $0.50
Pippa83: posts big blind $1
*** HOLE CARDS ***
Evelexy1: folds 
Pon4uk.ua: raises $1 to $2
ptolejmus: raises $17.95 to $19.95 and is all-in
jhowjhowrk: folds 
coeeeelho: folds 
Pippa83: folds 
Pon4uk.ua: calls $17.95
*** FIRST FLOP *** [6h 5h Qd]
*** FIRST TURN *** [6h 5h Qd] [4c]
*** FIRST RIVER *** [6h 5h Qd 4c] [Th]
*** SECOND FLOP *** [8d 2d 9s]
*** SECOND TURN *** [8d 2d 9s] [9d]
*** SECOND RIVER *** [8d 2d 9s 9d] [2c]
*** FIRST SHOW DOWN ***
Pon4uk.ua: shows [Ac As] (a pair of Aces)
ptolejmus: shows [Ks Ad] (high card Ace)
Pon4uk.ua collected $19.67 from pot
*** SECOND SHOW DOWN ***
Pon4uk.ua: shows [Ac As] (two pair, Aces and Nines)
ptolejmus: shows [Ks Ad] (two pair, Nines and Deuces)
Pon4uk.ua collected $19.66 from pot
*** SUMMARY ***
Total pot $41.40 | Rake $2.07 
Hand was run twice
FIRST Board [6h 5h Qd 4c Th]
SECOND Board [8d 2d 9s 9d 2c]
Seat 1: Pon4uk.ua showed [Ac As] and won ($19.67) with a pair of Aces, and won ($19.66) with two pair, Aces and Nines
Seat 2: ptolejmus showed [Ks Ad] and lost with high card Ace, and lost with two pair, Nines and Deuces
Seat 3: jhowjhowrk (button) folded before Flop (didn't bet)
Seat 4: coeeeelho (small blind) folded before Flop
Seat 5: Pippa83 (big blind) folded before Flop
Seat 6: Evelexy1 folded before Flop (didn't bet)



PokerStars Hand #254513481165:  Hold'em No Limit ($0.50/$1.00 USD) - 2025/01/23 12:52:39 WET [2025/01/23 7:52:39 ET]
Table 'Rhodope IV' 6-max Seat #4 is the button
Seat 1: Pon4uk.ua ($129.12 in chips) 
Seat 2: ptolejmus ($10 in chips) 
Seat 3: jhowjhowrk ($101.88 in chips) 
Seat 4: coeeeelho ($102 in chips) 
Seat 5: Pippa83 ($100 in chips) 
Seat 6: Evelexy1 ($123.89 in chips) 
Pippa83: posts small blind $0.50
Evelexy1: posts big blind $1
*** HOLE CARDS ***
Pon4uk.ua: folds 
ptolejmus: folds 
jhowjhowrk: raises $1 to $2
coeeeelho: folds 
Pippa83: folds 
Evelexy1: folds 
Uncalled bet ($1) returned to jhowjhowrk
jhowjhowrk collected $2.50 from pot
jhowjhowrk: doesn't show hand 
*** SUMMARY ***
Total pot $2.50 | Rake $0 
Seat 1: Pon4uk.ua folded before Flop (didn't bet)
Seat 2: ptolejmus folded before Flop (didn't bet)
Seat 3: jhowjhowrk collected ($2.50)
Seat 4: coeeeelho (button) folded before Flop (didn't bet)
Seat 5: Pippa83 (small blind) folded before Flop
Seat 6: Evelexy1 (big blind) folded before Flop



PokerStars Hand #254513483562:  Hold'em No Limit ($0.50/$1.00 USD) - 2025/01/23 12:52:57 WET [2025/01/23 7:52:57 ET]
Table 'Rhodope IV' 6-max Seat #5 is the button
Seat 1: Pon4uk.ua ($129.12 in chips) 
Seat 2: ptolejmus ($10 in chips) 
Seat 3: jhowjhowrk ($103.38 in chips) 
Seat 4: coeeeelho ($102 in chips) 
Seat 5: Pippa83 ($100 in chips) 
Seat 6: Evelexy1 ($122.89 in chips) 
Evelexy1: posts small blind $0.50
Pon4uk.ua: posts big blind $1
*** HOLE CARDS ***
ptolejmus: folds 
jhowjhowrk: raises $2 to $3
coeeeelho: folds 
Pippa83: folds 
Evelexy1: folds 
Pon4uk.ua: calls $2
*** FLOP *** [Kh 2s 3c]
Pon4uk.ua: checks 
jhowjhowrk: bets $3
Pon4uk.ua: folds 
Uncalled bet ($3) returned to jhowjhowrk
jhowjhowrk collected $6.18 from pot
jhowjhowrk: doesn't show hand 
*** SUMMARY ***
Total pot $6.50 | Rake $0.32 
Board [Kh 2s 3c]
Seat 1: Pon4uk.ua (big blind) folded on the Flop
Seat 2: ptolejmus folded before Flop (didn't bet)
Seat 3: jhowjhowrk collected ($6.18)
Seat 4: coeeeelho folded before Flop (didn't bet)
Seat 5: Pippa83 (button) folded before Flop (didn't bet)
Seat 6: Evelexy1 (small blind) folded before Flop



PokerStars Hand #254513487375:  Hold'em No Limit ($0.50/$1.00 USD) - 2025/01/23 12:53:25 WET [2025/01/23 7:53:25 ET]
Table 'Rhodope IV' 6-max Seat #6 is the button
Seat 1: Pon4uk.ua ($126.12 in chips) 
Seat 2: ptolejmus ($10 in chips) 
Seat 3: jhowjhowrk ($106.56 in chips) 
Seat 4: coeeeelho ($102 in chips) 
Seat 5: Pippa83 ($100 in chips) 
Seat 6: Evelexy1 ($122.39 in chips) 
Pon4uk.ua: posts small blind $0.50
ptolejmus: posts big blind $1
*** HOLE CARDS ***
jhowjhowrk: folds 
coeeeelho: raises $1.20 to $2.20
Pippa83: folds 
Evelexy1: folds 
Pon4uk.ua: folds 
ptolejmus: raises $7.80 to $10 and is all-in
coeeeelho: folds 
Uncalled bet ($7.80) returned to ptolejmus
ptolejmus collected $4.90 from pot
*** SUMMARY ***
Total pot $4.90 | Rake $0 
Seat 1: Pon4uk.ua (small blind) folded before Flop
Seat 2: ptolejmus (big blind) collected ($4.90)
Seat 3: jhowjhowrk folded before Flop (didn't bet)
Seat 4: coeeeelho folded before Flop
Seat 5: Pippa83 folded before Flop (didn't bet)
Seat 6: Evelexy1 (button) folded before Flop (didn't bet)



PokerStars Hand #254513490722:  Hold'em No Limit ($0.50/$1.00 USD) - 2025/01/23 12:53:50 WET [2025/01/23 7:53:50 ET]
Table 'Rhodope IV' 6-max Seat #1 is the button
Seat 1: Pon4uk.ua ($125.62 in chips) 
Seat 2: ptolejmus ($12.70 in chips) 
Seat 3: jhowjhowrk ($106.56 in chips) 
Seat 4: coeeeelho ($100 in chips) 
Seat 5: Pippa83 ($100 in chips) 
Seat 6: Evelexy1 ($122.39 in chips) 
ptolejmus: posts small blind $0.50
jhowjhowrk: posts big blind $1
*** HOLE CARDS ***
coeeeelho: folds 
Pippa83: raises $1.20 to $2.20
Evelexy1: folds 
Pon4uk.ua: folds 
ptolejmus: folds 
jhowjhowrk: folds 
Uncalled bet ($1.20) returned to Pippa83
Pippa83 collected $2.50 from pot
Pippa83: doesn't show hand 
*** SUMMARY ***
Total pot $2.50 | Rake $0 
Seat 1: Pon4uk.ua (button) folded before Flop (didn't bet)
Seat 2: ptolejmus (small blind) folded before Flop
Seat 3: jhowjhowrk (big blind) folded before Flop
Seat 4: coeeeelho folded before Flop (didn't bet)
Seat 5: Pippa83 collected ($2.50)
Seat 6: Evelexy1 folded before Flop (didn't bet)



PokerStars Hand #254513492817:  Hold'em No Limit ($0.50/$1.00 USD) - 2025/01/23 12:54:05 WET [2025/01/23 7:54:05 ET]
Table 'Rhodope IV' 6-max Seat #2 is the button
Seat 1: Pon4uk.ua ($125.62 in chips) 
Seat 2: ptolejmus ($12.20 in chips) 
Seat 3: jhowjhowrk ($105.56 in chips) 
Seat 4: coeeeelho ($100 in chips) 
Seat 5: Pippa83 ($101.50 in chips) 
Seat 6: Evelexy1 ($122.39 in chips) 
jhowjhowrk: posts small blind $0.50
coeeeelho: posts big blind $1
*** HOLE CARDS ***
Pippa83: folds 
Evelexy1: folds 
Pon4uk.ua: folds 
ptolejmus: folds 
jhowjhowrk: raises $1 to $2
coeeeelho: folds 
Uncalled bet ($1) returned to jhowjhowrk
jhowjhowrk collected $2 from pot
jhowjhowrk: doesn't show hand 
*** SUMMARY ***
Total pot $2 | Rake $0 
Seat 1: Pon4uk.ua folded before Flop (didn't bet)
Seat 2: ptolejmus (button) folded before Flop (didn't bet)
Seat 3: jhowjhowrk (small blind) collected ($2)
Seat 4: coeeeelho (big blind) folded before Flop
Seat 5: Pippa83 folded before Flop (didn't bet)
Seat 6: Evelexy1 folded before Flop (didn't bet)



PokerStars Hand #254513494368:  Hold'em No Limit ($0.50/$1.00 USD) - 2025/01/23 12:54:17 WET [2025/01/23 7:54:17 ET]
Table 'Rhodope IV' 6-max Seat #3 is the button
Seat 1: Pon4uk.ua ($125.62 in chips) 
Seat 2: ptolejmus ($12.20 in chips) 
Seat 3: jhowjhowrk ($106.56 in chips) 
Seat 4: coeeeelho ($100 in chips) 
Seat 5: Pippa83 ($101.50 in chips) 
Seat 6: Evelexy1 ($122.39 in chips) 
coeeeelho: posts small blind $0.50
Pippa83: posts big blind $1
*** HOLE CARDS ***
Evelexy1: folds 
Pon4uk.ua: folds 
ptolejmus: folds 
jhowjhowrk: calls $1
coeeeelho: folds 
Pippa83: raises $4 to $5
jhowjhowrk: folds 
Uncalled bet ($4) returned to Pippa83
Pippa83 collected $2.50 from pot
Pippa83: doesn't show hand 
*** SUMMARY ***
Total pot $2.50 | Rake $0 
Seat 1: Pon4uk.ua folded before Flop (didn't bet)
Seat 2: ptolejmus folded before Flop (didn't bet)
Seat 3: jhowjhowrk (button) folded before Flop
Seat 4: coeeeelho (small blind) folded before Flop
Seat 5: Pippa83 (big blind) collected ($2.50)
Seat 6: Evelexy1 folded before Flop (didn't bet)



PokerStars Hand #254513497440:  Hold'em No Limit ($0.50/$1.00 USD) - 2025/01/23 12:54:40 WET [2025/01/23 7:54:40 ET]
Table 'Rhodope IV' 6-max Seat #4 is the button
Seat 1: Pon4uk.ua ($125.62 in chips) 
Seat 2: ptolejmus ($12.20 in chips) 
Seat 3: jhowjhowrk ($105.56 in chips) 
Seat 4: coeeeelho ($100 in chips) 
Seat 5: Pippa83 ($103 in chips) 
Seat 6: Evelexy1 ($122.39 in chips) 
Pippa83: posts small blind $0.50
Evelexy1: posts big blind $1
*** HOLE CARDS ***
Pon4uk.ua: folds 
ptolejmus: folds 
jhowjhowrk: folds 
coeeeelho: folds 
Pippa83: raises $2 to $3
Evelexy1: calls $2
*** FLOP *** [Ks Kd 4d]
Pippa83: bets $1.43
Evelexy1: folds 
Uncalled bet ($1.43) returned to Pippa83
Pippa83 collected $5.70 from pot
Pippa83: doesn't show hand 
*** SUMMARY ***
Total pot $6 | Rake $0.30 
Board [Ks Kd 4d]
Seat 1: Pon4uk.ua folded before Flop (didn't bet)
Seat 2: ptolejmus folded before Flop (didn't bet)
Seat 3: jhowjhowrk folded before Flop (didn't bet)
Seat 4: coeeeelho (button) folded before Flop (didn't bet)
Seat 5: Pippa83 (small blind) collected ($5.70)
Seat 6: Evelexy1 (big blind) folded on the Flop



PokerStars Hand #254513500430:  Hold'em No Limit ($0.50/$1.00 USD) - 2025/01/23 12:55:02 WET [2025/01/23 7:55:02 ET]
Table 'Rhodope IV' 6-max Seat #5 is the button
Seat 1: Pon4uk.ua ($125.62 in chips) 
Seat 2: ptolejmus ($12.20 in chips) 
Seat 3: jhowjhowrk ($105.56 in chips) 
Seat 4: coeeeelho ($100 in chips) 
Seat 5: Pippa83 ($105.70 in chips) 
Seat 6: Evelexy1 ($119.39 in chips) 
Evelexy1: posts small blind $0.50
Pon4uk.ua: posts big blind $1
*** HOLE CARDS ***
ptolejmus: folds 
jhowjhowrk: raises $1 to $2
coeeeelho: folds 
Pippa83: folds 
Evelexy1: folds 
Pon4uk.ua: calls $1
*** FLOP *** [Ac Ad 6s]
Pon4uk.ua: checks 
jhowjhowrk: checks 
*** TURN *** [Ac Ad 6s] [Ts]
Pon4uk.ua: checks 
jhowjhowrk: bets $2
Pon4uk.ua: folds 
Uncalled bet ($2) returned to jhowjhowrk
jhowjhowrk collected $4.28 from pot
jhowjhowrk: doesn't show hand 
*** SUMMARY ***
Total pot $4.50 | Rake $0.22 
Board [Ac Ad 6s Ts]
Seat 1: Pon4uk.ua (big blind) folded on the Turn
Seat 2: ptolejmus folded before Flop (didn't bet)
Seat 3: jhowjhowrk collected ($4.28)
Seat 4: coeeeelho folded before Flop (didn't bet)
Seat 5: Pippa83 (button) folded before Flop (didn't bet)
Seat 6: Evelexy1 (small blind) folded before Flop



PokerStars Hand #254513504275:  Hold'em No Limit ($0.50/$1.00 USD) - 2025/01/23 12:55:37 WET [2025/01/23 7:55:37 ET]
Table 'Rhodope IV' 6-max Seat #6 is the button
Seat 1: Pon4uk.ua ($123.62 in chips) 
Seat 2: ptolejmus ($12.20 in chips) 
Seat 3: jhowjhowrk ($107.84 in chips) 
Seat 4: coeeeelho ($100 in chips) 
Seat 5: Pippa83 ($105.70 in chips) 
Seat 6: Evelexy1 ($118.89 in chips) 
Pon4uk.ua: posts small blind $0.50
ptolejmus: posts big blind $1
*** HOLE CARDS ***
jhowjhowrk: calls $1
coeeeelho: folds 
Pippa83: raises $2.50 to $3.50
Evelexy1: folds 
Pon4uk.ua: folds 
ptolejmus: folds 
jhowjhowrk: calls $2.50
*** FLOP *** [4d Jc Td]
jhowjhowrk: bets $5
Pippa83: calls $5
*** TURN *** [4d Jc Td] [4c]
jhowjhowrk: checks 
Pippa83: checks 
*** RIVER *** [4d Jc Td 4c] [2d]
jhowjhowrk: checks 
Pippa83: checks 
*** SHOW DOWN ***
jhowjhowrk: shows [6h Ks] (a pair of Fours)
Pippa83: shows [Kc As] (a pair of Fours - Ace kicker)
Pippa83 collected $17.58 from pot
*** SUMMARY ***
Total pot $18.50 | Rake $0.92 
Board [4d Jc Td 4c 2d]
Seat 1: Pon4uk.ua (small blind) folded before Flop
Seat 2: ptolejmus (big blind) folded before Flop
Seat 3: jhowjhowrk showed [6h Ks] and lost with a pair of Fours
Seat 4: coeeeelho folded before Flop (didn't bet)
Seat 5: Pippa83 showed [Kc As] and won ($17.58) with a pair of Fours
Seat 6: Evelexy1 (button) folded before Flop (didn't bet)



PokerStars Hand #254513509515:  Hold'em No Limit ($0.50/$1.00 USD) - 2025/01/23 12:56:26 WET [2025/01/23 7:56:26 ET]
Table 'Rhodope IV' 6-max Seat #1 is the button
Seat 1: Pon4uk.ua ($123.12 in chips) 
Seat 2: ptolejmus ($11.20 in chips) 
Seat 3: jhowjhowrk ($99.34 in chips) 
Seat 4: coeeeelho ($100 in chips) 
Seat 5: Pippa83 ($114.78 in chips) 
Seat 6: Evelexy1 ($118.89 in chips) 
ptolejmus: posts small blind $0.50
jhowjhowrk: posts big blind $1
*** HOLE CARDS ***
coeeeelho: raises $1.20 to $2.20
Pippa83: folds 
Evelexy1: folds 
Pon4uk.ua: folds 
ptolejmus: folds 
jhowjhowrk: calls $1.20
*** FLOP *** [6d 9h 4h]
jhowjhowrk: checks 
coeeeelho: checks 
*** TURN *** [6d 9h 4h] [5c]
jhowjhowrk: checks 
coeeeelho: checks 
*** RIVER *** [6d 9h 4h 5c] [Ks]
jhowjhowrk: checks 
coeeeelho: bets $3.50
jhowjhowrk: folds 
Uncalled bet ($3.50) returned to coeeeelho
coeeeelho collected $4.66 from pot
*** SUMMARY ***
Total pot $4.90 | Rake $0.24 
Board [6d 9h 4h 5c Ks]
Seat 1: Pon4uk.ua (button) folded before Flop (didn't bet)
Seat 2: ptolejmus (small blind) folded before Flop
Seat 3: jhowjhowrk (big blind) folded on the River
Seat 4: coeeeelho collected ($4.66)
Seat 5: Pippa83 folded before Flop (didn't bet)
Seat 6: Evelexy1 folded before Flop (didn't bet)



PokerStars Hand #254513523154:  Hold'em No Limit ($0.50/$1.00 USD) - 2025/01/23 12:58:32 WET [2025/01/23 7:58:32 ET]
Table 'Rhodope IV' 6-max Seat #2 is the button
Seat 1: Pon4uk.ua ($123.12 in chips) 
Seat 2: ptolejmus ($10.70 in chips) 
Seat 3: jhowjhowrk ($97.14 in chips) 
Seat 4: coeeeelho ($102.46 in chips) 
Seat 5: Pippa83 ($114.78 in chips) 
Seat 6: Evelexy1 ($118.89 in chips) 
jhowjhowrk: posts small blind $0.50
coeeeelho: posts big blind $1
*** HOLE CARDS ***
Pippa83: folds 
Evelexy1: folds 
Pon4uk.ua: folds 
ptolejmus: raises $9.70 to $10.70 and is all-in
jhowjhowrk: folds 
coeeeelho: folds 
Uncalled bet ($9.70) returned to ptolejmus
ptolejmus collected $2.50 from pot
*** SUMMARY ***
Total pot $2.50 | Rake $0 
Seat 1: Pon4uk.ua folded before Flop (didn't bet)
Seat 2: ptolejmus (button) collected ($2.50)
Seat 3: jhowjhowrk (small blind) folded before Flop
Seat 4: coeeeelho (big blind) folded before Flop
Seat 5: Pippa83 folded before Flop (didn't bet)
Seat 6: Evelexy1 folded before Flop (didn't bet)



PokerStars Hand #254513525623:  Hold'em No Limit ($0.50/$1.00 USD) - 2025/01/23 12:58:56 WET [2025/01/23 7:58:56 ET]
Table 'Rhodope IV' 6-max Seat #3 is the button
Seat 1: Pon4uk.ua ($123.12 in chips) 
Seat 2: ptolejmus ($12.20 in chips) 
Seat 3: jhowjhowrk ($96.64 in chips) 
Seat 4: coeeeelho ($101.46 in chips) 
Seat 5: Pippa83 ($114.78 in chips) 
Seat 6: Evelexy1 ($118.89 in chips) 
coeeeelho: posts small blind $0.50
Pippa83: posts big blind $1
*** HOLE CARDS ***
Evelexy1: folds 
Pon4uk.ua: folds 
ptolejmus: raises $11.20 to $12.20 and is all-in
jhowjhowrk: folds 
coeeeelho: folds 
Pippa83: folds 
Uncalled bet ($11.20) returned to ptolejmus
ptolejmus collected $2.50 from pot
*** SUMMARY ***
Total pot $2.50 | Rake $0 
Seat 1: Pon4uk.ua folded before Flop (didn't bet)
Seat 2: ptolejmus collected ($2.50)
Seat 3: jhowjhowrk (button) folded before Flop (didn't bet)
Seat 4: coeeeelho (small blind) folded before Flop
Seat 5: Pippa83 (big blind) folded before Flop
Seat 6: Evelexy1 folded before Flop (didn't bet)



PokerStars Hand #254513528743:  Hold'em No Limit ($0.50/$1.00 USD) - 2025/01/23 12:59:25 WET [2025/01/23 7:59:25 ET]
Table 'Rhodope IV' 6-max Seat #4 is the button
Seat 1: Pon4uk.ua ($123.12 in chips) 
Seat 2: ptolejmus ($13.70 in chips) 
Seat 3: jhowjhowrk ($96.64 in chips) 
Seat 4: coeeeelho ($100.96 in chips) 
Seat 5: Pippa83 ($113.78 in chips) 
Seat 6: Evelexy1 ($118.89 in chips) 
Pippa83: posts small blind $0.50
Evelexy1: posts big blind $1
*** HOLE CARDS ***
Pon4uk.ua: folds 
ptolejmus: folds 
jhowjhowrk: calls $1
coeeeelho: folds 
Pippa83: raises $4.50 to $5.50
Evelexy1: folds 
jhowjhowrk: folds 
Uncalled bet ($4.50) returned to Pippa83
Pippa83 collected $3 from pot
Pippa83: doesn't show hand 
*** SUMMARY ***
Total pot $3 | Rake $0 
Seat 1: Pon4uk.ua folded before Flop (didn't bet)
Seat 2: ptolejmus folded before Flop (didn't bet)
Seat 3: jhowjhowrk folded before Flop
Seat 4: coeeeelho (button) folded before Flop (didn't bet)
Seat 5: Pippa83 (small blind) collected ($3)
Seat 6: Evelexy1 (big blind) folded before Flop



PokerStars Hand #254513532335:  Hold'em No Limit ($0.50/$1.00 USD) - 2025/01/23 12:59:59 WET [2025/01/23 7:59:59 ET]
Table 'Rhodope IV' 6-max Seat #5 is the button
Seat 1: Pon4uk.ua ($123.12 in chips) 
Seat 2: ptolejmus ($13.70 in chips) 
Seat 3: jhowjhowrk ($95.64 in chips) 
Seat 4: coeeeelho ($100.96 in chips) 
Seat 5: Pippa83 ($115.78 in chips) 
Seat 6: Evelexy1 ($117.89 in chips) 
Evelexy1: posts small blind $0.50
Pon4uk.ua: posts big blind $1
*** HOLE CARDS ***
ptolejmus: folds 
jhowjhowrk: folds 
coeeeelho: raises $1.20 to $2.20
Pippa83: folds 
Evelexy1: folds 
Pon4uk.ua: folds 
Uncalled bet ($1.20) returned to coeeeelho
coeeeelho collected $2.50 from pot
*** SUMMARY ***
Total pot $2.50 | Rake $0 
Seat 1: Pon4uk.ua (big blind) folded before Flop
Seat 2: ptolejmus folded before Flop (didn't bet)
Seat 3: jhowjhowrk folded before Flop (didn't bet)
Seat 4: coeeeelho collected ($2.50)
Seat 5: Pippa83 (button) folded before Flop (didn't bet)
Seat 6: Evelexy1 (small blind) folded before Flop



PokerStars Hand #254513550117:  Hold'em No Limit ($0.50/$1.00 USD) - 2025/01/23 13:02:23 WET [2025/01/23 8:02:23 ET]
Table 'Rhodope IV' 6-max Seat #3 is the button
Seat 1: Pon4uk.ua ($121.62 in chips) 
Seat 2: ptolejmus ($10 in chips) 
Seat 3: jhowjhowrk ($115.23 in chips) 
Seat 4: coeeeelho ($100.26 in chips) 
Seat 5: Pippa83 ($113.58 in chips) 
Seat 6: Evelexy1 ($114.89 in chips) 
coeeeelho: posts small blind $0.50
Pippa83: posts big blind $1
*** HOLE CARDS ***
Evelexy1: folds 
Pon4uk.ua: raises $1 to $2
ptolejmus: folds 
jhowjhowrk: folds 
coeeeelho: folds 
Pippa83: folds 
Uncalled bet ($1) returned to Pon4uk.ua
Pon4uk.ua collected $2.50 from pot
Pon4uk.ua: doesn't show hand 
*** SUMMARY ***
Total pot $2.50 | Rake $0 
Seat 1: Pon4uk.ua collected ($2.50)
Seat 2: ptolejmus folded before Flop (didn't bet)
Seat 3: jhowjhowrk (button) folded before Flop (didn't bet)
Seat 4: coeeeelho (small blind) folded before Flop
Seat 5: Pippa83 (big blind) folded before Flop
Seat 6: Evelexy1 folded before Flop (didn't bet)



PokerStars Hand #254513553212:  Hold'em No Limit ($0.50/$1.00 USD) - 2025/01/23 13:02:46 WET [2025/01/23 8:02:46 ET]
Table 'Rhodope IV' 6-max Seat #4 is the button
Seat 1: Pon4uk.ua ($123.12 in chips) 
Seat 2: ptolejmus ($10 in chips) 
Seat 3: jhowjhowrk ($115.23 in chips) 
Seat 4: coeeeelho ($100 in chips) 
Seat 5: Pippa83 ($112.58 in chips) 
Seat 6: Evelexy1 ($114.89 in chips) 
Pippa83: posts small blind $0.50
Evelexy1: posts big blind $1
*** HOLE CARDS ***
Pon4uk.ua: folds 
ptolejmus: folds 
jhowjhowrk: calls $1
coeeeelho: folds 
Pippa83: folds 
Evelexy1: checks 
*** FLOP *** [As 8d 4h]
Evelexy1: checks 
jhowjhowrk: checks 
*** TURN *** [As 8d 4h] [2h]
Evelexy1: checks 
jhowjhowrk: checks 
*** RIVER *** [As 8d 4h 2h] [Qh]
Evelexy1: checks 
jhowjhowrk: bets $4
Evelexy1: folds 
Uncalled bet ($4) returned to jhowjhowrk
jhowjhowrk collected $2.38 from pot
jhowjhowrk: doesn't show hand 
*** SUMMARY ***
Total pot $2.50 | Rake $0.12 
Board [As 8d 4h 2h Qh]
Seat 1: Pon4uk.ua folded before Flop (didn't bet)
Seat 2: ptolejmus folded before Flop (didn't bet)
Seat 3: jhowjhowrk collected ($2.38)
Seat 4: coeeeelho (button) folded before Flop (didn't bet)
Seat 5: Pippa83 (small blind) folded before Flop
Seat 6: Evelexy1 (big blind) folded on the River



PokerStars Hand #254513557753:  Hold'em No Limit ($0.50/$1.00 USD) - 2025/01/23 13:03:20 WET [2025/01/23 8:03:20 ET]
Table 'Rhodope IV' 6-max Seat #5 is the button
Seat 1: Pon4uk.ua ($123.12 in chips) 
Seat 2: ptolejmus ($10 in chips) 
Seat 3: jhowjhowrk ($116.61 in chips) 
Seat 4: coeeeelho ($100 in chips) 
Seat 5: Pippa83 ($112.08 in chips) 
Seat 6: Evelexy1 ($113.89 in chips) 
Evelexy1: posts small blind $0.50
Pon4uk.ua: posts big blind $1
*** HOLE CARDS ***
ptolejmus: folds 
jhowjhowrk: folds 
coeeeelho: raises $1.30 to $2.30
Pippa83: folds 
Evelexy1: folds 
Pon4uk.ua: calls $1.30
*** FLOP *** [7d Qc Qh]
Pon4uk.ua: checks 
coeeeelho: bets $1.21
Pon4uk.ua: folds 
Uncalled bet ($1.21) returned to coeeeelho
coeeeelho collected $4.84 from pot
*** SUMMARY ***
Total pot $5.10 | Rake $0.26 
Board [7d Qc Qh]
Seat 1: Pon4uk.ua (big blind) folded on the Flop
Seat 2: ptolejmus folded before Flop (didn't bet)
Seat 3: jhowjhowrk folded before Flop (didn't bet)
Seat 4: coeeeelho collected ($4.84)
Seat 5: Pippa83 (button) folded before Flop (didn't bet)
Seat 6: Evelexy1 (small blind) folded before Flop



PokerStars Hand #254513561480:  Hold'em No Limit ($0.50/$1.00 USD) - 2025/01/23 13:03:47 WET [2025/01/23 8:03:47 ET]
Table 'Rhodope IV' 6-max Seat #6 is the button
Seat 1: Pon4uk.ua ($120.82 in chips) 
Seat 2: ptolejmus ($10 in chips) 
Seat 3: jhowjhowrk ($116.61 in chips) 
Seat 4: coeeeelho ($102.54 in chips) 
Seat 5: Pippa83 ($112.08 in chips) 
Seat 6: Evelexy1 ($113.39 in chips) 
Pon4uk.ua: posts small blind $0.50
ptolejmus: posts big blind $1
*** HOLE CARDS ***
jhowjhowrk: calls $1
coeeeelho: folds 
Pippa83: raises $2.50 to $3.50
Evelexy1: folds 
Pon4uk.ua: folds 
ptolejmus: folds 
jhowjhowrk: calls $2.50
*** FLOP *** [9s 6c 5c]
jhowjhowrk: bets $5
Pippa83: folds 
Uncalled bet ($5) returned to jhowjhowrk
jhowjhowrk collected $8.08 from pot
jhowjhowrk: doesn't show hand 
*** SUMMARY ***
Total pot $8.50 | Rake $0.42 
Board [9s 6c 5c]
Seat 1: Pon4uk.ua (small blind) folded before Flop
Seat 2: ptolejmus (big blind) folded before Flop
Seat 3: jhowjhowrk collected ($8.08)
Seat 4: coeeeelho folded before Flop (didn't bet)
Seat 5: Pippa83 folded on the Flop
Seat 6: Evelexy1 (button) folded before Flop (didn't bet)



PokerStars Hand #254513565813:  Hold'em No Limit ($0.50/$1.00 USD) - 2025/01/23 13:04:19 WET [2025/01/23 8:04:19 ET]
Table 'Rhodope IV' 6-max Seat #1 is the button
Seat 1: Pon4uk.ua ($120.32 in chips) 
Seat 2: ptolejmus ($10 in chips) 
Seat 3: jhowjhowrk ($121.19 in chips) 
Seat 4: coeeeelho ($102.54 in chips) 
Seat 5: Pippa83 ($108.58 in chips) 
Seat 6: Evelexy1 ($113.39 in chips) 
ptolejmus: posts small blind $0.50
jhowjhowrk: posts big blind $1
*** HOLE CARDS ***
coeeeelho: raises $1.10 to $2.10
Pippa83: folds 
Evelexy1: folds 
Pon4uk.ua: folds 
ptolejmus: folds 
jhowjhowrk: raises $1.10 to $3.20
coeeeelho: calls $1.10
*** FLOP *** [Tc 5c 9s]
jhowjhowrk: checks 
coeeeelho: checks 
*** TURN *** [Tc 5c 9s] [3d]
jhowjhowrk: bets $5
coeeeelho: calls $5
*** RIVER *** [Tc 5c 9s 3d] [9d]
jhowjhowrk: bets $3
coeeeelho: calls $3
*** SHOW DOWN ***
jhowjhowrk: shows [Jd Qc] (a pair of Nines)
coeeeelho: shows [4h 5h] (two pair, Nines and Fives)
coeeeelho collected $21.76 from pot
*** SUMMARY ***
Total pot $22.90 | Rake $1.14 
Board [Tc 5c 9s 3d 9d]
Seat 1: Pon4uk.ua (button) folded before Flop (didn't bet)
Seat 2: ptolejmus (small blind) folded before Flop
Seat 3: jhowjhowrk (big blind) showed [Jd Qc] and lost with a pair of Nines
Seat 4: coeeeelho showed [4h 5h] and won ($21.76) with two pair, Nines and Fives
Seat 5: Pippa83 folded before Flop (didn't bet)
Seat 6: Evelexy1 folded before Flop (didn't bet)



PokerStars Hand #254513576817:  Hold'em No Limit ($0.50/$1.00 USD) - 2025/01/23 13:05:39 WET [2025/01/23 8:05:39 ET]
Table 'Rhodope IV' 6-max Seat #2 is the button
Seat 1: Pon4uk.ua ($120.32 in chips) 
Seat 2: ptolejmus ($10 in chips) 
Seat 3: jhowjhowrk ($109.99 in chips) 
Seat 4: coeeeelho ($113.10 in chips) 
Seat 5: Pippa83 ($108.58 in chips) 
Seat 6: Evelexy1 ($113.39 in chips) 
jhowjhowrk: posts small blind $0.50
coeeeelho: posts big blind $1
*** HOLE CARDS ***
Pippa83: folds 
Evelexy1: folds 
Pon4uk.ua: folds 
ptolejmus: folds 
jhowjhowrk: folds 
Uncalled bet ($0.50) returned to coeeeelho
coeeeelho collected $1 from pot
*** SUMMARY ***
Total pot $1 | Rake $0 
Seat 1: Pon4uk.ua folded before Flop (didn't bet)
Seat 2: ptolejmus (button) folded before Flop (didn't bet)
Seat 3: jhowjhowrk (small blind) folded before Flop
Seat 4: coeeeelho (big blind) collected ($1)
Seat 5: Pippa83 folded before Flop (didn't bet)
Seat 6: Evelexy1 folded before Flop (didn't bet)



PokerStars Hand #254513578714:  Hold'em No Limit ($0.50/$1.00 USD) - 2025/01/23 13:05:53 WET [2025/01/23 8:05:53 ET]
Table 'Rhodope IV' 6-max Seat #3 is the button
Seat 1: Pon4uk.ua ($120.32 in chips) 
Seat 2: ptolejmus ($10 in chips) 
Seat 3: jhowjhowrk ($109.49 in chips) 
Seat 4: coeeeelho ($113.60 in chips) 
Seat 5: Pippa83 ($108.58 in chips) 
Seat 6: Evelexy1 ($113.39 in chips) 
coeeeelho: posts small blind $0.50
Pippa83: posts big blind $1
*** HOLE CARDS ***
Evelexy1: raises $1 to $2
Pon4uk.ua: raises $4.50 to $6.50
ptolejmus: folds 
jhowjhowrk: folds 
coeeeelho: folds 
Pippa83: folds 
Evelexy1: calls $4.50
*** FLOP *** [Ks 4d 5c]
Evelexy1: checks 
Pon4uk.ua: bets $4.55
Evelexy1: raises $7.95 to $12.50
Pon4uk.ua: folds 
Uncalled bet ($7.95) returned to Evelexy1
Evelexy1 collected $22.42 from pot
Evelexy1: doesn't show hand 
*** SUMMARY ***
Total pot $23.60 | Rake $1.18 
Board [Ks 4d 5c]
Seat 1: Pon4uk.ua folded on the Flop
Seat 2: ptolejmus folded before Flop (didn't bet)
Seat 3: jhowjhowrk (button) folded before Flop (didn't bet)
Seat 4: coeeeelho (small blind) folded before Flop
Seat 5: Pippa83 (big blind) folded before Flop
Seat 6: Evelexy1 collected ($22.42)



PokerStars Hand #254513587442:  Hold'em No Limit ($0.50/$1.00 USD) - 2025/01/23 13:06:56 WET [2025/01/23 8:06:56 ET]
Table 'Rhodope IV' 6-max Seat #4 is the button
Seat 1: Pon4uk.ua ($109.27 in chips) 
Seat 2: ptolejmus ($10 in chips) 
Seat 3: jhowjhowrk ($109.49 in chips) 
Seat 4: coeeeelho ($113.10 in chips) 
Seat 5: Pippa83 ($107.58 in chips) 
Seat 6: Evelexy1 ($124.76 in chips) 
Pippa83: posts small blind $0.50
Evelexy1: posts big blind $1
*** HOLE CARDS ***
Pon4uk.ua: raises $1 to $2
ptolejmus: folds 
jhowjhowrk: calls $2
coeeeelho: folds 
Pippa83: folds 
Evelexy1: folds 
*** FLOP *** [7s 6h 4d]
Pon4uk.ua: checks 
jhowjhowrk: bets $5
Pon4uk.ua: folds 
Uncalled bet ($5) returned to jhowjhowrk
jhowjhowrk collected $5.22 from pot
jhowjhowrk: doesn't show hand 
*** SUMMARY ***
Total pot $5.50 | Rake $0.28 
Board [7s 6h 4d]
Seat 1: Pon4uk.ua folded on the Flop
Seat 2: ptolejmus folded before Flop (didn't bet)
Seat 3: jhowjhowrk collected ($5.22)
Seat 4: coeeeelho (button) folded before Flop (didn't bet)
Seat 5: Pippa83 (small blind) folded before Flop
Seat 6: Evelexy1 (big blind) folded before Flop



PokerStars Hand #254513591684:  Hold'em No Limit ($0.50/$1.00 USD) - 2025/01/23 13:07:26 WET [2025/01/23 8:07:26 ET]
Table 'Rhodope IV' 6-max Seat #5 is the button
Seat 1: Pon4uk.ua ($107.27 in chips) 
Seat 2: ptolejmus ($10 in chips) 
Seat 3: jhowjhowrk ($112.71 in chips) 
Seat 4: coeeeelho ($113.10 in chips) 
Seat 5: Pippa83 ($107.08 in chips) 
Seat 6: Evelexy1 ($123.76 in chips) 
Evelexy1: posts small blind $0.50
Pon4uk.ua: posts big blind $1
*** HOLE CARDS ***
ptolejmus: folds 
jhowjhowrk: folds 
coeeeelho: raises $1.30 to $2.30
Pippa83: folds 
Evelexy1: folds 
Pon4uk.ua: folds 
Uncalled bet ($1.30) returned to coeeeelho
coeeeelho collected $2.50 from pot
*** SUMMARY ***
Total pot $2.50 | Rake $0 
Seat 1: Pon4uk.ua (big blind) folded before Flop
Seat 2: ptolejmus folded before Flop (didn't bet)
Seat 3: jhowjhowrk folded before Flop (didn't bet)
Seat 4: coeeeelho collected ($2.50)
Seat 5: Pippa83 (button) folded before Flop (didn't bet)
Seat 6: Evelexy1 (small blind) folded before Flop



PokerStars Hand #254513595129:  Hold'em No Limit ($0.50/$1.00 USD) - 2025/01/23 13:07:51 WET [2025/01/23 8:07:51 ET]
Table 'Rhodope IV' 6-max Seat #6 is the button
Seat 1: Pon4uk.ua ($106.27 in chips) 
Seat 2: ptolejmus ($10 in chips) 
Seat 3: jhowjhowrk ($112.71 in chips) 
Seat 4: coeeeelho ($114.60 in chips) 
Seat 5: Pippa83 ($107.08 in chips) 
Seat 6: Evelexy1 ($123.26 in chips) 
Pon4uk.ua: posts small blind $0.50
ptolejmus: posts big blind $1
*** HOLE CARDS ***
jhowjhowrk: calls $1
coeeeelho: folds 
Pippa83: folds 
Evelexy1: folds 
Pon4uk.ua: calls $0.50
ptolejmus: raises $2.50 to $3.50
jhowjhowrk: calls $2.50
Pon4uk.ua: folds 
*** FLOP *** [As Tc 7d]
ptolejmus: checks 
jhowjhowrk: bets $5
ptolejmus: raises $1.50 to $6.50 and is all-in
jhowjhowrk: folds 
Uncalled bet ($1.50) returned to ptolejmus
ptolejmus collected $17.10 from pot
*** SUMMARY ***
Total pot $18 | Rake $0.90 
Board [As Tc 7d]
Seat 1: Pon4uk.ua (small blind) folded before Flop
Seat 2: ptolejmus (big blind) collected ($17.10)
Seat 3: jhowjhowrk folded on the Flop
Seat 4: coeeeelho folded before Flop (didn't bet)
Seat 5: Pippa83 folded before Flop (didn't bet)
Seat 6: Evelexy1 (button) folded before Flop (didn't bet)



PokerStars Hand #254513605834:  Hold'em No Limit ($0.50/$1.00 USD) - 2025/01/23 13:09:09 WET [2025/01/23 8:09:09 ET]
Table 'Rhodope IV' 6-max Seat #1 is the button
Seat 1: Pon4uk.ua ($105.27 in chips) 
Seat 2: ptolejmus ($18.60 in chips) 
Seat 3: jhowjhowrk ($104.21 in chips) 
Seat 4: coeeeelho ($114.60 in chips) 
Seat 5: Pippa83 ($107.08 in chips) 
Seat 6: Evelexy1 ($123.26 in chips) 
ptolejmus: posts small blind $0.50
jhowjhowrk: posts big blind $1
*** HOLE CARDS ***
coeeeelho: folds 
Pippa83: folds 
Evelexy1: folds 
Pon4uk.ua: raises $1.50 to $2.50
ptolejmus: folds 
jhowjhowrk: calls $1.50
*** FLOP *** [Ad 6h 9c]
jhowjhowrk: checks 
Pon4uk.ua: bets $2.61
jhowjhowrk: folds 
Uncalled bet ($2.61) returned to Pon4uk.ua
Pon4uk.ua collected $5.22 from pot
Pon4uk.ua: doesn't show hand 
*** SUMMARY ***
Total pot $5.50 | Rake $0.28 
Board [Ad 6h 9c]
Seat 1: Pon4uk.ua (button) collected ($5.22)
Seat 2: ptolejmus (small blind) folded before Flop
Seat 3: jhowjhowrk (big blind) folded on the Flop
Seat 4: coeeeelho folded before Flop (didn't bet)
Seat 5: Pippa83 folded before Flop (didn't bet)
Seat 6: Evelexy1 folded before Flop (didn't bet)



PokerStars Hand #254513609602:  Hold'em No Limit ($0.50/$1.00 USD) - 2025/01/23 13:09:37 WET [2025/01/23 8:09:37 ET]
Table 'Rhodope IV' 6-max Seat #2 is the button
Seat 1: Pon4uk.ua ($107.99 in chips) 
Seat 2: ptolejmus ($18.10 in chips) 
Seat 3: jhowjhowrk ($101.71 in chips) 
Seat 4: coeeeelho ($114.60 in chips) 
Seat 5: Pippa83 ($107.08 in chips) 
Seat 6: Evelexy1 ($123.26 in chips) 
jhowjhowrk: posts small blind $0.50
coeeeelho: posts big blind $1
*** HOLE CARDS ***
Pippa83: folds 
Evelexy1: raises $1.50 to $2.50
Pon4uk.ua: raises $5 to $7.50
ptolejmus: folds 
jhowjhowrk: calls $7
coeeeelho: folds 
Evelexy1: raises $16.50 to $24
Pon4uk.ua: folds 
jhowjhowrk: calls $16.50
*** FLOP *** [Kd 8d 2c]
jhowjhowrk: checks 
Evelexy1: checks 
*** TURN *** [Kd 8d 2c] [6h]
jhowjhowrk: checks 
Evelexy1: bets $13.50
jhowjhowrk: folds 
Uncalled bet ($13.50) returned to Evelexy1
Evelexy1 collected $54 from pot
Evelexy1: doesn't show hand 
*** SUMMARY ***
Total pot $56.50 | Rake $2.50 
Board [Kd 8d 2c 6h]
Seat 1: Pon4uk.ua folded before Flop
Seat 2: ptolejmus (button) folded before Flop (didn't bet)
Seat 3: jhowjhowrk (small blind) folded on the Turn
Seat 4: coeeeelho (big blind) folded before Flop
Seat 5: Pippa83 folded before Flop (didn't bet)
Seat 6: Evelexy1 collected ($54)



PokerStars Hand #254513618624:  Hold'em No Limit ($0.50/$1.00 USD) - 2025/01/23 13:10:42 WET [2025/01/23 8:10:42 ET]
Table 'Rhodope IV' 6-max Seat #3 is the button
Seat 1: Pon4uk.ua ($100.49 in chips) 
Seat 2: ptolejmus ($18.10 in chips) 
Seat 3: jhowjhowrk ($77.71 in chips) 
Seat 4: coeeeelho ($113.60 in chips) 
Seat 5: Pippa83 ($107.08 in chips) 
Seat 6: Evelexy1 ($153.26 in chips) 
coeeeelho: posts small blind $0.50
Pippa83: posts big blind $1
*** HOLE CARDS ***
Evelexy1: folds 
Pon4uk.ua: raises $1 to $2
ptolejmus: folds 
jhowjhowrk: raises $1 to $3
coeeeelho: folds 
Pippa83: folds 
Pon4uk.ua: calls $1
*** FLOP *** [6s 8c 4s]
Pon4uk.ua: checks 
jhowjhowrk: bets $12
Pon4uk.ua: folds 
Uncalled bet ($12) returned to jhowjhowrk
jhowjhowrk collected $7.12 from pot
jhowjhowrk: doesn't show hand 
*** SUMMARY ***
Total pot $7.50 | Rake $0.38 
Board [6s 8c 4s]
Seat 1: Pon4uk.ua folded on the Flop
Seat 2: ptolejmus folded before Flop (didn't bet)
Seat 3: jhowjhowrk (button) collected ($7.12)
Seat 4: coeeeelho (small blind) folded before Flop
Seat 5: Pippa83 (big blind) folded before Flop
Seat 6: Evelexy1 folded before Flop (didn't bet)



PokerStars Hand #254513622718:  Hold'em No Limit ($0.50/$1.00 USD) - 2025/01/23 13:11:11 WET [2025/01/23 8:11:11 ET]
Table 'Rhodope IV' 6-max Seat #4 is the button
Seat 1: Pon4uk.ua ($100 in chips) 
Seat 2: ptolejmus ($18.10 in chips) 
Seat 3: jhowjhowrk ($81.83 in chips) 
Seat 4: coeeeelho ($113.10 in chips) 
Seat 5: Pippa83 ($106.08 in chips) 
Seat 6: Evelexy1 ($153.26 in chips) 
Pippa83: posts small blind $0.50
Evelexy1: posts big blind $1
*** HOLE CARDS ***
Pon4uk.ua: folds 
ptolejmus: folds 
jhowjhowrk: raises $1 to $2
coeeeelho: folds 
Pippa83: calls $1.50
Evelexy1: folds 
*** FLOP *** [Td 4c 5s]
Pippa83: checks 
jhowjhowrk: bets $3
Pippa83: folds 
Uncalled bet ($3) returned to jhowjhowrk
jhowjhowrk collected $4.75 from pot
jhowjhowrk: doesn't show hand 
*** SUMMARY ***
Total pot $5 | Rake $0.25 
Board [Td 4c 5s]
Seat 1: Pon4uk.ua folded before Flop (didn't bet)
Seat 2: ptolejmus folded before Flop (didn't bet)
Seat 3: jhowjhowrk collected ($4.75)
Seat 4: coeeeelho (button) folded before Flop (didn't bet)
Seat 5: Pippa83 (small blind) folded on the Flop
Seat 6: Evelexy1 (big blind) folded before Flop



PokerStars Hand #254513627040:  Hold'em No Limit ($0.50/$1.00 USD) - 2025/01/23 13:11:42 WET [2025/01/23 8:11:42 ET]
Table 'Rhodope IV' 6-max Seat #5 is the button
Seat 1: Pon4uk.ua ($100 in chips) 
Seat 2: ptolejmus ($18.10 in chips) 
Seat 3: jhowjhowrk ($84.58 in chips) 
Seat 4: coeeeelho ($113.10 in chips) 
Seat 5: Pippa83 ($104.08 in chips) 
Seat 6: Evelexy1 ($152.26 in chips) 
Evelexy1: posts small blind $0.50
Pon4uk.ua: posts big blind $1
*** HOLE CARDS ***
ptolejmus: folds 
jhowjhowrk: calls $1
coeeeelho: raises $3.20 to $4.20
Pippa83: folds 
Evelexy1: folds 
Pon4uk.ua: folds 
jhowjhowrk: folds 
Uncalled bet ($3.20) returned to coeeeelho
coeeeelho collected $3.50 from pot
*** SUMMARY ***
Total pot $3.50 | Rake $0 
Seat 1: Pon4uk.ua (big blind) folded before Flop
Seat 2: ptolejmus folded before Flop (didn't bet)
Seat 3: jhowjhowrk folded before Flop
Seat 4: coeeeelho collected ($3.50)
Seat 5: Pippa83 (button) folded before Flop (didn't bet)
Seat 6: Evelexy1 (small blind) folded before Flop



PokerStars Hand #254513630318:  Hold'em No Limit ($0.50/$1.00 USD) - 2025/01/23 13:12:06 WET [2025/01/23 8:12:06 ET]
Table 'Rhodope IV' 6-max Seat #6 is the button
Seat 1: Pon4uk.ua ($100 in chips) 
Seat 2: ptolejmus ($18.10 in chips) 
Seat 3: jhowjhowrk ($83.58 in chips) 
Seat 4: coeeeelho ($115.60 in chips) 
Seat 5: Pippa83 ($104.08 in chips) 
Seat 6: Evelexy1 ($151.76 in chips) 
Pon4uk.ua: posts small blind $0.50
ptolejmus: posts big blind $1
*** HOLE CARDS ***
jhowjhowrk: raises $1 to $2
coeeeelho: folds 
Pippa83: folds 
Evelexy1: folds 
Pon4uk.ua: raises $7.50 to $9.50
ptolejmus: folds 
jhowjhowrk: calls $7.50
*** FLOP *** [3s 5h 6h]
Pon4uk.ua: bets $5
jhowjhowrk: calls $5
*** TURN *** [3s 5h 6h] [Kh]
Pon4uk.ua: bets $14.25
jhowjhowrk: raises $14.25 to $28.50
Pon4uk.ua: raises $57 to $85.50 and is all-in
jhowjhowrk: calls $40.58 and is all-in
Uncalled bet ($16.42) returned to Pon4uk.ua
*** RIVER *** [3s 5h 6h Kh] [9s]
*** SHOW DOWN ***
Pon4uk.ua: shows [Jh Th] (a flush, King high)
jhowjhowrk: shows [4c Ah] (high card Ace)
Pon4uk.ua collected $165.66 from pot
*** SUMMARY ***
Total pot $168.16 | Rake $2.50 
Board [3s 5h 6h Kh 9s]
Seat 1: Pon4uk.ua (small blind) showed [Jh Th] and won ($165.66) with a flush, King high
Seat 2: ptolejmus (big blind) folded before Flop
Seat 3: jhowjhowrk showed [4c Ah] and lost with high card Ace
Seat 4: coeeeelho folded before Flop (didn't bet)
Seat 5: Pippa83 folded before Flop (didn't bet)
Seat 6: Evelexy1 (button) folded before Flop (didn't bet)



PokerStars Hand #254513640595:  Hold'em No Limit ($0.50/$1.00 USD) - 2025/01/23 13:13:20 WET [2025/01/23 8:13:20 ET]
Table 'Rhodope IV' 6-max Seat #1 is the button
Seat 3: jhowjhowrk ($0 in chips) is sitting out
Seat 1: Pon4uk.ua ($182.08 in chips) 
Seat 2: ptolejmus ($17.10 in chips) 
Seat 4: coeeeelho ($115.60 in chips) 
Seat 5: Pippa83 ($104.08 in chips) 
Seat 6: Evelexy1 ($151.76 in chips) 
ptolejmus: posts small blind $0.50
coeeeelho: posts big blind $1
*** HOLE CARDS ***
Pippa83: folds 
Evelexy1: folds 
Pon4uk.ua: folds 
ptolejmus: raises $1 to $2
coeeeelho: folds 
Uncalled bet ($1) returned to ptolejmus
ptolejmus collected $2 from pot
*** SUMMARY ***
Total pot $2 | Rake $0 
Seat 3: jhowjhowrk
Seat 1: Pon4uk.ua (button) folded before Flop (didn't bet)
Seat 2: ptolejmus (small blind) collected ($2)
Seat 4: coeeeelho (big blind) folded before Flop
Seat 5: Pippa83 folded before Flop (didn't bet)
Seat 6: Evelexy1 folded before Flop (didn't bet)



PokerStars Hand #254513643613:  Hold'em No Limit ($0.50/$1.00 USD) - 2025/01/23 13:13:42 WET [2025/01/23 8:13:42 ET]
Table 'Rhodope IV' 6-max Seat #2 is the button
Seat 3: jhowjhowrk ($0 in chips) is sitting out
Seat 1: Pon4uk.ua ($182.08 in chips) 
Seat 2: ptolejmus ($18.10 in chips) 
Seat 4: coeeeelho ($114.60 in chips) 
Seat 5: Pippa83 ($104.08 in chips) 
Seat 6: Evelexy1 ($151.76 in chips) 
coeeeelho: posts small blind $0.50
Pippa83: posts big blind $1
*** HOLE CARDS ***
Evelexy1: raises $1 to $2
Pon4uk.ua: folds 
ptolejmus: folds 
jhowjhowrk leaves the table
coeeeelho: folds 
Pippa83: folds 
Uncalled bet ($1) returned to Evelexy1
Evelexy1 collected $2.50 from pot
Evelexy1: doesn't show hand 
*** SUMMARY ***
Total pot $2.50 | Rake $0 
Seat 3: jhowjhowrk
Seat 1: Pon4uk.ua folded before Flop (didn't bet)
Seat 2: ptolejmus (button) folded before Flop (didn't bet)
Seat 4: coeeeelho (small blind) folded before Flop
Seat 5: Pippa83 (big blind) folded before Flop
Seat 6: Evelexy1 collected ($2.50)



PokerStars Hand #254513645804:  Hold'em No Limit ($0.50/$1.00 USD) - 2025/01/23 13:13:57 WET [2025/01/23 8:13:57 ET]
Table 'Rhodope IV' 6-max Seat #4 is the button
Seat 6: Evelexy1 ($153.26 in chips) is sitting out
Seat 1: Pon4uk.ua ($182.08 in chips) 
Seat 2: ptolejmus ($18.10 in chips) 
Seat 4: coeeeelho ($114.10 in chips) 
Seat 5: Pippa83 ($103.08 in chips) 
Pippa83: posts small blind $0.50
Pon4uk.ua: posts big blind $1
*** HOLE CARDS ***
ptolejmus: folds 
Evelexy1 leaves the table
UnRRRReal joins the table at seat #6 
coeeeelho: raises $1.20 to $2.20
Pippa83: folds 
Pon4uk.ua: folds 
Uncalled bet ($1.20) returned to coeeeelho
coeeeelho collected $2.50 from pot
*** SUMMARY ***
Total pot $2.50 | Rake $0 
Seat 6: Evelexy1
Seat 1: Pon4uk.ua (big blind) folded before Flop
Seat 2: ptolejmus folded before Flop (didn't bet)
Seat 4: coeeeelho (button) collected ($2.50)
Seat 5: Pippa83 (small blind) folded before Flop



PokerStars Hand #254513649751:  Hold'em No Limit ($0.50/$1.00 USD) - 2025/01/23 13:14:26 WET [2025/01/23 8:14:26 ET]
Table 'Rhodope IV' 6-max Seat #5 is the button
Seat 1: Pon4uk.ua ($181.08 in chips) is sitting out
Seat 6: UnRRRReal ($100 in chips) is sitting out
Seat 2: ptolejmus ($18.10 in chips) 
Seat 4: coeeeelho ($115.60 in chips) 
Seat 5: Pippa83 ($102.58 in chips) 
ptolejmus: posts small blind $0.50
coeeeelho: posts big blind $1
*** HOLE CARDS ***
Pippa83: raises $1.50 to $2.50
Pon4uk.ua leaves the table
ptolejmus: folds 
coeeeelho: folds 
Uncalled bet ($1.50) returned to Pippa83
Pippa83 collected $2.50 from pot
Pippa83: doesn't show hand 
*** SUMMARY ***
Total pot $2.50 | Rake $0 
Seat 1: Pon4uk.ua
Seat 6: UnRRRReal
Seat 2: ptolejmus (small blind) folded before Flop
Seat 4: coeeeelho (big blind) folded before Flop
Seat 5: Pippa83 (button) collected ($2.50)



PokerStars Hand #254513652656:  Hold'em No Limit ($0.50/$1.00 USD) - 2025/01/23 13:14:46 WET [2025/01/23 8:14:46 ET]
Table 'Rhodope IV' 6-max Seat #2 is the button
Seat 5: Pippa83 ($104.08 in chips) is sitting out
Seat 2: ptolejmus ($17.60 in chips) 
Seat 4: coeeeelho ($114.60 in chips) 
Seat 6: UnRRRReal ($100 in chips) 
coeeeelho: posts small blind $0.50
Pippa83: is sitting out 
UnRRRReal: posts big blind $1
*** HOLE CARDS ***
ptolejmus: raises $1 to $2
coeeeelho: folds 
UnRRRReal: folds 
Uncalled bet ($1) returned to ptolejmus
ptolejmus collected $2.50 from pot
*** SUMMARY ***
Total pot $2.50 | Rake $0 
Seat 5: Pippa83
Seat 2: ptolejmus (button) collected ($2.50)
Seat 4: coeeeelho (small blind) folded before Flop
Seat 6: UnRRRReal (big blind) folded before Flop



PokerStars Hand #254513655196:  Hold'em No Limit ($0.50/$1.00 USD) - 2025/01/23 13:15:05 WET [2025/01/23 8:15:05 ET]
Table 'Rhodope IV' 6-max Seat #6 is the button
Seat 2: ptolejmus ($19.10 in chips) is sitting out
Seat 5: Pippa83 ($104.08 in chips) is sitting out
Seat 4: coeeeelho ($114.10 in chips) 
Seat 6: UnRRRReal ($100 in chips) 
UnRRRReal: posts small blind $0.50
ptolejmus: is sitting out 
coeeeelho: posts big blind $1
*** HOLE CARDS ***
ptolejmus leaves the table
UnRRRReal: raises $1.50 to $2.50
coeeeelho: raises $8.72 to $11.22
Pippa83 leaves the table
UnRRRReal: raises $13.78 to $25
coeeeelho: raises $75 to $100
UnRRRReal: folds 
Uncalled bet ($75) returned to coeeeelho
coeeeelho collected $50 from pot
*** SUMMARY ***
Total pot $50 | Rake $0 
Seat 2: ptolejmus
Seat 5: Pippa83
Seat 4: coeeeelho (big blind) collected ($50)
Seat 6: UnRRRReal (button) (small blind) folded before Flop



