PokerStars Hand #254523349157:  Hold'em No Limit ($0.50/$1.00 USD) - 2025/01/23 1:28:11 WET [2025/01/23 20:28:11 ET]
Table 'Stavropolis IV' 6-max Seat #5 is the button
Seat 1: uuzka ($101.50 in chips) is sitting out
Seat 2: rao999 ($101.50 in chips) 
Seat 3: easy_sarcasm ($103 in chips) 
Seat 4: KeR888 ($100 in chips) 
Seat 5: Manifestorr ($100 in chips) 
Seat 6: zahab00 ($43.14 in chips) 
zahab00: posts small blind $0.50
uuzka: is sitting out 
rao999: posts big blind $1
*** HOLE CARDS ***
easy_sarcasm: folds 
KeR888: raises $1.50 to $2.50
Manifestorr: folds 
zahab00: calls $2
easy_sarcasm leaves the table
rao999: folds 
*** FLOP *** [4c 3s 4s]
zahab00: checks 
KeR888: bets $1.43
zahab00: calls $1.43
*** TURN *** [4c 3s 4s] [2s]
zahab00: checks 
KeR888: checks 
*** RIVER *** [4c 3s 4s 2s] [Kh]
zahab00: bets $6.42
KeR888: folds 
Uncalled bet ($6.42) returned to zahab00
zahab00 collected $8.42 from pot
zahab00: doesn't show hand 
*** SUMMARY ***
Total pot $8.86 | Rake $0.44 
Board [4c 3s 4s 2s Kh]
Seat 1: uuzka
Seat 2: rao999 (big blind) folded before Flop
Seat 3: easy_sarcasm folded before Flop (didn't bet)
Seat 4: KeR888 folded on the River
Seat 5: Manifestorr (button) folded before Flop (didn't bet)
Seat 6: zahab00 (small blind) collected ($8.42)



PokerStars Hand #254523357707:  Hold'em No Limit ($0.50/$1.00 USD) - 2025/01/23 1:29:00 WET [2025/01/23 20:29:00 ET]
Table 'Stavropolis IV' 6-max Seat #6 is the button
Seat 1: uuzka ($101.50 in chips) is sitting out
Seat 2: rao999 ($100.50 in chips) 
Seat 4: KeR888 ($100 in chips) 
Seat 5: Manifestorr ($100 in chips) 
Seat 6: zahab00 ($47.63 in chips) 
rao999: posts small blind $0.50
KeR888: posts big blind $1
*** HOLE CARDS ***
Manifestorr: folds 
zahab00: folds 
uuzka leaves the table
rao999: folds 
Uncalled bet ($0.50) returned to KeR888
KeR888 collected $1 from pot
KeR888: doesn't show hand 
*** SUMMARY ***
Total pot $1 | Rake $0 
Seat 1: uuzka
Seat 2: rao999 (small blind) folded before Flop
Seat 4: KeR888 (big blind) collected ($1)
Seat 5: Manifestorr folded before Flop (didn't bet)
Seat 6: zahab00 (button) folded before Flop (didn't bet)



PokerStars Hand #254523359506:  Hold'em No Limit ($0.50/$1.00 USD) - 2025/01/23 1:29:10 WET [2025/01/23 20:29:10 ET]
Table 'Stavropolis IV' 6-max Seat #2 is the button
Seat 5: Manifestorr ($100 in chips) is sitting out
Seat 2: rao999 ($100 in chips) 
Seat 4: KeR888 ($100.50 in chips) 
Seat 6: zahab00 ($47.63 in chips) 
KeR888: posts small blind $0.50
Manifestorr: is sitting out 
zahab00: posts big blind $1
*** HOLE CARDS ***
Manifestorr leaves the table
rao999: folds 
KeR888: folds 
Uncalled bet ($0.50) returned to zahab00
zahab00 collected $1 from pot
zahab00: doesn't show hand 
*** SUMMARY ***
Total pot $1 | Rake $0 
Seat 5: Manifestorr
Seat 2: rao999 (button) folded before Flop (didn't bet)
Seat 4: KeR888 (small blind) folded before Flop
Seat 6: zahab00 (big blind) collected ($1)



PokerStars Hand #254523361690:  Hold'em No Limit ($0.50/$1.00 USD) - 2025/01/23 1:29:23 WET [2025/01/23 20:29:23 ET]
Table 'Stavropolis IV' 6-max Seat #4 is the button
Seat 2: rao999 ($100 in chips) 
Seat 4: KeR888 ($100 in chips) 
Seat 6: zahab00 ($48.13 in chips) 
zahab00: posts small blind $0.50
rao999: posts big blind $1
*** HOLE CARDS ***
BumHuntKing joins the table at seat #1 
KeR888: raises $1.50 to $2.50
zahab00: folds 
rao999: calls $1.50
*** FLOP *** [Jd Ah 3d]
rao999: checks 
KeR888: bets $3.92
nastja336 joins the table at seat #5 
rao999: folds 
Uncalled bet ($3.92) returned to KeR888
xcinaz joins the table at seat #3 
KeR888 collected $5.22 from pot
KeR888: doesn't show hand 
*** SUMMARY ***
Total pot $5.50 | Rake $0.28 
Board [Jd Ah 3d]
Seat 2: rao999 (big blind) folded on the Flop
Seat 4: KeR888 (button) collected ($5.22)
Seat 6: zahab00 (small blind) folded before Flop



PokerStars Hand #254523370382:  Hold'em No Limit ($0.50/$1.00 USD) - 2025/01/23 1:30:12 WET [2025/01/23 20:30:12 ET]
Table 'Stavropolis IV' 6-max Seat #6 is the button
Seat 1: BumHuntKing ($100 in chips) is sitting out
Seat 5: nastja336 ($100 in chips) is sitting out
Seat 2: rao999 ($100 in chips) 
Seat 3: xcinaz ($100 in chips) 
Seat 4: KeR888 ($102.72 in chips) 
Seat 6: zahab00 ($47.63 in chips) 
rao999: posts small blind $0.50
xcinaz: posts big blind $1
nastja336: sits out 
*** HOLE CARDS ***
KeR888: folds 
zahab00: folds 
rao999: folds 
Uncalled bet ($0.50) returned to xcinaz
xcinaz collected $1 from pot
xcinaz: doesn't show hand 
*** SUMMARY ***
Total pot $1 | Rake $0 
Seat 1: BumHuntKing
Seat 5: nastja336
Seat 2: rao999 (small blind) folded before Flop
Seat 3: xcinaz (big blind) collected ($1)
Seat 4: KeR888 folded before Flop (didn't bet)
Seat 6: zahab00 (button) folded before Flop (didn't bet)



PokerStars Hand #254523373196:  Hold'em No Limit ($0.50/$1.00 USD) - 2025/01/23 1:30:29 WET [2025/01/23 20:30:29 ET]
Table 'Stavropolis IV' 6-max Seat #2 is the button
Seat 1: BumHuntKing ($100 in chips) is sitting out
Seat 4: KeR888 ($102.72 in chips) is sitting out
Seat 2: rao999 ($100 in chips) 
Seat 3: xcinaz ($100.50 in chips) 
Seat 5: nastja336 ($100 in chips) 
Seat 6: zahab00 ($47.63 in chips) 
xcinaz: posts small blind $0.50
KeR888: is sitting out 
nastja336: posts big blind $1
BumHuntKing: sits out 
*** HOLE CARDS ***
zahab00: folds 
rao999: folds 
KeR888 leaves the table
xcinaz: raises $2 to $3
nastja336: folds 
Uncalled bet ($2) returned to xcinaz
xcinaz collected $2 from pot
xcinaz: doesn't show hand 
*** SUMMARY ***
Total pot $2 | Rake $0 
Seat 1: BumHuntKing
Seat 4: KeR888
Seat 2: rao999 (button) folded before Flop (didn't bet)
Seat 3: xcinaz (small blind) collected ($2)
Seat 5: nastja336 (big blind) folded before Flop
Seat 6: zahab00 folded before Flop (didn't bet)



PokerStars Hand #254523377246:  Hold'em No Limit ($0.50/$1.00 USD) - 2025/01/23 1:30:51 WET [2025/01/23 20:30:51 ET]
Table 'Stavropolis IV' 6-max Seat #3 is the button
Seat 1: BumHuntKing ($100 in chips) is sitting out
Seat 2: rao999 ($100 in chips) 
Seat 3: xcinaz ($101.50 in chips) 
Seat 5: nastja336 ($100 in chips) 
Seat 6: zahab00 ($47.63 in chips) 
nastja336: posts small blind $0.50
zahab00: posts big blind $1
BumHuntKing: sits out 
*** HOLE CARDS ***
rao999: folds 
LeaveItYeah joins the table at seat #4 
xcinaz: folds 
LeaveItYeah leaves the table
nastja336: raises $2 to $3
zahab00: folds 
Uncalled bet ($2) returned to nastja336
nastja336 collected $2 from pot
nastja336: doesn't show hand 
*** SUMMARY ***
Total pot $2 | Rake $0 
Seat 1: BumHuntKing
Seat 2: rao999 folded before Flop (didn't bet)
Seat 3: xcinaz (button) folded before Flop (didn't bet)
Seat 5: nastja336 (small blind) collected ($2)
Seat 6: zahab00 (big blind) folded before Flop



PokerStars Hand #254523381841:  Hold'em No Limit ($0.50/$1.00 USD) - 2025/01/23 1:31:18 WET [2025/01/23 20:31:18 ET]
Table 'Stavropolis IV' 6-max Seat #5 is the button
Seat 1: BumHuntKing ($100 in chips) 
Seat 2: rao999 ($100 in chips) 
Seat 3: xcinaz ($101.50 in chips) 
Seat 5: nastja336 ($101 in chips) 
Seat 6: zahab00 ($46.63 in chips) 
zahab00: posts small blind $0.50
BumHuntKing: posts big blind $1
*** HOLE CARDS ***
Tibibacsi joins the table at seat #4 
rao999: folds 
xcinaz: folds 
nastja336: raises $1.50 to $2.50
zahab00: calls $2
BumHuntKing: folds 
*** FLOP *** [6c Jd 8d]
zahab00: checks 
nastja336: checks 
*** TURN *** [6c Jd 8d] [Qd]
zahab00: checks 
nastja336: checks 
*** RIVER *** [6c Jd 8d Qd] [Kh]
zahab00: checks 
nastja336: checks 
*** SHOW DOWN ***
zahab00: shows [4s 5s] (high card King)
nastja336: shows [5d 5c] (a pair of Fives)
nastja336 collected $5.70 from pot
*** SUMMARY ***
Total pot $6 | Rake $0.30 
Board [6c Jd 8d Qd Kh]
Seat 1: BumHuntKing (big blind) folded before Flop
Seat 2: rao999 folded before Flop (didn't bet)
Seat 3: xcinaz folded before Flop (didn't bet)
Seat 5: nastja336 (button) showed [5d 5c] and won ($5.70) with a pair of Fives
Seat 6: zahab00 (small blind) showed [4s 5s] and lost with high card King



PokerStars Hand #254523389681:  Hold'em No Limit ($0.50/$1.00 USD) - 2025/01/23 1:32:02 WET [2025/01/23 20:32:02 ET]
Table 'Stavropolis IV' 6-max Seat #6 is the button
Seat 2: rao999 ($100 in chips) is sitting out
Seat 4: Tibibacsi ($100 in chips) is sitting out
Seat 1: BumHuntKing ($100 in chips) 
Seat 3: xcinaz ($101.50 in chips) 
Seat 5: nastja336 ($104.20 in chips) 
Seat 6: zahab00 ($44.13 in chips) 
BumHuntKing: posts small blind $0.50
rao999: is sitting out 
xcinaz: posts big blind $1
Tibibacsi: sits out 
*** HOLE CARDS ***
nastja336: raises $1.50 to $2.50
zahab00: folds 
rao999 leaves the table
BumHuntKing: folds 
xcinaz: folds 
Uncalled bet ($1.50) returned to nastja336
nastja336 collected $2.50 from pot
nastja336: doesn't show hand 
*** SUMMARY ***
Total pot $2.50 | Rake $0 
Seat 2: rao999
Seat 4: Tibibacsi
Seat 1: BumHuntKing (small blind) folded before Flop
Seat 3: xcinaz (big blind) folded before Flop
Seat 5: nastja336 collected ($2.50)
Seat 6: zahab00 (button) folded before Flop (didn't bet)



PokerStars Hand #254523392699:  Hold'em No Limit ($0.50/$1.00 USD) - 2025/01/23 1:32:19 WET [2025/01/23 20:32:19 ET]
Table 'Stavropolis IV' 6-max Seat #1 is the button
Seat 1: BumHuntKing ($100 in chips) 
Seat 3: xcinaz ($100.50 in chips) 
Seat 4: Tibibacsi ($100 in chips) 
Seat 5: nastja336 ($105.70 in chips) 
Seat 6: zahab00 ($44.13 in chips) 
xcinaz: posts small blind $0.50
Tibibacsi: posts big blind $1
*** HOLE CARDS ***
nastja336: folds 
zahab00: raises $1.50 to $2.50
BumHuntKing: raises $5 to $7.50
xcinaz: folds 
Tibibacsi: folds 
zahab00: folds 
Uncalled bet ($5) returned to BumHuntKing
BumHuntKing collected $6.50 from pot
BumHuntKing: doesn't show hand 
*** SUMMARY ***
Total pot $6.50 | Rake $0 
Seat 1: BumHuntKing (button) collected ($6.50)
Seat 3: xcinaz (small blind) folded before Flop
Seat 4: Tibibacsi (big blind) folded before Flop
Seat 5: nastja336 folded before Flop (didn't bet)
Seat 6: zahab00 folded before Flop



PokerStars Hand #254523397767:  Hold'em No Limit ($0.50/$1.00 USD) - 2025/01/23 1:32:48 WET [2025/01/23 20:32:48 ET]
Table 'Stavropolis IV' 6-max Seat #3 is the button
Seat 5: nastja336 ($105.70 in chips) is sitting out
Seat 1: BumHuntKing ($104 in chips) 
Seat 3: xcinaz ($100 in chips) 
Seat 4: Tibibacsi ($100 in chips) 
Seat 6: zahab00 ($41.63 in chips) 
Tibibacsi: posts small blind $0.50
nastja336: is sitting out 
zahab00: posts big blind $1
*** HOLE CARDS ***
nastja336 leaves the table
BumHuntKing: raises $1.20 to $2.20
xcinaz: folds 
Tibibacsi: folds 
zahab00: folds 
Uncalled bet ($1.20) returned to BumHuntKing
BumHuntKing collected $2.50 from pot
BumHuntKing: doesn't show hand 
*** SUMMARY ***
Total pot $2.50 | Rake $0 
Seat 5: nastja336
Seat 1: BumHuntKing collected ($2.50)
Seat 3: xcinaz (button) folded before Flop (didn't bet)
Seat 4: Tibibacsi (small blind) folded before Flop
Seat 6: zahab00 (big blind) folded before Flop



PokerStars Hand #254523402871:  Hold'em No Limit ($0.50/$1.00 USD) - 2025/01/23 1:33:16 WET [2025/01/23 20:33:16 ET]
Table 'Stavropolis IV' 6-max Seat #4 is the button
Seat 1: BumHuntKing ($105.50 in chips) 
Seat 3: xcinaz ($100 in chips) 
Seat 4: Tibibacsi ($100 in chips) 
Seat 6: zahab00 ($40.63 in chips) 
zahab00: posts small blind $0.50
BumHuntKing: posts big blind $1
*** HOLE CARDS ***
xcinaz: folds 
Tibibacsi: raises $1.50 to $2.50
zahab00: calls $2
BumHuntKing: folds 
*** FLOP *** [Th 5h 9d]
zahab00: checks 
Tibibacsi: checks 
*** TURN *** [Th 5h 9d] [Qd]
zahab00: bets $4
Tibibacsi: folds 
Uncalled bet ($4) returned to zahab00
zahab00 collected $5.70 from pot
zahab00: doesn't show hand 
*** SUMMARY ***
Total pot $6 | Rake $0.30 
Board [Th 5h 9d Qd]
Seat 1: BumHuntKing (big blind) folded before Flop
Seat 3: xcinaz folded before Flop (didn't bet)
Seat 4: Tibibacsi (button) folded on the Turn
Seat 6: zahab00 (small blind) collected ($5.70)



PokerStars Hand #254523411329:  Hold'em No Limit ($0.50/$1.00 USD) - 2025/01/23 1:34:06 WET [2025/01/23 20:34:06 ET]
Table 'Stavropolis IV' 6-max Seat #6 is the button
Seat 1: BumHuntKing ($104.50 in chips) 
Seat 3: xcinaz ($100 in chips) 
Seat 4: Tibibacsi ($100 in chips) 
Seat 6: zahab00 ($43.83 in chips) 
BumHuntKing: posts small blind $0.50
xcinaz: posts big blind $1
*** HOLE CARDS ***
Tibibacsi: folds 
zahab00: folds 
BumHuntKing: folds 
Uncalled bet ($0.50) returned to xcinaz
xcinaz collected $1 from pot
xcinaz: doesn't show hand 
*** SUMMARY ***
Total pot $1 | Rake $0 
Seat 1: BumHuntKing (small blind) folded before Flop
Seat 3: xcinaz (big blind) collected ($1)
Seat 4: Tibibacsi folded before Flop (didn't bet)
Seat 6: zahab00 (button) folded before Flop (didn't bet)



PokerStars Hand #254523412908:  Hold'em No Limit ($0.50/$1.00 USD) - 2025/01/23 1:34:15 WET [2025/01/23 20:34:15 ET]
Table 'Stavropolis IV' 6-max Seat #1 is the button
Seat 4: Tibibacsi ($100 in chips) is sitting out
Seat 1: BumHuntKing ($104 in chips) 
Seat 3: xcinaz ($100.50 in chips) 
Seat 6: zahab00 ($43.83 in chips) 
xcinaz: posts small blind $0.50
Tibibacsi: is sitting out 
zahab00: posts big blind $1
*** HOLE CARDS ***
Tibibacsi leaves the table
BumHuntKing: raises $1.50 to $2.50
xcinaz: folds 
zahab00: calls $1.50
*** FLOP *** [Ad 6c Js]
zahab00: checks 
BumHuntKing: bets $1.72
zahab00: folds 
Uncalled bet ($1.72) returned to BumHuntKing
BumHuntKing collected $5.22 from pot
BumHuntKing: doesn't show hand 
*** SUMMARY ***
Total pot $5.50 | Rake $0.28 
Board [Ad 6c Js]
Seat 4: Tibibacsi
Seat 1: BumHuntKing (button) collected ($5.22)
Seat 3: xcinaz (small blind) folded before Flop
Seat 6: zahab00 (big blind) folded on the Flop



PokerStars Hand #254523421878:  Hold'em No Limit ($0.50/$1.00 USD) - 2025/01/23 1:35:06 WET [2025/01/23 20:35:06 ET]
Table 'Stavropolis IV' 6-max Seat #3 is the button
Seat 1: BumHuntKing ($106.72 in chips) 
Seat 3: xcinaz ($100 in chips) 
Seat 6: zahab00 ($41.33 in chips) 
zahab00: posts small blind $0.50
BumHuntKing: posts big blind $1
*** HOLE CARDS ***
xcinaz: raises $1.50 to $2.50
zahab00: folds 
BumHuntKing: raises $10 to $12.50
xcinaz: folds 
Uncalled bet ($10) returned to BumHuntKing
BumHuntKing collected $5.50 from pot
BumHuntKing: doesn't show hand 
*** SUMMARY ***
Total pot $5.50 | Rake $0 
Seat 1: BumHuntKing (big blind) collected ($5.50)
Seat 3: xcinaz (button) folded before Flop
Seat 6: zahab00 (small blind) folded before Flop



PokerStars Hand #254523428376:  Hold'em No Limit ($0.50/$1.00 USD) - 2025/01/23 1:35:44 WET [2025/01/23 20:35:44 ET]
Table 'Stavropolis IV' 6-max Seat #6 is the button
Seat 1: BumHuntKing ($109.72 in chips) 
Seat 3: xcinaz ($100 in chips) 
Seat 6: zahab00 ($40.83 in chips) 
BumHuntKing: posts small blind $0.50
xcinaz: posts big blind $1
*** HOLE CARDS ***
zahab00: raises $1.50 to $2.50
BumHuntKing: folds 
xcinaz: folds 
Uncalled bet ($1.50) returned to zahab00
zahab00 collected $2.50 from pot
zahab00: doesn't show hand 
*** SUMMARY ***
Total pot $2.50 | Rake $0 
Seat 1: BumHuntKing (small blind) folded before Flop
Seat 3: xcinaz (big blind) folded before Flop
Seat 6: zahab00 (button) collected ($2.50)



PokerStars Hand #254523431509:  Hold'em No Limit ($0.50/$1.00 USD) - 2025/01/23 1:36:02 WET [2025/01/23 20:36:02 ET]
Table 'Stavropolis IV' 6-max Seat #1 is the button
Seat 1: BumHuntKing ($109.22 in chips) 
Seat 3: xcinaz ($100 in chips) 
Seat 6: zahab00 ($42.33 in chips) 
xcinaz: posts small blind $0.50
zahab00: posts big blind $1
*** HOLE CARDS ***
BumHuntKing: raises $1.50 to $2.50
xcinaz: folds 
zahab00: calls $1.50
*** FLOP *** [7h Qc Tc]
zahab00: checks 
BumHuntKing: bets $1.72
zahab00: calls $1.72
*** TURN *** [7h Qc Tc] [3h]
zahab00: checks 
BumHuntKing: bets $6.37
zahab00: raises $31.74 to $38.11 and is all-in
BumHuntKing: folds 
Uncalled bet ($31.74) returned to zahab00
zahab00 collected $20.68 from pot
zahab00: doesn't show hand 
*** SUMMARY ***
Total pot $21.68 | Rake $1 
Board [7h Qc Tc 3h]
Seat 1: BumHuntKing (button) folded on the Turn
Seat 3: xcinaz (small blind) folded before Flop
Seat 6: zahab00 (big blind) collected ($20.68)



PokerStars Hand #254523439849:  Hold'em No Limit ($0.50/$1.00 USD) - 2025/01/23 1:36:50 WET [2025/01/23 20:36:50 ET]
Table 'Stavropolis IV' 6-max Seat #3 is the button
Seat 1: BumHuntKing ($100 in chips) 
Seat 3: xcinaz ($100 in chips) 
Seat 6: zahab00 ($52.42 in chips) 
zahab00: posts small blind $0.50
BumHuntKing: posts big blind $1
*** HOLE CARDS ***
xcinaz: folds 
zahab00: raises $1.50 to $2.50
BumHuntKing: calls $1.50
*** FLOP *** [Kh Jc Kd]
zahab00: bets $1.50
BumHuntKing: calls $1.50
*** TURN *** [Kh Jc Kd] [3s]
zahab00: bets $4.25
BumHuntKing: folds 
Uncalled bet ($4.25) returned to zahab00
zahab00 collected $7.60 from pot
zahab00: doesn't show hand 
*** SUMMARY ***
Total pot $8 | Rake $0.40 
Board [Kh Jc Kd 3s]
Seat 1: BumHuntKing (big blind) folded on the Turn
Seat 3: xcinaz (button) folded before Flop (didn't bet)
Seat 6: zahab00 (small blind) collected ($7.60)



PokerStars Hand #254523447783:  Hold'em No Limit ($0.50/$1.00 USD) - 2025/01/23 1:37:36 WET [2025/01/23 20:37:36 ET]
Table 'Stavropolis IV' 6-max Seat #6 is the button
Seat 1: BumHuntKing ($100 in chips) 
Seat 3: xcinaz ($100 in chips) 
Seat 6: zahab00 ($56.02 in chips) 
BumHuntKing: posts small blind $0.50
xcinaz: posts big blind $1
*** HOLE CARDS ***
Xenicide joins the table at seat #2 
zahab00: folds 
BGS013 joins the table at seat #4 
BumHuntKing: raises $2 to $3
xcinaz: calls $2
*** FLOP *** [5c 8h 9d]
BumHuntKing: checks 
xcinaz: checks 
*** TURN *** [5c 8h 9d] [Ah]
BumHuntKing: bets $4.28
xcinaz: folds 
Uncalled bet ($4.28) returned to BumHuntKing
BumHuntKing collected $5.70 from pot
BumHuntKing: doesn't show hand 
*** SUMMARY ***
Total pot $6 | Rake $0.30 
Board [5c 8h 9d Ah]
Seat 1: BumHuntKing (small blind) collected ($5.70)
Seat 3: xcinaz (big blind) folded on the Turn
Seat 6: zahab00 (button) folded before Flop (didn't bet)



PokerStars Hand #254523458105:  Hold'em No Limit ($0.50/$1.00 USD) - 2025/01/23 1:38:35 WET [2025/01/23 20:38:35 ET]
Table 'Stavropolis IV' 6-max Seat #1 is the button
Seat 2: Xenicide ($100 in chips) is sitting out
Seat 1: BumHuntKing ($102.70 in chips) 
Seat 3: xcinaz ($100 in chips) 
Seat 4: BGS013 ($100 in chips) 
Seat 6: zahab00 ($56.02 in chips) 
xcinaz: posts small blind $0.50
BGS013: posts big blind $1
*** HOLE CARDS ***
zahab00: folds 
BumHuntKing: folds 
xcinaz: raises $2 to $3
BGS013: folds 
Uncalled bet ($2) returned to xcinaz
xcinaz collected $2 from pot
xcinaz: doesn't show hand 
*** SUMMARY ***
Total pot $2 | Rake $0 
Seat 2: Xenicide
Seat 1: BumHuntKing (button) folded before Flop (didn't bet)
Seat 3: xcinaz (small blind) collected ($2)
Seat 4: BGS013 (big blind) folded before Flop
Seat 6: zahab00 folded before Flop (didn't bet)



PokerStars Hand #254523461067:  Hold'em No Limit ($0.50/$1.00 USD) - 2025/01/23 1:38:52 WET [2025/01/23 20:38:52 ET]
Table 'Stavropolis IV' 6-max Seat #3 is the button
Seat 2: Xenicide ($100 in chips) is sitting out
Seat 1: BumHuntKing ($102.70 in chips) 
Seat 3: xcinaz ($101 in chips) 
Seat 4: BGS013 ($100 in chips) 
Seat 6: zahab00 ($56.02 in chips) 
BGS013: posts small blind $0.50
zahab00: posts big blind $1
Xenicide: sits out 
*** HOLE CARDS ***
BumHuntKing: folds 
xcinaz: folds 
BGS013: folds 
Uncalled bet ($0.50) returned to zahab00
zahab00 collected $1 from pot
zahab00: doesn't show hand 
*** SUMMARY ***
Total pot $1 | Rake $0 
Seat 2: Xenicide
Seat 1: BumHuntKing folded before Flop (didn't bet)
Seat 3: xcinaz (button) folded before Flop (didn't bet)
Seat 4: BGS013 (small blind) folded before Flop
Seat 6: zahab00 (big blind) collected ($1)



PokerStars Hand #254523462611:  Hold'em No Limit ($0.50/$1.00 USD) - 2025/01/23 1:39:01 WET [2025/01/23 20:39:01 ET]
Table 'Stavropolis IV' 6-max Seat #4 is the button
Seat 2: Xenicide ($100 in chips) is sitting out
Seat 1: BumHuntKing ($102.70 in chips) 
Seat 3: xcinaz ($101 in chips) 
Seat 4: BGS013 ($100 in chips) 
Seat 6: zahab00 ($56.52 in chips) 
zahab00: posts small blind $0.50
BumHuntKing: posts big blind $1
Xenicide: sits out 
*** HOLE CARDS ***
xcinaz: folds 
BGS013: folds 
zahab00: folds 
Uncalled bet ($0.50) returned to BumHuntKing
BumHuntKing collected $1 from pot
BumHuntKing: doesn't show hand 
*** SUMMARY ***
Total pot $1 | Rake $0 
Seat 2: Xenicide
Seat 1: BumHuntKing (big blind) collected ($1)
Seat 3: xcinaz folded before Flop (didn't bet)
Seat 4: BGS013 (button) folded before Flop (didn't bet)
Seat 6: zahab00 (small blind) folded before Flop



PokerStars Hand #254523465737:  Hold'em No Limit ($0.50/$1.00 USD) - 2025/01/23 1:39:19 WET [2025/01/23 20:39:19 ET]
Table 'Stavropolis IV' 6-max Seat #6 is the button
Seat 1: BumHuntKing ($103.20 in chips) 
Seat 2: Xenicide ($100 in chips) 
Seat 3: xcinaz ($101 in chips) 
Seat 4: BGS013 ($100 in chips) 
Seat 6: zahab00 ($56.02 in chips) 
BumHuntKing: posts small blind $0.50
Xenicide: posts big blind $1
*** HOLE CARDS ***
xcinaz: folds 
BGS013: folds 
zahab00 has timed out
zahab00: folds 
BumHuntKing: folds 
Uncalled bet ($0.50) returned to Xenicide
Xenicide collected $1 from pot
*** SUMMARY ***
Total pot $1 | Rake $0 
Seat 1: BumHuntKing (small blind) folded before Flop
Seat 2: Xenicide (big blind) collected ($1)
Seat 3: xcinaz folded before Flop (didn't bet)
Seat 4: BGS013 folded before Flop (didn't bet)
Seat 6: zahab00 (button) folded before Flop (didn't bet)



PokerStars Hand #254523469358:  Hold'em No Limit ($0.50/$1.00 USD) - 2025/01/23 1:39:40 WET [2025/01/23 20:39:40 ET]
Table 'Stavropolis IV' 6-max Seat #1 is the button
Seat 6: zahab00 ($56.02 in chips) is sitting out
Seat 1: BumHuntKing ($102.70 in chips) 
Seat 2: Xenicide ($100.50 in chips) 
Seat 3: xcinaz ($101 in chips) 
Seat 4: BGS013 ($100 in chips) 
Xenicide: posts small blind $0.50
xcinaz: posts big blind $1
*** HOLE CARDS ***
BGS013: folds 
BumHuntKing: folds 
Xenicide: raises $2.50 to $3.50
xcinaz: folds 
Uncalled bet ($2.50) returned to Xenicide
Xenicide collected $2 from pot
*** SUMMARY ***
Total pot $2 | Rake $0 
Seat 6: zahab00
Seat 1: BumHuntKing (button) folded before Flop (didn't bet)
Seat 2: Xenicide (small blind) collected ($2)
Seat 3: xcinaz (big blind) folded before Flop
Seat 4: BGS013 folded before Flop (didn't bet)



PokerStars Hand #254523472614:  Hold'em No Limit ($0.50/$1.00 USD) - 2025/01/23 1:39:59 WET [2025/01/23 20:39:59 ET]
Table 'Stavropolis IV' 6-max Seat #2 is the button
Seat 1: BumHuntKing ($102.70 in chips) 
Seat 2: Xenicide ($101.50 in chips) 
Seat 3: xcinaz ($100 in chips) 
Seat 4: BGS013 ($100 in chips) 
Seat 6: zahab00 ($56.02 in chips) 
xcinaz: posts small blind $0.50
BGS013: posts big blind $1
*** HOLE CARDS ***
zahab00: folds 
BumHuntKing: folds 
Xenicide: folds 
xcinaz: folds 
Uncalled bet ($0.50) returned to BGS013
BGS013 collected $1 from pot
BGS013: doesn't show hand 
*** SUMMARY ***
Total pot $1 | Rake $0 
Seat 1: BumHuntKing folded before Flop (didn't bet)
Seat 2: Xenicide (button) folded before Flop (didn't bet)
Seat 3: xcinaz (small blind) folded before Flop
Seat 4: BGS013 (big blind) collected ($1)
Seat 6: zahab00 folded before Flop (didn't bet)



PokerStars Hand #254523475865:  Hold'em No Limit ($0.50/$1.00 USD) - 2025/01/23 1:40:18 WET [2025/01/23 20:40:18 ET]
Table 'Stavropolis IV' 6-max Seat #3 is the button
Seat 1: BumHuntKing ($102.70 in chips) 
Seat 2: Xenicide ($101.50 in chips) 
Seat 3: xcinaz ($100 in chips) 
Seat 4: BGS013 ($100.50 in chips) 
Seat 6: zahab00 ($56.02 in chips) 
BGS013: posts small blind $0.50
zahab00: posts big blind $1
*** HOLE CARDS ***
BumHuntKing: raises $1.20 to $2.20
Xenicide: folds 
xcinaz: folds 
BGS013: folds 
zahab00: folds 
Uncalled bet ($1.20) returned to BumHuntKing
BumHuntKing collected $2.50 from pot
BumHuntKing: doesn't show hand 
*** SUMMARY ***
Total pot $2.50 | Rake $0 
Seat 1: BumHuntKing collected ($2.50)
Seat 2: Xenicide folded before Flop (didn't bet)
Seat 3: xcinaz (button) folded before Flop (didn't bet)
Seat 4: BGS013 (small blind) folded before Flop
Seat 6: zahab00 (big blind) folded before Flop



PokerStars Hand #254523478956:  Hold'em No Limit ($0.50/$1.00 USD) - 2025/01/23 1:40:36 WET [2025/01/23 20:40:36 ET]
Table 'Stavropolis IV' 6-max Seat #4 is the button
Seat 1: BumHuntKing ($104.20 in chips) 
Seat 2: Xenicide ($101.50 in chips) 
Seat 3: xcinaz ($100 in chips) 
Seat 4: BGS013 ($100 in chips) 
Seat 6: zahab00 ($55.02 in chips) 
zahab00: posts small blind $0.50
BumHuntKing: posts big blind $1
*** HOLE CARDS ***
Xenicide: folds 
xcinaz: folds 
BGS013: raises $1.50 to $2.50
zahab00: folds 
BumHuntKing: folds 
Uncalled bet ($1.50) returned to BGS013
BGS013 collected $2.50 from pot
BGS013: doesn't show hand 
*** SUMMARY ***
Total pot $2.50 | Rake $0 
Seat 1: BumHuntKing (big blind) folded before Flop
Seat 2: Xenicide folded before Flop (didn't bet)
Seat 3: xcinaz folded before Flop (didn't bet)
Seat 4: BGS013 (button) collected ($2.50)
Seat 6: zahab00 (small blind) folded before Flop



PokerStars Hand #254523482537:  Hold'em No Limit ($0.50/$1.00 USD) - 2025/01/23 1:40:57 WET [2025/01/23 20:40:57 ET]
Table 'Stavropolis IV' 6-max Seat #6 is the button
Seat 1: BumHuntKing ($103.20 in chips) 
Seat 2: Xenicide ($101.50 in chips) 
Seat 3: xcinaz ($100 in chips) 
Seat 4: BGS013 ($101.50 in chips) 
Seat 6: zahab00 ($54.52 in chips) 
BumHuntKing: posts small blind $0.50
Xenicide: posts big blind $1
*** HOLE CARDS ***
xcinaz: folds 
BGS013: folds 
zahab00: folds 
BumHuntKing: folds 
Uncalled bet ($0.50) returned to Xenicide
Xenicide collected $1 from pot
*** SUMMARY ***
Total pot $1 | Rake $0 
Seat 1: BumHuntKing (small blind) folded before Flop
Seat 2: Xenicide (big blind) collected ($1)
Seat 3: xcinaz folded before Flop (didn't bet)
Seat 4: BGS013 folded before Flop (didn't bet)
Seat 6: zahab00 (button) folded before Flop (didn't bet)



PokerStars Hand #254523485360:  Hold'em No Limit ($0.50/$1.00 USD) - 2025/01/23 1:41:13 WET [2025/01/23 20:41:13 ET]
Table 'Stavropolis IV' 6-max Seat #1 is the button
Seat 1: BumHuntKing ($102.70 in chips) 
Seat 2: Xenicide ($102 in chips) 
Seat 3: xcinaz ($100 in chips) 
Seat 4: BGS013 ($101.50 in chips) 
Seat 6: zahab00 ($54.52 in chips) 
Xenicide: posts small blind $0.50
xcinaz: posts big blind $1
*** HOLE CARDS ***
BGS013: folds 
zahab00: raises $1.50 to $2.50
BumHuntKing: folds 
Xenicide: folds 
xcinaz: folds 
Uncalled bet ($1.50) returned to zahab00
zahab00 collected $2.50 from pot
zahab00: doesn't show hand 
*** SUMMARY ***
Total pot $2.50 | Rake $0 
Seat 1: BumHuntKing (button) folded before Flop (didn't bet)
Seat 2: Xenicide (small blind) folded before Flop
Seat 3: xcinaz (big blind) folded before Flop
Seat 4: BGS013 folded before Flop (didn't bet)
Seat 6: zahab00 collected ($2.50)



PokerStars Hand #254523490709:  Hold'em No Limit ($0.50/$1.00 USD) - 2025/01/23 1:41:44 WET [2025/01/23 20:41:44 ET]
Table 'Stavropolis IV' 6-max Seat #2 is the button
Seat 1: BumHuntKing ($102.70 in chips) 
Seat 2: Xenicide ($101.50 in chips) 
Seat 3: xcinaz ($100 in chips) 
Seat 4: BGS013 ($101.50 in chips) 
Seat 6: zahab00 ($56.02 in chips) 
xcinaz: posts small blind $0.50
BGS013: posts big blind $1
*** HOLE CARDS ***
zahab00: folds 
BumHuntKing: raises $1.20 to $2.20
Xenicide: raises $4.30 to $6.50
xcinaz: folds 
BGS013: folds 
BumHuntKing: calls $4.30
*** FLOP *** [Qd 4s 3c]
BumHuntKing: checks 
Xenicide: bets $4.27
BumHuntKing: folds 
Uncalled bet ($4.27) returned to Xenicide
Xenicide collected $13.78 from pot
*** SUMMARY ***
Total pot $14.50 | Rake $0.72 
Board [Qd 4s 3c]
Seat 1: BumHuntKing folded on the Flop
Seat 2: Xenicide (button) collected ($13.78)
Seat 3: xcinaz (small blind) folded before Flop
Seat 4: BGS013 (big blind) folded before Flop
Seat 6: zahab00 folded before Flop (didn't bet)



PokerStars Hand #254523500534:  Hold'em No Limit ($0.50/$1.00 USD) - 2025/01/23 1:42:42 WET [2025/01/23 20:42:42 ET]
Table 'Stavropolis IV' 6-max Seat #3 is the button
Seat 1: BumHuntKing ($100 in chips) 
Seat 2: Xenicide ($108.78 in chips) 
Seat 3: xcinaz ($100 in chips) 
Seat 4: BGS013 ($100.50 in chips) 
Seat 6: zahab00 ($56.02 in chips) 
BGS013: posts small blind $0.50
zahab00: posts big blind $1
*** HOLE CARDS ***
BumHuntKing: folds 
Xenicide: raises $1 to $2
xcinaz: folds 
BGS013: folds 
zahab00: calls $1
*** FLOP *** [Th 2c 2h]
chenconhaste joins the table at seat #5 
zahab00: checks 
Xenicide: bets $1.07
zahab00: calls $1.07
*** TURN *** [Th 2c 2h] [4h]
zahab00: checks 
Xenicide: bets $1.96
zahab00: calls $1.96
*** RIVER *** [Th 2c 2h 4h] [8s]
zahab00: checks 
Xenicide: bets $3.51
zahab00: raises $9.51 to $13.02
Xenicide: calls $9.51
*** SHOW DOWN ***
zahab00: shows [9h 6h] (a flush, Ten high)
Xenicide: mucks hand 
zahab00 collected $34.77 from pot
*** SUMMARY ***
Total pot $36.60 | Rake $1.83 
Board [Th 2c 2h 4h 8s]
Seat 1: BumHuntKing folded before Flop (didn't bet)
Seat 2: Xenicide mucked
Seat 3: xcinaz (button) folded before Flop (didn't bet)
Seat 4: BGS013 (small blind) folded before Flop
Seat 6: zahab00 (big blind) showed [9h 6h] and won ($34.77) with a flush, Ten high



PokerStars Hand #254523514170:  Hold'em No Limit ($0.50/$1.00 USD) - 2025/01/23 1:44:02 WET [2025/01/23 20:44:02 ET]
Table 'Stavropolis IV' 6-max Seat #4 is the button
Seat 5: chenconhaste ($100 in chips) is sitting out
Seat 1: BumHuntKing ($100 in chips) 
Seat 2: Xenicide ($100 in chips) 
Seat 3: xcinaz ($100 in chips) 
Seat 4: BGS013 ($100 in chips) 
Seat 6: zahab00 ($72.74 in chips) 
zahab00: posts small blind $0.50
BumHuntKing: posts big blind $1
*** HOLE CARDS ***
Xenicide: folds 
xcinaz: folds 
BGS013: folds 
zahab00: folds 
Uncalled bet ($0.50) returned to BumHuntKing
BumHuntKing collected $1 from pot
BumHuntKing: doesn't show hand 
*** SUMMARY ***
Total pot $1 | Rake $0 
Seat 5: chenconhaste
Seat 1: BumHuntKing (big blind) collected ($1)
Seat 2: Xenicide folded before Flop (didn't bet)
Seat 3: xcinaz folded before Flop (didn't bet)
Seat 4: BGS013 (button) folded before Flop (didn't bet)
Seat 6: zahab00 (small blind) folded before Flop



PokerStars Hand #254523516354:  Hold'em No Limit ($0.50/$1.00 USD) - 2025/01/23 1:44:15 WET [2025/01/23 20:44:15 ET]
Table 'Stavropolis IV' 6-max Seat #6 is the button
Seat 5: chenconhaste ($100 in chips) is sitting out
Seat 1: BumHuntKing ($100.50 in chips) 
Seat 2: Xenicide ($100 in chips) 
Seat 3: xcinaz ($100 in chips) 
Seat 4: BGS013 ($100 in chips) 
Seat 6: zahab00 ($72.24 in chips) 
BumHuntKing: posts small blind $0.50
Xenicide: posts big blind $1
chenconhaste: sits out 
*** HOLE CARDS ***
xcinaz: folds 
BGS013: folds 
zahab00: folds 
BumHuntKing: raises $2 to $3
Xenicide: folds 
Uncalled bet ($2) returned to BumHuntKing
BumHuntKing collected $2 from pot
BumHuntKing: doesn't show hand 
*** SUMMARY ***
Total pot $2 | Rake $0 
Seat 5: chenconhaste
Seat 1: BumHuntKing (small blind) collected ($2)
Seat 2: Xenicide (big blind) folded before Flop
Seat 3: xcinaz folded before Flop (didn't bet)
Seat 4: BGS013 folded before Flop (didn't bet)
Seat 6: zahab00 (button) folded before Flop (didn't bet)



PokerStars Hand #254523521559:  Hold'em No Limit ($0.50/$1.00 USD) - 2025/01/23 1:44:46 WET [2025/01/23 20:44:46 ET]
Table 'Stavropolis IV' 6-max Seat #1 is the button
Seat 5: chenconhaste ($100 in chips) is sitting out
Seat 1: BumHuntKing ($101.50 in chips) 
Seat 2: Xenicide ($100 in chips) 
Seat 3: xcinaz ($100 in chips) 
Seat 4: BGS013 ($100 in chips) 
Seat 6: zahab00 ($72.24 in chips) 
Xenicide: posts small blind $0.50
xcinaz: posts big blind $1
chenconhaste: sits out 
*** HOLE CARDS ***
BGS013: folds 
zahab00: folds 
BumHuntKing: folds 
BGS013 leaves the table
Xenicide: raises $2.50 to $3.50
xcinaz: calls $2.50
*** FLOP *** [Qc 5h Th]
Xenicide: checks 
xcinaz: bets $1.66
Xenicide: calls $1.66
*** TURN *** [Qc 5h Th] [Qs]
Xenicide: checks 
xcinaz: checks 
*** RIVER *** [Qc 5h Th Qs] [6s]
Xenicide: checks 
xcinaz: bets $8.33
Xenicide: calls $8.33
*** SHOW DOWN ***
xcinaz: shows [Td 2d] (two pair, Queens and Tens)
Xenicide: mucks hand 
xcinaz collected $25.63 from pot
*** SUMMARY ***
Total pot $26.98 | Rake $1.35 
Board [Qc 5h Th Qs 6s]
Seat 5: chenconhaste
Seat 1: BumHuntKing (button) folded before Flop (didn't bet)
Seat 2: Xenicide (small blind) mucked
Seat 3: xcinaz (big blind) showed [Td 2d] and won ($25.63) with two pair, Queens and Tens
Seat 4: BGS013 folded before Flop (didn't bet)
Seat 6: zahab00 folded before Flop (didn't bet)



PokerStars Hand #254523537593:  Hold'em No Limit ($0.50/$1.00 USD) - 2025/01/23 1:46:21 WET [2025/01/23 20:46:21 ET]
Table 'Stavropolis IV' 6-max Seat #2 is the button
Seat 1: BumHuntKing ($101.50 in chips) 
Seat 2: Xenicide ($100 in chips) 
Seat 3: xcinaz ($112.14 in chips) 
Seat 5: chenconhaste ($100 in chips) 
Seat 6: zahab00 ($72.24 in chips) 
xcinaz: posts small blind $0.50
chenconhaste: posts big blind $1
*** HOLE CARDS ***
zahab00: folds 
BumHuntKing: folds 
Xenicide: raises $1.25 to $2.25
avlee1 joins the table at seat #4 
xcinaz: folds 
chenconhaste: folds 
Uncalled bet ($1.25) returned to Xenicide
Xenicide collected $2.50 from pot
*** SUMMARY ***
Total pot $2.50 | Rake $0 
Seat 1: BumHuntKing folded before Flop (didn't bet)
Seat 2: Xenicide (button) collected ($2.50)
Seat 3: xcinaz (small blind) folded before Flop
Seat 5: chenconhaste (big blind) folded before Flop
Seat 6: zahab00 folded before Flop (didn't bet)



PokerStars Hand #254523541340:  Hold'em No Limit ($0.50/$1.00 USD) - 2025/01/23 1:46:43 WET [2025/01/23 20:46:43 ET]
Table 'Stavropolis IV' 6-max Seat #3 is the button
Seat 4: avlee1 ($100 in chips) is sitting out
Seat 1: BumHuntKing ($101.50 in chips) 
Seat 2: Xenicide ($101.50 in chips) 
Seat 3: xcinaz ($111.64 in chips) 
Seat 5: chenconhaste ($100 in chips) 
Seat 6: zahab00 ($72.24 in chips) 
chenconhaste: posts small blind $0.50
zahab00: posts big blind $1
*** HOLE CARDS ***
BumHuntKing: raises $1.20 to $2.20
Xenicide: folds 
xcinaz: folds 
chenconhaste: folds 
zahab00: calls $1.20
*** FLOP *** [Qd 6d 4s]
zahab00: checks 
BumHuntKing: checks 
*** TURN *** [Qd 6d 4s] [4c]
zahab00: bets $2
BumHuntKing: calls $2
*** RIVER *** [Qd 6d 4s 4c] [Qc]
zahab00: bets $7
BumHuntKing: calls $7
*** SHOW DOWN ***
zahab00: shows [Ks 6s] (two pair, Queens and Sixes)
BumHuntKing: shows [9s 9h] (two pair, Queens and Nines)
BumHuntKing collected $21.76 from pot
*** SUMMARY ***
Total pot $22.90 | Rake $1.14 
Board [Qd 6d 4s 4c Qc]
Seat 4: avlee1
Seat 1: BumHuntKing showed [9s 9h] and won ($21.76) with two pair, Queens and Nines
Seat 2: Xenicide folded before Flop (didn't bet)
Seat 3: xcinaz (button) folded before Flop (didn't bet)
Seat 5: chenconhaste (small blind) folded before Flop
Seat 6: zahab00 (big blind) showed [Ks 6s] and lost with two pair, Queens and Sixes



PokerStars Hand #254523549856:  Hold'em No Limit ($0.50/$1.00 USD) - 2025/01/23 1:47:33 WET [2025/01/23 20:47:33 ET]
Table 'Stavropolis IV' 6-max Seat #5 is the button
Seat 4: avlee1 ($100 in chips) is sitting out
Seat 1: BumHuntKing ($112.06 in chips) 
Seat 2: Xenicide ($101.50 in chips) 
Seat 3: xcinaz ($111.64 in chips) 
Seat 5: chenconhaste ($100 in chips) 
Seat 6: zahab00 ($61.04 in chips) 
zahab00: posts small blind $0.50
BumHuntKing: posts big blind $1
avlee1: sits out 
*** HOLE CARDS ***
Xenicide: raises $1 to $2
xcinaz: folds 
chenconhaste: calls $2
zahab00: folds 
BumHuntKing: folds 
*** FLOP *** [4h 9h Ah]
Xenicide: checks 
chenconhaste: bets $1.50
Xenicide: calls $1.50
*** TURN *** [4h 9h Ah] [Td]
Xenicide: checks 
chenconhaste: checks 
*** RIVER *** [4h 9h Ah Td] [As]
Xenicide: checks 
chenconhaste: checks 
*** SHOW DOWN ***
Xenicide: shows [Qd 9d] (two pair, Aces and Nines)
chenconhaste: shows [7s Ts] (two pair, Aces and Tens)
chenconhaste collected $8.08 from pot
*** SUMMARY ***
Total pot $8.50 | Rake $0.42 
Board [4h 9h Ah Td As]
Seat 4: avlee1
Seat 1: BumHuntKing (big blind) folded before Flop
Seat 2: Xenicide showed [Qd 9d] and lost with two pair, Aces and Nines
Seat 3: xcinaz folded before Flop (didn't bet)
Seat 5: chenconhaste (button) showed [7s Ts] and won ($8.08) with two pair, Aces and Tens
Seat 6: zahab00 (small blind) folded before Flop



PokerStars Hand #254523566027:  Hold'em No Limit ($0.50/$1.00 USD) - 2025/01/23 1:49:08 WET [2025/01/23 20:49:08 ET]
Table 'Stavropolis IV' 6-max Seat #6 is the button
Seat 4: avlee1 ($100 in chips) is sitting out
Seat 1: BumHuntKing ($111.06 in chips) 
Seat 2: Xenicide ($100 in chips) 
Seat 3: xcinaz ($111.64 in chips) 
Seat 5: chenconhaste ($104.58 in chips) 
Seat 6: zahab00 ($60.54 in chips) 
BumHuntKing: posts small blind $0.50
Xenicide: posts big blind $1
avlee1: sits out 
*** HOLE CARDS ***
xcinaz: folds 
chenconhaste: folds 
zahab00: folds 
BumHuntKing: raises $2 to $3
Xenicide: raises $4.50 to $7.50
BumHuntKing: folds 
Uncalled bet ($4.50) returned to Xenicide
Xenicide collected $6 from pot
Xenicide: doesn't show hand 
*** SUMMARY ***
Total pot $6 | Rake $0 
Seat 4: avlee1
Seat 1: BumHuntKing (small blind) folded before Flop
Seat 2: Xenicide (big blind) collected ($6)
Seat 3: xcinaz folded before Flop (didn't bet)
Seat 5: chenconhaste folded before Flop (didn't bet)
Seat 6: zahab00 (button) folded before Flop (didn't bet)



PokerStars Hand #254523573411:  Hold'em No Limit ($0.50/$1.00 USD) - 2025/01/23 1:49:52 WET [2025/01/23 20:49:52 ET]
Table 'Stavropolis IV' 6-max Seat #1 is the button
Seat 4: avlee1 ($100 in chips) is sitting out
Seat 1: BumHuntKing ($108.06 in chips) 
Seat 2: Xenicide ($103 in chips) 
Seat 3: xcinaz ($111.64 in chips) 
Seat 5: chenconhaste ($104.58 in chips) 
Seat 6: zahab00 ($60.54 in chips) 
Xenicide: posts small blind $0.50
xcinaz: posts big blind $1
avlee1: sits out 
*** HOLE CARDS ***
chenconhaste: folds 
zahab00: raises $1.50 to $2.50
BumHuntKing: folds 
Xenicide: folds 
xcinaz: folds 
Uncalled bet ($1.50) returned to zahab00
zahab00 collected $2.50 from pot
zahab00: doesn't show hand 
*** SUMMARY ***
Total pot $2.50 | Rake $0 
Seat 4: avlee1
Seat 1: BumHuntKing (button) folded before Flop (didn't bet)
Seat 2: Xenicide (small blind) folded before Flop
Seat 3: xcinaz (big blind) folded before Flop
Seat 5: chenconhaste folded before Flop (didn't bet)
Seat 6: zahab00 collected ($2.50)



PokerStars Hand #254523577003:  Hold'em No Limit ($0.50/$1.00 USD) - 2025/01/23 1:50:13 WET [2025/01/23 20:50:13 ET]
Table 'Stavropolis IV' 6-max Seat #2 is the button
Seat 1: BumHuntKing ($108.06 in chips) 
Seat 2: Xenicide ($102.50 in chips) 
Seat 3: xcinaz ($110.64 in chips) 
Seat 4: avlee1 ($100 in chips) 
Seat 5: chenconhaste ($104.58 in chips) 
Seat 6: zahab00 ($62.04 in chips) 
xcinaz: posts small blind $0.50
avlee1: posts big blind $1
*** HOLE CARDS ***
chenconhaste: folds 
zahab00: folds 
BumHuntKing: folds 
Xenicide: folds 
xcinaz: raises $2 to $3
avlee1: folds 
Uncalled bet ($2) returned to xcinaz
xcinaz collected $2 from pot
xcinaz: doesn't show hand 
*** SUMMARY ***
Total pot $2 | Rake $0 
Seat 1: BumHuntKing folded before Flop (didn't bet)
Seat 2: Xenicide (button) folded before Flop (didn't bet)
Seat 3: xcinaz (small blind) collected ($2)
Seat 4: avlee1 (big blind) folded before Flop
Seat 5: chenconhaste folded before Flop (didn't bet)
Seat 6: zahab00 folded before Flop (didn't bet)



PokerStars Hand #254523582038:  Hold'em No Limit ($0.50/$1.00 USD) - 2025/01/23 1:50:43 WET [2025/01/23 20:50:43 ET]
Table 'Stavropolis IV' 6-max Seat #3 is the button
Seat 1: BumHuntKing ($108.06 in chips) 
Seat 2: Xenicide ($102.50 in chips) 
Seat 3: xcinaz ($111.64 in chips) 
Seat 4: avlee1 ($100 in chips) 
Seat 5: chenconhaste ($104.58 in chips) 
Seat 6: zahab00 ($62.04 in chips) 
avlee1: posts small blind $0.50
chenconhaste: posts big blind $1
*** HOLE CARDS ***
zahab00: folds 
BumHuntKing: folds 
Xenicide: raises $1 to $2
xcinaz: folds 
avlee1: folds 
chenconhaste: calls $1
*** FLOP *** [6s 2h Ah]
chenconhaste: checks 
Xenicide: bets $1.07
chenconhaste: calls $1.07
*** TURN *** [6s 2h Ah] [5s]
chenconhaste: checks 
Xenicide: checks 
*** RIVER *** [6s 2h Ah 5s] [8d]
chenconhaste: bets $9.47
Xenicide: folds 
Uncalled bet ($9.47) returned to chenconhaste
chenconhaste collected $6.31 from pot
*** SUMMARY ***
Total pot $6.64 | Rake $0.33 
Board [6s 2h Ah 5s 8d]
Seat 1: BumHuntKing folded before Flop (didn't bet)
Seat 2: Xenicide folded on the River
Seat 3: xcinaz (button) folded before Flop (didn't bet)
Seat 4: avlee1 (small blind) folded before Flop
Seat 5: chenconhaste (big blind) collected ($6.31)
Seat 6: zahab00 folded before Flop (didn't bet)



PokerStars Hand #254523600159:  Hold'em No Limit ($0.50/$1.00 USD) - 2025/01/23 1:52:31 WET [2025/01/23 20:52:31 ET]
Table 'Stavropolis IV' 6-max Seat #4 is the button
Seat 1: BumHuntKing ($108.06 in chips) 
Seat 2: Xenicide ($100 in chips) 
Seat 3: xcinaz ($111.64 in chips) 
Seat 4: avlee1 ($100 in chips) 
Seat 5: chenconhaste ($107.82 in chips) 
Seat 6: zahab00 ($62.04 in chips) 
chenconhaste: posts small blind $0.50
zahab00: posts big blind $1
*** HOLE CARDS ***
BumHuntKing: folds 
Xenicide: folds 
xcinaz: raises $1.20 to $2.20
avlee1: folds 
chenconhaste: folds 
zahab00: calls $1.20
*** FLOP *** [Kc Ts 4d]
zahab00: checks 
xcinaz: bets $1.17
zahab00: calls $1.17
*** TURN *** [Kc Ts 4d] [Qd]
zahab00: checks 
xcinaz: checks 
*** RIVER *** [Kc Ts 4d Qd] [5s]
zahab00: bets $4.30
xcinaz: calls $4.30
*** SHOW DOWN ***
zahab00: shows [Kh Qc] (two pair, Kings and Queens)
xcinaz: mucks hand 
zahab00 collected $15.05 from pot
*** SUMMARY ***
Total pot $15.84 | Rake $0.79 
Board [Kc Ts 4d Qd 5s]
Seat 1: BumHuntKing folded before Flop (didn't bet)
Seat 2: Xenicide folded before Flop (didn't bet)
Seat 3: xcinaz mucked
Seat 4: avlee1 (button) folded before Flop (didn't bet)
Seat 5: chenconhaste (small blind) folded before Flop
Seat 6: zahab00 (big blind) showed [Kh Qc] and won ($15.05) with two pair, Kings and Queens



PokerStars Hand #254523610922:  Hold'em No Limit ($0.50/$1.00 USD) - 2025/01/23 1:53:35 WET [2025/01/23 20:53:35 ET]
Table 'Stavropolis IV' 6-max Seat #5 is the button
Seat 1: BumHuntKing ($108.06 in chips) 
Seat 2: Xenicide ($100 in chips) 
Seat 3: xcinaz ($103.97 in chips) 
Seat 4: avlee1 ($100 in chips) 
Seat 5: chenconhaste ($107.32 in chips) 
Seat 6: zahab00 ($69.42 in chips) 
zahab00: posts small blind $0.50
BumHuntKing: posts big blind $1
*** HOLE CARDS ***
Xenicide: raises $1 to $2
xcinaz: folds 
avlee1: raises $4 to $6
chenconhaste: raises $10 to $16
zahab00: folds 
BumHuntKing: folds 
Xenicide: folds 
avlee1: folds 
Uncalled bet ($10) returned to chenconhaste
chenconhaste collected $15.50 from pot
*** SUMMARY ***
Total pot $15.50 | Rake $0 
Seat 1: BumHuntKing (big blind) folded before Flop
Seat 2: Xenicide folded before Flop
Seat 3: xcinaz folded before Flop (didn't bet)
Seat 4: avlee1 folded before Flop
Seat 5: chenconhaste (button) collected ($15.50)
Seat 6: zahab00 (small blind) folded before Flop



PokerStars Hand #254523619799:  Hold'em No Limit ($0.50/$1.00 USD) - 2025/01/23 1:54:29 WET [2025/01/23 20:54:29 ET]
Table 'Stavropolis IV' 6-max Seat #6 is the button
Seat 1: BumHuntKing ($107.06 in chips) 
Seat 2: Xenicide ($100 in chips) 
Seat 3: xcinaz ($103.97 in chips) 
Seat 4: avlee1 ($100 in chips) 
Seat 5: chenconhaste ($116.82 in chips) 
Seat 6: zahab00 ($68.92 in chips) 
BumHuntKing: posts small blind $0.50
Xenicide: posts big blind $1
*** HOLE CARDS ***
xcinaz: folds 
avlee1: folds 
chenconhaste: folds 
zahab00: folds 
BumHuntKing: folds 
Uncalled bet ($0.50) returned to Xenicide
Xenicide collected $1 from pot
*** SUMMARY ***
Total pot $1 | Rake $0 
Seat 1: BumHuntKing (small blind) folded before Flop
Seat 2: Xenicide (big blind) collected ($1)
Seat 3: xcinaz folded before Flop (didn't bet)
Seat 4: avlee1 folded before Flop (didn't bet)
Seat 5: chenconhaste folded before Flop (didn't bet)
Seat 6: zahab00 (button) folded before Flop (didn't bet)



PokerStars Hand #254523623698:  Hold'em No Limit ($0.50/$1.00 USD) - 2025/01/23 1:54:53 WET [2025/01/23 20:54:53 ET]
Table 'Stavropolis IV' 6-max Seat #1 is the button
Seat 1: BumHuntKing ($106.56 in chips) 
Seat 2: Xenicide ($100.50 in chips) 
Seat 3: xcinaz ($103.97 in chips) 
Seat 4: avlee1 ($100 in chips) 
Seat 5: chenconhaste ($116.82 in chips) 
Seat 6: zahab00 ($68.92 in chips) 
Xenicide: posts small blind $0.50
xcinaz: posts big blind $1
*** HOLE CARDS ***
avlee1: folds 
chenconhaste: folds 
avlee1 leaves the table
zahab00: folds 
BumHuntKing: folds 
Xenicide: folds 
Uncalled bet ($0.50) returned to xcinaz
xcinaz collected $1 from pot
xcinaz: doesn't show hand 
*** SUMMARY ***
Total pot $1 | Rake $0 
Seat 1: BumHuntKing (button) folded before Flop (didn't bet)
Seat 2: Xenicide (small blind) folded before Flop
Seat 3: xcinaz (big blind) collected ($1)
Seat 4: avlee1 folded before Flop (didn't bet)
Seat 5: chenconhaste folded before Flop (didn't bet)
Seat 6: zahab00 folded before Flop (didn't bet)



PokerStars Hand #254523627394:  Hold'em No Limit ($0.50/$1.00 USD) - 2025/01/23 1:55:17 WET [2025/01/23 20:55:17 ET]
Table 'Stavropolis IV' 6-max Seat #2 is the button
Seat 1: BumHuntKing ($106.56 in chips) 
Seat 2: Xenicide ($100 in chips) 
Seat 3: xcinaz ($104.47 in chips) 
Seat 5: chenconhaste ($116.82 in chips) 
Seat 6: zahab00 ($68.92 in chips) 
xcinaz: posts small blind $0.50
chenconhaste: posts big blind $1
*** HOLE CARDS ***
zahab00: folds 
BumHuntKing: folds 
Xenicide: folds 
xcinaz: raises $2 to $3
chenconhaste: folds 
Uncalled bet ($2) returned to xcinaz
xcinaz collected $2 from pot
xcinaz: doesn't show hand 
*** SUMMARY ***
Total pot $2 | Rake $0 
Seat 1: BumHuntKing folded before Flop (didn't bet)
Seat 2: Xenicide (button) folded before Flop (didn't bet)
Seat 3: xcinaz (small blind) collected ($2)
Seat 5: chenconhaste (big blind) folded before Flop
Seat 6: zahab00 folded before Flop (didn't bet)



PokerStars Hand #254523630695:  Hold'em No Limit ($0.50/$1.00 USD) - 2025/01/23 1:55:43 WET [2025/01/23 20:55:43 ET]
Table 'Stavropolis IV' 6-max Seat #3 is the button
Seat 1: BumHuntKing ($106.56 in chips) 
Seat 2: Xenicide ($100 in chips) 
Seat 3: xcinaz ($105.47 in chips) 
Seat 5: chenconhaste ($115.82 in chips) 
Seat 6: zahab00 ($68.92 in chips) 
chenconhaste: posts small blind $0.50
zahab00: posts big blind $1
*** HOLE CARDS ***
BumHuntKing: folds 
Xenicide: folds 
xcinaz: raises $1.50 to $2.50
chenconhaste: folds 
zahab00: folds 
Uncalled bet ($1.50) returned to xcinaz
xcinaz collected $2.50 from pot
xcinaz: doesn't show hand 
*** SUMMARY ***
Total pot $2.50 | Rake $0 
Seat 1: BumHuntKing folded before Flop (didn't bet)
Seat 2: Xenicide folded before Flop (didn't bet)
Seat 3: xcinaz (button) collected ($2.50)
Seat 5: chenconhaste (small blind) folded before Flop
Seat 6: zahab00 (big blind) folded before Flop



PokerStars Hand #254523634986:  Hold'em No Limit ($0.50/$1.00 USD) - 2025/01/23 1:56:17 WET [2025/01/23 20:56:17 ET]
Table 'Stavropolis IV' 6-max Seat #5 is the button
Seat 1: BumHuntKing ($106.56 in chips) 
Seat 2: Xenicide ($100 in chips) 
Seat 3: xcinaz ($106.97 in chips) 
Seat 5: chenconhaste ($115.32 in chips) 
Seat 6: zahab00 ($67.92 in chips) 
zahab00: posts small blind $0.50
BumHuntKing: posts big blind $1
*** HOLE CARDS ***
Xenicide: folds 
xcinaz: folds 
chenconhaste: folds 
zahab00: raises $1.50 to $2.50
BumHuntKing: calls $1.50
*** FLOP *** [9s 9h 8h]
zahab00: bets $2
BumHuntKing: folds 
Uncalled bet ($2) returned to zahab00
zahab00 collected $4.75 from pot
zahab00: doesn't show hand 
*** SUMMARY ***
Total pot $5 | Rake $0.25 
Board [9s 9h 8h]
Seat 1: BumHuntKing (big blind) folded on the Flop
Seat 2: Xenicide folded before Flop (didn't bet)
Seat 3: xcinaz folded before Flop (didn't bet)
Seat 5: chenconhaste (button) folded before Flop (didn't bet)
Seat 6: zahab00 (small blind) collected ($4.75)



PokerStars Hand #254523638478:  Hold'em No Limit ($0.50/$1.00 USD) - 2025/01/23 1:56:45 WET [2025/01/23 20:56:45 ET]
Table 'Stavropolis IV' 6-max Seat #6 is the button
Seat 1: BumHuntKing ($104.06 in chips) 
Seat 2: Xenicide ($100 in chips) 
Seat 3: xcinaz ($106.97 in chips) 
Seat 5: chenconhaste ($115.32 in chips) 
Seat 6: zahab00 ($70.17 in chips) 
BumHuntKing: posts small blind $0.50
Xenicide: posts big blind $1
*** HOLE CARDS ***
xcinaz: folds 
chenconhaste: folds 
zahab00: raises $1.50 to $2.50
BumHuntKing: calls $2
Xenicide: folds 
*** FLOP *** [As 6d 2c]
BumHuntKing: checks 
zahab00: bets $2
BumHuntKing: folds 
Uncalled bet ($2) returned to zahab00
zahab00 collected $5.70 from pot
zahab00: doesn't show hand 
*** SUMMARY ***
Total pot $6 | Rake $0.30 
Board [As 6d 2c]
Seat 1: BumHuntKing (small blind) folded on the Flop
Seat 2: Xenicide (big blind) folded before Flop
Seat 3: xcinaz folded before Flop (didn't bet)
Seat 5: chenconhaste folded before Flop (didn't bet)
Seat 6: zahab00 (button) collected ($5.70)



PokerStars Hand #254523642512:  Hold'em No Limit ($0.50/$1.00 USD) - 2025/01/23 1:57:17 WET [2025/01/23 20:57:17 ET]
Table 'Stavropolis IV' 6-max Seat #1 is the button
Seat 1: BumHuntKing ($101.56 in chips) 
Seat 2: Xenicide ($100 in chips) 
Seat 3: xcinaz ($106.97 in chips) 
Seat 5: chenconhaste ($115.32 in chips) 
Seat 6: zahab00 ($73.37 in chips) 
Xenicide: posts small blind $0.50
xcinaz: posts big blind $1
*** HOLE CARDS ***
chenconhaste: folds 
zahab00: raises $2.50 to $3.50
BumHuntKing: raises $5.50 to $9
Xenicide: folds 
xcinaz: folds 
pr0tecto joins the table at seat #4 
zahab00: calls $5.50
*** FLOP *** [Ks 8c 8s]
zahab00: checks 
BumHuntKing: bets $4.63
zahab00: calls $4.63
*** TURN *** [Ks 8c 8s] [4s]
zahab00: checks 
BumHuntKing: bets $9.02
zahab00: calls $9.02
*** RIVER *** [Ks 8c 8s 4s] [2d]
zahab00: checks 
BumHuntKing: bets $78.91 and is all-in
zahab00: calls $50.72 and is all-in
Uncalled bet ($28.19) returned to BumHuntKing
*** SHOW DOWN ***
BumHuntKing: shows [Js Qs] (a flush, King high)
zahab00: shows [Qc Qh] (two pair, Queens and Eights)
BumHuntKing collected $145.74 from pot
*** SUMMARY ***
Total pot $148.24 | Rake $2.50 
Board [Ks 8c 8s 4s 2d]
Seat 1: BumHuntKing (button) showed [Js Qs] and won ($145.74) with a flush, King high
Seat 2: Xenicide (small blind) folded before Flop
Seat 3: xcinaz (big blind) folded before Flop
Seat 5: chenconhaste folded before Flop (didn't bet)
Seat 6: zahab00 showed [Qc Qh] and lost with two pair, Queens and Eights



PokerStars Hand #254523651804:  Hold'em No Limit ($0.50/$1.00 USD) - 2025/01/23 1:58:29 WET [2025/01/23 20:58:29 ET]
Table 'Stavropolis IV' 6-max Seat #2 is the button
Seat 6: zahab00 ($0 in chips) is sitting out
Seat 1: BumHuntKing ($173.93 in chips) 
Seat 2: Xenicide ($100 in chips) 
Seat 3: xcinaz ($105.97 in chips) 
Seat 4: pr0tecto ($100 in chips) 
Seat 5: chenconhaste ($115.32 in chips) 
xcinaz: posts small blind $0.50
pr0tecto: posts big blind $1
*** HOLE CARDS ***
chenconhaste: folds 
BumHuntKing: folds 
Xenicide: folds 
zahab00 leaves the table
xcinaz: raises $2 to $3
pr0tecto: raises $6 to $9
xcinaz: folds 
Uncalled bet ($6) returned to pr0tecto
pr0tecto collected $6 from pot
pr0tecto: doesn't show hand 
*** SUMMARY ***
Total pot $6 | Rake $0 
Seat 6: zahab00
Seat 1: BumHuntKing folded before Flop (didn't bet)
Seat 2: Xenicide (button) folded before Flop (didn't bet)
Seat 3: xcinaz (small blind) folded before Flop
Seat 4: pr0tecto (big blind) collected ($6)
Seat 5: chenconhaste folded before Flop (didn't bet)



PokerStars Hand #254523654810:  Hold'em No Limit ($0.50/$1.00 USD) - 2025/01/23 1:58:53 WET [2025/01/23 20:58:53 ET]
Table 'Stavropolis IV' 6-max Seat #3 is the button
Seat 1: BumHuntKing ($173.93 in chips) 
Seat 2: Xenicide ($100 in chips) 
Seat 3: xcinaz ($102.97 in chips) 
Seat 4: pr0tecto ($103 in chips) 
Seat 5: chenconhaste ($115.32 in chips) 
pr0tecto: posts small blind $0.50
chenconhaste: posts big blind $1
*** HOLE CARDS ***
BumHuntKing: raises $1.20 to $2.20
Xenicide: folds 
xcinaz: folds 
pr0tecto: calls $1.70
chenconhaste: folds 
*** FLOP *** [5s 4c 2h]
pr0tecto: checks 
BumHuntKing: bets $2.57
pr0tecto: folds 
Uncalled bet ($2.57) returned to BumHuntKing
BumHuntKing collected $5.13 from pot
BumHuntKing: doesn't show hand 
*** SUMMARY ***
Total pot $5.40 | Rake $0.27 
Board [5s 4c 2h]
Seat 1: BumHuntKing collected ($5.13)
Seat 2: Xenicide folded before Flop (didn't bet)
Seat 3: xcinaz (button) folded before Flop (didn't bet)
Seat 4: pr0tecto (small blind) folded on the Flop
Seat 5: chenconhaste (big blind) folded before Flop



PokerStars Hand #254523659043:  Hold'em No Limit ($0.50/$1.00 USD) - 2025/01/23 1:59:27 WET [2025/01/23 20:59:27 ET]
Table 'Stavropolis IV' 6-max Seat #4 is the button
Seat 1: BumHuntKing ($176.86 in chips) is sitting out
Seat 2: Xenicide ($100 in chips) is sitting out
Seat 3: xcinaz ($102.97 in chips) 
Seat 4: pr0tecto ($100.80 in chips) 
Seat 5: chenconhaste ($114.32 in chips) 
chenconhaste: posts small blind $0.50
BumHuntKing: is sitting out 
Xenicide: is sitting out 
xcinaz: posts big blind $1
*** HOLE CARDS ***
pr0tecto: folds 
pr0tecto leaves the table
Xenicide leaves the table
chenconhaste: raises $2 to $3
xcinaz: calls $2
*** FLOP *** [Th 3s Jd]
chenconhaste: bets $1.88
BumHuntKing leaves the table
xcinaz: calls $1.88
*** TURN *** [Th 3s Jd] [9d]
chenconhaste: bets $3.06
xcinaz: calls $3.06
*** RIVER *** [Th 3s Jd 9d] [Qc]
chenconhaste: checks 
xcinaz: bets $4.98
chenconhaste: folds 
Uncalled bet ($4.98) returned to xcinaz
chenconhaste leaves the table
xcinaz collected $15.09 from pot
xcinaz: doesn't show hand 
*** SUMMARY ***
Total pot $15.88 | Rake $0.79 
Board [Th 3s Jd 9d Qc]
Seat 1: BumHuntKing
Seat 2: Xenicide
Seat 3: xcinaz (big blind) collected ($15.09)
Seat 4: pr0tecto (button) folded before Flop (didn't bet)
Seat 5: chenconhaste (small blind) folded on the River



