PokerStars Hand #254519966527:  Hold'em No Limit ($0.50/$1.00 USD) - 2025/01/23 21:29:12 WET [2025/01/23 16:29:12 ET]
Table 'Tyl IV' 6-max Seat #5 is the button
Seat 1: nikalas22 ($100 in chips) 
Seat 3: Supermegopro ($100 in chips) 
Seat 5: tintin641 ($100 in chips) 
nikalas22: posts small blind $0.50
Supermegopro: posts big blind $1
*** HOLE CARDS ***
tintin641: folds 
nikalas22: folds 
Uncalled bet ($0.50) returned to Supermegopro
Supermegopro collected $1 from pot
Supermegopro: doesn't show hand 
*** SUMMARY ***
Total pot $1 | Rake $0 
Seat 1: nikalas22 (small blind) folded before Flop
Seat 3: Supermegopro (big blind) collected ($1)
Seat 5: tintin641 (button) folded before Flop (didn't bet)



PokerStars Hand #254519968984:  Hold'em No Limit ($0.50/$1.00 USD) - 2025/01/23 21:29:20 WET [2025/01/23 16:29:20 ET]
Table 'Tyl IV' 6-max Seat #1 is the button
Seat 1: nikalas22 ($100 in chips) 
Seat 3: Supermegopro ($100.50 in chips) 
Seat 5: tintin641 ($100 in chips) 
Supermegopro: posts small blind $0.50
tintin641: posts big blind $1
*** HOLE CARDS ***
nikalas22: raises $1.50 to $2.50
Supermegopro: folds 
tintin641: calls $1.50
*** FLOP *** [3h 4c Jh]
tintin641: checks 
nikalas22: bets $1.57
tintin641: calls $1.57
*** TURN *** [3h 4c Jh] [7d]
tintin641: checks 
nikalas22: checks 
*** RIVER *** [3h 4c Jh 7d] [4h]
tintin641: bets $2.71
nikalas22: calls $2.71
*** SHOW DOWN ***
tintin641: shows [8c Jc] (two pair, Jacks and Fours)
nikalas22: mucks hand 
tintin641 collected $13.36 from pot
*** SUMMARY ***
Total pot $14.06 | Rake $0.70 
Board [3h 4c Jh 7d 4h]
Seat 1: nikalas22 (button) mucked
Seat 3: Supermegopro (small blind) folded before Flop
Seat 5: tintin641 (big blind) showed [8c Jc] and won ($13.36) with two pair, Jacks and Fours



PokerStars Hand #254519984494:  Hold'em No Limit ($0.50/$1.00 USD) - 2025/01/23 21:30:11 WET [2025/01/23 16:30:11 ET]
Table 'Tyl IV' 6-max Seat #3 is the button
Seat 1: nikalas22 ($100 in chips) 
Seat 3: Supermegopro ($100 in chips) 
Seat 5: tintin641 ($106.58 in chips) 
tintin641: posts small blind $0.50
nikalas22: posts big blind $1
*** HOLE CARDS ***
Supermegopro: raises $1.50 to $2.50
tintin641: folds 
nikalas22: folds 
Uncalled bet ($1.50) returned to Supermegopro
Supermegopro collected $2.50 from pot
Supermegopro: doesn't show hand 
*** SUMMARY ***
Total pot $2.50 | Rake $0 
Seat 1: nikalas22 (big blind) folded before Flop
Seat 3: Supermegopro (button) collected ($2.50)
Seat 5: tintin641 (small blind) folded before Flop



PokerStars Hand #254519988553:  Hold'em No Limit ($0.50/$1.00 USD) - 2025/01/23 21:30:24 WET [2025/01/23 16:30:24 ET]
Table 'Tyl IV' 6-max Seat #5 is the button
Seat 1: nikalas22 ($100 in chips) 
Seat 3: Supermegopro ($101.50 in chips) 
Seat 5: tintin641 ($106.08 in chips) 
nikalas22: posts small blind $0.50
Supermegopro: posts big blind $1
*** HOLE CARDS ***
tintin641: folds 
nikalas22: folds 
Uncalled bet ($0.50) returned to Supermegopro
Supermegopro collected $1 from pot
Supermegopro: doesn't show hand 
*** SUMMARY ***
Total pot $1 | Rake $0 
Seat 1: nikalas22 (small blind) folded before Flop
Seat 3: Supermegopro (big blind) collected ($1)
Seat 5: tintin641 (button) folded before Flop (didn't bet)



PokerStars Hand #254519991303:  Hold'em No Limit ($0.50/$1.00 USD) - 2025/01/23 21:30:33 WET [2025/01/23 16:30:33 ET]
Table 'Tyl IV' 6-max Seat #1 is the button
Seat 1: nikalas22 ($100 in chips) 
Seat 3: Supermegopro ($102 in chips) 
Seat 5: tintin641 ($106.08 in chips) 
Supermegopro: posts small blind $0.50
tintin641: posts big blind $1
*** HOLE CARDS ***
nikalas22: raises $1.50 to $2.50
Supermegopro: folds 
tintin641: folds 
Uncalled bet ($1.50) returned to nikalas22
nikalas22 collected $2.50 from pot
nikalas22: doesn't show hand 
*** SUMMARY ***
Total pot $2.50 | Rake $0 
Seat 1: nikalas22 (button) collected ($2.50)
Seat 3: Supermegopro (small blind) folded before Flop
Seat 5: tintin641 (big blind) folded before Flop



PokerStars Hand #254519996646:  Hold'em No Limit ($0.50/$1.00 USD) - 2025/01/23 21:30:51 WET [2025/01/23 16:30:51 ET]
Table 'Tyl IV' 6-max Seat #3 is the button
Seat 1: nikalas22 ($101.50 in chips) 
Seat 3: Supermegopro ($101.50 in chips) 
Seat 5: tintin641 ($105.08 in chips) 
tintin641: posts small blind $0.50
nikalas22: posts big blind $1
*** HOLE CARDS ***
Supermegopro: folds 
tintin641: folds 
Uncalled bet ($0.50) returned to nikalas22
nikalas22 collected $1 from pot
nikalas22: doesn't show hand 
*** SUMMARY ***
Total pot $1 | Rake $0 
Seat 1: nikalas22 (big blind) collected ($1)
Seat 3: Supermegopro (button) folded before Flop (didn't bet)
Seat 5: tintin641 (small blind) folded before Flop



PokerStars Hand #254519998817:  Hold'em No Limit ($0.50/$1.00 USD) - 2025/01/23 21:30:58 WET [2025/01/23 16:30:58 ET]
Table 'Tyl IV' 6-max Seat #5 is the button
Seat 1: nikalas22 ($102 in chips) 
Seat 3: Supermegopro ($101.50 in chips) 
Seat 5: tintin641 ($104.58 in chips) 
nikalas22: posts small blind $0.50
Supermegopro: posts big blind $1
*** HOLE CARDS ***
BlazerTLN joins the table at seat #4 
BlazerTLN is disconnected 
tintin641: folds 
Gfoer joins the table at seat #6 
Poker9803 joins the table at seat #2 
nikalas22: folds 
Uncalled bet ($0.50) returned to Supermegopro
Supermegopro collected $1 from pot
Supermegopro: doesn't show hand 
*** SUMMARY ***
Total pot $1 | Rake $0 
Seat 1: nikalas22 (small blind) folded before Flop
Seat 3: Supermegopro (big blind) collected ($1)
Seat 5: tintin641 (button) folded before Flop (didn't bet)



PokerStars Hand #254520001395:  Hold'em No Limit ($0.50/$1.00 USD) - 2025/01/23 21:31:06 WET [2025/01/23 16:31:06 ET]
Table 'Tyl IV' 6-max Seat #1 is the button
Seat 2: Poker9803 ($100 in chips) is sitting out
Seat 6: Gfoer ($100 in chips) is sitting out
Seat 1: nikalas22 ($101.50 in chips) 
Seat 3: Supermegopro ($102 in chips) 
Seat 4: BlazerTLN ($40 in chips) 
Seat 5: tintin641 ($104.58 in chips) 
Supermegopro: posts small blind $0.50
BlazerTLN: posts big blind $1
Gfoer: sits out 
*** HOLE CARDS ***
tintin641: raises $1.50 to $2.50
nikalas22: folds 
Supermegopro: folds 
BlazerTLN: calls $1.50
*** FLOP *** [Ks Qd 9c]
BlazerTLN: checks 
tintin641: checks 
*** TURN *** [Ks Qd 9c] [6c]
BlazerTLN: checks 
tintin641: checks 
*** RIVER *** [Ks Qd 9c 6c] [5h]
BlazerTLN: checks 
tintin641: checks 
*** SHOW DOWN ***
BlazerTLN: shows [5c 4d] (a pair of Fives)
tintin641: shows [9d 8d] (a pair of Nines)
tintin641 collected $5.22 from pot
*** SUMMARY ***
Total pot $5.50 | Rake $0.28 
Board [Ks Qd 9c 6c 5h]
Seat 2: Poker9803
Seat 6: Gfoer
Seat 1: nikalas22 (button) folded before Flop (didn't bet)
Seat 3: Supermegopro (small blind) folded before Flop
Seat 4: BlazerTLN (big blind) showed [5c 4d] and lost with a pair of Fives
Seat 5: tintin641 showed [9d 8d] and won ($5.22) with a pair of Nines



PokerStars Hand #254520017960:  Hold'em No Limit ($0.50/$1.00 USD) - 2025/01/23 21:32:01 WET [2025/01/23 16:32:01 ET]
Table 'Tyl IV' 6-max Seat #3 is the button
Seat 2: Poker9803 ($100 in chips) is sitting out
Seat 6: Gfoer ($100 in chips) is sitting out
Seat 1: nikalas22 ($101.50 in chips) 
Seat 3: Supermegopro ($101.50 in chips) 
Seat 4: BlazerTLN ($37.50 in chips) 
Seat 5: tintin641 ($107.30 in chips) 
BlazerTLN: posts small blind $0.50
tintin641: posts big blind $1
Gfoer: sits out 
Poker9803: sits out 
*** HOLE CARDS ***
nikalas22: raises $1.50 to $2.50
Supermegopro: folds 
BlazerTLN: calls $2
tintin641: folds 
*** FLOP *** [7s 8s Qc]
BlazerTLN: checks 
nikalas22: checks 
*** TURN *** [7s 8s Qc] [7c]
BlazerTLN: checks 
nikalas22: checks 
*** RIVER *** [7s 8s Qc 7c] [3c]
BlazerTLN: bets $5.70
nikalas22: raises $13.30 to $19
BlazerTLN: calls $13.30
*** SHOW DOWN ***
nikalas22: shows [8c Jc] (a flush, Queen high)
BlazerTLN: mucks hand 
nikalas22 collected $43 from pot
*** SUMMARY ***
Total pot $44 | Rake $1 
Board [7s 8s Qc 7c 3c]
Seat 2: Poker9803
Seat 6: Gfoer
Seat 1: nikalas22 showed [8c Jc] and won ($43) with a flush, Queen high
Seat 3: Supermegopro (button) folded before Flop (didn't bet)
Seat 4: BlazerTLN (small blind) mucked
Seat 5: tintin641 (big blind) folded before Flop



PokerStars Hand #254520031206:  Hold'em No Limit ($0.50/$1.00 USD) - 2025/01/23 21:32:44 WET [2025/01/23 16:32:44 ET]
Table 'Tyl IV' 6-max Seat #4 is the button
Seat 2: Poker9803 ($100 in chips) is sitting out
Seat 1: nikalas22 ($123 in chips) 
Seat 3: Supermegopro ($101.50 in chips) 
Seat 4: BlazerTLN ($16 in chips) 
Seat 5: tintin641 ($106.30 in chips) 
Seat 6: Gfoer ($100 in chips) 
tintin641: posts small blind $0.50
Gfoer: posts big blind $1
Poker9803: sits out 
*** HOLE CARDS ***
nikalas22: folds 
Supermegopro: raises $1.50 to $2.50
BlazerTLN: raises $3.50 to $6
tintin641: folds 
Gfoer: folds 
Supermegopro: raises $14.50 to $20.50
BlazerTLN: calls $10 and is all-in
Uncalled bet ($4.50) returned to Supermegopro
*** FLOP *** [6s 7c 9s]
*** TURN *** [6s 7c 9s] [8d]
*** RIVER *** [6s 7c 9s 8d] [4c]
*** SHOW DOWN ***
Supermegopro: shows [Ad Qh] (high card Ace)
BlazerTLN: shows [Qd Qs] (a pair of Queens)
BlazerTLN collected $31.82 from pot
*** SUMMARY ***
Total pot $33.50 | Rake $1.68 
Board [6s 7c 9s 8d 4c]
Seat 2: Poker9803
Seat 1: nikalas22 folded before Flop (didn't bet)
Seat 3: Supermegopro showed [Ad Qh] and lost with high card Ace
Seat 4: BlazerTLN (button) showed [Qd Qs] and won ($31.82) with a pair of Queens
Seat 5: tintin641 (small blind) folded before Flop
Seat 6: Gfoer (big blind) folded before Flop



PokerStars Hand #254520040999:  Hold'em No Limit ($0.50/$1.00 USD) - 2025/01/23 21:33:16 WET [2025/01/23 16:33:16 ET]
Table 'Tyl IV' 6-max Seat #5 is the button
Seat 2: Poker9803 ($100 in chips) is sitting out
Seat 1: nikalas22 ($123 in chips) 
Seat 3: Supermegopro ($100 in chips) 
Seat 4: BlazerTLN ($31.82 in chips) 
Seat 5: tintin641 ($105.80 in chips) 
Seat 6: Gfoer ($100 in chips) 
Gfoer: posts small blind $0.50
nikalas22: posts big blind $1
Poker9803: sits out 
*** HOLE CARDS ***
Supermegopro: raises $1.50 to $2.50
BlazerTLN: folds 
tintin641: folds 
Gfoer: folds 
nikalas22: folds 
Uncalled bet ($1.50) returned to Supermegopro
Supermegopro collected $2.50 from pot
Supermegopro: doesn't show hand 
*** SUMMARY ***
Total pot $2.50 | Rake $0 
Seat 2: Poker9803
Seat 1: nikalas22 (big blind) folded before Flop
Seat 3: Supermegopro collected ($2.50)
Seat 4: BlazerTLN folded before Flop (didn't bet)
Seat 5: tintin641 (button) folded before Flop (didn't bet)
Seat 6: Gfoer (small blind) folded before Flop



PokerStars Hand #254520048144:  Hold'em No Limit ($0.50/$1.00 USD) - 2025/01/23 21:33:40 WET [2025/01/23 16:33:40 ET]
Table 'Tyl IV' 6-max Seat #6 is the button
Seat 1: nikalas22 ($122 in chips) 
Seat 2: Poker9803 ($100 in chips) 
Seat 3: Supermegopro ($101.50 in chips) 
Seat 4: BlazerTLN ($31.82 in chips) 
Seat 5: tintin641 ($105.80 in chips) 
Seat 6: Gfoer ($100 in chips) 
nikalas22: posts small blind $0.50
Poker9803: posts big blind $1
*** HOLE CARDS ***
Supermegopro: folds 
BlazerTLN: folds 
Supermegopro leaves the table
tintin641: folds 
Gfoer: folds 
AndreaBsAs joins the table at seat #3 
nikalas22: raises $2 to $3
Poker9803: folds 
Uncalled bet ($2) returned to nikalas22
nikalas22 collected $2 from pot
nikalas22: doesn't show hand 
*** SUMMARY ***
Total pot $2 | Rake $0 
Seat 1: nikalas22 (small blind) collected ($2)
Seat 2: Poker9803 (big blind) folded before Flop
Seat 3: Supermegopro folded before Flop (didn't bet)
Seat 4: BlazerTLN folded before Flop (didn't bet)
Seat 5: tintin641 folded before Flop (didn't bet)
Seat 6: Gfoer (button) folded before Flop (didn't bet)



PokerStars Hand #254520054210:  Hold'em No Limit ($0.50/$1.00 USD) - 2025/01/23 21:34:00 WET [2025/01/23 16:34:00 ET]
Table 'Tyl IV' 6-max Seat #1 is the button
Seat 1: nikalas22 ($123 in chips) 
Seat 2: Poker9803 ($100 in chips) 
Seat 3: AndreaBsAs ($100 in chips) 
Seat 4: BlazerTLN ($31.82 in chips) 
Seat 5: tintin641 ($105.80 in chips) 
Seat 6: Gfoer ($100 in chips) 
Poker9803: posts small blind $0.50
AndreaBsAs: posts big blind $1
*** HOLE CARDS ***
BlazerTLN: folds 
tintin641: raises $1.50 to $2.50
Gfoer: folds 
nikalas22: folds 
Poker9803: folds 
AndreaBsAs: folds 
Uncalled bet ($1.50) returned to tintin641
tintin641 collected $2.50 from pot
tintin641: doesn't show hand 
*** SUMMARY ***
Total pot $2.50 | Rake $0 
Seat 1: nikalas22 (button) folded before Flop (didn't bet)
Seat 2: Poker9803 (small blind) folded before Flop
Seat 3: AndreaBsAs (big blind) folded before Flop
Seat 4: BlazerTLN folded before Flop (didn't bet)
Seat 5: tintin641 collected ($2.50)
Seat 6: Gfoer folded before Flop (didn't bet)



PokerStars Hand #254520061108:  Hold'em No Limit ($0.50/$1.00 USD) - 2025/01/23 21:34:23 WET [2025/01/23 16:34:23 ET]
Table 'Tyl IV' 6-max Seat #2 is the button
Seat 1: nikalas22 ($123 in chips) 
Seat 2: Poker9803 ($100 in chips) 
Seat 3: AndreaBsAs ($100 in chips) 
Seat 4: BlazerTLN ($31.82 in chips) 
Seat 5: tintin641 ($107.30 in chips) 
Seat 6: Gfoer ($100 in chips) 
AndreaBsAs: posts small blind $0.50
BlazerTLN: posts big blind $1
*** HOLE CARDS ***
tintin641: folds 
Gfoer: folds 
nikalas22: folds 
Poker9803: raises $1 to $2
AndreaBsAs: folds 
BlazerTLN: calls $1
*** FLOP *** [Qs 2c Jh]
BlazerTLN: checks 
Poker9803: bets $1.41
BlazerTLN: folds 
Uncalled bet ($1.41) returned to Poker9803
Poker9803 collected $4.28 from pot
Poker9803: doesn't show hand 
*** SUMMARY ***
Total pot $4.50 | Rake $0.22 
Board [Qs 2c Jh]
Seat 1: nikalas22 folded before Flop (didn't bet)
Seat 2: Poker9803 (button) collected ($4.28)
Seat 3: AndreaBsAs (small blind) folded before Flop
Seat 4: BlazerTLN (big blind) folded on the Flop
Seat 5: tintin641 folded before Flop (didn't bet)
Seat 6: Gfoer folded before Flop (didn't bet)



PokerStars Hand #254520068269:  Hold'em No Limit ($0.50/$1.00 USD) - 2025/01/23 21:34:46 WET [2025/01/23 16:34:46 ET]
Table 'Tyl IV' 6-max Seat #3 is the button
Seat 1: nikalas22 ($123 in chips) 
Seat 2: Poker9803 ($102.28 in chips) 
Seat 3: AndreaBsAs ($100 in chips) 
Seat 4: BlazerTLN ($29.82 in chips) 
Seat 5: tintin641 ($107.30 in chips) 
Seat 6: Gfoer ($100 in chips) 
BlazerTLN: posts small blind $0.50
tintin641: posts big blind $1
*** HOLE CARDS ***
Gfoer: folds 
Gfoer leaves the table
nikalas22: folds 
Poker9803: folds 
AndreaBsAs: folds 
BlazerTLN: raises $1 to $2
tintin641: calls $1
*** FLOP *** [Ts 5d Kh]
BlazerTLN: bets $2
tintin641: calls $2
*** TURN *** [Ts 5d Kh] [Ah]
BlazerTLN: bets $2
tintin641: calls $2
*** RIVER *** [Ts 5d Kh Ah] [7h]
maver200981 joins the table at seat #6 
BlazerTLN: bets $4
tintin641: folds 
Uncalled bet ($4) returned to BlazerTLN
BlazerTLN collected $11.40 from pot
*** SUMMARY ***
Total pot $12 | Rake $0.60 
Board [Ts 5d Kh Ah 7h]
Seat 1: nikalas22 folded before Flop (didn't bet)
Seat 2: Poker9803 folded before Flop (didn't bet)
Seat 3: AndreaBsAs (button) folded before Flop (didn't bet)
Seat 4: BlazerTLN (small blind) collected ($11.40)
Seat 5: tintin641 (big blind) folded on the River
Seat 6: Gfoer folded before Flop (didn't bet)



PokerStars Hand #254520090388:  Hold'em No Limit ($0.50/$1.00 USD) - 2025/01/23 21:35:59 WET [2025/01/23 16:35:59 ET]
Table 'Tyl IV' 6-max Seat #4 is the button
Seat 1: nikalas22 ($123 in chips) 
Seat 2: Poker9803 ($102.28 in chips) 
Seat 3: AndreaBsAs ($100 in chips) 
Seat 4: BlazerTLN ($35.22 in chips) 
Seat 5: tintin641 ($101.30 in chips) 
Seat 6: maver200981 ($90 in chips) 
tintin641: posts small blind $0.50
maver200981: posts big blind $1
*** HOLE CARDS ***
nikalas22: folds 
Poker9803: folds 
AndreaBsAs: raises $1.50 to $2.50
BlazerTLN: folds 
tintin641: folds 
maver200981: calls $1.50
*** FLOP *** [Qc Ad 3s]
maver200981: checks 
AndreaBsAs: bets $1.72
maver200981: folds 
Uncalled bet ($1.72) returned to AndreaBsAs
AndreaBsAs collected $5.22 from pot
*** SUMMARY ***
Total pot $5.50 | Rake $0.28 
Board [Qc Ad 3s]
Seat 1: nikalas22 folded before Flop (didn't bet)
Seat 2: Poker9803 folded before Flop (didn't bet)
Seat 3: AndreaBsAs collected ($5.22)
Seat 4: BlazerTLN (button) folded before Flop (didn't bet)
Seat 5: tintin641 (small blind) folded before Flop
Seat 6: maver200981 (big blind) folded on the Flop



PokerStars Hand #254520101964:  Hold'em No Limit ($0.50/$1.00 USD) - 2025/01/23 21:36:38 WET [2025/01/23 16:36:38 ET]
Table 'Tyl IV' 6-max Seat #5 is the button
Seat 1: nikalas22 ($123 in chips) 
Seat 2: Poker9803 ($102.28 in chips) 
Seat 3: AndreaBsAs ($102.72 in chips) 
Seat 4: BlazerTLN ($35.22 in chips) 
Seat 5: tintin641 ($100.80 in chips) 
Seat 6: maver200981 ($87.50 in chips) 
maver200981: posts small blind $0.50
nikalas22: posts big blind $1
*** HOLE CARDS ***
Poker9803: raises $1 to $2
AndreaBsAs: folds 
BlazerTLN: folds 
tintin641: folds 
maver200981: folds 
nikalas22: folds 
Uncalled bet ($1) returned to Poker9803
Poker9803 collected $2.50 from pot
Poker9803: doesn't show hand 
*** SUMMARY ***
Total pot $2.50 | Rake $0 
Seat 1: nikalas22 (big blind) folded before Flop
Seat 2: Poker9803 collected ($2.50)
Seat 3: AndreaBsAs folded before Flop (didn't bet)
Seat 4: BlazerTLN folded before Flop (didn't bet)
Seat 5: tintin641 (button) folded before Flop (didn't bet)
Seat 6: maver200981 (small blind) folded before Flop



PokerStars Hand #254520109095:  Hold'em No Limit ($0.50/$1.00 USD) - 2025/01/23 21:37:02 WET [2025/01/23 16:37:02 ET]
Table 'Tyl IV' 6-max Seat #6 is the button
Seat 2: Poker9803 ($103.78 in chips) is sitting out
Seat 1: nikalas22 ($122 in chips) 
Seat 3: AndreaBsAs ($102.72 in chips) 
Seat 4: BlazerTLN ($35.22 in chips) 
Seat 5: tintin641 ($100.80 in chips) 
Seat 6: maver200981 ($87 in chips) 
nikalas22: posts small blind $0.50
Poker9803: is sitting out 
AndreaBsAs: posts big blind $1
*** HOLE CARDS ***
Poker9803 leaves the table
BlazerTLN: raises $1 to $2
tintin641: folds 
maver200981: folds 
yzuk joins the table at seat #2 
nikalas22: folds 
AndreaBsAs: calls $1
*** FLOP *** [Ad Qc 3c]
AndreaBsAs: checks 
BlazerTLN: bets $2
AndreaBsAs: calls $2
*** TURN *** [Ad Qc 3c] [8h]
AndreaBsAs: checks 
BlazerTLN: checks 
*** RIVER *** [Ad Qc 3c 8h] [Qh]
AndreaBsAs: checks 
BlazerTLN: checks 
*** SHOW DOWN ***
AndreaBsAs: shows [As 6d] (two pair, Aces and Queens)
BlazerTLN: mucks hand 
AndreaBsAs collected $8.08 from pot
*** SUMMARY ***
Total pot $8.50 | Rake $0.42 
Board [Ad Qc 3c 8h Qh]
Seat 2: Poker9803
Seat 1: nikalas22 (small blind) folded before Flop
Seat 3: AndreaBsAs (big blind) showed [As 6d] and won ($8.08) with two pair, Aces and Queens
Seat 4: BlazerTLN mucked
Seat 5: tintin641 folded before Flop (didn't bet)
Seat 6: maver200981 (button) folded before Flop (didn't bet)



PokerStars Hand #254520123934:  Hold'em No Limit ($0.50/$1.00 USD) - 2025/01/23 21:37:51 WET [2025/01/23 16:37:51 ET]
Table 'Tyl IV' 6-max Seat #1 is the button
Seat 2: yzuk ($100 in chips) is sitting out
Seat 1: nikalas22 ($121.50 in chips) 
Seat 3: AndreaBsAs ($106.80 in chips) 
Seat 4: BlazerTLN ($31.22 in chips) 
Seat 5: tintin641 ($100.80 in chips) 
Seat 6: maver200981 ($87 in chips) 
AndreaBsAs: posts small blind $0.50
BlazerTLN: posts big blind $1
*** HOLE CARDS ***
tintin641: folds 
maver200981 has timed out
maver200981: folds 
nikalas22: raises $1.50 to $2.50
AndreaBsAs: folds 
BlazerTLN: calls $1.50
*** FLOP *** [Ac Qd Qh]
BlazerTLN: checks 
nikalas22: bets $1.57
BlazerTLN: calls $1.57
*** TURN *** [Ac Qd Qh] [8s]
BlazerTLN: checks 
nikalas22: checks 
*** RIVER *** [Ac Qd Qh 8s] [Js]
BlazerTLN: checks 
nikalas22: bets $6.16
BlazerTLN: folds 
Uncalled bet ($6.16) returned to nikalas22
nikalas22 collected $8.21 from pot
nikalas22: doesn't show hand 
*** SUMMARY ***
Total pot $8.64 | Rake $0.43 
Board [Ac Qd Qh 8s Js]
Seat 2: yzuk
Seat 1: nikalas22 (button) collected ($8.21)
Seat 3: AndreaBsAs (small blind) folded before Flop
Seat 4: BlazerTLN (big blind) folded on the River
Seat 5: tintin641 folded before Flop (didn't bet)
Seat 6: maver200981 folded before Flop (didn't bet)



PokerStars Hand #254520138826:  Hold'em No Limit ($0.50/$1.00 USD) - 2025/01/23 21:38:40 WET [2025/01/23 16:38:40 ET]
Table 'Tyl IV' 6-max Seat #3 is the button
Seat 2: yzuk ($100 in chips) is sitting out
Seat 1: nikalas22 ($125.64 in chips) 
Seat 3: AndreaBsAs ($106.30 in chips) 
Seat 4: BlazerTLN ($27.15 in chips) 
Seat 5: tintin641 ($100.80 in chips) 
Seat 6: maver200981 ($87 in chips) 
BlazerTLN: posts small blind $0.50
tintin641: posts big blind $1
yzuk: sits out 
*** HOLE CARDS ***
maver200981: raises $1 to $2
nikalas22: folds 
AndreaBsAs: folds 
BlazerTLN: calls $1.50
tintin641: folds 
*** FLOP *** [Ad Ks 5c]
BlazerTLN: checks 
maver200981: checks 
*** TURN *** [Ad Ks 5c] [Qh]
BlazerTLN: bets $2
maver200981: calls $2
*** RIVER *** [Ad Ks 5c Qh] [Jc]
BlazerTLN: bets $3
maver200981: raises $7.28 to $10.28
BlazerTLN: calls $7.28
*** SHOW DOWN ***
maver200981: shows [Kc Td] (a straight, Ten to Ace)
BlazerTLN: mucks hand 
maver200981 collected $28.08 from pot
*** SUMMARY ***
Total pot $29.56 | Rake $1.48 
Board [Ad Ks 5c Qh Jc]
Seat 2: yzuk
Seat 1: nikalas22 folded before Flop (didn't bet)
Seat 3: AndreaBsAs (button) folded before Flop (didn't bet)
Seat 4: BlazerTLN (small blind) mucked
Seat 5: tintin641 (big blind) folded before Flop
Seat 6: maver200981 showed [Kc Td] and won ($28.08) with a straight, Ten to Ace



PokerStars Hand #254520154289:  Hold'em No Limit ($0.50/$1.00 USD) - 2025/01/23 21:39:31 WET [2025/01/23 16:39:31 ET]
Table 'Tyl IV' 6-max Seat #4 is the button
Seat 2: yzuk ($100 in chips) is sitting out
Seat 1: nikalas22 ($125.64 in chips) 
Seat 3: AndreaBsAs ($106.30 in chips) 
Seat 4: BlazerTLN ($12.87 in chips) 
Seat 5: tintin641 ($100 in chips) 
Seat 6: maver200981 ($100.80 in chips) 
tintin641: posts small blind $0.50
maver200981: posts big blind $1
yzuk: sits out 
*** HOLE CARDS ***
nikalas22: folds 
AndreaBsAs: folds 
BlazerTLN: raises $2 to $3
tintin641: folds 
maver200981: folds 
Uncalled bet ($2) returned to BlazerTLN
BlazerTLN collected $2.50 from pot
*** SUMMARY ***
Total pot $2.50 | Rake $0 
Seat 2: yzuk
Seat 1: nikalas22 folded before Flop (didn't bet)
Seat 3: AndreaBsAs folded before Flop (didn't bet)
Seat 4: BlazerTLN (button) collected ($2.50)
Seat 5: tintin641 (small blind) folded before Flop
Seat 6: maver200981 (big blind) folded before Flop



PokerStars Hand #254520159507:  Hold'em No Limit ($0.50/$1.00 USD) - 2025/01/23 21:39:48 WET [2025/01/23 16:39:48 ET]
Table 'Tyl IV' 6-max Seat #5 is the button
Seat 2: yzuk ($100 in chips) is sitting out
Seat 1: nikalas22 ($125.64 in chips) 
Seat 3: AndreaBsAs ($106.30 in chips) 
Seat 4: BlazerTLN ($14.37 in chips) 
Seat 5: tintin641 ($100 in chips) 
Seat 6: maver200981 ($99.80 in chips) 
maver200981: posts small blind $0.50
nikalas22: posts big blind $1
yzuk: sits out 
*** HOLE CARDS ***
AndreaBsAs: folds 
BlazerTLN: folds 
tintin641: raises $1.50 to $2.50
maver200981: calls $2
nikalas22: folds 
*** FLOP *** [5h 4c 7c]
maver200981: checks 
tintin641: checks 
*** TURN *** [5h 4c 7c] [9h]
maver200981: bets $5.70
tintin641: folds 
Uncalled bet ($5.70) returned to maver200981
maver200981 collected $5.70 from pot
maver200981: doesn't show hand 
*** SUMMARY ***
Total pot $6 | Rake $0.30 
Board [5h 4c 7c 9h]
Seat 2: yzuk
Seat 1: nikalas22 (big blind) folded before Flop
Seat 3: AndreaBsAs folded before Flop (didn't bet)
Seat 4: BlazerTLN folded before Flop (didn't bet)
Seat 5: tintin641 (button) folded on the Turn
Seat 6: maver200981 (small blind) collected ($5.70)



PokerStars Hand #254520170389:  Hold'em No Limit ($0.50/$1.00 USD) - 2025/01/23 21:40:24 WET [2025/01/23 16:40:24 ET]
Table 'Tyl IV' 6-max Seat #6 is the button
Seat 1: nikalas22 ($124.64 in chips) 
Seat 2: yzuk ($100 in chips) 
Seat 3: AndreaBsAs ($106.30 in chips) 
Seat 4: BlazerTLN ($14.37 in chips) 
Seat 5: tintin641 ($100 in chips) 
Seat 6: maver200981 ($103 in chips) 
nikalas22: posts small blind $0.50
yzuk: posts big blind $1
*** HOLE CARDS ***
AndreaBsAs: folds 
BlazerTLN: folds 
tintin641: folds 
maver200981: raises $1 to $2
nikalas22: folds 
yzuk: folds 
Uncalled bet ($1) returned to maver200981
maver200981 collected $2.50 from pot
maver200981: doesn't show hand 
*** SUMMARY ***
Total pot $2.50 | Rake $0 
Seat 1: nikalas22 (small blind) folded before Flop
Seat 2: yzuk (big blind) folded before Flop
Seat 3: AndreaBsAs folded before Flop (didn't bet)
Seat 4: BlazerTLN folded before Flop (didn't bet)
Seat 5: tintin641 folded before Flop (didn't bet)
Seat 6: maver200981 (button) collected ($2.50)



PokerStars Hand #254520176531:  Hold'em No Limit ($0.50/$1.00 USD) - 2025/01/23 21:40:44 WET [2025/01/23 16:40:44 ET]
Table 'Tyl IV' 6-max Seat #1 is the button
Seat 1: nikalas22 ($124.14 in chips) 
Seat 2: yzuk ($100 in chips) 
Seat 3: AndreaBsAs ($106.30 in chips) 
Seat 4: BlazerTLN ($14.37 in chips) 
Seat 5: tintin641 ($100 in chips) 
Seat 6: maver200981 ($104.50 in chips) 
yzuk: posts small blind $0.50
AndreaBsAs: posts big blind $1
*** HOLE CARDS ***
BlazerTLN: raises $2 to $3
tintin641: folds 
maver200981: folds 
nikalas22: folds 
yzuk: folds 
AndreaBsAs: folds 
Uncalled bet ($2) returned to BlazerTLN
BlazerTLN collected $2.50 from pot
*** SUMMARY ***
Total pot $2.50 | Rake $0 
Seat 1: nikalas22 (button) folded before Flop (didn't bet)
Seat 2: yzuk (small blind) folded before Flop
Seat 3: AndreaBsAs (big blind) folded before Flop
Seat 4: BlazerTLN collected ($2.50)
Seat 5: tintin641 folded before Flop (didn't bet)
Seat 6: maver200981 folded before Flop (didn't bet)



PokerStars Hand #254520182642:  Hold'em No Limit ($0.50/$1.00 USD) - 2025/01/23 21:41:04 WET [2025/01/23 16:41:04 ET]
Table 'Tyl IV' 6-max Seat #2 is the button
Seat 1: nikalas22 ($124.14 in chips) 
Seat 2: yzuk ($100 in chips) 
Seat 3: AndreaBsAs ($105.30 in chips) 
Seat 4: BlazerTLN ($15.87 in chips) 
Seat 5: tintin641 ($100 in chips) 
Seat 6: maver200981 ($104.50 in chips) 
AndreaBsAs: posts small blind $0.50
BlazerTLN: posts big blind $1
*** HOLE CARDS ***
tintin641: folds 
maver200981: raises $1 to $2
nikalas22: folds 
yzuk: folds 
AndreaBsAs: folds 
BlazerTLN: calls $1
*** FLOP *** [8c 7d 9s]
BlazerTLN: checks 
maver200981: checks 
*** TURN *** [8c 7d 9s] [3c]
BlazerTLN: bets $2.14
maver200981: calls $2.14
*** RIVER *** [8c 7d 9s 3c] [8h]
BlazerTLN: bets $3
maver200981: folds 
Uncalled bet ($3) returned to BlazerTLN
BlazerTLN collected $8.34 from pot
*** SUMMARY ***
Total pot $8.78 | Rake $0.44 
Board [8c 7d 9s 3c 8h]
Seat 1: nikalas22 folded before Flop (didn't bet)
Seat 2: yzuk (button) folded before Flop (didn't bet)
Seat 3: AndreaBsAs (small blind) folded before Flop
Seat 4: BlazerTLN (big blind) collected ($8.34)
Seat 5: tintin641 folded before Flop (didn't bet)
Seat 6: maver200981 folded on the River



PokerStars Hand #254520193156:  Hold'em No Limit ($0.50/$1.00 USD) - 2025/01/23 21:41:38 WET [2025/01/23 16:41:38 ET]
Table 'Tyl IV' 6-max Seat #3 is the button
Seat 1: nikalas22 ($124.14 in chips) 
Seat 2: yzuk ($100 in chips) 
Seat 3: AndreaBsAs ($104.80 in chips) 
Seat 4: BlazerTLN ($20.07 in chips) 
Seat 5: tintin641 ($100 in chips) 
Seat 6: maver200981 ($100.36 in chips) 
BlazerTLN: posts small blind $0.50
tintin641: posts big blind $1
*** HOLE CARDS ***
maver200981: folds 
nikalas22: folds 
yzuk: folds 
AndreaBsAs has timed out
AndreaBsAs: folds 
AndreaBsAs leaves the table
BlazerTLN: raises $1 to $2
tintin641: calls $1
*** FLOP *** [4d 9c 3s]
BlazerTLN: checks 
tintin641: checks 
*** TURN *** [4d 9c 3s] [6h]
Iospirate joins the table at seat #3 
BlazerTLN: checks 
Iospirate is disconnected 
tintin641: bets $2.85
BlazerTLN: folds 
Uncalled bet ($2.85) returned to tintin641
tintin641 collected $3.80 from pot
tintin641: doesn't show hand 
*** SUMMARY ***
Total pot $4 | Rake $0.20 
Board [4d 9c 3s 6h]
Seat 1: nikalas22 folded before Flop (didn't bet)
Seat 2: yzuk folded before Flop (didn't bet)
Seat 3: AndreaBsAs (button) folded before Flop (didn't bet)
Seat 4: BlazerTLN (small blind) folded on the Turn
Seat 5: tintin641 (big blind) collected ($3.80)
Seat 6: maver200981 folded before Flop (didn't bet)



PokerStars Hand #254520219565:  Hold'em No Limit ($0.50/$1.00 USD) - 2025/01/23 21:43:04 WET [2025/01/23 16:43:04 ET]
Table 'Tyl IV' 6-max Seat #4 is the button
Seat 3: Iospirate ($100 in chips) is sitting out
Seat 1: nikalas22 ($124.14 in chips) 
Seat 2: yzuk ($100 in chips) 
Seat 4: BlazerTLN ($18.07 in chips) 
Seat 5: tintin641 ($101.80 in chips) 
Seat 6: maver200981 ($100.36 in chips) 
tintin641: posts small blind $0.50
maver200981: posts big blind $1
Iospirate: sits out 
*** HOLE CARDS ***
nikalas22: folds 
yzuk: folds 
BlazerTLN: folds 
tintin641: raises $2 to $3
maver200981: folds 
Uncalled bet ($2) returned to tintin641
tintin641 collected $2 from pot
tintin641: doesn't show hand 
*** SUMMARY ***
Total pot $2 | Rake $0 
Seat 3: Iospirate
Seat 1: nikalas22 folded before Flop (didn't bet)
Seat 2: yzuk folded before Flop (didn't bet)
Seat 4: BlazerTLN (button) folded before Flop (didn't bet)
Seat 5: tintin641 (small blind) collected ($2)
Seat 6: maver200981 (big blind) folded before Flop



PokerStars Hand #254520225183:  Hold'em No Limit ($0.50/$1.00 USD) - 2025/01/23 21:43:22 WET [2025/01/23 16:43:22 ET]
Table 'Tyl IV' 6-max Seat #5 is the button
Seat 3: Iospirate ($100 in chips) is sitting out
Seat 1: nikalas22 ($124.14 in chips) 
Seat 2: yzuk ($100 in chips) 
Seat 4: BlazerTLN ($18.07 in chips) 
Seat 5: tintin641 ($102.80 in chips) 
Seat 6: maver200981 ($99.36 in chips) 
maver200981: posts small blind $0.50
nikalas22: posts big blind $1
Iospirate: sits out 
*** HOLE CARDS ***
yzuk: raises $1.50 to $2.50
BlazerTLN: calls $2.50
tintin641: folds 
maver200981: folds 
nikalas22: folds 
*** FLOP *** [As 9h Qc]
yzuk: bets $3.15
BlazerTLN: calls $3.15
*** TURN *** [As 9h Qc] [Tc]
yzuk: bets $86
BlazerTLN: calls $12.42 and is all-in
Uncalled bet ($73.58) returned to yzuk
*** RIVER *** [As 9h Qc Tc] [Kd]
*** SHOW DOWN ***
yzuk: shows [Kh Ad] (two pair, Aces and Kings)
BlazerTLN: shows [Jd Qd] (a straight, Ten to Ace)
BlazerTLN collected $35.76 from pot
*** SUMMARY ***
Total pot $37.64 | Rake $1.88 
Board [As 9h Qc Tc Kd]
Seat 3: Iospirate
Seat 1: nikalas22 (big blind) folded before Flop
Seat 2: yzuk showed [Kh Ad] and lost with two pair, Aces and Kings
Seat 4: BlazerTLN showed [Jd Qd] and won ($35.76) with a straight, Ten to Ace
Seat 5: tintin641 (button) folded before Flop (didn't bet)
Seat 6: maver200981 (small blind) folded before Flop



PokerStars Hand #254520235558:  Hold'em No Limit ($0.50/$1.00 USD) - 2025/01/23 21:43:56 WET [2025/01/23 16:43:56 ET]
Table 'Tyl IV' 6-max Seat #6 is the button
Seat 2: yzuk ($100 in chips) is sitting out
Seat 1: nikalas22 ($123.14 in chips) 
Seat 3: Iospirate ($100 in chips) 
Seat 4: BlazerTLN ($35.76 in chips) 
Seat 5: tintin641 ($102.80 in chips) 
Seat 6: maver200981 ($98.86 in chips) 
nikalas22: posts small blind $0.50
yzuk: is sitting out 
Iospirate: posts big blind $1
*** HOLE CARDS ***
BlazerTLN: folds 
tintin641: folds 
maver200981: raises $1 to $2
nikalas22: raises $9 to $11
Iospirate: folds 
maver200981: calls $9
*** FLOP *** [8s 8d Jd]
nikalas22: bets $10.93
maver200981: calls $10.93
*** TURN *** [8s 8d Jd] [4d]
Iospirate leaves the table
nikalas22: checks 
maver200981: checks 
*** RIVER *** [8s 8d Jd 4d] [9d]
nikalas22: checks 
maver200981: bets $42.62
nikalas22: folds 
Uncalled bet ($42.62) returned to maver200981
maver200981 collected $42.62 from pot
maver200981: doesn't show hand 
aoish30 joins the table at seat #3 
*** SUMMARY ***
Total pot $44.86 | Rake $2.24 
Board [8s 8d Jd 4d 9d]
Seat 2: yzuk
Seat 1: nikalas22 (small blind) folded on the River
Seat 3: Iospirate (big blind) folded before Flop
Seat 4: BlazerTLN folded before Flop (didn't bet)
Seat 5: tintin641 folded before Flop (didn't bet)
Seat 6: maver200981 (button) collected ($42.62)



PokerStars Hand #254520408112:  Hold'em No Limit ($0.50/$1.00 USD) - 2025/01/23 21:53:25 WET [2025/01/23 16:53:25 ET]
Table 'Tyl IV' 6-max Seat #2 is the button
Seat 1: nikalas22 ($109 in chips) 
Seat 2: michasia ($110.90 in chips) 
Seat 3: aoish30 ($115.68 in chips) 
Seat 4: BlazerTLN ($54.71 in chips) 
Seat 5: tintin641 ($101.05 in chips) 
Seat 6: maver200981 ($84.24 in chips) 
aoish30: posts small blind $0.50
BlazerTLN: posts big blind $1
*** HOLE CARDS ***
tintin641: folds 
maver200981: raises $1 to $2
nikalas22: folds 
michasia: folds 
aoish30: folds 
BlazerTLN: calls $1
*** FLOP *** [Ks 7c 4d]
BlazerTLN: checks 
maver200981: checks 
*** TURN *** [Ks 7c 4d] [5d]
BlazerTLN: bets $1
maver200981: calls $1
*** RIVER *** [Ks 7c 4d 5d] [Tc]
BlazerTLN: checks 
maver200981: checks 
*** SHOW DOWN ***
BlazerTLN: shows [Js Qs] (high card King)
maver200981: shows [Ah 5c] (a pair of Fives)
maver200981 collected $6.18 from pot
*** SUMMARY ***
Total pot $6.50 | Rake $0.32 
Board [Ks 7c 4d 5d Tc]
Seat 1: nikalas22 folded before Flop (didn't bet)
Seat 2: michasia (button) folded before Flop (didn't bet)
Seat 3: aoish30 (small blind) folded before Flop
Seat 4: BlazerTLN (big blind) showed [Js Qs] and lost with high card King
Seat 5: tintin641 folded before Flop (didn't bet)
Seat 6: maver200981 showed [Ah 5c] and won ($6.18) with a pair of Fives



PokerStars Hand #254520417003:  Hold'em No Limit ($0.50/$1.00 USD) - 2025/01/23 21:53:55 WET [2025/01/23 16:53:55 ET]
Table 'Tyl IV' 6-max Seat #3 is the button
Seat 1: nikalas22 ($109 in chips) 
Seat 2: michasia ($110.90 in chips) 
Seat 3: aoish30 ($115.18 in chips) 
Seat 4: BlazerTLN ($51.71 in chips) 
Seat 5: tintin641 ($101.05 in chips) 
Seat 6: maver200981 ($87.42 in chips) 
BlazerTLN: posts small blind $0.50
tintin641: posts big blind $1
*** HOLE CARDS ***
maver200981: folds 
nikalas22: folds 
michasia: folds 
aoish30: folds 
BlazerTLN: raises $1 to $2
tintin641: folds 
Uncalled bet ($1) returned to BlazerTLN
BlazerTLN collected $2 from pot
*** SUMMARY ***
Total pot $2 | Rake $0 
Seat 1: nikalas22 folded before Flop (didn't bet)
Seat 2: michasia folded before Flop (didn't bet)
Seat 3: aoish30 (button) folded before Flop (didn't bet)
Seat 4: BlazerTLN (small blind) collected ($2)
Seat 5: tintin641 (big blind) folded before Flop
Seat 6: maver200981 folded before Flop (didn't bet)



PokerStars Hand #254520424276:  Hold'em No Limit ($0.50/$1.00 USD) - 2025/01/23 21:54:19 WET [2025/01/23 16:54:19 ET]
Table 'Tyl IV' 6-max Seat #4 is the button
Seat 1: nikalas22 ($109 in chips) 
Seat 2: michasia ($110.90 in chips) 
Seat 3: aoish30 ($115.18 in chips) 
Seat 4: BlazerTLN ($52.71 in chips) 
Seat 5: tintin641 ($100.05 in chips) 
Seat 6: maver200981 ($87.42 in chips) 
tintin641: posts small blind $0.50
maver200981: posts big blind $1
*** HOLE CARDS ***
nikalas22: folds 
michasia: folds 
aoish30: raises $1.50 to $2.50
BlazerTLN: calls $2.50
tintin641: raises $11 to $13.50
maver200981: folds 
aoish30: folds 
BlazerTLN: calls $11
*** FLOP *** [7h 2c Ah]
tintin641: checks 
BlazerTLN: bets $10
tintin641: calls $10
*** TURN *** [7h 2c Ah] [Ts]
tintin641: checks 
BlazerTLN: checks 
*** RIVER *** [7h 2c Ah Ts] [6d]
tintin641: checks 
BlazerTLN: checks 
*** SHOW DOWN ***
tintin641: shows [Qd Qs] (a pair of Queens)
BlazerTLN: shows [9c Ac] (a pair of Aces)
BlazerTLN collected $48 from pot
*** SUMMARY ***
Total pot $50.50 | Rake $2.50 
Board [7h 2c Ah Ts 6d]
Seat 1: nikalas22 folded before Flop (didn't bet)
Seat 2: michasia folded before Flop (didn't bet)
Seat 3: aoish30 folded before Flop
Seat 4: BlazerTLN (button) showed [9c Ac] and won ($48) with a pair of Aces
Seat 5: tintin641 (small blind) showed [Qd Qs] and lost with a pair of Queens
Seat 6: maver200981 (big blind) folded before Flop



PokerStars Hand #254520442728:  Hold'em No Limit ($0.50/$1.00 USD) - 2025/01/23 21:55:25 WET [2025/01/23 16:55:25 ET]
Table 'Tyl IV' 6-max Seat #5 is the button
Seat 1: nikalas22 ($109 in chips) 
Seat 2: michasia ($110.90 in chips) 
Seat 3: aoish30 ($112.68 in chips) 
Seat 4: BlazerTLN ($77.21 in chips) 
Seat 5: tintin641 ($100 in chips) 
Seat 6: maver200981 ($86.42 in chips) 
maver200981: posts small blind $0.50
nikalas22: posts big blind $1
*** HOLE CARDS ***
michasia: folds 
aoish30: folds 
BlazerTLN: folds 
tintin641: folds 
maver200981: folds 
Uncalled bet ($0.50) returned to nikalas22
nikalas22 collected $1 from pot
nikalas22: doesn't show hand 
*** SUMMARY ***
Total pot $1 | Rake $0 
Seat 1: nikalas22 (big blind) collected ($1)
Seat 2: michasia folded before Flop (didn't bet)
Seat 3: aoish30 folded before Flop (didn't bet)
Seat 4: BlazerTLN folded before Flop (didn't bet)
Seat 5: tintin641 (button) folded before Flop (didn't bet)
Seat 6: maver200981 (small blind) folded before Flop



PokerStars Hand #254520446281:  Hold'em No Limit ($0.50/$1.00 USD) - 2025/01/23 21:55:41 WET [2025/01/23 16:55:41 ET]
Table 'Tyl IV' 6-max Seat #6 is the button
Seat 1: nikalas22 ($109.50 in chips) 
Seat 2: michasia ($110.90 in chips) 
Seat 3: aoish30 ($112.68 in chips) 
Seat 4: BlazerTLN ($77.21 in chips) 
Seat 5: tintin641 ($100 in chips) 
Seat 6: maver200981 ($85.92 in chips) 
nikalas22: posts small blind $0.50
michasia: posts big blind $1
*** HOLE CARDS ***
aoish30: folds 
BlazerTLN: raises $2 to $3
tintin641: folds 
maver200981: folds 
nikalas22: folds 
michasia: raises $8.50 to $11.50
BlazerTLN: calls $8.50
*** FLOP *** [Tc Ts 3d]
michasia: bets $7.37
BlazerTLN: calls $7.37
*** TURN *** [Tc Ts 3d] [7h]
michasia: checks 
BlazerTLN: bets $10
michasia: calls $10
*** RIVER *** [Tc Ts 3d 7h] [8d]
michasia: checks 
BlazerTLN: bets $20
michasia: calls $20
*** SHOW DOWN ***
BlazerTLN: shows [Ah Th] (three of a kind, Tens)
michasia: mucks hand 
BlazerTLN collected $95.74 from pot
*** SUMMARY ***
Total pot $98.24 | Rake $2.50 
Board [Tc Ts 3d 7h 8d]
Seat 1: nikalas22 (small blind) folded before Flop
Seat 2: michasia (big blind) mucked
Seat 3: aoish30 folded before Flop (didn't bet)
Seat 4: BlazerTLN showed [Ah Th] and won ($95.74) with three of a kind, Tens
Seat 5: tintin641 folded before Flop (didn't bet)
Seat 6: maver200981 (button) folded before Flop (didn't bet)



PokerStars Hand #254520457522:  Hold'em No Limit ($0.50/$1.00 USD) - 2025/01/23 21:56:32 WET [2025/01/23 16:56:32 ET]
Table 'Tyl IV' 6-max Seat #1 is the button
Seat 1: nikalas22 ($109 in chips) 
Seat 2: michasia ($100 in chips) 
Seat 3: aoish30 ($112.68 in chips) 
Seat 4: BlazerTLN ($124.08 in chips) 
Seat 5: tintin641 ($100 in chips) 
Seat 6: maver200981 ($85.92 in chips) 
michasia: posts small blind $0.50
aoish30: posts big blind $1
*** HOLE CARDS ***
BlazerTLN: raises $1 to $2
tintin641: folds 
maver200981: folds 
nikalas22: folds 
michasia: folds 
aoish30: folds 
Uncalled bet ($1) returned to BlazerTLN
BlazerTLN collected $2.50 from pot
*** SUMMARY ***
Total pot $2.50 | Rake $0 
Seat 1: nikalas22 (button) folded before Flop (didn't bet)
Seat 2: michasia (small blind) folded before Flop
Seat 3: aoish30 (big blind) folded before Flop
Seat 4: BlazerTLN collected ($2.50)
Seat 5: tintin641 folded before Flop (didn't bet)
Seat 6: maver200981 folded before Flop (didn't bet)



PokerStars Hand #254520461121:  Hold'em No Limit ($0.50/$1.00 USD) - 2025/01/23 21:56:48 WET [2025/01/23 16:56:48 ET]
Table 'Tyl IV' 6-max Seat #2 is the button
Seat 1: nikalas22 ($109 in chips) 
Seat 2: michasia ($100 in chips) 
Seat 3: aoish30 ($111.68 in chips) 
Seat 4: BlazerTLN ($125.58 in chips) 
Seat 5: tintin641 ($100 in chips) 
Seat 6: maver200981 ($85.92 in chips) 
aoish30: posts small blind $0.50
BlazerTLN: posts big blind $1
*** HOLE CARDS ***
tintin641: folds 
maver200981: raises $2 to $3
nikalas22: raises $7 to $10
michasia: folds 
aoish30: folds 
BlazerTLN: folds 
maver200981: calls $7
*** FLOP *** [6s 2d Qh]
maver200981: checks 
nikalas22: bets $6.13
maver200981: calls $6.13
*** TURN *** [6s 2d Qh] [9s]
maver200981: checks 
nikalas22: bets $24.05
maver200981: folds 
Uncalled bet ($24.05) returned to nikalas22
nikalas22 collected $32.07 from pot
nikalas22: doesn't show hand 
*** SUMMARY ***
Total pot $33.76 | Rake $1.69 
Board [6s 2d Qh 9s]
Seat 1: nikalas22 collected ($32.07)
Seat 2: michasia (button) folded before Flop (didn't bet)
Seat 3: aoish30 (small blind) folded before Flop
Seat 4: BlazerTLN (big blind) folded before Flop
Seat 5: tintin641 folded before Flop (didn't bet)
Seat 6: maver200981 folded on the Turn



PokerStars Hand #254520471010:  Hold'em No Limit ($0.50/$1.00 USD) - 2025/01/23 21:57:32 WET [2025/01/23 16:57:32 ET]
Table 'Tyl IV' 6-max Seat #3 is the button
Seat 1: nikalas22 ($124.94 in chips) 
Seat 2: michasia ($100 in chips) 
Seat 3: aoish30 ($111.18 in chips) 
Seat 4: BlazerTLN ($124.58 in chips) 
Seat 5: tintin641 ($100 in chips) 
Seat 6: maver200981 ($69.79 in chips) 
BlazerTLN: posts small blind $0.50
tintin641: posts big blind $1
*** HOLE CARDS ***
maver200981: folds 
nikalas22: folds 
michasia: folds 
aoish30: raises $1.50 to $2.50
BlazerTLN: calls $2
tintin641: folds 
*** FLOP *** [Td 6h 9c]
BlazerTLN: checks 
aoish30: checks 
*** TURN *** [Td 6h 9c] [8c]
BlazerTLN: bets $1
aoish30: calls $1
*** RIVER *** [Td 6h 9c 8c] [Kd]
BlazerTLN: bets $3.80
aoish30: folds 
Uncalled bet ($3.80) returned to BlazerTLN
BlazerTLN collected $7.60 from pot
*** SUMMARY ***
Total pot $8 | Rake $0.40 
Board [Td 6h 9c 8c Kd]
Seat 1: nikalas22 folded before Flop (didn't bet)
Seat 2: michasia folded before Flop (didn't bet)
Seat 3: aoish30 (button) folded on the River
Seat 4: BlazerTLN (small blind) collected ($7.60)
Seat 5: tintin641 (big blind) folded before Flop
Seat 6: maver200981 folded before Flop (didn't bet)



PokerStars Hand #254520482921:  Hold'em No Limit ($0.50/$1.00 USD) - 2025/01/23 21:58:25 WET [2025/01/23 16:58:25 ET]
Table 'Tyl IV' 6-max Seat #4 is the button
Seat 1: nikalas22 ($124.94 in chips) 
Seat 2: michasia ($100 in chips) 
Seat 3: aoish30 ($107.68 in chips) 
Seat 4: BlazerTLN ($128.68 in chips) 
Seat 5: tintin641 ($100 in chips) 
Seat 6: maver200981 ($69.79 in chips) 
tintin641: posts small blind $0.50
maver200981: posts big blind $1
*** HOLE CARDS ***
nikalas22: folds 
michasia: folds 
aoish30: folds 
BlazerTLN: raises $1 to $2
tintin641: folds 
maver200981: calls $1
*** FLOP *** [9s Qs 3d]
maver200981: checks 
BlazerTLN: checks 
*** TURN *** [9s Qs 3d] [As]
maver200981: checks 
BlazerTLN: checks 
*** RIVER *** [9s Qs 3d As] [8s]
maver200981: checks 
BlazerTLN: checks 
*** SHOW DOWN ***
maver200981: shows [2d Ac] (a pair of Aces)
BlazerTLN: mucks hand 
maver200981 collected $4.28 from pot
*** SUMMARY ***
Total pot $4.50 | Rake $0.22 
Board [9s Qs 3d As 8s]
Seat 1: nikalas22 folded before Flop (didn't bet)
Seat 2: michasia folded before Flop (didn't bet)
Seat 3: aoish30 folded before Flop (didn't bet)
Seat 4: BlazerTLN (button) mucked
Seat 5: tintin641 (small blind) folded before Flop
Seat 6: maver200981 (big blind) showed [2d Ac] and won ($4.28) with a pair of Aces



PokerStars Hand #254520488250:  Hold'em No Limit ($0.50/$1.00 USD) - 2025/01/23 21:58:49 WET [2025/01/23 16:58:49 ET]
Table 'Tyl IV' 6-max Seat #5 is the button
Seat 1: nikalas22 ($124.94 in chips) 
Seat 2: michasia ($100 in chips) 
Seat 3: aoish30 ($107.68 in chips) 
Seat 4: BlazerTLN ($126.68 in chips) 
Seat 5: tintin641 ($100 in chips) 
Seat 6: maver200981 ($72.07 in chips) 
maver200981: posts small blind $0.50
nikalas22: posts big blind $1
*** HOLE CARDS ***
michasia: folds 
aoish30: folds 
BlazerTLN: folds 
tintin641: folds 
maver200981: raises $1 to $2
nikalas22: folds 
Uncalled bet ($1) returned to maver200981
maver200981 collected $2 from pot
maver200981: doesn't show hand 
*** SUMMARY ***
Total pot $2 | Rake $0 
Seat 1: nikalas22 (big blind) folded before Flop
Seat 2: michasia folded before Flop (didn't bet)
Seat 3: aoish30 folded before Flop (didn't bet)
Seat 4: BlazerTLN folded before Flop (didn't bet)
Seat 5: tintin641 (button) folded before Flop (didn't bet)
Seat 6: maver200981 (small blind) collected ($2)



PokerStars Hand #254520491317:  Hold'em No Limit ($0.50/$1.00 USD) - 2025/01/23 21:59:03 WET [2025/01/23 16:59:03 ET]
Table 'Tyl IV' 6-max Seat #6 is the button
Seat 1: nikalas22 ($123.94 in chips) 
Seat 2: michasia ($100 in chips) 
Seat 3: aoish30 ($107.68 in chips) 
Seat 4: BlazerTLN ($126.68 in chips) 
Seat 5: tintin641 ($100 in chips) 
Seat 6: maver200981 ($73.07 in chips) 
nikalas22: posts small blind $0.50
michasia: posts big blind $1
*** HOLE CARDS ***
aoish30: folds 
BlazerTLN: raises $2 to $3
tintin641: folds 
maver200981: folds 
nikalas22: folds 
michasia: calls $2
*** FLOP *** [6c 4c 7c]
michasia: checks 
BlazerTLN: checks 
*** TURN *** [6c 4c 7c] [Ts]
michasia: checks 
BlazerTLN: bets $2
michasia: folds 
Uncalled bet ($2) returned to BlazerTLN
BlazerTLN collected $6.18 from pot
*** SUMMARY ***
Total pot $6.50 | Rake $0.32 
Board [6c 4c 7c Ts]
Seat 1: nikalas22 (small blind) folded before Flop
Seat 2: michasia (big blind) folded on the Turn
Seat 3: aoish30 folded before Flop (didn't bet)
Seat 4: BlazerTLN collected ($6.18)
Seat 5: tintin641 folded before Flop (didn't bet)
Seat 6: maver200981 (button) folded before Flop (didn't bet)



PokerStars Hand #254520501909:  Hold'em No Limit ($0.50/$1.00 USD) - 2025/01/23 21:59:50 WET [2025/01/23 16:59:50 ET]
Table 'Tyl IV' 6-max Seat #1 is the button
Seat 1: nikalas22 ($123.44 in chips) 
Seat 2: michasia ($100 in chips) 
Seat 3: aoish30 ($107.68 in chips) 
Seat 4: BlazerTLN ($129.86 in chips) 
Seat 5: tintin641 ($100 in chips) 
Seat 6: maver200981 ($73.07 in chips) 
michasia: posts small blind $0.50
aoish30: posts big blind $1
*** HOLE CARDS ***
BlazerTLN: raises $2 to $3
tintin641: raises $6 to $9
maver200981: folds 
nikalas22: folds 
michasia: folds 
aoish30: folds 
BlazerTLN: raises $13 to $22
tintin641: raises $78 to $100 and is all-in
BlazerTLN: calls $78
*** FLOP *** [4h Jc Qd]
*** TURN *** [4h Jc Qd] [5s]
*** RIVER *** [4h Jc Qd 5s] [8s]
*** SHOW DOWN ***
BlazerTLN: shows [As Ac] (a pair of Aces)
tintin641: shows [Kh Ks] (a pair of Kings)
BlazerTLN collected $199 from pot
*** SUMMARY ***
Total pot $201.50 | Rake $2.50 
Board [4h Jc Qd 5s 8s]
Seat 1: nikalas22 (button) folded before Flop (didn't bet)
Seat 2: michasia (small blind) folded before Flop
Seat 3: aoish30 (big blind) folded before Flop
Seat 4: BlazerTLN showed [As Ac] and won ($199) with a pair of Aces
Seat 5: tintin641 showed [Kh Ks] and lost with a pair of Kings
Seat 6: maver200981 folded before Flop (didn't bet)



PokerStars Hand #254520514064:  Hold'em No Limit ($0.50/$1.00 USD) - 2025/01/23 22:00:43 WET [2025/01/23 17:00:43 ET]
Table 'Tyl IV' 6-max Seat #2 is the button
Seat 1: nikalas22 ($123.44 in chips) 
Seat 2: michasia ($100 in chips) 
Seat 3: aoish30 ($106.68 in chips) 
Seat 4: BlazerTLN ($228.86 in chips) 
Seat 5: tintin641 ($100 in chips) 
Seat 6: maver200981 ($73.07 in chips) 
aoish30: posts small blind $0.50
BlazerTLN: posts big blind $1
*** HOLE CARDS ***
tintin641: folds 
maver200981: folds 
nikalas22: folds 
michasia: folds 
aoish30: folds 
Uncalled bet ($0.50) returned to BlazerTLN
BlazerTLN collected $1 from pot
*** SUMMARY ***
Total pot $1 | Rake $0 
Seat 1: nikalas22 folded before Flop (didn't bet)
Seat 2: michasia (button) folded before Flop (didn't bet)
Seat 3: aoish30 (small blind) folded before Flop
Seat 4: BlazerTLN (big blind) collected ($1)
Seat 5: tintin641 folded before Flop (didn't bet)
Seat 6: maver200981 folded before Flop (didn't bet)



PokerStars Hand #254520517371:  Hold'em No Limit ($0.50/$1.00 USD) - 2025/01/23 22:00:56 WET [2025/01/23 17:00:56 ET]
Table 'Tyl IV' 6-max Seat #3 is the button
Seat 1: nikalas22 ($123.44 in chips) 
Seat 2: michasia ($100 in chips) 
Seat 3: aoish30 ($106.18 in chips) 
Seat 4: BlazerTLN ($229.36 in chips) 
Seat 5: tintin641 ($100 in chips) 
Seat 6: maver200981 ($73.07 in chips) 
BlazerTLN: posts small blind $0.50
tintin641: posts big blind $1
*** HOLE CARDS ***
maver200981: raises $1 to $2
nikalas22: folds 
michasia: folds 
aoish30: calls $2
BlazerTLN: folds 
tintin641: folds 
*** FLOP *** [6h Kc 6c]
maver200981: checks 
aoish30: bets $1.72
maver200981: folds 
Uncalled bet ($1.72) returned to aoish30
aoish30 collected $5.22 from pot
aoish30: doesn't show hand 
*** SUMMARY ***
Total pot $5.50 | Rake $0.28 
Board [6h Kc 6c]
Seat 1: nikalas22 folded before Flop (didn't bet)
Seat 2: michasia folded before Flop (didn't bet)
Seat 3: aoish30 (button) collected ($5.22)
Seat 4: BlazerTLN (small blind) folded before Flop
Seat 5: tintin641 (big blind) folded before Flop
Seat 6: maver200981 folded on the Flop



PokerStars Hand #254520530705:  Hold'em No Limit ($0.50/$1.00 USD) - 2025/01/23 22:01:46 WET [2025/01/23 17:01:46 ET]
Table 'Tyl IV' 6-max Seat #4 is the button
Seat 1: nikalas22 ($123.44 in chips) 
Seat 2: michasia ($100 in chips) 
Seat 3: aoish30 ($109.40 in chips) 
Seat 4: BlazerTLN ($228.86 in chips) 
Seat 5: tintin641 ($100 in chips) 
Seat 6: maver200981 ($71.07 in chips) 
tintin641: posts small blind $0.50
maver200981: posts big blind $1
*** HOLE CARDS ***
nikalas22: folds 
michasia: raises $1.60 to $2.60
aoish30: folds 
BlazerTLN: folds 
tintin641: folds 
maver200981: calls $1.60
*** FLOP *** [3h Ks 4s]
maver200981: checks 
michasia: bets $1.79
maver200981: calls $1.79
*** TURN *** [3h Ks 4s] [Jc]
maver200981: checks 
michasia: checks 
*** RIVER *** [3h Ks 4s Jc] [8d]
maver200981: checks 
michasia: bets $11.03
maver200981: folds 
Uncalled bet ($11.03) returned to michasia
michasia collected $8.82 from pot
michasia: doesn't show hand 
*** SUMMARY ***
Total pot $9.28 | Rake $0.46 
Board [3h Ks 4s Jc 8d]
Seat 1: nikalas22 folded before Flop (didn't bet)
Seat 2: michasia collected ($8.82)
Seat 3: aoish30 folded before Flop (didn't bet)
Seat 4: BlazerTLN (button) folded before Flop (didn't bet)
Seat 5: tintin641 (small blind) folded before Flop
Seat 6: maver200981 (big blind) folded on the River



PokerStars Hand #254520542097:  Hold'em No Limit ($0.50/$1.00 USD) - 2025/01/23 22:02:24 WET [2025/01/23 17:02:24 ET]
Table 'Tyl IV' 6-max Seat #5 is the button
Seat 1: nikalas22 ($123.44 in chips) 
Seat 2: michasia ($104.43 in chips) 
Seat 3: aoish30 ($109.40 in chips) 
Seat 4: BlazerTLN ($228.86 in chips) 
Seat 5: tintin641 ($100 in chips) 
Seat 6: maver200981 ($66.68 in chips) 
maver200981: posts small blind $0.50
nikalas22: posts big blind $1
*** HOLE CARDS ***
michasia: raises $1.60 to $2.60
aoish30: folds 
BlazerTLN: calls $2.60
tintin641: folds 
maver200981: folds 
nikalas22: raises $11.40 to $14
michasia: folds 
BlazerTLN: calls $11.40
*** FLOP *** [5c Qc 4d]
nikalas22: bets $14.77
BlazerTLN: calls $14.77
*** TURN *** [5c Qc 4d] [Kc]
nikalas22: checks 
BlazerTLN: checks 
*** RIVER *** [5c Qc 4d Kc] [3s]
nikalas22: bets $43.61
BlazerTLN: calls $43.61
*** SHOW DOWN ***
nikalas22: shows [Ah Ac] (a pair of Aces)
BlazerTLN: shows [Kh Qs] (two pair, Kings and Queens)
BlazerTLN collected $145.36 from pot
*** SUMMARY ***
Total pot $147.86 | Rake $2.50 
Board [5c Qc 4d Kc 3s]
Seat 1: nikalas22 (big blind) showed [Ah Ac] and lost with a pair of Aces
Seat 2: michasia folded before Flop
Seat 3: aoish30 folded before Flop (didn't bet)
Seat 4: BlazerTLN showed [Kh Qs] and won ($145.36) with two pair, Kings and Queens
Seat 5: tintin641 (button) folded before Flop (didn't bet)
Seat 6: maver200981 (small blind) folded before Flop



PokerStars Hand #254520556680:  Hold'em No Limit ($0.50/$1.00 USD) - 2025/01/23 22:03:14 WET [2025/01/23 17:03:14 ET]
Table 'Tyl IV' 6-max Seat #6 is the button
Seat 1: nikalas22 ($100 in chips) 
Seat 2: michasia ($101.83 in chips) 
Seat 3: aoish30 ($109.40 in chips) 
Seat 4: BlazerTLN ($301.84 in chips) 
Seat 5: tintin641 ($100 in chips) 
Seat 6: maver200981 ($66.18 in chips) 
nikalas22: posts small blind $0.50
michasia: posts big blind $1
*** HOLE CARDS ***
aoish30: folds 
BlazerTLN: folds 
tintin641: folds 
maver200981: folds 
nikalas22: folds 
Uncalled bet ($0.50) returned to michasia
michasia collected $1 from pot
michasia: doesn't show hand 
*** SUMMARY ***
Total pot $1 | Rake $0 
Seat 1: nikalas22 (small blind) folded before Flop
Seat 2: michasia (big blind) collected ($1)
Seat 3: aoish30 folded before Flop (didn't bet)
Seat 4: BlazerTLN folded before Flop (didn't bet)
Seat 5: tintin641 folded before Flop (didn't bet)
Seat 6: maver200981 (button) folded before Flop (didn't bet)



PokerStars Hand #254520560918:  Hold'em No Limit ($0.50/$1.00 USD) - 2025/01/23 22:03:28 WET [2025/01/23 17:03:28 ET]
Table 'Tyl IV' 6-max Seat #1 is the button
Seat 1: nikalas22 ($100 in chips) 
Seat 2: michasia ($102.33 in chips) 
Seat 3: aoish30 ($109.40 in chips) 
Seat 4: BlazerTLN ($301.84 in chips) 
Seat 5: tintin641 ($100 in chips) 
Seat 6: maver200981 ($66.18 in chips) 
michasia: posts small blind $0.50
aoish30: posts big blind $1
*** HOLE CARDS ***
BlazerTLN: raises $2 to $3
tintin641: folds 
maver200981: calls $3
nikalas22: folds 
michasia: folds 
aoish30: folds 
*** FLOP *** [2h Tc Qd]
BlazerTLN: checks 
maver200981: checks 
*** TURN *** [2h Tc Qd] [9c]
BlazerTLN: bets $3.56
maver200981: calls $3.56
*** RIVER *** [2h Tc Qd 9c] [Ac]
BlazerTLN: checks 
maver200981: checks 
*** SHOW DOWN ***
BlazerTLN: shows [Js Ah] (a pair of Aces)
maver200981: mucks hand 
BlazerTLN collected $13.89 from pot
*** SUMMARY ***
Total pot $14.62 | Rake $0.73 
Board [2h Tc Qd 9c Ac]
Seat 1: nikalas22 (button) folded before Flop (didn't bet)
Seat 2: michasia (small blind) folded before Flop
Seat 3: aoish30 (big blind) folded before Flop
Seat 4: BlazerTLN showed [Js Ah] and won ($13.89) with a pair of Aces
Seat 5: tintin641 folded before Flop (didn't bet)
Seat 6: maver200981 mucked



PokerStars Hand #254520570448:  Hold'em No Limit ($0.50/$1.00 USD) - 2025/01/23 22:04:00 WET [2025/01/23 17:04:00 ET]
Table 'Tyl IV' 6-max Seat #2 is the button
Seat 4: BlazerTLN ($309.17 in chips) is sitting out
Seat 1: nikalas22 ($100 in chips) 
Seat 2: michasia ($101.83 in chips) 
Seat 3: aoish30 ($108.40 in chips) 
Seat 5: tintin641 ($100 in chips) 
Seat 6: maver200981 ($59.62 in chips) 
aoish30: posts small blind $0.50
BlazerTLN: is sitting out 
tintin641: posts big blind $1
*** HOLE CARDS ***
maver200981: folds 
nikalas22: folds 
BlazerTLN leaves the table
michasia: raises $1.80 to $2.80
aoish30: folds 
tintin641: raises $10.20 to $13
michasia: folds 
Uncalled bet ($10.20) returned to tintin641
tintin641 collected $6.10 from pot
tintin641: doesn't show hand 
*** SUMMARY ***
Total pot $6.10 | Rake $0 
Seat 4: BlazerTLN
Seat 1: nikalas22 folded before Flop (didn't bet)
Seat 2: michasia (button) folded before Flop
Seat 3: aoish30 (small blind) folded before Flop
Seat 5: tintin641 (big blind) collected ($6.10)
Seat 6: maver200981 folded before Flop (didn't bet)



PokerStars Hand #254520578397:  Hold'em No Limit ($0.50/$1.00 USD) - 2025/01/23 22:04:27 WET [2025/01/23 17:04:27 ET]
Table 'Tyl IV' 6-max Seat #3 is the button
Seat 1: nikalas22 ($100 in chips) 
Seat 2: michasia ($100 in chips) 
Seat 3: aoish30 ($107.90 in chips) 
Seat 5: tintin641 ($103.30 in chips) 
Seat 6: maver200981 ($59.62 in chips) 
tintin641: posts small blind $0.50
maver200981: posts big blind $1
*** HOLE CARDS ***
nikalas22: raises $1.50 to $2.50
michasia: folds 
BoyLoc0 joins the table at seat #4 
aoish30: calls $2.50
tintin641: folds 
maver200981: calls $1.50
*** FLOP *** [8h 4h 9d]
maver200981: checks 
nikalas22: checks 
aoish30: checks 
*** TURN *** [8h 4h 9d] [Th]
maver200981: checks 
nikalas22: checks 
aoish30: checks 
*** RIVER *** [8h 4h 9d Th] [9c]
maver200981: checks 
nikalas22: checks 
aoish30: bets $3.80
maver200981: folds 
nikalas22: folds 
Uncalled bet ($3.80) returned to aoish30
aoish30 collected $7.60 from pot
aoish30: doesn't show hand 
*** SUMMARY ***
Total pot $8 | Rake $0.40 
Board [8h 4h 9d Th 9c]
Seat 1: nikalas22 folded on the River
Seat 2: michasia folded before Flop (didn't bet)
Seat 3: aoish30 (button) collected ($7.60)
Seat 5: tintin641 (small blind) folded before Flop
Seat 6: maver200981 (big blind) folded on the River



PokerStars Hand #254520591504:  Hold'em No Limit ($0.50/$1.00 USD) - 2025/01/23 22:05:12 WET [2025/01/23 17:05:12 ET]
Table 'Tyl IV' 6-max Seat #5 is the button
Seat 4: BoyLoc0 ($100 in chips) is sitting out
Seat 1: nikalas22 ($100 in chips) 
Seat 2: michasia ($100 in chips) 
Seat 3: aoish30 ($113 in chips) 
Seat 5: tintin641 ($102.80 in chips) 
Seat 6: maver200981 ($57.12 in chips) 
maver200981: posts small blind $0.50
nikalas22: posts big blind $1
BoyLoc0: sits out 
*** HOLE CARDS ***
michasia: folds 
aoish30: folds 
tintin641: raises $1.50 to $2.50
maver200981: calls $2
nikalas22: folds 
*** FLOP *** [Qh 7c Js]
maver200981: checks 
tintin641: checks 
*** TURN *** [Qh 7c Js] [4h]
maver200981: bets $2.85
tintin641: calls $2.85
*** RIVER *** [Qh 7c Js 4h] [8d]
maver200981: checks 
tintin641: checks 
*** SHOW DOWN ***
maver200981: shows [Kd 5d] (high card King)
tintin641: shows [6s 6c] (a pair of Sixes)
tintin641 collected $11.12 from pot
*** SUMMARY ***
Total pot $11.70 | Rake $0.58 
Board [Qh 7c Js 4h 8d]
Seat 4: BoyLoc0
Seat 1: nikalas22 (big blind) folded before Flop
Seat 2: michasia folded before Flop (didn't bet)
Seat 3: aoish30 folded before Flop (didn't bet)
Seat 5: tintin641 (button) showed [6s 6c] and won ($11.12) with a pair of Sixes
Seat 6: maver200981 (small blind) showed [Kd 5d] and lost with high card King



PokerStars Hand #254520606719:  Hold'em No Limit ($0.50/$1.00 USD) - 2025/01/23 22:06:03 WET [2025/01/23 17:06:03 ET]
Table 'Tyl IV' 6-max Seat #6 is the button
Seat 4: BoyLoc0 ($100 in chips) is sitting out
Seat 1: nikalas22 ($100 in chips) 
Seat 2: michasia ($100 in chips) 
Seat 3: aoish30 ($113 in chips) 
Seat 5: tintin641 ($108.57 in chips) 
Seat 6: maver200981 ($51.77 in chips) 
nikalas22: posts small blind $0.50
michasia: posts big blind $1
BoyLoc0: sits out 
*** HOLE CARDS ***
aoish30: folds 
tintin641: raises $1.50 to $2.50
maver200981: folds 
nikalas22: raises $9.50 to $12
michasia: folds 
tintin641: folds 
Uncalled bet ($9.50) returned to nikalas22
nikalas22 collected $6 from pot
nikalas22: doesn't show hand 
*** SUMMARY ***
Total pot $6 | Rake $0 
Seat 4: BoyLoc0
Seat 1: nikalas22 (small blind) collected ($6)
Seat 2: michasia (big blind) folded before Flop
Seat 3: aoish30 folded before Flop (didn't bet)
Seat 5: tintin641 folded before Flop
Seat 6: maver200981 (button) folded before Flop (didn't bet)



PokerStars Hand #254520612032:  Hold'em No Limit ($0.50/$1.00 USD) - 2025/01/23 22:06:21 WET [2025/01/23 17:06:21 ET]
Table 'Tyl IV' 6-max Seat #1 is the button
Seat 3: aoish30 ($113 in chips) is sitting out
Seat 1: nikalas22 ($103.50 in chips) 
Seat 2: michasia ($100 in chips) 
Seat 4: BoyLoc0 ($100 in chips) 
Seat 5: tintin641 ($106.07 in chips) 
Seat 6: maver200981 ($51.77 in chips) 
michasia: posts small blind $0.50
aoish30: is sitting out 
BoyLoc0: posts big blind $1
*** HOLE CARDS ***
tintin641: folds 
maver200981: raises $1 to $2
nikalas22: folds 
michasia: raises $6 to $8
BoyLoc0: folds 
maver200981: calls $6
*** FLOP *** [Jd 2s 7d]
michasia: bets $5.33
maver200981: calls $5.33
*** TURN *** [Jd 2s 7d] [Kd]
michasia: checks 
aoish30 leaves the table
maver200981: bets $13
michasia: folds 
Uncalled bet ($13) returned to maver200981
maver200981 collected $26.28 from pot
maver200981: doesn't show hand 
*** SUMMARY ***
Total pot $27.66 | Rake $1.38 
Board [Jd 2s 7d Kd]
Seat 3: aoish30
Seat 1: nikalas22 (button) folded before Flop (didn't bet)
Seat 2: michasia (small blind) folded on the Turn
Seat 4: BoyLoc0 (big blind) folded before Flop
Seat 5: tintin641 folded before Flop (didn't bet)
Seat 6: maver200981 collected ($26.28)



PokerStars Hand #254520623380:  Hold'em No Limit ($0.50/$1.00 USD) - 2025/01/23 22:07:00 WET [2025/01/23 17:07:00 ET]
Table 'Tyl IV' 6-max Seat #2 is the button
Seat 5: tintin641 ($106.07 in chips) is sitting out
Seat 1: nikalas22 ($103.50 in chips) 
Seat 2: michasia ($100 in chips) 
Seat 4: BoyLoc0 ($100 in chips) 
Seat 6: maver200981 ($64.72 in chips) 
BoyLoc0: posts small blind $0.50
tintin641: is sitting out 
maver200981: posts big blind $1
*** HOLE CARDS ***
tintin641 leaves the table
nikalas22: folds 
michasia: raises $1.80 to $2.80
BoyLoc0: folds 
maver200981: calls $1.80
*** FLOP *** [Tc Th 8c]
maver200981: checks 
NISIY joins the table at seat #5 
michasia: bets $1.91
maver200981: calls $1.91
*** TURN *** [Tc Th 8c] [4c]
maver200981: checks 
michasia: checks 
*** RIVER *** [Tc Th 8c 4c] [6c]
maver200981: checks 
michasia: checks 
*** SHOW DOWN ***
maver200981: shows [Qh 9h] (a pair of Tens)
michasia: mucks hand 
maver200981 collected $9.42 from pot
*** SUMMARY ***
Total pot $9.92 | Rake $0.50 
Board [Tc Th 8c 4c 6c]
Seat 5: tintin641
Seat 1: nikalas22 folded before Flop (didn't bet)
Seat 2: michasia (button) mucked
Seat 4: BoyLoc0 (small blind) folded before Flop
Seat 6: maver200981 (big blind) showed [Qh 9h] and won ($9.42) with a pair of Tens



PokerStars Hand #254520635414:  Hold'em No Limit ($0.50/$1.00 USD) - 2025/01/23 22:07:41 WET [2025/01/23 17:07:41 ET]
Table 'Tyl IV' 6-max Seat #4 is the button
Seat 5: NISIY ($100 in chips) is sitting out
Seat 1: nikalas22 ($103.50 in chips) 
Seat 2: michasia ($100 in chips) 
Seat 4: BoyLoc0 ($100 in chips) 
Seat 6: maver200981 ($69.43 in chips) 
maver200981: posts small blind $0.50
nikalas22: posts big blind $1
*** HOLE CARDS ***
michasia: folds 
BoyLoc0: folds 
maver200981: raises $1 to $2
nikalas22: calls $1
*** FLOP *** [Qc 5c 8d]
kars0n joins the table at seat #3 
maver200981: checks 
nikalas22: checks 
*** TURN *** [Qc 5c 8d] [2h]
maver200981: checks 
nikalas22: bets $1.14
maver200981: folds 
Uncalled bet ($1.14) returned to nikalas22
nikalas22 collected $3.80 from pot
nikalas22: doesn't show hand 
*** SUMMARY ***
Total pot $4 | Rake $0.20 
Board [Qc 5c 8d 2h]
Seat 5: NISIY
Seat 1: nikalas22 (big blind) collected ($3.80)
Seat 2: michasia folded before Flop (didn't bet)
Seat 4: BoyLoc0 (button) folded before Flop (didn't bet)
Seat 6: maver200981 (small blind) folded on the Turn



PokerStars Hand #254520642765:  Hold'em No Limit ($0.50/$1.00 USD) - 2025/01/23 22:08:07 WET [2025/01/23 17:08:07 ET]
Table 'Tyl IV' 6-max Seat #6 is the button
Seat 3: kars0n ($100 in chips) is sitting out
Seat 5: NISIY ($100 in chips) is sitting out
Seat 1: nikalas22 ($105.30 in chips) 
Seat 2: michasia ($100 in chips) 
Seat 4: BoyLoc0 ($100 in chips) 
Seat 6: maver200981 ($67.43 in chips) 
nikalas22: posts small blind $0.50
michasia: posts big blind $1
kars0n: sits out 
NISIY: sits out 
*** HOLE CARDS ***
BoyLoc0: raises $1.50 to $2.50
maver200981: calls $2.50
nikalas22: folds 
michasia: calls $1.50
*** FLOP *** [2d Qs 9s]
michasia: checks 
BoyLoc0: bets $2.51
maver200981: calls $2.51
michasia: folds 
*** TURN *** [2d Qs 9s] [7s]
BoyLoc0: checks 
maver200981: bets $8.19
BoyLoc0: folds 
Uncalled bet ($8.19) returned to maver200981
maver200981 collected $12.37 from pot
maver200981: doesn't show hand 
*** SUMMARY ***
Total pot $13.02 | Rake $0.65 
Board [2d Qs 9s 7s]
Seat 3: kars0n
Seat 5: NISIY
Seat 1: nikalas22 (small blind) folded before Flop
Seat 2: michasia (big blind) folded on the Flop
Seat 4: BoyLoc0 folded on the Turn
Seat 6: maver200981 (button) collected ($12.37)



PokerStars Hand #254520659763:  Hold'em No Limit ($0.50/$1.00 USD) - 2025/01/23 22:09:06 WET [2025/01/23 17:09:06 ET]
Table 'Tyl IV' 6-max Seat #1 is the button
Seat 5: NISIY ($100 in chips) is sitting out
Seat 1: nikalas22 ($104.80 in chips) 
Seat 2: michasia ($100 in chips) 
Seat 3: kars0n ($100 in chips) 
Seat 4: BoyLoc0 ($100 in chips) 
Seat 6: maver200981 ($74.79 in chips) 
michasia: posts small blind $0.50
kars0n: posts big blind $1
NISIY: sits out 
*** HOLE CARDS ***
BoyLoc0: folds 
maver200981: folds 
nikalas22: folds 
michasia: folds 
Uncalled bet ($0.50) returned to kars0n
kars0n collected $1 from pot
*** SUMMARY ***
Total pot $1 | Rake $0 
Seat 5: NISIY
Seat 1: nikalas22 (button) folded before Flop (didn't bet)
Seat 2: michasia (small blind) folded before Flop
Seat 3: kars0n (big blind) collected ($1)
Seat 4: BoyLoc0 folded before Flop (didn't bet)
Seat 6: maver200981 folded before Flop (didn't bet)



PokerStars Hand #254520664107:  Hold'em No Limit ($0.50/$1.00 USD) - 2025/01/23 22:09:20 WET [2025/01/23 17:09:20 ET]
Table 'Tyl IV' 6-max Seat #2 is the button
Seat 5: NISIY ($100 in chips) is sitting out
Seat 1: nikalas22 ($104.80 in chips) 
Seat 2: michasia ($100 in chips) 
Seat 3: kars0n ($100.50 in chips) 
Seat 4: BoyLoc0 ($100 in chips) 
Seat 6: maver200981 ($74.79 in chips) 
kars0n: posts small blind $0.50
BoyLoc0: posts big blind $1
NISIY: sits out 
*** HOLE CARDS ***
maver200981: folds 
nikalas22: folds 
michasia: raises $1.80 to $2.80
kars0n: folds 
BoyLoc0: folds 
Uncalled bet ($1.80) returned to michasia
michasia collected $2.50 from pot
michasia: doesn't show hand 
*** SUMMARY ***
Total pot $2.50 | Rake $0 
Seat 5: NISIY
Seat 1: nikalas22 folded before Flop (didn't bet)
Seat 2: michasia (button) collected ($2.50)
Seat 3: kars0n (small blind) folded before Flop
Seat 4: BoyLoc0 (big blind) folded before Flop
Seat 6: maver200981 folded before Flop (didn't bet)



PokerStars Hand #254520669925:  Hold'em No Limit ($0.50/$1.00 USD) - 2025/01/23 22:09:40 WET [2025/01/23 17:09:40 ET]
Table 'Tyl IV' 6-max Seat #3 is the button
Seat 1: nikalas22 ($104.80 in chips) 
Seat 2: michasia ($101.50 in chips) 
Seat 3: kars0n ($100 in chips) 
Seat 4: BoyLoc0 ($100 in chips) 
Seat 5: NISIY ($100 in chips) 
Seat 6: maver200981 ($74.79 in chips) 
BoyLoc0: posts small blind $0.50
NISIY: posts big blind $1
*** HOLE CARDS ***
maver200981: folds 
nikalas22: folds 
michasia: folds 
kars0n: raises $1.50 to $2.50
BoyLoc0: folds 
maver200981 leaves the table
NISIY: raises $9.50 to $12
kars0n: raises $13 to $25
NISIY: raises $75 to $100 and is all-in
kars0n: folds 
Uncalled bet ($75) returned to NISIY
NISIY collected $50.50 from pot
NISIY: doesn't show hand 
*** SUMMARY ***
Total pot $50.50 | Rake $0 
Seat 1: nikalas22 folded before Flop (didn't bet)
Seat 2: michasia folded before Flop (didn't bet)
Seat 3: kars0n (button) folded before Flop
Seat 4: BoyLoc0 (small blind) folded before Flop
Seat 5: NISIY (big blind) collected ($50.50)
Seat 6: maver200981 folded before Flop (didn't bet)



PokerStars Hand #254520682397:  Hold'em No Limit ($0.50/$1.00 USD) - 2025/01/23 22:10:23 WET [2025/01/23 17:10:23 ET]
Table 'Tyl IV' 6-max Seat #4 is the button
Seat 1: nikalas22 ($104.80 in chips) 
Seat 2: michasia ($101.50 in chips) 
Seat 3: kars0n ($100 in chips) 
Seat 4: BoyLoc0 ($100 in chips) 
Seat 5: NISIY ($125.50 in chips) 
NISIY: posts small blind $0.50
nikalas22: posts big blind $1
*** HOLE CARDS ***
michasia: raises $1.60 to $2.60
kars0n: raises $4.90 to $7.50
BoyLoc0: folds 
NISIY: folds 
nikalas22: folds 
michasia: raises $13.50 to $21
kars0n: folds 
Uncalled bet ($13.50) returned to michasia
michasia collected $16.50 from pot
michasia: doesn't show hand 
*** SUMMARY ***
Total pot $16.50 | Rake $0 
Seat 1: nikalas22 (big blind) folded before Flop
Seat 2: michasia collected ($16.50)
Seat 3: kars0n folded before Flop
Seat 4: BoyLoc0 (button) folded before Flop (didn't bet)
Seat 5: NISIY (small blind) folded before Flop



PokerStars Hand #254520694591:  Hold'em No Limit ($0.50/$1.00 USD) - 2025/01/23 22:11:05 WET [2025/01/23 17:11:05 ET]
Table 'Tyl IV' 6-max Seat #5 is the button
Seat 1: nikalas22 ($103.80 in chips) 
Seat 2: michasia ($110.50 in chips) 
Seat 3: kars0n ($100 in chips) 
Seat 4: BoyLoc0 ($100 in chips) 
Seat 5: NISIY ($125 in chips) 
nikalas22: posts small blind $0.50
michasia: posts big blind $1
*** HOLE CARDS ***
kars0n: folds 
BoyLoc0: raises $1.50 to $2.50
NISIY: folds 
nikalas22: folds 
michasia: folds 
Uncalled bet ($1.50) returned to BoyLoc0
BoyLoc0 collected $2.50 from pot
BoyLoc0: doesn't show hand 
*** SUMMARY ***
Total pot $2.50 | Rake $0 
Seat 1: nikalas22 (small blind) folded before Flop
Seat 2: michasia (big blind) folded before Flop
Seat 3: kars0n folded before Flop (didn't bet)
Seat 4: BoyLoc0 collected ($2.50)
Seat 5: NISIY (button) folded before Flop (didn't bet)



PokerStars Hand #254520697919:  Hold'em No Limit ($0.50/$1.00 USD) - 2025/01/23 22:11:16 WET [2025/01/23 17:11:16 ET]
Table 'Tyl IV' 6-max Seat #1 is the button
Seat 1: nikalas22 ($103.30 in chips) 
Seat 2: michasia ($109.50 in chips) 
Seat 3: kars0n ($100 in chips) 
Seat 4: BoyLoc0 ($101.50 in chips) 
Seat 5: NISIY ($125 in chips) 
michasia: posts small blind $0.50
kars0n: posts big blind $1
*** HOLE CARDS ***
BoyLoc0: folds 
NISIY: raises $1.50 to $2.50
nikalas22: folds 
michasia: folds 
BoyLoc0 leaves the table
kars0n: folds 
Uncalled bet ($1.50) returned to NISIY
NISIY collected $2.50 from pot
NISIY: doesn't show hand 
*** SUMMARY ***
Total pot $2.50 | Rake $0 
Seat 1: nikalas22 (button) folded before Flop (didn't bet)
Seat 2: michasia (small blind) folded before Flop
Seat 3: kars0n (big blind) folded before Flop
Seat 4: BoyLoc0 folded before Flop (didn't bet)
Seat 5: NISIY collected ($2.50)



PokerStars Hand #254520703270:  Hold'em No Limit ($0.50/$1.00 USD) - 2025/01/23 22:11:34 WET [2025/01/23 17:11:34 ET]
Table 'Tyl IV' 6-max Seat #2 is the button
Seat 1: nikalas22 ($103.30 in chips) 
Seat 2: michasia ($109 in chips) 
Seat 3: kars0n ($100 in chips) 
Seat 5: NISIY ($126.50 in chips) 
kars0n: posts small blind $0.50
NISIY: posts big blind $1
*** HOLE CARDS ***
nikalas22: folds 
nikalas22 leaves the table
michasia: folds 
kars0n: folds 
Uncalled bet ($0.50) returned to NISIY
NISIY collected $1 from pot
NISIY: doesn't show hand 
*** SUMMARY ***
Total pot $1 | Rake $0 
Seat 1: nikalas22 folded before Flop (didn't bet)
Seat 2: michasia (button) folded before Flop (didn't bet)
Seat 3: kars0n (small blind) folded before Flop
Seat 5: NISIY (big blind) collected ($1)



PokerStars Hand #254520710935:  Hold'em No Limit ($0.50/$1.00 USD) - 2025/01/23 22:12:01 WET [2025/01/23 17:12:01 ET]
Table 'Tyl IV' 6-max Seat #3 is the button
Seat 2: michasia ($109 in chips) 
Seat 3: kars0n ($100 in chips) 
Seat 5: NISIY ($127 in chips) 
NISIY: posts small blind $0.50
michasia: posts big blind $1
*** HOLE CARDS ***
kars0n: raises $1.50 to $2.50
NISIY: folds 
michasia: folds 
Uncalled bet ($1.50) returned to kars0n
kars0n collected $2.50 from pot
kars0n: doesn't show hand 
*** SUMMARY ***
Total pot $2.50 | Rake $0 
Seat 2: michasia (big blind) folded before Flop
Seat 3: kars0n (button) collected ($2.50)
Seat 5: NISIY (small blind) folded before Flop



PokerStars Hand #254520716436:  Hold'em No Limit ($0.50/$1.00 USD) - 2025/01/23 22:12:20 WET [2025/01/23 17:12:20 ET]
Table 'Tyl IV' 6-max Seat #5 is the button
Seat 2: michasia ($108 in chips) 
Seat 3: kars0n ($101.50 in chips) 
Seat 5: NISIY ($126.50 in chips) 
michasia: posts small blind $0.50
kars0n: posts big blind $1
*** HOLE CARDS ***
NISIY: folds 
michasia: raises $2 to $3
kars0n: folds 
Uncalled bet ($2) returned to michasia
michasia collected $2 from pot
michasia: doesn't show hand 
*** SUMMARY ***
Total pot $2 | Rake $0 
Seat 2: michasia (small blind) collected ($2)
Seat 3: kars0n (big blind) folded before Flop
Seat 5: NISIY (button) folded before Flop (didn't bet)



PokerStars Hand #254520720164:  Hold'em No Limit ($0.50/$1.00 USD) - 2025/01/23 22:12:33 WET [2025/01/23 17:12:33 ET]
Table 'Tyl IV' 6-max Seat #2 is the button
Seat 2: michasia ($109 in chips) 
Seat 3: kars0n ($100.50 in chips) 
Seat 5: NISIY ($126.50 in chips) 
kars0n: posts small blind $0.50
NISIY: posts big blind $1
*** HOLE CARDS ***
michasia: folds 
kars0n: raises $2 to $3
NISIY: folds 
Uncalled bet ($2) returned to kars0n
kars0n collected $2 from pot
kars0n: doesn't show hand 
*** SUMMARY ***
Total pot $2 | Rake $0 
Seat 2: michasia (button) folded before Flop (didn't bet)
Seat 3: kars0n (small blind) collected ($2)
Seat 5: NISIY (big blind) folded before Flop



PokerStars Hand #254520724817:  Hold'em No Limit ($0.50/$1.00 USD) - 2025/01/23 22:12:49 WET [2025/01/23 17:12:49 ET]
Table 'Tyl IV' 6-max Seat #3 is the button
Seat 2: michasia ($109 in chips) 
Seat 3: kars0n ($101.50 in chips) 
Seat 5: NISIY ($125.50 in chips) 
NISIY: posts small blind $0.50
michasia: posts big blind $1
*** HOLE CARDS ***
kars0n: folds 
NISIY: folds 
Uncalled bet ($0.50) returned to michasia
michasia collected $1 from pot
michasia: doesn't show hand 
*** SUMMARY ***
Total pot $1 | Rake $0 
Seat 2: michasia (big blind) collected ($1)
Seat 3: kars0n (button) folded before Flop (didn't bet)
Seat 5: NISIY (small blind) folded before Flop



PokerStars Hand #254520727408:  Hold'em No Limit ($0.50/$1.00 USD) - 2025/01/23 22:12:58 WET [2025/01/23 17:12:58 ET]
Table 'Tyl IV' 6-max Seat #5 is the button
Seat 2: michasia ($109.50 in chips) 
Seat 3: kars0n ($101.50 in chips) 
Seat 5: NISIY ($125 in chips) 
michasia: posts small blind $0.50
kars0n: posts big blind $1
*** HOLE CARDS ***
NISIY: folds 
michasia: folds 
Uncalled bet ($0.50) returned to kars0n
kars0n collected $1 from pot
kars0n: doesn't show hand 
*** SUMMARY ***
Total pot $1 | Rake $0 
Seat 2: michasia (small blind) folded before Flop
Seat 3: kars0n (big blind) collected ($1)
Seat 5: NISIY (button) folded before Flop (didn't bet)



PokerStars Hand #254520729291:  Hold'em No Limit ($0.50/$1.00 USD) - 2025/01/23 22:13:04 WET [2025/01/23 17:13:04 ET]
Table 'Tyl IV' 6-max Seat #2 is the button
Seat 2: michasia ($109 in chips) 
Seat 3: kars0n ($102 in chips) 
Seat 5: NISIY ($125 in chips) 
kars0n: posts small blind $0.50
NISIY: posts big blind $1
*** HOLE CARDS ***
michasia: folds 
kars0n: folds 
Uncalled bet ($0.50) returned to NISIY
NISIY collected $1 from pot
NISIY: doesn't show hand 
*** SUMMARY ***
Total pot $1 | Rake $0 
Seat 2: michasia (button) folded before Flop (didn't bet)
Seat 3: kars0n (small blind) folded before Flop
Seat 5: NISIY (big blind) collected ($1)



PokerStars Hand #254520732253:  Hold'em No Limit ($0.50/$1.00 USD) - 2025/01/23 22:13:15 WET [2025/01/23 17:13:15 ET]
Table 'Tyl IV' 6-max Seat #3 is the button
Seat 2: michasia ($109 in chips) 
Seat 3: kars0n ($101.50 in chips) 
Seat 5: NISIY ($125.50 in chips) 
NISIY: posts small blind $0.50
michasia: posts big blind $1
*** HOLE CARDS ***
kars0n: folds 
NISIY: raises $2 to $3
michasia: folds 
Uncalled bet ($2) returned to NISIY
NISIY collected $2 from pot
NISIY: doesn't show hand 
*** SUMMARY ***
Total pot $2 | Rake $0 
Seat 2: michasia (big blind) folded before Flop
Seat 3: kars0n (button) folded before Flop (didn't bet)
Seat 5: NISIY (small blind) collected ($2)



PokerStars Hand #254520735635:  Hold'em No Limit ($0.50/$1.00 USD) - 2025/01/23 22:13:26 WET [2025/01/23 17:13:26 ET]
Table 'Tyl IV' 6-max Seat #5 is the button
Seat 2: michasia ($108 in chips) 
Seat 3: kars0n ($101.50 in chips) 
Seat 5: NISIY ($126.50 in chips) 
michasia: posts small blind $0.50
kars0n: posts big blind $1
*** HOLE CARDS ***
NISIY: raises $1.50 to $2.50
michasia: folds 
kars0n: folds 
Uncalled bet ($1.50) returned to NISIY
NISIY collected $2.50 from pot
NISIY: doesn't show hand 
*** SUMMARY ***
Total pot $2.50 | Rake $0 
Seat 2: michasia (small blind) folded before Flop
Seat 3: kars0n (big blind) folded before Flop
Seat 5: NISIY (button) collected ($2.50)



PokerStars Hand #254520738528:  Hold'em No Limit ($0.50/$1.00 USD) - 2025/01/23 22:13:36 WET [2025/01/23 17:13:36 ET]
Table 'Tyl IV' 6-max Seat #2 is the button
Seat 2: michasia ($107.50 in chips) 
Seat 3: kars0n ($100.50 in chips) 
Seat 5: NISIY ($128 in chips) 
kars0n: posts small blind $0.50
NISIY: posts big blind $1
*** HOLE CARDS ***
michasia: folds 
kars0n: folds 
Uncalled bet ($0.50) returned to NISIY
NISIY collected $1 from pot
NISIY: doesn't show hand 
*** SUMMARY ***
Total pot $1 | Rake $0 
Seat 2: michasia (button) folded before Flop (didn't bet)
Seat 3: kars0n (small blind) folded before Flop
Seat 5: NISIY (big blind) collected ($1)



PokerStars Hand #254520741888:  Hold'em No Limit ($0.50/$1.00 USD) - 2025/01/23 22:13:48 WET [2025/01/23 17:13:48 ET]
Table 'Tyl IV' 6-max Seat #3 is the button
Seat 2: michasia ($107.50 in chips) 
Seat 3: kars0n ($100 in chips) 
Seat 5: NISIY ($128.50 in chips) 
NISIY: posts small blind $0.50
michasia: posts big blind $1
*** HOLE CARDS ***
kars0n: folds 
NISIY: raises $2 to $3
michasia: folds 
Uncalled bet ($2) returned to NISIY
NISIY collected $2 from pot
NISIY: doesn't show hand 
*** SUMMARY ***
Total pot $2 | Rake $0 
Seat 2: michasia (big blind) folded before Flop
Seat 3: kars0n (button) folded before Flop (didn't bet)
Seat 5: NISIY (small blind) collected ($2)



PokerStars Hand #254520745286:  Hold'em No Limit ($0.50/$1.00 USD) - 2025/01/23 22:14:00 WET [2025/01/23 17:14:00 ET]
Table 'Tyl IV' 6-max Seat #5 is the button
Seat 2: michasia ($106.50 in chips) 
Seat 3: kars0n ($100 in chips) 
Seat 5: NISIY ($129.50 in chips) 
michasia: posts small blind $0.50
kars0n: posts big blind $1
*** HOLE CARDS ***
NISIY: folds 
michasia: raises $2 to $3
kars0n: calls $2
*** FLOP *** [9s As 4c]
michasia: checks 
kars0n: checks 
*** TURN *** [9s As 4c] [Jd]
michasia: checks 
kars0n: checks 
*** RIVER *** [9s As 4c Jd] [Kh]
michasia: checks 
kars0n: bets $12
michasia: folds 
Uncalled bet ($12) returned to kars0n
kars0n collected $5.70 from pot
kars0n: doesn't show hand 
*** SUMMARY ***
Total pot $6 | Rake $0.30 
Board [9s As 4c Jd Kh]
Seat 2: michasia (small blind) folded on the River
Seat 3: kars0n (big blind) collected ($5.70)
Seat 5: NISIY (button) folded before Flop (didn't bet)



PokerStars Hand #254520755965:  Hold'em No Limit ($0.50/$1.00 USD) - 2025/01/23 22:14:36 WET [2025/01/23 17:14:36 ET]
Table 'Tyl IV' 6-max Seat #2 is the button
Seat 2: michasia ($103.50 in chips) 
Seat 3: kars0n ($102.70 in chips) 
Seat 5: NISIY ($129.50 in chips) 
kars0n: posts small blind $0.50
NISIY: posts big blind $1
*** HOLE CARDS ***
michasia: raises $1.80 to $2.80
kars0n: folds 
NISIY: folds 
Uncalled bet ($1.80) returned to michasia
michasia collected $2.50 from pot
michasia: doesn't show hand 
*** SUMMARY ***
Total pot $2.50 | Rake $0 
Seat 2: michasia (button) collected ($2.50)
Seat 3: kars0n (small blind) folded before Flop
Seat 5: NISIY (big blind) folded before Flop



PokerStars Hand #254520760178:  Hold'em No Limit ($0.50/$1.00 USD) - 2025/01/23 22:14:51 WET [2025/01/23 17:14:51 ET]
Table 'Tyl IV' 6-max Seat #3 is the button
Seat 2: michasia ($105 in chips) 
Seat 3: kars0n ($102.20 in chips) 
Seat 5: NISIY ($128.50 in chips) 
NISIY: posts small blind $0.50
michasia: posts big blind $1
*** HOLE CARDS ***
kars0n: raises $1.50 to $2.50
NISIY: raises $9.50 to $12
michasia: folds 
kars0n: folds 
Uncalled bet ($9.50) returned to NISIY
NISIY collected $6 from pot
NISIY: doesn't show hand 
*** SUMMARY ***
Total pot $6 | Rake $0 
Seat 2: michasia (big blind) folded before Flop
Seat 3: kars0n (button) folded before Flop
Seat 5: NISIY (small blind) collected ($6)



PokerStars Hand #254520764369:  Hold'em No Limit ($0.50/$1.00 USD) - 2025/01/23 22:15:05 WET [2025/01/23 17:15:05 ET]
Table 'Tyl IV' 6-max Seat #5 is the button
Seat 2: michasia ($104 in chips) 
Seat 3: kars0n ($100 in chips) 
Seat 5: NISIY ($132 in chips) 
michasia: posts small blind $0.50
kars0n: posts big blind $1
*** HOLE CARDS ***
NISIY: folds 
michasia: raises $2 to $3
kars0n: folds 
Uncalled bet ($2) returned to michasia
michasia collected $2 from pot
michasia: doesn't show hand 
*** SUMMARY ***
Total pot $2 | Rake $0 
Seat 2: michasia (small blind) collected ($2)
Seat 3: kars0n (big blind) folded before Flop
Seat 5: NISIY (button) folded before Flop (didn't bet)



PokerStars Hand #254520768307:  Hold'em No Limit ($0.50/$1.00 USD) - 2025/01/23 22:15:18 WET [2025/01/23 17:15:18 ET]
Table 'Tyl IV' 6-max Seat #2 is the button
Seat 2: michasia ($105 in chips) 
Seat 3: kars0n ($100 in chips) 
Seat 5: NISIY ($132 in chips) 
kars0n: posts small blind $0.50
NISIY: posts big blind $1
*** HOLE CARDS ***
michasia: folds 
kars0n: folds 
Uncalled bet ($0.50) returned to NISIY
NISIY collected $1 from pot
NISIY: doesn't show hand 
*** SUMMARY ***
Total pot $1 | Rake $0 
Seat 2: michasia (button) folded before Flop (didn't bet)
Seat 3: kars0n (small blind) folded before Flop
Seat 5: NISIY (big blind) collected ($1)



PokerStars Hand #254520772452:  Hold'em No Limit ($0.50/$1.00 USD) - 2025/01/23 22:15:33 WET [2025/01/23 17:15:33 ET]
Table 'Tyl IV' 6-max Seat #3 is the button
Seat 2: michasia ($105 in chips) 
Seat 3: kars0n ($100 in chips) 
Seat 5: NISIY ($132.50 in chips) 
NISIY: posts small blind $0.50
michasia: posts big blind $1
*** HOLE CARDS ***
kars0n: folds 
NISIY: folds 
Uncalled bet ($0.50) returned to michasia
michasia collected $1 from pot
michasia: doesn't show hand 
*** SUMMARY ***
Total pot $1 | Rake $0 
Seat 2: michasia (big blind) collected ($1)
Seat 3: kars0n (button) folded before Flop (didn't bet)
Seat 5: NISIY (small blind) folded before Flop



PokerStars Hand #254520774565:  Hold'em No Limit ($0.50/$1.00 USD) - 2025/01/23 22:15:40 WET [2025/01/23 17:15:40 ET]
Table 'Tyl IV' 6-max Seat #5 is the button
Seat 2: michasia ($105.50 in chips) 
Seat 3: kars0n ($100 in chips) 
Seat 5: NISIY ($132 in chips) 
michasia: posts small blind $0.50
kars0n: posts big blind $1
*** HOLE CARDS ***
NISIY: folds 
michasia: folds 
Uncalled bet ($0.50) returned to kars0n
kars0n collected $1 from pot
kars0n: doesn't show hand 
*** SUMMARY ***
Total pot $1 | Rake $0 
Seat 2: michasia (small blind) folded before Flop
Seat 3: kars0n (big blind) collected ($1)
Seat 5: NISIY (button) folded before Flop (didn't bet)



PokerStars Hand #254520776710:  Hold'em No Limit ($0.50/$1.00 USD) - 2025/01/23 22:15:48 WET [2025/01/23 17:15:48 ET]
Table 'Tyl IV' 6-max Seat #2 is the button
Seat 2: michasia ($105 in chips) 
Seat 3: kars0n ($100.50 in chips) 
Seat 5: NISIY ($132 in chips) 
kars0n: posts small blind $0.50
NISIY: posts big blind $1
*** HOLE CARDS ***
michasia: raises $1.80 to $2.80
kars0n: folds 
NISIY: folds 
Uncalled bet ($1.80) returned to michasia
michasia collected $2.50 from pot
michasia: doesn't show hand 
*** SUMMARY ***
Total pot $2.50 | Rake $0 
Seat 2: michasia (button) collected ($2.50)
Seat 3: kars0n (small blind) folded before Flop
Seat 5: NISIY (big blind) folded before Flop



PokerStars Hand #254520781189:  Hold'em No Limit ($0.50/$1.00 USD) - 2025/01/23 22:16:03 WET [2025/01/23 17:16:03 ET]
Table 'Tyl IV' 6-max Seat #3 is the button
Seat 2: michasia ($106.50 in chips) 
Seat 3: kars0n ($100 in chips) 
Seat 5: NISIY ($131 in chips) 
NISIY: posts small blind $0.50
michasia: posts big blind $1
*** HOLE CARDS ***
kars0n: raises $1.50 to $2.50
NISIY: folds 
michasia: calls $1.50
*** FLOP *** [7s Jc 2s]
michasia: checks 
kars0n: bets $3.92
michasia: folds 
Uncalled bet ($3.92) returned to kars0n
kars0n collected $5.22 from pot
kars0n: doesn't show hand 
*** SUMMARY ***
Total pot $5.50 | Rake $0.28 
Board [7s Jc 2s]
Seat 2: michasia (big blind) folded on the Flop
Seat 3: kars0n (button) collected ($5.22)
Seat 5: NISIY (small blind) folded before Flop



PokerStars Hand #254520787408:  Hold'em No Limit ($0.50/$1.00 USD) - 2025/01/23 22:16:25 WET [2025/01/23 17:16:25 ET]
Table 'Tyl IV' 6-max Seat #5 is the button
Seat 2: michasia ($104 in chips) 
Seat 3: kars0n ($102.72 in chips) 
Seat 5: NISIY ($130.50 in chips) 
michasia: posts small blind $0.50
kars0n: posts big blind $1
*** HOLE CARDS ***
NISIY: raises $1.50 to $2.50
michasia: folds 
kars0n: folds 
Uncalled bet ($1.50) returned to NISIY
NISIY collected $2.50 from pot
NISIY: doesn't show hand 
*** SUMMARY ***
Total pot $2.50 | Rake $0 
Seat 2: michasia (small blind) folded before Flop
Seat 3: kars0n (big blind) folded before Flop
Seat 5: NISIY (button) collected ($2.50)



PokerStars Hand #254520792231:  Hold'em No Limit ($0.50/$1.00 USD) - 2025/01/23 22:16:41 WET [2025/01/23 17:16:41 ET]
Table 'Tyl IV' 6-max Seat #2 is the button
Seat 2: michasia ($103.50 in chips) 
Seat 3: kars0n ($101.72 in chips) 
Seat 5: NISIY ($132 in chips) 
kars0n: posts small blind $0.50
NISIY: posts big blind $1
*** HOLE CARDS ***
michasia: folds 
kars0n: folds 
Uncalled bet ($0.50) returned to NISIY
NISIY collected $1 from pot
NISIY: doesn't show hand 
*** SUMMARY ***
Total pot $1 | Rake $0 
Seat 2: michasia (button) folded before Flop (didn't bet)
Seat 3: kars0n (small blind) folded before Flop
Seat 5: NISIY (big blind) collected ($1)



PokerStars Hand #254520794868:  Hold'em No Limit ($0.50/$1.00 USD) - 2025/01/23 22:16:50 WET [2025/01/23 17:16:50 ET]
Table 'Tyl IV' 6-max Seat #3 is the button
Seat 2: michasia ($103.50 in chips) 
Seat 3: kars0n ($101.22 in chips) 
Seat 5: NISIY ($132.50 in chips) 
NISIY: posts small blind $0.50
michasia: posts big blind $1
*** HOLE CARDS ***
kars0n: raises $1.50 to $2.50
NISIY: raises $9.50 to $12
michasia: folds 
kars0n: raises $13 to $25
NISIY: raises $107.50 to $132.50 and is all-in
kars0n: calls $76.22 and is all-in
Uncalled bet ($31.28) returned to NISIY
*** FLOP *** [2c 5c 8d]
*** TURN *** [2c 5c 8d] [6s]
*** RIVER *** [2c 5c 8d 6s] [3c]
*** SHOW DOWN ***
NISIY: shows [7h 7s] (a pair of Sevens)
kars0n: shows [Qh Qc] (a pair of Queens)
kars0n collected $202.44 from pot
*** SUMMARY ***
Total pot $203.44 | Rake $1 
Board [2c 5c 8d 6s 3c]
Seat 2: michasia (big blind) folded before Flop
Seat 3: kars0n (button) showed [Qh Qc] and won ($202.44) with a pair of Queens
Seat 5: NISIY (small blind) showed [7h 7s] and lost with a pair of Sevens



PokerStars Hand #254520806408:  Hold'em No Limit ($0.50/$1.00 USD) - 2025/01/23 22:17:30 WET [2025/01/23 17:17:30 ET]
Table 'Tyl IV' 6-max Seat #2 is the button
Seat 2: michasia ($102.50 in chips) 
Seat 5: NISIY ($100 in chips) 
michasia: posts small blind $0.50
NISIY: posts big blind $1
*** HOLE CARDS ***
michasia: folds 
Uncalled bet ($0.50) returned to NISIY
NISIY collected $1 from pot
NISIY: doesn't show hand 
*** SUMMARY ***
Total pot $1 | Rake $0 
Seat 2: michasia (button) (small blind) folded before Flop
Seat 5: NISIY (big blind) collected ($1)



PokerStars Hand #254520808393:  Hold'em No Limit ($0.50/$1.00 USD) - 2025/01/23 22:17:37 WET [2025/01/23 17:17:37 ET]
Table 'Tyl IV' 6-max Seat #5 is the button
Seat 2: michasia ($102 in chips) 
Seat 5: NISIY ($100.50 in chips) 
NISIY: posts small blind $0.50
michasia: posts big blind $1
*** HOLE CARDS ***
NISIY: folds 
Uncalled bet ($0.50) returned to michasia
michasia collected $1 from pot
michasia: doesn't show hand 
*** SUMMARY ***
Total pot $1 | Rake $0 
Seat 2: michasia (big blind) collected ($1)
Seat 5: NISIY (button) (small blind) folded before Flop



PokerStars Hand #254520809931:  Hold'em No Limit ($0.50/$1.00 USD) - 2025/01/23 22:17:42 WET [2025/01/23 17:17:42 ET]
Table 'Tyl IV' 6-max Seat #2 is the button
Seat 2: michasia ($102.50 in chips) 
Seat 5: NISIY ($100 in chips) 
michasia: posts small blind $0.50
NISIY: posts big blind $1
*** HOLE CARDS ***
michasia: raises $1.80 to $2.80
nikalas22 joins the table at seat #1 
NISIY: folds 
Uncalled bet ($1.80) returned to michasia
michasia collected $2 from pot
michasia: doesn't show hand 
*** SUMMARY ***
Total pot $2 | Rake $0 
Seat 2: michasia (button) (small blind) collected ($2)
Seat 5: NISIY (big blind) folded before Flop



PokerStars Hand #254520812696:  Hold'em No Limit ($0.50/$1.00 USD) - 2025/01/23 22:17:52 WET [2025/01/23 17:17:52 ET]
Table 'Tyl IV' 6-max Seat #2 is the button
Seat 1: nikalas22 ($103.30 in chips) 
Seat 2: michasia ($103.50 in chips) 
Seat 5: NISIY ($100 in chips) 
NISIY: posts small blind $0.50
nikalas22: posts big blind $1
*** HOLE CARDS ***
michasia: raises $1.80 to $2.80
NISIY: folds 
nikalas22: folds 
Uncalled bet ($1.80) returned to michasia
michasia collected $2.50 from pot
michasia: doesn't show hand 
*** SUMMARY ***
Total pot $2.50 | Rake $0 
Seat 1: nikalas22 (big blind) folded before Flop
Seat 2: michasia (button) collected ($2.50)
Seat 5: NISIY (small blind) folded before Flop



PokerStars Hand #254520815559:  Hold'em No Limit ($0.50/$1.00 USD) - 2025/01/23 22:18:02 WET [2025/01/23 17:18:02 ET]
Table 'Tyl IV' 6-max Seat #1 is the button
Seat 2: michasia ($105 in chips) is sitting out
Seat 1: nikalas22 ($102.30 in chips) 
Seat 5: NISIY ($100 in chips) 
nikalas22: posts small blind $0.50
michasia: is sitting out 
NISIY: posts big blind $1
*** HOLE CARDS ***
michasia leaves the table
nikalas22: raises $1.50 to $2.50
NISIY: folds 
Uncalled bet ($1.50) returned to nikalas22
nikalas22 collected $2 from pot
nikalas22: doesn't show hand 
*** SUMMARY ***
Total pot $2 | Rake $0 
Seat 2: michasia
Seat 1: nikalas22 (button) (small blind) collected ($2)
Seat 5: NISIY (big blind) folded before Flop



PokerStars Hand #254520818576:  Hold'em No Limit ($0.50/$1.00 USD) - 2025/01/23 22:18:13 WET [2025/01/23 17:18:13 ET]
Table 'Tyl IV' 6-max Seat #5 is the button
Seat 1: nikalas22 ($103.30 in chips) 
Seat 5: NISIY ($100 in chips) 
NISIY: posts small blind $0.50
nikalas22: posts big blind $1
*** HOLE CARDS ***
NISIY: raises $1.50 to $2.50
nikalas22: folds 
Uncalled bet ($1.50) returned to NISIY
NISIY collected $2 from pot
NISIY: doesn't show hand 
*** SUMMARY ***
Total pot $2 | Rake $0 
Seat 1: nikalas22 (big blind) folded before Flop
Seat 5: NISIY (button) (small blind) collected ($2)



