PokerStars Hand #254522243192:  Hold'em No Limit ($0.50/$1.00 USD) - 2025/01/23 23:51:08 WET [2025/01/23 18:51:08 ET]
Table 'Pippa IV' 6-max Seat #4 is the button
Seat 2: ptolejmus ($10 in chips) 
Seat 3: benedi2004 ($100 in chips) 
Seat 4: Espada Fish ($100 in chips) 
ptolejmus: posts small blind $0.50
benedi2004: posts big blind $1
*** HOLE CARDS ***
Espada Fish: raises $1.50 to $2.50
ptolejmus: folds 
benedi2004: folds 
Uncalled bet ($1.50) returned to Espada Fish
Espada Fish collected $2.50 from pot
Espada Fish: doesn't show hand 
*** SUMMARY ***
Total pot $2.50 | Rake $0 
Seat 2: ptolejmus (small blind) folded before Flop
Seat 3: benedi2004 (big blind) folded before Flop
Seat 4: Espada Fish (button) collected ($2.50)



PokerStars Hand #254522250585:  Hold'em No Limit ($0.50/$1.00 USD) - 2025/01/23 23:51:41 WET [2025/01/23 18:51:41 ET]
Table 'Pippa IV' 6-max Seat #2 is the button
Seat 2: ptolejmus ($10 in chips) 
Seat 3: benedi2004 ($100 in chips) 
Seat 4: Espada Fish ($101.50 in chips) 
benedi2004: posts small blind $0.50
Espada Fish: posts big blind $1
*** HOLE CARDS ***
ptolejmus: folds 
benedi2004: raises $2 to $3
Unipoker11 joins the table at seat #5 
Espada Fish: calls $2
*** FLOP *** [Ad As 2c]
benedi2004: bets $1.85
Espada Fish: calls $1.85
*** TURN *** [Ad As 2c] [9d]
benedi2004: checks 
Espada Fish: checks 
*** RIVER *** [Ad As 2c 9d] [Jd]
benedi2004: bets $1
Espada Fish: calls $1
*** SHOW DOWN ***
benedi2004: shows [8s Jc] (two pair, Aces and Jacks)
Espada Fish: mucks hand 
benedi2004 collected $10.98 from pot
*** SUMMARY ***
Total pot $11.70 | Rake $0.72 
Board [Ad As 2c 9d Jd]
Seat 2: ptolejmus (button) folded before Flop (didn't bet)
Seat 3: benedi2004 (small blind) showed [8s Jc] and won ($10.98) with two pair, Aces and Jacks
Seat 4: Espada Fish (big blind) mucked



PokerStars Hand #254522263870:  Hold'em No Limit ($0.50/$1.00 USD) - 2025/01/23 23:52:40 WET [2025/01/23 18:52:40 ET]
Table 'Pippa IV' 6-max Seat #3 is the button
Seat 2: ptolejmus ($10 in chips) 
Seat 3: benedi2004 ($105.13 in chips) 
Seat 4: Espada Fish ($100 in chips) 
Seat 5: Unipoker11 ($100 in chips) 
Espada Fish: posts small blind $0.50
Unipoker11: posts big blind $1
*** HOLE CARDS ***
ptolejmus: folds 
papatango123 joins the table at seat #1 
benedi2004: folds 
Espada Fish: folds 
Uncalled bet ($0.50) returned to Unipoker11
Unipoker11 collected $1 from pot
Unipoker11: doesn't show hand 
*** SUMMARY ***
Total pot $1 | Rake $0 
Seat 2: ptolejmus folded before Flop (didn't bet)
Seat 3: benedi2004 (button) folded before Flop (didn't bet)
Seat 4: Espada Fish (small blind) folded before Flop
Seat 5: Unipoker11 (big blind) collected ($1)



PokerStars Hand #254522266677:  Hold'em No Limit ($0.50/$1.00 USD) - 2025/01/23 23:52:52 WET [2025/01/23 18:52:52 ET]
Table 'Pippa IV' 6-max Seat #4 is the button
Seat 1: papatango123 ($100 in chips) 
Seat 2: ptolejmus ($10 in chips) 
Seat 3: benedi2004 ($105.13 in chips) 
Seat 4: Espada Fish ($100 in chips) 
Seat 5: Unipoker11 ($100.50 in chips) 
Unipoker11: posts small blind $0.50
papatango123: posts big blind $1
*** HOLE CARDS ***
ptolejmus: folds 
BumHuntKing joins the table at seat #6 
benedi2004: folds 
Espada Fish: folds 
Unipoker11: folds 
Uncalled bet ($0.50) returned to papatango123
papatango123 collected $1 from pot
papatango123: doesn't show hand 
*** SUMMARY ***
Total pot $1 | Rake $0 
Seat 1: papatango123 (big blind) collected ($1)
Seat 2: ptolejmus folded before Flop (didn't bet)
Seat 3: benedi2004 folded before Flop (didn't bet)
Seat 4: Espada Fish (button) folded before Flop (didn't bet)
Seat 5: Unipoker11 (small blind) folded before Flop



PokerStars Hand #254522271237:  Hold'em No Limit ($0.50/$1.00 USD) - 2025/01/23 23:53:13 WET [2025/01/23 18:53:13 ET]
Table 'Pippa IV' 6-max Seat #5 is the button
Seat 6: BumHuntKing ($100 in chips) is sitting out
Seat 1: papatango123 ($100.50 in chips) 
Seat 2: ptolejmus ($10 in chips) 
Seat 3: benedi2004 ($105.13 in chips) 
Seat 4: Espada Fish ($100 in chips) 
Seat 5: Unipoker11 ($100 in chips) 
papatango123: posts small blind $0.50
ptolejmus: posts big blind $1
*** HOLE CARDS ***
benedi2004: folds 
Espada Fish: folds 
Unipoker11: folds 
papatango123: raises $2 to $3
ptolejmus: folds 
Uncalled bet ($2) returned to papatango123
papatango123 collected $2 from pot
papatango123: doesn't show hand 
*** SUMMARY ***
Total pot $2 | Rake $0 
Seat 6: BumHuntKing
Seat 1: papatango123 (small blind) collected ($2)
Seat 2: ptolejmus (big blind) folded before Flop
Seat 3: benedi2004 folded before Flop (didn't bet)
Seat 4: Espada Fish folded before Flop (didn't bet)
Seat 5: Unipoker11 (button) folded before Flop (didn't bet)



PokerStars Hand #254522275896:  Hold'em No Limit ($0.50/$1.00 USD) - 2025/01/23 23:53:34 WET [2025/01/23 18:53:34 ET]
Table 'Pippa IV' 6-max Seat #1 is the button
Seat 6: BumHuntKing ($100 in chips) is sitting out
Seat 1: papatango123 ($101.50 in chips) 
Seat 2: ptolejmus ($10 in chips) 
Seat 3: benedi2004 ($105.13 in chips) 
Seat 4: Espada Fish ($100 in chips) 
Seat 5: Unipoker11 ($100 in chips) 
ptolejmus: posts small blind $0.50
benedi2004: posts big blind $1
BumHuntKing: sits out 
*** HOLE CARDS ***
Espada Fish: folds 
Unipoker11: folds 
papatango123: raises $1.50 to $2.50
ptolejmus: raises $7.50 to $10 and is all-in
benedi2004: folds 
papatango123: folds 
Uncalled bet ($7.50) returned to ptolejmus
ptolejmus collected $6 from pot
*** SUMMARY ***
Total pot $6 | Rake $0 
Seat 6: BumHuntKing
Seat 1: papatango123 (button) folded before Flop
Seat 2: ptolejmus (small blind) collected ($6)
Seat 3: benedi2004 (big blind) folded before Flop
Seat 4: Espada Fish folded before Flop (didn't bet)
Seat 5: Unipoker11 folded before Flop (didn't bet)



PokerStars Hand #254522282606:  Hold'em No Limit ($0.50/$1.00 USD) - 2025/01/23 23:54:04 WET [2025/01/23 18:54:04 ET]
Table 'Pippa IV' 6-max Seat #2 is the button
Seat 6: BumHuntKing ($100 in chips) is sitting out
Seat 1: papatango123 ($100 in chips) 
Seat 2: ptolejmus ($13.50 in chips) 
Seat 3: benedi2004 ($104.13 in chips) 
Seat 4: Espada Fish ($100 in chips) 
Seat 5: Unipoker11 ($100 in chips) 
benedi2004: posts small blind $0.50
Espada Fish: posts big blind $1
BumHuntKing: sits out 
*** HOLE CARDS ***
Unipoker11: folds 
papatango123: folds 
ptolejmus: raises $1 to $2
benedi2004: calls $1.50
Espada Fish: folds 
*** FLOP *** [Kc Td 6s]
benedi2004: checks 
ptolejmus: bets $1.28
benedi2004: raises $10.31 to $11.59
ptolejmus: folds 
Uncalled bet ($10.31) returned to benedi2004
benedi2004 collected $7.08 from pot
benedi2004: doesn't show hand 
*** SUMMARY ***
Total pot $7.56 | Rake $0.48 
Board [Kc Td 6s]
Seat 6: BumHuntKing
Seat 1: papatango123 folded before Flop (didn't bet)
Seat 2: ptolejmus (button) folded on the Flop
Seat 3: benedi2004 (small blind) collected ($7.08)
Seat 4: Espada Fish (big blind) folded before Flop
Seat 5: Unipoker11 folded before Flop (didn't bet)



PokerStars Hand #254522300118:  Hold'em No Limit ($0.50/$1.00 USD) - 2025/01/23 23:55:26 WET [2025/01/23 18:55:26 ET]
Table 'Pippa IV' 6-max Seat #3 is the button
Seat 6: BumHuntKing ($100 in chips) is sitting out
Seat 1: papatango123 ($100 in chips) 
Seat 2: ptolejmus ($10.22 in chips) 
Seat 3: benedi2004 ($107.93 in chips) 
Seat 4: Espada Fish ($100 in chips) 
Seat 5: Unipoker11 ($100 in chips) 
Espada Fish: posts small blind $0.50
Unipoker11: posts big blind $1
BumHuntKing: sits out 
*** HOLE CARDS ***
papatango123: folds 
ptolejmus: folds 
benedi2004: folds 
Espada Fish: folds 
Uncalled bet ($0.50) returned to Unipoker11
Unipoker11 collected $1 from pot
Unipoker11: doesn't show hand 
*** SUMMARY ***
Total pot $1 | Rake $0 
Seat 6: BumHuntKing
Seat 1: papatango123 folded before Flop (didn't bet)
Seat 2: ptolejmus folded before Flop (didn't bet)
Seat 3: benedi2004 (button) folded before Flop (didn't bet)
Seat 4: Espada Fish (small blind) folded before Flop
Seat 5: Unipoker11 (big blind) collected ($1)



PokerStars Hand #254522302862:  Hold'em No Limit ($0.50/$1.00 USD) - 2025/01/23 23:55:42 WET [2025/01/23 18:55:42 ET]
Table 'Pippa IV' 6-max Seat #4 is the button
Seat 1: papatango123 ($100 in chips) 
Seat 2: ptolejmus ($10.22 in chips) 
Seat 3: benedi2004 ($107.93 in chips) 
Seat 4: Espada Fish ($100 in chips) 
Seat 5: Unipoker11 ($100.50 in chips) 
Seat 6: BumHuntKing ($100 in chips) 
Unipoker11: posts small blind $0.50
BumHuntKing: posts big blind $1
*** HOLE CARDS ***
papatango123: folds 
ptolejmus: folds 
benedi2004: folds 
Espada Fish: raises $1.50 to $2.50
Unipoker11: folds 
BumHuntKing: calls $1.50
*** FLOP *** [Th 6d 9c]
BumHuntKing: checks 
Espada Fish: checks 
*** TURN *** [Th 6d 9c] [3s]
BumHuntKing: bets $3.92
Espada Fish: calls $3.92
*** RIVER *** [Th 6d 9c 3s] [Ac]
BumHuntKing: bets $9.50
Espada Fish: folds 
Uncalled bet ($9.50) returned to BumHuntKing
BumHuntKing collected $12.67 from pot
BumHuntKing: doesn't show hand 
*** SUMMARY ***
Total pot $13.34 | Rake $0.67 
Board [Th 6d 9c 3s Ac]
Seat 1: papatango123 folded before Flop (didn't bet)
Seat 2: ptolejmus folded before Flop (didn't bet)
Seat 3: benedi2004 folded before Flop (didn't bet)
Seat 4: Espada Fish (button) folded on the River
Seat 5: Unipoker11 (small blind) folded before Flop
Seat 6: BumHuntKing (big blind) collected ($12.67)



PokerStars Hand #254522318008:  Hold'em No Limit ($0.50/$1.00 USD) - 2025/01/23 23:57:09 WET [2025/01/23 18:57:09 ET]
Table 'Pippa IV' 6-max Seat #5 is the button
Seat 1: papatango123 ($100 in chips) 
Seat 2: ptolejmus ($10.22 in chips) 
Seat 3: benedi2004 ($107.93 in chips) 
Seat 4: Espada Fish ($100 in chips) 
Seat 5: Unipoker11 ($100 in chips) 
Seat 6: BumHuntKing ($106.25 in chips) 
BumHuntKing: posts small blind $0.50
papatango123: posts big blind $1
*** HOLE CARDS ***
ptolejmus: folds 
benedi2004: folds 
Espada Fish: folds 
Unipoker11: raises $1.50 to $2.50
BumHuntKing: raises $9 to $11.50
papatango123: folds 
Unipoker11: folds 
Uncalled bet ($9) returned to BumHuntKing
BumHuntKing collected $6 from pot
BumHuntKing: doesn't show hand 
*** SUMMARY ***
Total pot $6 | Rake $0 
Seat 1: papatango123 (big blind) folded before Flop
Seat 2: ptolejmus folded before Flop (didn't bet)
Seat 3: benedi2004 folded before Flop (didn't bet)
Seat 4: Espada Fish folded before Flop (didn't bet)
Seat 5: Unipoker11 (button) folded before Flop
Seat 6: BumHuntKing (small blind) collected ($6)



PokerStars Hand #254522321739:  Hold'em No Limit ($0.50/$1.00 USD) - 2025/01/23 23:57:30 WET [2025/01/23 18:57:30 ET]
Table 'Pippa IV' 6-max Seat #6 is the button
Seat 1: papatango123 ($100 in chips) 
Seat 2: ptolejmus ($10.22 in chips) 
Seat 3: benedi2004 ($107.93 in chips) 
Seat 4: Espada Fish ($100 in chips) 
Seat 5: Unipoker11 ($100 in chips) 
Seat 6: BumHuntKing ($109.75 in chips) 
papatango123: posts small blind $0.50
ptolejmus: posts big blind $1
*** HOLE CARDS ***
benedi2004: folds 
Espada Fish: folds 
Unipoker11: folds 
BumHuntKing: folds 
papatango123: raises $2 to $3
ptolejmus: folds 
Uncalled bet ($2) returned to papatango123
papatango123 collected $2 from pot
papatango123: doesn't show hand 
*** SUMMARY ***
Total pot $2 | Rake $0 
Seat 1: papatango123 (small blind) collected ($2)
Seat 2: ptolejmus (big blind) folded before Flop
Seat 3: benedi2004 folded before Flop (didn't bet)
Seat 4: Espada Fish folded before Flop (didn't bet)
Seat 5: Unipoker11 folded before Flop (didn't bet)
Seat 6: BumHuntKing (button) folded before Flop (didn't bet)



PokerStars Hand #254522327964:  Hold'em No Limit ($0.50/$1.00 USD) - 2025/01/23 23:58:07 WET [2025/01/23 18:58:07 ET]
Table 'Pippa IV' 6-max Seat #1 is the button
Seat 1: papatango123 ($101 in chips) 
Seat 2: ptolejmus ($10 in chips) 
Seat 3: benedi2004 ($107.93 in chips) 
Seat 4: Espada Fish ($100 in chips) 
Seat 5: Unipoker11 ($100 in chips) 
Seat 6: BumHuntKing ($109.75 in chips) 
ptolejmus: posts small blind $0.50
benedi2004: posts big blind $1
*** HOLE CARDS ***
Espada Fish: folds 
Unipoker11: raises $1 to $2
BumHuntKing: folds 
papatango123: folds 
ptolejmus: folds 
benedi2004: calls $1
*** FLOP *** [9s 4s 2s]
benedi2004: checks 
Unipoker11: bets $1.07
benedi2004: calls $1.07
*** TURN *** [9s 4s 2s] [3s]
benedi2004: checks 
Unipoker11: checks 
*** RIVER *** [9s 4s 2s 3s] [Ks]
benedi2004: checks 
Unipoker11: bets $4.23
benedi2004: folds 
Uncalled bet ($4.23) returned to Unipoker11
Unipoker11 collected $6.31 from pot
Unipoker11: doesn't show hand 
*** SUMMARY ***
Total pot $6.64 | Rake $0.33 
Board [9s 4s 2s 3s Ks]
Seat 1: papatango123 (button) folded before Flop (didn't bet)
Seat 2: ptolejmus (small blind) folded before Flop
Seat 3: benedi2004 (big blind) folded on the River
Seat 4: Espada Fish folded before Flop (didn't bet)
Seat 5: Unipoker11 collected ($6.31)
Seat 6: BumHuntKing folded before Flop (didn't bet)



PokerStars Hand #254522340598:  Hold'em No Limit ($0.50/$1.00 USD) - 2025/01/23 23:59:19 WET [2025/01/23 18:59:19 ET]
Table 'Pippa IV' 6-max Seat #2 is the button
Seat 1: papatango123 ($101 in chips) 
Seat 2: ptolejmus ($10 in chips) 
Seat 3: benedi2004 ($104.86 in chips) 
Seat 4: Espada Fish ($100 in chips) 
Seat 5: Unipoker11 ($103.24 in chips) 
Seat 6: BumHuntKing ($109.75 in chips) 
benedi2004: posts small blind $0.50
Espada Fish: posts big blind $1
*** HOLE CARDS ***
Unipoker11: folds 
BumHuntKing: folds 
papatango123: folds 
ptolejmus: folds 
benedi2004: folds 
Uncalled bet ($0.50) returned to Espada Fish
Espada Fish collected $1 from pot
Espada Fish: doesn't show hand 
*** SUMMARY ***
Total pot $1 | Rake $0 
Seat 1: papatango123 folded before Flop (didn't bet)
Seat 2: ptolejmus (button) folded before Flop (didn't bet)
Seat 3: benedi2004 (small blind) folded before Flop
Seat 4: Espada Fish (big blind) collected ($1)
Seat 5: Unipoker11 folded before Flop (didn't bet)
Seat 6: BumHuntKing folded before Flop (didn't bet)



PokerStars Hand #254522345131:  Hold'em No Limit ($0.50/$1.00 USD) - 2025/01/23 23:59:46 WET [2025/01/23 18:59:46 ET]
Table 'Pippa IV' 6-max Seat #3 is the button
Seat 1: papatango123 ($101 in chips) 
Seat 2: ptolejmus ($10 in chips) 
Seat 3: benedi2004 ($104.36 in chips) 
Seat 4: Espada Fish ($100.50 in chips) 
Seat 5: Unipoker11 ($103.24 in chips) 
Seat 6: BumHuntKing ($109.75 in chips) 
Espada Fish: posts small blind $0.50
Unipoker11: posts big blind $1
*** HOLE CARDS ***
BumHuntKing: folds 
papatango123: folds 
ptolejmus: raises $1 to $2
benedi2004: raises $2 to $4
Espada Fish: folds 
Unipoker11: folds 
ptolejmus: calls $2
*** FLOP *** [9h 5s 6d]
ptolejmus: checks 
benedi2004: checks 
*** TURN *** [9h 5s 6d] [4d]
ptolejmus: checks 
benedi2004: checks 
*** RIVER *** [9h 5s 6d 4d] [Ac]
ptolejmus: bets $6 and is all-in
benedi2004: calls $6
*** SHOW DOWN ***
ptolejmus: shows [Ah Th] (a pair of Aces)
benedi2004: shows [Qc As] (a pair of Aces - Queen kicker)
benedi2004 collected $20.15 from pot
*** SUMMARY ***
Total pot $21.50 | Rake $1.35 
Board [9h 5s 6d 4d Ac]
Seat 1: papatango123 folded before Flop (didn't bet)
Seat 2: ptolejmus showed [Ah Th] and lost with a pair of Aces
Seat 3: benedi2004 (button) showed [Qc As] and won ($20.15) with a pair of Aces
Seat 4: Espada Fish (small blind) folded before Flop
Seat 5: Unipoker11 (big blind) folded before Flop
Seat 6: BumHuntKing folded before Flop (didn't bet)



PokerStars Hand #254522354243:  Hold'em No Limit ($0.50/$1.00 USD) - 2025/01/23 0:00:37 WET [2025/01/23 19:00:37 ET]
Table 'Pippa IV' 6-max Seat #4 is the button
Seat 1: papatango123 ($101 in chips) 
Seat 2: ptolejmus ($10 in chips) 
Seat 3: benedi2004 ($114.51 in chips) 
Seat 4: Espada Fish ($100 in chips) 
Seat 5: Unipoker11 ($102.24 in chips) 
Seat 6: BumHuntKing ($109.75 in chips) 
Unipoker11: posts small blind $0.50
BumHuntKing: posts big blind $1
*** HOLE CARDS ***
papatango123: folds 
ptolejmus: raises $1 to $2
benedi2004: folds 
Espada Fish: folds 
Unipoker11: folds 
BumHuntKing: folds 
Uncalled bet ($1) returned to ptolejmus
ptolejmus collected $2.50 from pot
*** SUMMARY ***
Total pot $2.50 | Rake $0 
Seat 1: papatango123 folded before Flop (didn't bet)
Seat 2: ptolejmus collected ($2.50)
Seat 3: benedi2004 folded before Flop (didn't bet)
Seat 4: Espada Fish (button) folded before Flop (didn't bet)
Seat 5: Unipoker11 (small blind) folded before Flop
Seat 6: BumHuntKing (big blind) folded before Flop



PokerStars Hand #254522357642:  Hold'em No Limit ($0.50/$1.00 USD) - 2025/01/23 0:00:55 WET [2025/01/23 19:00:55 ET]
Table 'Pippa IV' 6-max Seat #5 is the button
Seat 1: papatango123 ($101 in chips) 
Seat 2: ptolejmus ($11.50 in chips) 
Seat 3: benedi2004 ($114.51 in chips) 
Seat 4: Espada Fish ($100 in chips) 
Seat 5: Unipoker11 ($101.74 in chips) 
Seat 6: BumHuntKing ($108.75 in chips) 
BumHuntKing: posts small blind $0.50
papatango123: posts big blind $1
*** HOLE CARDS ***
ptolejmus: folds 
benedi2004: folds 
Espada Fish: folds 
Unipoker11: folds 
BumHuntKing: raises $2 to $3
papatango123: folds 
Uncalled bet ($2) returned to BumHuntKing
BumHuntKing collected $2 from pot
BumHuntKing: doesn't show hand 
*** SUMMARY ***
Total pot $2 | Rake $0 
Seat 1: papatango123 (big blind) folded before Flop
Seat 2: ptolejmus folded before Flop (didn't bet)
Seat 3: benedi2004 folded before Flop (didn't bet)
Seat 4: Espada Fish folded before Flop (didn't bet)
Seat 5: Unipoker11 (button) folded before Flop (didn't bet)
Seat 6: BumHuntKing (small blind) collected ($2)



PokerStars Hand #254522360795:  Hold'em No Limit ($0.50/$1.00 USD) - 2025/01/23 0:01:10 WET [2025/01/23 19:01:10 ET]
Table 'Pippa IV' 6-max Seat #6 is the button
Seat 1: papatango123 ($100 in chips) 
Seat 2: ptolejmus ($11.50 in chips) 
Seat 3: benedi2004 ($114.51 in chips) 
Seat 4: Espada Fish ($100 in chips) 
Seat 5: Unipoker11 ($101.74 in chips) 
Seat 6: BumHuntKing ($109.75 in chips) 
papatango123: posts small blind $0.50
ptolejmus: posts big blind $1
*** HOLE CARDS ***
benedi2004: folds 
Espada Fish: folds 
Unipoker11: folds 
BumHuntKing: folds 
papatango123: folds 
Uncalled bet ($0.50) returned to ptolejmus
ptolejmus collected $1 from pot
*** SUMMARY ***
Total pot $1 | Rake $0 
Seat 1: papatango123 (small blind) folded before Flop
Seat 2: ptolejmus (big blind) collected ($1)
Seat 3: benedi2004 folded before Flop (didn't bet)
Seat 4: Espada Fish folded before Flop (didn't bet)
Seat 5: Unipoker11 folded before Flop (didn't bet)
Seat 6: BumHuntKing (button) folded before Flop (didn't bet)



PokerStars Hand #254522367410:  Hold'em No Limit ($0.50/$1.00 USD) - 2025/01/23 0:01:42 WET [2025/01/23 19:01:42 ET]
Table 'Pippa IV' 6-max Seat #1 is the button
Seat 1: papatango123 ($100 in chips) 
Seat 2: ptolejmus ($12 in chips) 
Seat 3: benedi2004 ($114.51 in chips) 
Seat 4: Espada Fish ($100 in chips) 
Seat 5: Unipoker11 ($101.74 in chips) 
Seat 6: BumHuntKing ($109.75 in chips) 
ptolejmus: posts small blind $0.50
benedi2004: posts big blind $1
*** HOLE CARDS ***
Espada Fish: folds 
Unipoker11: folds 
BumHuntKing: folds 
papatango123: raises $1.50 to $2.50
ptolejmus: folds 
benedi2004: folds 
Uncalled bet ($1.50) returned to papatango123
papatango123 collected $2.50 from pot
papatango123: doesn't show hand 
*** SUMMARY ***
Total pot $2.50 | Rake $0 
Seat 1: papatango123 (button) collected ($2.50)
Seat 2: ptolejmus (small blind) folded before Flop
Seat 3: benedi2004 (big blind) folded before Flop
Seat 4: Espada Fish folded before Flop (didn't bet)
Seat 5: Unipoker11 folded before Flop (didn't bet)
Seat 6: BumHuntKing folded before Flop (didn't bet)



PokerStars Hand #254522373351:  Hold'em No Limit ($0.50/$1.00 USD) - 2025/01/23 0:02:10 WET [2025/01/23 19:02:10 ET]
Table 'Pippa IV' 6-max Seat #2 is the button
Seat 1: papatango123 ($101.50 in chips) 
Seat 2: ptolejmus ($11.50 in chips) 
Seat 3: benedi2004 ($113.51 in chips) 
Seat 4: Espada Fish ($100 in chips) 
Seat 5: Unipoker11 ($101.74 in chips) 
Seat 6: BumHuntKing ($109.75 in chips) 
benedi2004: posts small blind $0.50
Espada Fish: posts big blind $1
*** HOLE CARDS ***
Unipoker11: folds 
BumHuntKing: folds 
papatango123: raises $1.50 to $2.50
ptolejmus: folds 
benedi2004: folds 
Espada Fish: calls $1.50
*** FLOP *** [Kd 8d 2h]
Espada Fish: checks 
papatango123: bets $1.72
Espada Fish: calls $1.72
*** TURN *** [Kd 8d 2h] [Jd]
Espada Fish: checks 
papatango123: checks 
*** RIVER *** [Kd 8d 2h Jd] [3c]
Espada Fish: bets $2.80
papatango123: folds 
Uncalled bet ($2.80) returned to Espada Fish
Espada Fish collected $8.49 from pot
Espada Fish: doesn't show hand 
*** SUMMARY ***
Total pot $8.94 | Rake $0.45 
Board [Kd 8d 2h Jd 3c]
Seat 1: papatango123 folded on the River
Seat 2: ptolejmus (button) folded before Flop (didn't bet)
Seat 3: benedi2004 (small blind) folded before Flop
Seat 4: Espada Fish (big blind) collected ($8.49)
Seat 5: Unipoker11 folded before Flop (didn't bet)
Seat 6: BumHuntKing folded before Flop (didn't bet)



PokerStars Hand #254522387014:  Hold'em No Limit ($0.50/$1.00 USD) - 2025/01/23 0:03:14 WET [2025/01/23 19:03:14 ET]
Table 'Pippa IV' 6-max Seat #3 is the button
Seat 1: papatango123 ($100 in chips) 
Seat 2: ptolejmus ($11.50 in chips) 
Seat 3: benedi2004 ($113.01 in chips) 
Seat 4: Espada Fish ($104.27 in chips) 
Seat 5: Unipoker11 ($101.74 in chips) 
Seat 6: BumHuntKing ($109.75 in chips) 
Espada Fish: posts small blind $0.50
Unipoker11: posts big blind $1
*** HOLE CARDS ***
BumHuntKing: folds 
papatango123: raises $1.50 to $2.50
ptolejmus: folds 
benedi2004: folds 
Espada Fish: folds 
Unipoker11: folds 
Uncalled bet ($1.50) returned to papatango123
papatango123 collected $2.50 from pot
papatango123: doesn't show hand 
*** SUMMARY ***
Total pot $2.50 | Rake $0 
Seat 1: papatango123 collected ($2.50)
Seat 2: ptolejmus folded before Flop (didn't bet)
Seat 3: benedi2004 (button) folded before Flop (didn't bet)
Seat 4: Espada Fish (small blind) folded before Flop
Seat 5: Unipoker11 (big blind) folded before Flop
Seat 6: BumHuntKing folded before Flop (didn't bet)



PokerStars Hand #254522394268:  Hold'em No Limit ($0.50/$1.00 USD) - 2025/01/23 0:03:49 WET [2025/01/23 19:03:49 ET]
Table 'Pippa IV' 6-max Seat #4 is the button
Seat 1: papatango123 ($101.50 in chips) 
Seat 2: ptolejmus ($11.50 in chips) 
Seat 3: benedi2004 ($113.01 in chips) 
Seat 4: Espada Fish ($103.77 in chips) 
Seat 5: Unipoker11 ($100.74 in chips) 
Seat 6: BumHuntKing ($109.75 in chips) 
Unipoker11: posts small blind $0.50
BumHuntKing: posts big blind $1
*** HOLE CARDS ***
papatango123: folds 
ptolejmus: folds 
benedi2004: raises $2 to $3
Espada Fish: folds 
Unipoker11: folds 
BumHuntKing: calls $2
*** FLOP *** [9h 6c Ts]
BumHuntKing: checks 
benedi2004: checks 
*** TURN *** [9h 6c Ts] [6h]
BumHuntKing: bets $4.63
benedi2004: calls $4.63
*** RIVER *** [9h 6c Ts 6h] [8s]
BumHuntKing: bets $44.91
benedi2004: folds 
Uncalled bet ($44.91) returned to BumHuntKing
BumHuntKing collected $14.97 from pot
BumHuntKing: doesn't show hand 
*** SUMMARY ***
Total pot $15.76 | Rake $0.79 
Board [9h 6c Ts 6h 8s]
Seat 1: papatango123 folded before Flop (didn't bet)
Seat 2: ptolejmus folded before Flop (didn't bet)
Seat 3: benedi2004 folded on the River
Seat 4: Espada Fish (button) folded before Flop (didn't bet)
Seat 5: Unipoker11 (small blind) folded before Flop
Seat 6: BumHuntKing (big blind) collected ($14.97)



PokerStars Hand #254522414298:  Hold'em No Limit ($0.50/$1.00 USD) - 2025/01/23 0:05:21 WET [2025/01/23 19:05:21 ET]
Table 'Pippa IV' 6-max Seat #5 is the button
Seat 1: papatango123 ($101.50 in chips) is sitting out
Seat 2: ptolejmus ($11.50 in chips) 
Seat 3: benedi2004 ($105.38 in chips) 
Seat 4: Espada Fish ($103.77 in chips) 
Seat 5: Unipoker11 ($100.24 in chips) 
Seat 6: BumHuntKing ($117.09 in chips) 
BumHuntKing: posts small blind $0.50
papatango123: is sitting out 
ptolejmus: posts big blind $1
*** HOLE CARDS ***
benedi2004: calls $1
Espada Fish: folds 
papatango123 leaves the table
Unipoker11: raises $2.50 to $3.50
BumHuntKing: folds 
ptolejmus: folds 
benedi2004: calls $2.50
*** FLOP *** [Qc 4d 2d]
Joe_Li7 joins the table at seat #1 
benedi2004: checks 
Unipoker11: bets $2.02
benedi2004: folds 
Uncalled bet ($2.02) returned to Unipoker11
Unipoker11 collected $8.08 from pot
Unipoker11: doesn't show hand 
*** SUMMARY ***
Total pot $8.50 | Rake $0.42 
Board [Qc 4d 2d]
Seat 1: papatango123
Seat 2: ptolejmus (big blind) folded before Flop
Seat 3: benedi2004 folded on the Flop
Seat 4: Espada Fish folded before Flop (didn't bet)
Seat 5: Unipoker11 (button) collected ($8.08)
Seat 6: BumHuntKing (small blind) folded before Flop



PokerStars Hand #254522423384:  Hold'em No Limit ($0.50/$1.00 USD) - 2025/01/23 0:06:04 WET [2025/01/23 19:06:04 ET]
Table 'Pippa IV' 6-max Seat #6 is the button
Seat 1: Joe_Li7 ($100 in chips) is sitting out
Seat 2: ptolejmus ($10.50 in chips) 
Seat 3: benedi2004 ($101.88 in chips) 
Seat 4: Espada Fish ($103.77 in chips) 
Seat 5: Unipoker11 ($104.82 in chips) 
Seat 6: BumHuntKing ($116.59 in chips) 
ptolejmus: posts small blind $0.50
benedi2004: posts big blind $1
*** HOLE CARDS ***
Espada Fish: folds 
Unipoker11: folds 
BumHuntKing: raises $1.50 to $2.50
ptolejmus: folds 
benedi2004: folds 
Uncalled bet ($1.50) returned to BumHuntKing
BumHuntKing collected $2.50 from pot
BumHuntKing: doesn't show hand 
*** SUMMARY ***
Total pot $2.50 | Rake $0 
Seat 1: Joe_Li7
Seat 2: ptolejmus (small blind) folded before Flop
Seat 3: benedi2004 (big blind) folded before Flop
Seat 4: Espada Fish folded before Flop (didn't bet)
Seat 5: Unipoker11 folded before Flop (didn't bet)
Seat 6: BumHuntKing (button) collected ($2.50)



PokerStars Hand #254522426696:  Hold'em No Limit ($0.50/$1.00 USD) - 2025/01/23 0:06:19 WET [2025/01/23 19:06:19 ET]
Table 'Pippa IV' 6-max Seat #2 is the button
Seat 1: Joe_Li7 ($100 in chips) is sitting out
Seat 4: Espada Fish ($103.77 in chips) is sitting out
Seat 2: ptolejmus ($10 in chips) 
Seat 3: benedi2004 ($100.88 in chips) 
Seat 5: Unipoker11 ($104.82 in chips) 
Seat 6: BumHuntKing ($118.09 in chips) 
benedi2004: posts small blind $0.50
Espada Fish: is sitting out 
Unipoker11: posts big blind $1
Joe_Li7: sits out 
*** HOLE CARDS ***
BumHuntKing: folds 
ptolejmus: folds 
Espada Fish leaves the table
benedi2004: folds 
Uncalled bet ($0.50) returned to Unipoker11
Unipoker11 collected $1 from pot
Unipoker11: doesn't show hand 
*** SUMMARY ***
Total pot $1 | Rake $0 
Seat 1: Joe_Li7
Seat 4: Espada Fish
Seat 2: ptolejmus (button) folded before Flop (didn't bet)
Seat 3: benedi2004 (small blind) folded before Flop
Seat 5: Unipoker11 (big blind) collected ($1)
Seat 6: BumHuntKing folded before Flop (didn't bet)



PokerStars Hand #254522430175:  Hold'em No Limit ($0.50/$1.00 USD) - 2025/01/23 0:06:36 WET [2025/01/23 19:06:36 ET]
Table 'Pippa IV' 6-max Seat #3 is the button
Seat 1: Joe_Li7 ($100 in chips) is sitting out
Seat 2: ptolejmus ($10 in chips) 
Seat 3: benedi2004 ($100.38 in chips) 
Seat 5: Unipoker11 ($105.32 in chips) 
Seat 6: BumHuntKing ($118.09 in chips) 
Unipoker11: posts small blind $0.50
BumHuntKing: posts big blind $1
Joe_Li7: sits out 
*** HOLE CARDS ***
ptolejmus: folds 
benedi2004: raises $2 to $3
Unipoker11: raises $9 to $12
BumHuntKing: folds 
benedi2004: folds 
Uncalled bet ($9) returned to Unipoker11
Unipoker11 collected $7 from pot
Unipoker11: doesn't show hand 
tintin641 joins the table at seat #4 
*** SUMMARY ***
Total pot $7 | Rake $0 
Seat 1: Joe_Li7
Seat 2: ptolejmus folded before Flop (didn't bet)
Seat 3: benedi2004 (button) folded before Flop
Seat 5: Unipoker11 (small blind) collected ($7)
Seat 6: BumHuntKing (big blind) folded before Flop



PokerStars Hand #254522435715:  Hold'em No Limit ($0.50/$1.00 USD) - 2025/01/23 0:07:01 WET [2025/01/23 19:07:01 ET]
Table 'Pippa IV' 6-max Seat #5 is the button
Seat 4: tintin641 ($100 in chips) is sitting out
Seat 1: Joe_Li7 ($100 in chips) 
Seat 2: ptolejmus ($10 in chips) 
Seat 3: benedi2004 ($100 in chips) 
Seat 5: Unipoker11 ($109.32 in chips) 
Seat 6: BumHuntKing ($117.09 in chips) 
BumHuntKing: posts small blind $0.50
Joe_Li7: posts big blind $1
tintin641: sits out 
*** HOLE CARDS ***
ptolejmus: folds 
benedi2004: folds 
Unipoker11: raises $1.50 to $2.50
BumHuntKing: folds 
Joe_Li7: raises $8.50 to $11
Unipoker11: folds 
Uncalled bet ($8.50) returned to Joe_Li7
Joe_Li7 collected $5.50 from pot
*** SUMMARY ***
Total pot $5.50 | Rake $0 
Seat 4: tintin641
Seat 1: Joe_Li7 (big blind) collected ($5.50)
Seat 2: ptolejmus folded before Flop (didn't bet)
Seat 3: benedi2004 folded before Flop (didn't bet)
Seat 5: Unipoker11 (button) folded before Flop
Seat 6: BumHuntKing (small blind) folded before Flop



PokerStars Hand #254522441103:  Hold'em No Limit ($0.50/$1.00 USD) - 2025/01/23 0:07:26 WET [2025/01/23 19:07:26 ET]
Table 'Pippa IV' 6-max Seat #6 is the button
Seat 4: tintin641 ($100 in chips) is sitting out
Seat 1: Joe_Li7 ($103 in chips) 
Seat 2: ptolejmus ($10 in chips) 
Seat 3: benedi2004 ($100 in chips) 
Seat 5: Unipoker11 ($106.82 in chips) 
Seat 6: BumHuntKing ($116.59 in chips) 
Joe_Li7: posts small blind $0.50
ptolejmus: posts big blind $1
tintin641: sits out 
*** HOLE CARDS ***
benedi2004: folds 
Unipoker11: folds 
BumHuntKing: folds 
Joe_Li7: raises $11 to $12
ptolejmus: folds 
Uncalled bet ($11) returned to Joe_Li7
Joe_Li7 collected $2 from pot
*** SUMMARY ***
Total pot $2 | Rake $0 
Seat 4: tintin641
Seat 1: Joe_Li7 (small blind) collected ($2)
Seat 2: ptolejmus (big blind) folded before Flop
Seat 3: benedi2004 folded before Flop (didn't bet)
Seat 5: Unipoker11 folded before Flop (didn't bet)
Seat 6: BumHuntKing (button) folded before Flop (didn't bet)



PokerStars Hand #254522443978:  Hold'em No Limit ($0.50/$1.00 USD) - 2025/01/23 0:07:40 WET [2025/01/23 19:07:40 ET]
Table 'Pippa IV' 6-max Seat #1 is the button
Seat 4: tintin641 ($100 in chips) is sitting out
Seat 1: Joe_Li7 ($104 in chips) 
Seat 2: ptolejmus ($10 in chips) 
Seat 3: benedi2004 ($100 in chips) 
Seat 5: Unipoker11 ($106.82 in chips) 
Seat 6: BumHuntKing ($116.59 in chips) 
ptolejmus: posts small blind $0.50
benedi2004: posts big blind $1
tintin641: sits out 
*** HOLE CARDS ***
Unipoker11: folds 
BumHuntKing: folds 
Joe_Li7: raises $1.50 to $2.50
ptolejmus: folds 
benedi2004: raises $6.50 to $9
Joe_Li7: folds 
Uncalled bet ($6.50) returned to benedi2004
benedi2004 collected $5.50 from pot
benedi2004: doesn't show hand 
*** SUMMARY ***
Total pot $5.50 | Rake $0 
Seat 4: tintin641
Seat 1: Joe_Li7 (button) folded before Flop
Seat 2: ptolejmus (small blind) folded before Flop
Seat 3: benedi2004 (big blind) collected ($5.50)
Seat 5: Unipoker11 folded before Flop (didn't bet)
Seat 6: BumHuntKing folded before Flop (didn't bet)



PokerStars Hand #254522448279:  Hold'em No Limit ($0.50/$1.00 USD) - 2025/01/23 0:08:00 WET [2025/01/23 19:08:00 ET]
Table 'Pippa IV' 6-max Seat #2 is the button
Seat 1: Joe_Li7 ($101.50 in chips) 
Seat 2: ptolejmus ($10 in chips) 
Seat 3: benedi2004 ($103 in chips) 
Seat 4: tintin641 ($100 in chips) 
Seat 5: Unipoker11 ($106.82 in chips) 
Seat 6: BumHuntKing ($116.59 in chips) 
benedi2004: posts small blind $0.50
tintin641: posts big blind $1
*** HOLE CARDS ***
Unipoker11: folds 
BumHuntKing: folds 
Joe_Li7: folds 
ptolejmus: folds 
benedi2004: raises $1 to $2
tintin641: calls $1
*** FLOP *** [8s 8c 7d]
benedi2004: bets $2
tintin641: calls $2
*** TURN *** [8s 8c 7d] [4c]
benedi2004: checks 
tintin641: bets $5.70
benedi2004: folds 
Uncalled bet ($5.70) returned to tintin641
tintin641 collected $7.60 from pot
tintin641: doesn't show hand 
*** SUMMARY ***
Total pot $8 | Rake $0.40 
Board [8s 8c 7d 4c]
Seat 1: Joe_Li7 folded before Flop (didn't bet)
Seat 2: ptolejmus (button) folded before Flop (didn't bet)
Seat 3: benedi2004 (small blind) folded on the Turn
Seat 4: tintin641 (big blind) collected ($7.60)
Seat 5: Unipoker11 folded before Flop (didn't bet)
Seat 6: BumHuntKing folded before Flop (didn't bet)



PokerStars Hand #254522464238:  Hold'em No Limit ($0.50/$1.00 USD) - 2025/01/23 0:09:14 WET [2025/01/23 19:09:14 ET]
Table 'Pippa IV' 6-max Seat #3 is the button
Seat 1: Joe_Li7 ($101.50 in chips) 
Seat 2: ptolejmus ($10 in chips) 
Seat 3: benedi2004 ($100 in chips) 
Seat 4: tintin641 ($103.60 in chips) 
Seat 5: Unipoker11 ($106.82 in chips) 
Seat 6: BumHuntKing ($116.59 in chips) 
tintin641: posts small blind $0.50
Unipoker11: posts big blind $1
*** HOLE CARDS ***
BumHuntKing: folds 
Joe_Li7: folds 
ptolejmus: folds 
benedi2004: raises $2 to $3
tintin641: folds 
Unipoker11: raises $10 to $13
benedi2004: calls $10
*** FLOP *** [7s As Qs]
Unipoker11: bets $5.04
benedi2004: calls $5.04
*** TURN *** [7s As Qs] [Ac]
Unipoker11: checks 
benedi2004: bets $9.38
Unipoker11: calls $9.38
*** RIVER *** [7s As Qs Ac] [Kh]
Unipoker11: checks 
benedi2004: checks 
*** SHOW DOWN ***
Unipoker11: shows [Jh Jc] (two pair, Aces and Jacks)
benedi2004: shows [Td Ah] (three of a kind, Aces)
benedi2004 collected $52.22 from pot
*** SUMMARY ***
Total pot $55.34 | Rake $3.12 
Board [7s As Qs Ac Kh]
Seat 1: Joe_Li7 folded before Flop (didn't bet)
Seat 2: ptolejmus folded before Flop (didn't bet)
Seat 3: benedi2004 (button) showed [Td Ah] and won ($52.22) with three of a kind, Aces
Seat 4: tintin641 (small blind) folded before Flop
Seat 5: Unipoker11 (big blind) showed [Jh Jc] and lost with two pair, Aces and Jacks
Seat 6: BumHuntKing folded before Flop (didn't bet)



PokerStars Hand #254522486271:  Hold'em No Limit ($0.50/$1.00 USD) - 2025/01/23 0:10:58 WET [2025/01/23 19:10:58 ET]
Table 'Pippa IV' 6-max Seat #4 is the button
Seat 1: Joe_Li7 ($101.50 in chips) 
Seat 2: ptolejmus ($10 in chips) 
Seat 3: benedi2004 ($124.80 in chips) 
Seat 4: tintin641 ($103.10 in chips) 
Seat 5: Unipoker11 ($100 in chips) 
Seat 6: BumHuntKing ($116.59 in chips) 
Unipoker11: posts small blind $0.50
BumHuntKing: posts big blind $1
*** HOLE CARDS ***
Joe_Li7: folds 
ptolejmus: folds 
benedi2004: folds 
tintin641: raises $1.50 to $2.50
Unipoker11: folds 
BumHuntKing: calls $1.50
*** FLOP *** [Js 4d 8d]
BumHuntKing: checks 
tintin641: checks 
*** TURN *** [Js 4d 8d] [Kc]
BumHuntKing: bets $7.83
tintin641: calls $7.83
*** RIVER *** [Js 4d 8d Kc] [Ks]
BumHuntKing: checks 
tintin641: checks 
*** SHOW DOWN ***
BumHuntKing: shows [Tc Ah] (a pair of Kings)
tintin641: shows [9c Jh] (two pair, Kings and Jacks)
tintin641 collected $20.10 from pot
*** SUMMARY ***
Total pot $21.16 | Rake $1.06 
Board [Js 4d 8d Kc Ks]
Seat 1: Joe_Li7 folded before Flop (didn't bet)
Seat 2: ptolejmus folded before Flop (didn't bet)
Seat 3: benedi2004 folded before Flop (didn't bet)
Seat 4: tintin641 (button) showed [9c Jh] and won ($20.10) with two pair, Kings and Jacks
Seat 5: Unipoker11 (small blind) folded before Flop
Seat 6: BumHuntKing (big blind) showed [Tc Ah] and lost with a pair of Kings



PokerStars Hand #254522498211:  Hold'em No Limit ($0.50/$1.00 USD) - 2025/01/23 0:11:54 WET [2025/01/23 19:11:54 ET]
Table 'Pippa IV' 6-max Seat #5 is the button
Seat 1: Joe_Li7 ($101.50 in chips) 
Seat 2: ptolejmus ($10 in chips) 
Seat 3: benedi2004 ($124.80 in chips) 
Seat 4: tintin641 ($112.87 in chips) 
Seat 5: Unipoker11 ($100 in chips) 
Seat 6: BumHuntKing ($106.26 in chips) 
BumHuntKing: posts small blind $0.50
Joe_Li7: posts big blind $1
*** HOLE CARDS ***
ptolejmus: folds 
benedi2004: raises $1 to $2
tintin641: folds 
Unipoker11: raises $5.50 to $7.50
BumHuntKing: folds 
Joe_Li7: folds 
benedi2004: folds 
Uncalled bet ($5.50) returned to Unipoker11
Unipoker11 collected $5.50 from pot
Unipoker11: doesn't show hand 
*** SUMMARY ***
Total pot $5.50 | Rake $0 
Seat 1: Joe_Li7 (big blind) folded before Flop
Seat 2: ptolejmus folded before Flop (didn't bet)
Seat 3: benedi2004 folded before Flop
Seat 4: tintin641 folded before Flop (didn't bet)
Seat 5: Unipoker11 (button) collected ($5.50)
Seat 6: BumHuntKing (small blind) folded before Flop



PokerStars Hand #254522506038:  Hold'em No Limit ($0.50/$1.00 USD) - 2025/01/23 0:12:31 WET [2025/01/23 19:12:31 ET]
Table 'Pippa IV' 6-max Seat #6 is the button
Seat 1: Joe_Li7 ($100.50 in chips) 
Seat 2: ptolejmus ($10 in chips) 
Seat 3: benedi2004 ($122.80 in chips) 
Seat 4: tintin641 ($112.87 in chips) 
Seat 5: Unipoker11 ($103.50 in chips) 
Seat 6: BumHuntKing ($105.76 in chips) 
Joe_Li7: posts small blind $0.50
ptolejmus: posts big blind $1
*** HOLE CARDS ***
benedi2004: raises $1 to $2
tintin641: folds 
Unipoker11: folds 
BumHuntKing: raises $5.50 to $7.50
Joe_Li7: folds 
ptolejmus: folds 
benedi2004: folds 
Uncalled bet ($5.50) returned to BumHuntKing
BumHuntKing collected $5.50 from pot
BumHuntKing: doesn't show hand 
*** SUMMARY ***
Total pot $5.50 | Rake $0 
Seat 1: Joe_Li7 (small blind) folded before Flop
Seat 2: ptolejmus (big blind) folded before Flop
Seat 3: benedi2004 folded before Flop
Seat 4: tintin641 folded before Flop (didn't bet)
Seat 5: Unipoker11 folded before Flop (didn't bet)
Seat 6: BumHuntKing (button) collected ($5.50)



PokerStars Hand #254522511039:  Hold'em No Limit ($0.50/$1.00 USD) - 2025/01/23 0:12:54 WET [2025/01/23 19:12:54 ET]
Table 'Pippa IV' 6-max Seat #1 is the button
Seat 3: benedi2004 ($120.80 in chips) is sitting out
Seat 1: Joe_Li7 ($100 in chips) 
Seat 2: ptolejmus ($10 in chips) 
Seat 4: tintin641 ($112.87 in chips) 
Seat 5: Unipoker11 ($103.50 in chips) 
Seat 6: BumHuntKing ($109.26 in chips) 
ptolejmus: posts small blind $0.50
benedi2004: is sitting out 
tintin641: posts big blind $1
*** HOLE CARDS ***
Unipoker11: folds 
BumHuntKing: folds 
Joe_Li7: raises $1.50 to $2.50
ptolejmus: folds 
tintin641: folds 
Uncalled bet ($1.50) returned to Joe_Li7
Joe_Li7 collected $2.50 from pot
*** SUMMARY ***
Total pot $2.50 | Rake $0 
Seat 3: benedi2004
Seat 1: Joe_Li7 (button) collected ($2.50)
Seat 2: ptolejmus (small blind) folded before Flop
Seat 4: tintin641 (big blind) folded before Flop
Seat 5: Unipoker11 folded before Flop (didn't bet)
Seat 6: BumHuntKing folded before Flop (didn't bet)



PokerStars Hand #254522516127:  Hold'em No Limit ($0.50/$1.00 USD) - 2025/01/23 0:13:19 WET [2025/01/23 19:13:19 ET]
Table 'Pippa IV' 6-max Seat #2 is the button
Seat 3: benedi2004 ($120.80 in chips) is sitting out
Seat 1: Joe_Li7 ($101.50 in chips) 
Seat 2: ptolejmus ($10 in chips) 
Seat 4: tintin641 ($111.87 in chips) 
Seat 5: Unipoker11 ($103.50 in chips) 
Seat 6: BumHuntKing ($109.26 in chips) 
tintin641: posts small blind $0.50
Unipoker11: posts big blind $1
*** HOLE CARDS ***
BumHuntKing: folds 
Joe_Li7: folds 
ptolejmus: raises $1 to $2
tintin641: folds 
Unipoker11: calls $1
*** FLOP *** [Kd Jd 4d]
Unipoker11: checks 
ptolejmus: checks 
*** TURN *** [Kd Jd 4d] [Qc]
Unipoker11: checks 
ptolejmus: checks 
*** RIVER *** [Kd Jd 4d Qc] [7d]
Unipoker11: checks 
ptolejmus: checks 
*** SHOW DOWN ***
Unipoker11: shows [9s Tc] (a straight, Nine to King)
ptolejmus: mucks hand 
Unipoker11 collected $4.28 from pot
*** SUMMARY ***
Total pot $4.50 | Rake $0.22 
Board [Kd Jd 4d Qc 7d]
Seat 3: benedi2004
Seat 1: Joe_Li7 folded before Flop (didn't bet)
Seat 2: ptolejmus (button) mucked
Seat 4: tintin641 (small blind) folded before Flop
Seat 5: Unipoker11 (big blind) showed [9s Tc] and won ($4.28) with a straight, Nine to King
Seat 6: BumHuntKing folded before Flop (didn't bet)



PokerStars Hand #254522532438:  Hold'em No Limit ($0.50/$1.00 USD) - 2025/01/23 0:14:38 WET [2025/01/23 19:14:38 ET]
Table 'Pippa IV' 6-max Seat #4 is the button
Seat 3: benedi2004 ($120.80 in chips) is sitting out
Seat 1: Joe_Li7 ($101.50 in chips) 
Seat 2: ptolejmus ($10 in chips) 
Seat 4: tintin641 ($111.37 in chips) 
Seat 5: Unipoker11 ($105.78 in chips) 
Seat 6: BumHuntKing ($109.26 in chips) 
Unipoker11: posts small blind $0.50
BumHuntKing: posts big blind $1
*** HOLE CARDS ***
Joe_Li7: folds 
ptolejmus: folds 
tintin641: raises $1.50 to $2.50
Unipoker11: folds 
BumHuntKing: folds 
Uncalled bet ($1.50) returned to tintin641
tintin641 collected $2.50 from pot
tintin641: doesn't show hand 
*** SUMMARY ***
Total pot $2.50 | Rake $0 
Seat 3: benedi2004
Seat 1: Joe_Li7 folded before Flop (didn't bet)
Seat 2: ptolejmus folded before Flop (didn't bet)
Seat 4: tintin641 (button) collected ($2.50)
Seat 5: Unipoker11 (small blind) folded before Flop
Seat 6: BumHuntKing (big blind) folded before Flop



PokerStars Hand #254522537320:  Hold'em No Limit ($0.50/$1.00 USD) - 2025/01/23 0:15:02 WET [2025/01/23 19:15:02 ET]
Table 'Pippa IV' 6-max Seat #5 is the button
Seat 3: benedi2004 ($120.80 in chips) is sitting out
Seat 1: Joe_Li7 ($101.50 in chips) 
Seat 2: ptolejmus ($10 in chips) 
Seat 4: tintin641 ($112.87 in chips) 
Seat 5: Unipoker11 ($105.28 in chips) 
Seat 6: BumHuntKing ($108.26 in chips) 
BumHuntKing: posts small blind $0.50
Joe_Li7: posts big blind $1
*** HOLE CARDS ***
ptolejmus: folds 
tintin641: folds 
Unipoker11: folds 
BumHuntKing: folds 
Uncalled bet ($0.50) returned to Joe_Li7
Joe_Li7 collected $1 from pot
*** SUMMARY ***
Total pot $1 | Rake $0 
Seat 3: benedi2004
Seat 1: Joe_Li7 (big blind) collected ($1)
Seat 2: ptolejmus folded before Flop (didn't bet)
Seat 4: tintin641 folded before Flop (didn't bet)
Seat 5: Unipoker11 (button) folded before Flop (didn't bet)
Seat 6: BumHuntKing (small blind) folded before Flop



PokerStars Hand #254522542141:  Hold'em No Limit ($0.50/$1.00 USD) - 2025/01/23 0:15:25 WET [2025/01/23 19:15:25 ET]
Table 'Pippa IV' 6-max Seat #6 is the button
Seat 3: benedi2004 ($120.80 in chips) is sitting out
Seat 1: Joe_Li7 ($102 in chips) 
Seat 2: ptolejmus ($10 in chips) 
Seat 4: tintin641 ($112.87 in chips) 
Seat 5: Unipoker11 ($105.28 in chips) 
Seat 6: BumHuntKing ($107.76 in chips) 
Joe_Li7: posts small blind $0.50
ptolejmus: posts big blind $1
*** HOLE CARDS ***
tintin641: folds 
Unipoker11: raises $1.30 to $2.30
BumHuntKing: folds 
Joe_Li7: folds 
ptolejmus: folds 
Uncalled bet ($1.30) returned to Unipoker11
Unipoker11 collected $2.50 from pot
Unipoker11: doesn't show hand 
*** SUMMARY ***
Total pot $2.50 | Rake $0 
Seat 3: benedi2004
Seat 1: Joe_Li7 (small blind) folded before Flop
Seat 2: ptolejmus (big blind) folded before Flop
Seat 4: tintin641 folded before Flop (didn't bet)
Seat 5: Unipoker11 collected ($2.50)
Seat 6: BumHuntKing (button) folded before Flop (didn't bet)



PokerStars Hand #254522545599:  Hold'em No Limit ($0.50/$1.00 USD) - 2025/01/23 0:15:42 WET [2025/01/23 19:15:42 ET]
Table 'Pippa IV' 6-max Seat #1 is the button
Seat 3: benedi2004 ($120.80 in chips) is sitting out
Seat 1: Joe_Li7 ($101.50 in chips) 
Seat 2: ptolejmus ($10 in chips) 
Seat 4: tintin641 ($112.87 in chips) 
Seat 5: Unipoker11 ($106.78 in chips) 
Seat 6: BumHuntKing ($107.76 in chips) 
ptolejmus: posts small blind $0.50
tintin641: posts big blind $1
*** HOLE CARDS ***
Unipoker11: folds 
BumHuntKing: folds 
Joe_Li7: folds 
ptolejmus: raises $2 to $3
benedi2004 leaves the table
tintin641: raises $8 to $11
ptolejmus: folds 
Uncalled bet ($8) returned to tintin641
tintin641 collected $6 from pot
tintin641: doesn't show hand 
*** SUMMARY ***
Total pot $6 | Rake $0 
Seat 3: benedi2004
Seat 1: Joe_Li7 (button) folded before Flop (didn't bet)
Seat 2: ptolejmus (small blind) folded before Flop
Seat 4: tintin641 (big blind) collected ($6)
Seat 5: Unipoker11 folded before Flop (didn't bet)
Seat 6: BumHuntKing folded before Flop (didn't bet)



PokerStars Hand #254522555347:  Hold'em No Limit ($0.50/$1.00 USD) - 2025/01/23 0:16:30 WET [2025/01/23 19:16:30 ET]
Table 'Pippa IV' 6-max Seat #2 is the button
Seat 1: Joe_Li7 ($101.50 in chips) 
Seat 2: ptolejmus ($10 in chips) 
Seat 4: tintin641 ($115.87 in chips) 
Seat 5: Unipoker11 ($106.78 in chips) 
Seat 6: BumHuntKing ($107.76 in chips) 
tintin641: posts small blind $0.50
Unipoker11: posts big blind $1
*** HOLE CARDS ***
BumHuntKing: raises $1.20 to $2.20
Joe_Li7: folds 
ptolejmus: folds 
tintin641: folds 
Unipoker11: folds 
Uncalled bet ($1.20) returned to BumHuntKing
BumHuntKing collected $2.50 from pot
BumHuntKing: doesn't show hand 
*** SUMMARY ***
Total pot $2.50 | Rake $0 
Seat 1: Joe_Li7 folded before Flop (didn't bet)
Seat 2: ptolejmus (button) folded before Flop (didn't bet)
Seat 4: tintin641 (small blind) folded before Flop
Seat 5: Unipoker11 (big blind) folded before Flop
Seat 6: BumHuntKing collected ($2.50)



PokerStars Hand #254522563811:  Hold'em No Limit ($0.50/$1.00 USD) - 2025/01/23 0:17:11 WET [2025/01/23 19:17:11 ET]
Table 'Pippa IV' 6-max Seat #4 is the button
Seat 1: Joe_Li7 ($101.50 in chips) 
Seat 2: ptolejmus ($10 in chips) 
Seat 4: tintin641 ($115.37 in chips) 
Seat 5: Unipoker11 ($105.78 in chips) 
Seat 6: BumHuntKing ($109.26 in chips) 
Unipoker11: posts small blind $0.50
BumHuntKing: posts big blind $1
*** HOLE CARDS ***
Joe_Li7: folds 
Joe_Li7 leaves the table
ptolejmus: raises $1 to $2
tintin641: folds 
Unipoker11: folds 
BumHuntKing: raises $10 to $12
ptolejmus: calls $8 and is all-in
Uncalled bet ($2) returned to BumHuntKing
*** FLOP *** [Qh 3c 8d]
*** TURN *** [Qh 3c 8d] [7c]
*** RIVER *** [Qh 3c 8d 7c] [8c]
*** SHOW DOWN ***
BumHuntKing: shows [Kd Ad] (a pair of Eights)
ptolejmus: shows [As Ah] (two pair, Aces and Eights)
ptolejmus collected $19.48 from pot
BumHuntKing cashed out the hand for $2.32 | Cash Out Fee $0.05
*** SUMMARY ***
Total pot $20.50 | Rake $1.02 
Board [Qh 3c 8d 7c 8c]
Seat 1: Joe_Li7 folded before Flop (didn't bet)
Seat 2: ptolejmus showed [As Ah] and won ($19.48) with two pair, Aces and Eights
Seat 4: tintin641 (button) folded before Flop (didn't bet)
Seat 5: Unipoker11 (small blind) folded before Flop
Seat 6: BumHuntKing (big blind) showed [Kd Ad] and lost with a pair of Eights (cashed out).



PokerStars Hand #254522570562:  Hold'em No Limit ($0.50/$1.00 USD) - 2025/01/23 0:17:44 WET [2025/01/23 19:17:44 ET]
Table 'Pippa IV' 6-max Seat #6 is the button
Seat 2: ptolejmus ($19.48 in chips) is sitting out
Seat 4: tintin641 ($115.37 in chips) is sitting out
Seat 5: Unipoker11 ($105.28 in chips) 
Seat 6: BumHuntKing ($101.58 in chips) 
BumHuntKing: posts small blind $0.50
ptolejmus: is sitting out 
tintin641: is sitting out 
Unipoker11: posts big blind $1
*** HOLE CARDS ***
tintin641 leaves the table
ptolejmus leaves the table
BumHuntKing: folds 
Uncalled bet ($0.50) returned to Unipoker11
Unipoker11 collected $1 from pot
Unipoker11: doesn't show hand 
*** SUMMARY ***
Total pot $1 | Rake $0 
Seat 2: ptolejmus
Seat 4: tintin641
Seat 5: Unipoker11 (big blind) collected ($1)
Seat 6: BumHuntKing (button) (small blind) folded before Flop



PokerStars Hand #254522589585:  Hold'em No Limit ($0.50/$1.00 USD) - 2025/01/23 0:19:15 WET [2025/01/23 19:19:15 ET]
Table 'Pippa IV' 6-max Seat #1 is the button
Seat 1: nastja336 ($100 in chips) 
Seat 2: easy_sarcasm ($100 in chips) 
Seat 3: andutu34 ($100 in chips) 
Seat 5: Unipoker11 ($105.78 in chips) 
Seat 6: mznhorj ($52.28 in chips) 
easy_sarcasm: posts small blind $0.50
andutu34: posts big blind $1
*** HOLE CARDS ***
Unipoker11: folds 
mznhorj: raises $2 to $3
nastja336: folds 
easy_sarcasm: calls $2.50
andutu34: calls $2
*** FLOP *** [5h 9c As]
easy_sarcasm: checks 
andutu34: checks 
mznhorj: bets $8.55
easy_sarcasm: folds 
andutu34: folds 
Uncalled bet ($8.55) returned to mznhorj
mznhorj collected $8.55 from pot
*** SUMMARY ***
Total pot $9 | Rake $0.45 
Board [5h 9c As]
Seat 1: nastja336 (button) folded before Flop (didn't bet)
Seat 2: easy_sarcasm (small blind) folded on the Flop
Seat 3: andutu34 (big blind) folded on the Flop
Seat 5: Unipoker11 folded before Flop (didn't bet)
Seat 6: mznhorj collected ($8.55)



PokerStars Hand #254522602736:  Hold'em No Limit ($0.50/$1.00 USD) - 2025/01/23 0:20:19 WET [2025/01/23 19:20:19 ET]
Table 'Pippa IV' 6-max Seat #2 is the button
Seat 1: nastja336 ($100 in chips) 
Seat 2: easy_sarcasm ($100 in chips) 
Seat 3: andutu34 ($100 in chips) 
Seat 5: Unipoker11 ($105.78 in chips) 
Seat 6: mznhorj ($57.83 in chips) 
andutu34: posts small blind $0.50
Unipoker11: posts big blind $1
*** HOLE CARDS ***
mznhorj: folds 
nastja336: folds 
easy_sarcasm: raises $1.20 to $2.20
andutu34: folds 
Unipoker11: calls $1.20
*** FLOP *** [6s 5s 9c]
Unipoker11: checks 
easy_sarcasm: checks 
*** TURN *** [6s 5s 9c] [3s]
anthonycu12 joins the table at seat #4 
anthonycu12 is disconnected 
Unipoker11: bets $1.54
easy_sarcasm: folds 
Uncalled bet ($1.54) returned to Unipoker11
Unipoker11 collected $4.66 from pot
Unipoker11: doesn't show hand 
*** SUMMARY ***
Total pot $4.90 | Rake $0.24 
Board [6s 5s 9c 3s]
Seat 1: nastja336 folded before Flop (didn't bet)
Seat 2: easy_sarcasm (button) folded on the Turn
Seat 3: andutu34 (small blind) folded before Flop
Seat 5: Unipoker11 (big blind) collected ($4.66)
Seat 6: mznhorj folded before Flop (didn't bet)



PokerStars Hand #254522611218:  Hold'em No Limit ($0.50/$1.00 USD) - 2025/01/23 0:21:01 WET [2025/01/23 19:21:01 ET]
Table 'Pippa IV' 6-max Seat #3 is the button
Seat 4: anthonycu12 ($20.20 in chips) is sitting out
Seat 1: nastja336 ($100 in chips) 
Seat 2: easy_sarcasm ($100 in chips) 
Seat 3: andutu34 ($100 in chips) 
Seat 5: Unipoker11 ($108.24 in chips) 
Seat 6: mznhorj ($57.83 in chips) 
Unipoker11: posts small blind $0.50
mznhorj: posts big blind $1
*** HOLE CARDS ***
nastja336: folds 
easy_sarcasm: raises $2 to $3
andutu34: folds 
Unipoker11: calls $2.50
mznhorj: calls $2
*** FLOP *** [Td 8h 7c]
Unipoker11: checks 
mznhorj: checks 
easy_sarcasm: bets $6.50
Unipoker11: folds 
mznhorj: folds 
Uncalled bet ($6.50) returned to easy_sarcasm
easy_sarcasm collected $8.55 from pot
*** SUMMARY ***
Total pot $9 | Rake $0.45 
Board [Td 8h 7c]
Seat 4: anthonycu12
Seat 1: nastja336 folded before Flop (didn't bet)
Seat 2: easy_sarcasm collected ($8.55)
Seat 3: andutu34 (button) folded before Flop (didn't bet)
Seat 5: Unipoker11 (small blind) folded on the Flop
Seat 6: mznhorj (big blind) folded on the Flop



PokerStars Hand #254522620222:  Hold'em No Limit ($0.50/$1.00 USD) - 2025/01/23 0:21:44 WET [2025/01/23 19:21:44 ET]
Table 'Pippa IV' 6-max Seat #5 is the button
Seat 4: anthonycu12 ($20.20 in chips) is sitting out
Seat 1: nastja336 ($100 in chips) 
Seat 2: easy_sarcasm ($105.55 in chips) 
Seat 3: andutu34 ($100 in chips) 
Seat 5: Unipoker11 ($105.24 in chips) 
Seat 6: mznhorj ($54.83 in chips) 
mznhorj: posts small blind $0.50
nastja336: posts big blind $1
anthonycu12: sits out 
*** HOLE CARDS ***
easy_sarcasm: folds 
andutu34: folds 
Unipoker11: raises $1.50 to $2.50
mznhorj: folds 
nastja336: calls $1.50
*** FLOP *** [7c Ks 7d]
nastja336: checks 
Unipoker11: bets $1.30
nastja336: folds 
Uncalled bet ($1.30) returned to Unipoker11
Unipoker11 collected $5.22 from pot
Unipoker11: doesn't show hand 
*** SUMMARY ***
Total pot $5.50 | Rake $0.28 
Board [7c Ks 7d]
Seat 4: anthonycu12
Seat 1: nastja336 (big blind) folded on the Flop
Seat 2: easy_sarcasm folded before Flop (didn't bet)
Seat 3: andutu34 folded before Flop (didn't bet)
Seat 5: Unipoker11 (button) collected ($5.22)
Seat 6: mznhorj (small blind) folded before Flop



PokerStars Hand #254522626643:  Hold'em No Limit ($0.50/$1.00 USD) - 2025/01/23 0:22:16 WET [2025/01/23 19:22:16 ET]
Table 'Pippa IV' 6-max Seat #6 is the button
Seat 4: anthonycu12 ($20.20 in chips) is sitting out
Seat 1: nastja336 ($100 in chips) 
Seat 2: easy_sarcasm ($105.55 in chips) 
Seat 3: andutu34 ($100 in chips) 
Seat 5: Unipoker11 ($107.96 in chips) 
Seat 6: mznhorj ($54.33 in chips) 
nastja336: posts small blind $0.50
easy_sarcasm: posts big blind $1
anthonycu12: sits out 
*** HOLE CARDS ***
andutu34: folds 
Unipoker11: folds 
mznhorj: folds 
nastja336: raises $2 to $3
easy_sarcasm: raises $6 to $9
nastja336: folds 
Uncalled bet ($6) returned to easy_sarcasm
easy_sarcasm collected $6 from pot
*** SUMMARY ***
Total pot $6 | Rake $0 
Seat 4: anthonycu12
Seat 1: nastja336 (small blind) folded before Flop
Seat 2: easy_sarcasm (big blind) collected ($6)
Seat 3: andutu34 folded before Flop (didn't bet)
Seat 5: Unipoker11 folded before Flop (didn't bet)
Seat 6: mznhorj (button) folded before Flop (didn't bet)



PokerStars Hand #254522630761:  Hold'em No Limit ($0.50/$1.00 USD) - 2025/01/23 0:22:36 WET [2025/01/23 19:22:36 ET]
Table 'Pippa IV' 6-max Seat #1 is the button
Seat 4: anthonycu12 ($20.20 in chips) is sitting out
Seat 1: nastja336 ($100 in chips) 
Seat 2: easy_sarcasm ($108.55 in chips) 
Seat 3: andutu34 ($100 in chips) 
Seat 5: Unipoker11 ($107.96 in chips) 
Seat 6: mznhorj ($54.33 in chips) 
easy_sarcasm: posts small blind $0.50
andutu34: posts big blind $1
anthonycu12: sits out 
*** HOLE CARDS ***
Unipoker11: raises $1 to $2
mznhorj: folds 
nastja336: folds 
easy_sarcasm: raises $9 to $11
andutu34: folds 
Unipoker11: raises $12 to $23
easy_sarcasm: folds 
Uncalled bet ($12) returned to Unipoker11
Unipoker11 collected $23 from pot
Unipoker11: doesn't show hand 
*** SUMMARY ***
Total pot $23 | Rake $0 
Seat 4: anthonycu12
Seat 1: nastja336 (button) folded before Flop (didn't bet)
Seat 2: easy_sarcasm (small blind) folded before Flop
Seat 3: andutu34 (big blind) folded before Flop
Seat 5: Unipoker11 collected ($23)
Seat 6: mznhorj folded before Flop (didn't bet)



PokerStars Hand #254522637801:  Hold'em No Limit ($0.50/$1.00 USD) - 2025/01/23 0:23:10 WET [2025/01/23 19:23:10 ET]
Table 'Pippa IV' 6-max Seat #2 is the button
Seat 1: nastja336 ($100 in chips) 
Seat 2: easy_sarcasm ($100 in chips) 
Seat 3: andutu34 ($100 in chips) 
Seat 4: anthonycu12 ($20.20 in chips) 
Seat 5: Unipoker11 ($119.96 in chips) 
Seat 6: mznhorj ($54.33 in chips) 
andutu34: posts small blind $0.50
anthonycu12: posts big blind $1
*** HOLE CARDS ***
Unipoker11: folds 
mznhorj: folds 
nastja336: folds 
easy_sarcasm: raises $1.20 to $2.20
andutu34: folds 
anthonycu12: folds 
Uncalled bet ($1.20) returned to easy_sarcasm
easy_sarcasm collected $2.50 from pot
*** SUMMARY ***
Total pot $2.50 | Rake $0 
Seat 1: nastja336 folded before Flop (didn't bet)
Seat 2: easy_sarcasm (button) collected ($2.50)
Seat 3: andutu34 (small blind) folded before Flop
Seat 4: anthonycu12 (big blind) folded before Flop
Seat 5: Unipoker11 folded before Flop (didn't bet)
Seat 6: mznhorj folded before Flop (didn't bet)



PokerStars Hand #254522641480:  Hold'em No Limit ($0.50/$1.00 USD) - 2025/01/23 0:23:29 WET [2025/01/23 19:23:29 ET]
Table 'Pippa IV' 6-max Seat #3 is the button
Seat 1: nastja336 ($100 in chips) 
Seat 2: easy_sarcasm ($101.50 in chips) 
Seat 3: andutu34 ($100 in chips) 
Seat 4: anthonycu12 ($19.20 in chips) 
Seat 5: Unipoker11 ($119.96 in chips) 
Seat 6: mznhorj ($54.33 in chips) 
anthonycu12: posts small blind $0.50
Unipoker11: posts big blind $1
*** HOLE CARDS ***
mznhorj: raises $2 to $3
nastja336: folds 
easy_sarcasm: folds 
andutu34: folds 
anthonycu12: folds 
Unipoker11: calls $2
*** FLOP *** [Ac 2h Td]
Unipoker11: checks 
mznhorj: checks 
*** TURN *** [Ac 2h Td] [4c]
Unipoker11: checks 
mznhorj: bets $6.18
Unipoker11: folds 
Uncalled bet ($6.18) returned to mznhorj
mznhorj collected $6.18 from pot
*** SUMMARY ***
Total pot $6.50 | Rake $0.32 
Board [Ac 2h Td 4c]
Seat 1: nastja336 folded before Flop (didn't bet)
Seat 2: easy_sarcasm folded before Flop (didn't bet)
Seat 3: andutu34 (button) folded before Flop (didn't bet)
Seat 4: anthonycu12 (small blind) folded before Flop
Seat 5: Unipoker11 (big blind) folded on the Turn
Seat 6: mznhorj collected ($6.18)



PokerStars Hand #254522659924:  Hold'em No Limit ($0.50/$1.00 USD) - 2025/01/23 0:24:59 WET [2025/01/23 19:24:59 ET]
Table 'Pippa IV' 6-max Seat #4 is the button
Seat 1: nastja336 ($100 in chips) 
Seat 2: easy_sarcasm ($101.50 in chips) 
Seat 3: andutu34 ($100 in chips) 
Seat 4: anthonycu12 ($18.70 in chips) 
Seat 5: Unipoker11 ($116.96 in chips) 
Seat 6: mznhorj ($57.51 in chips) 
Unipoker11: posts small blind $0.50
mznhorj: posts big blind $1
*** HOLE CARDS ***
nastja336: raises $1.50 to $2.50
easy_sarcasm: folds 
andutu34: folds 
anthonycu12: folds 
Unipoker11: calls $2
mznhorj: folds 
*** FLOP *** [Ks Js 3h]
Unipoker11: checks 
nastja336: bets $1.50
Unipoker11: calls $1.50
*** TURN *** [Ks Js 3h] [3s]
Unipoker11: checks 
nastja336: checks 
*** RIVER *** [Ks Js 3h 3s] [Td]
Unipoker11: checks 
nastja336: bets $2.82
Unipoker11: calls $2.82
*** SHOW DOWN ***
nastja336: shows [Ts Th] (a full house, Tens full of Threes)
Unipoker11: mucks hand 
nastja336 collected $13.91 from pot
*** SUMMARY ***
Total pot $14.64 | Rake $0.73 
Board [Ks Js 3h 3s Td]
Seat 1: nastja336 showed [Ts Th] and won ($13.91) with a full house, Tens full of Threes
Seat 2: easy_sarcasm folded before Flop (didn't bet)
Seat 3: andutu34 folded before Flop (didn't bet)
Seat 4: anthonycu12 (button) folded before Flop (didn't bet)
Seat 5: Unipoker11 (small blind) mucked
Seat 6: mznhorj (big blind) folded before Flop



PokerStars Hand #254522675484:  Hold'em No Limit ($0.50/$1.00 USD) - 2025/01/23 0:26:16 WET [2025/01/23 19:26:16 ET]
Table 'Pippa IV' 6-max Seat #5 is the button
Seat 1: nastja336 ($107.09 in chips) 
Seat 2: easy_sarcasm ($101.50 in chips) 
Seat 3: andutu34 ($100 in chips) 
Seat 4: anthonycu12 ($18.70 in chips) 
Seat 5: Unipoker11 ($110.14 in chips) 
Seat 6: mznhorj ($56.51 in chips) 
mznhorj: posts small blind $0.50
nastja336: posts big blind $1
*** HOLE CARDS ***
easy_sarcasm: folds 
andutu34: folds 
anthonycu12: folds 
Unipoker11: folds 
mznhorj: folds 
Uncalled bet ($0.50) returned to nastja336
nastja336 collected $1 from pot
nastja336: doesn't show hand 
*** SUMMARY ***
Total pot $1 | Rake $0 
Seat 1: nastja336 (big blind) collected ($1)
Seat 2: easy_sarcasm folded before Flop (didn't bet)
Seat 3: andutu34 folded before Flop (didn't bet)
Seat 4: anthonycu12 folded before Flop (didn't bet)
Seat 5: Unipoker11 (button) folded before Flop (didn't bet)
Seat 6: mznhorj (small blind) folded before Flop



PokerStars Hand #254522679184:  Hold'em No Limit ($0.50/$1.00 USD) - 2025/01/23 0:26:34 WET [2025/01/23 19:26:34 ET]
Table 'Pippa IV' 6-max Seat #6 is the button
Seat 1: nastja336 ($107.59 in chips) 
Seat 2: easy_sarcasm ($101.50 in chips) 
Seat 3: andutu34 ($100 in chips) 
Seat 4: anthonycu12 ($18.70 in chips) 
Seat 5: Unipoker11 ($110.14 in chips) 
Seat 6: mznhorj ($56.01 in chips) 
nastja336: posts small blind $0.50
easy_sarcasm: posts big blind $1
*** HOLE CARDS ***
andutu34: folds 
anthonycu12: folds 
Unipoker11: raises $1.30 to $2.30
mznhorj: folds 
nastja336: folds 
easy_sarcasm: calls $1.30
*** FLOP *** [3c Qd 8h]
easy_sarcasm: checks 
Unipoker11: bets $1.21
easy_sarcasm: calls $1.21
*** TURN *** [3c Qd 8h] [Jd]
easy_sarcasm: checks 
Unipoker11: checks 
*** RIVER *** [3c Qd 8h Jd] [Kd]
easy_sarcasm: checks 
Unipoker11: checks 
*** SHOW DOWN ***
easy_sarcasm: shows [Qc Tc] (a pair of Queens)
Unipoker11: mucks hand 
easy_sarcasm collected $7.14 from pot
*** SUMMARY ***
Total pot $7.52 | Rake $0.38 
Board [3c Qd 8h Jd Kd]
Seat 1: nastja336 (small blind) folded before Flop
Seat 2: easy_sarcasm (big blind) showed [Qc Tc] and won ($7.14) with a pair of Queens
Seat 3: andutu34 folded before Flop (didn't bet)
Seat 4: anthonycu12 folded before Flop (didn't bet)
Seat 5: Unipoker11 mucked
Seat 6: mznhorj (button) folded before Flop (didn't bet)



PokerStars Hand #254522687648:  Hold'em No Limit ($0.50/$1.00 USD) - 2025/01/23 0:27:15 WET [2025/01/23 19:27:15 ET]
Table 'Pippa IV' 6-max Seat #1 is the button
Seat 1: nastja336 ($107.09 in chips) 
Seat 2: easy_sarcasm ($105.13 in chips) 
Seat 3: andutu34 ($100 in chips) 
Seat 4: anthonycu12 ($18.70 in chips) 
Seat 5: Unipoker11 ($106.63 in chips) 
Seat 6: mznhorj ($56.01 in chips) 
easy_sarcasm: posts small blind $0.50
andutu34: posts big blind $1
*** HOLE CARDS ***
anthonycu12: folds 
Unipoker11: folds 
mznhorj: folds 
nastja336: folds 
easy_sarcasm: raises $2 to $3
andutu34: folds 
Uncalled bet ($2) returned to easy_sarcasm
easy_sarcasm collected $2 from pot
*** SUMMARY ***
Total pot $2 | Rake $0 
Seat 1: nastja336 (button) folded before Flop (didn't bet)
Seat 2: easy_sarcasm (small blind) collected ($2)
Seat 3: andutu34 (big blind) folded before Flop
Seat 4: anthonycu12 folded before Flop (didn't bet)
Seat 5: Unipoker11 folded before Flop (didn't bet)
Seat 6: mznhorj folded before Flop (didn't bet)



PokerStars Hand #254522692987:  Hold'em No Limit ($0.50/$1.00 USD) - 2025/01/23 0:27:42 WET [2025/01/23 19:27:42 ET]
Table 'Pippa IV' 6-max Seat #2 is the button
Seat 1: nastja336 ($107.09 in chips) 
Seat 2: easy_sarcasm ($106.13 in chips) 
Seat 3: andutu34 ($100 in chips) 
Seat 4: anthonycu12 ($18.70 in chips) 
Seat 5: Unipoker11 ($106.63 in chips) 
Seat 6: mznhorj ($56.01 in chips) 
andutu34: posts small blind $0.50
anthonycu12: posts big blind $1
*** HOLE CARDS ***
Unipoker11: folds 
mznhorj: folds 
nastja336: folds 
easy_sarcasm: raises $1.20 to $2.20
andutu34: folds 
anthonycu12: calls $1.20
*** FLOP *** [7h 8s Kc]
anthonycu12: checks 
easy_sarcasm: bets $2.33
anthonycu12: calls $2.33
*** TURN *** [7h 8s Kc] [6h]
anthonycu12: bets $2
easy_sarcasm: calls $2
*** RIVER *** [7h 8s Kc 6h] [2c]
anthonycu12: checks 
easy_sarcasm: checks 
*** SHOW DOWN ***
anthonycu12: shows [Qs 9c] (high card King)
easy_sarcasm: shows [Ah Jh] (high card Ace)
easy_sarcasm collected $12.88 from pot
*** SUMMARY ***
Total pot $13.56 | Rake $0.68 
Board [7h 8s Kc 6h 2c]
Seat 1: nastja336 folded before Flop (didn't bet)
Seat 2: easy_sarcasm (button) showed [Ah Jh] and won ($12.88) with high card Ace
Seat 3: andutu34 (small blind) folded before Flop
Seat 4: anthonycu12 (big blind) showed [Qs 9c] and lost with high card King
Seat 5: Unipoker11 folded before Flop (didn't bet)
Seat 6: mznhorj folded before Flop (didn't bet)



PokerStars Hand #254522701905:  Hold'em No Limit ($0.50/$1.00 USD) - 2025/01/23 0:28:26 WET [2025/01/23 19:28:26 ET]
Table 'Pippa IV' 6-max Seat #3 is the button
Seat 1: nastja336 ($107.09 in chips) 
Seat 2: easy_sarcasm ($112.48 in chips) 
Seat 3: andutu34 ($100 in chips) 
Seat 4: anthonycu12 ($12.17 in chips) 
Seat 5: Unipoker11 ($106.63 in chips) 
Seat 6: mznhorj ($56.01 in chips) 
anthonycu12: posts small blind $0.50
Unipoker11: posts big blind $1
*** HOLE CARDS ***
mznhorj: calls $1
nastja336: folds 
easy_sarcasm: folds 
andutu34: raises $3 to $4
anthonycu12: folds 
Unipoker11: folds 
mznhorj: calls $3
*** FLOP *** [Jc 2d 5h]
mznhorj: checks 
andutu34: bets $2.26
mznhorj: calls $2.26
*** TURN *** [Jc 2d 5h] [Ad]
mznhorj: checks 
andutu34: bets $8.79
mznhorj: folds 
Uncalled bet ($8.79) returned to andutu34
andutu34 collected $13.32 from pot
andutu34: doesn't show hand 
*** SUMMARY ***
Total pot $14.02 | Rake $0.70 
Board [Jc 2d 5h Ad]
Seat 1: nastja336 folded before Flop (didn't bet)
Seat 2: easy_sarcasm folded before Flop (didn't bet)
Seat 3: andutu34 (button) collected ($13.32)
Seat 4: anthonycu12 (small blind) folded before Flop
Seat 5: Unipoker11 (big blind) folded before Flop
Seat 6: mznhorj folded on the Turn



PokerStars Hand #254522710030:  Hold'em No Limit ($0.50/$1.00 USD) - 2025/01/23 0:29:06 WET [2025/01/23 19:29:06 ET]
Table 'Pippa IV' 6-max Seat #4 is the button
Seat 1: nastja336 ($107.09 in chips) 
Seat 2: easy_sarcasm ($112.48 in chips) 
Seat 3: andutu34 ($107.06 in chips) 
Seat 4: anthonycu12 ($11.67 in chips) 
Seat 5: Unipoker11 ($105.63 in chips) 
Seat 6: mznhorj ($49.75 in chips) 
Unipoker11: posts small blind $0.50
mznhorj: posts big blind $1
*** HOLE CARDS ***
nastja336: folds 
easy_sarcasm: folds 
andutu34: folds 
anthonycu12: folds 
Unipoker11: folds 
Uncalled bet ($0.50) returned to mznhorj
mznhorj collected $1 from pot
*** SUMMARY ***
Total pot $1 | Rake $0 
Seat 1: nastja336 folded before Flop (didn't bet)
Seat 2: easy_sarcasm folded before Flop (didn't bet)
Seat 3: andutu34 folded before Flop (didn't bet)
Seat 4: anthonycu12 (button) folded before Flop (didn't bet)
Seat 5: Unipoker11 (small blind) folded before Flop
Seat 6: mznhorj (big blind) collected ($1)



PokerStars Hand #254522714180:  Hold'em No Limit ($0.50/$1.00 USD) - 2025/01/23 0:29:27 WET [2025/01/23 19:29:27 ET]
Table 'Pippa IV' 6-max Seat #5 is the button
Seat 1: nastja336 ($107.09 in chips) 
Seat 2: easy_sarcasm ($112.48 in chips) 
Seat 3: andutu34 ($107.06 in chips) 
Seat 4: anthonycu12 ($11.67 in chips) 
Seat 5: Unipoker11 ($105.13 in chips) 
Seat 6: mznhorj ($50.25 in chips) 
mznhorj: posts small blind $0.50
nastja336: posts big blind $1
*** HOLE CARDS ***
easy_sarcasm: folds 
andutu34: folds 
anthonycu12: folds 
Unipoker11: raises $1.50 to $2.50
mznhorj: raises $3.50 to $6
nastja336: folds 
Unipoker11: folds 
Uncalled bet ($3.50) returned to mznhorj
mznhorj collected $6 from pot
*** SUMMARY ***
Total pot $6 | Rake $0 
Seat 1: nastja336 (big blind) folded before Flop
Seat 2: easy_sarcasm folded before Flop (didn't bet)
Seat 3: andutu34 folded before Flop (didn't bet)
Seat 4: anthonycu12 folded before Flop (didn't bet)
Seat 5: Unipoker11 (button) folded before Flop
Seat 6: mznhorj (small blind) collected ($6)



PokerStars Hand #254522751992:  Hold'em No Limit ($0.50/$1.00 USD) - 2025/01/23 0:32:37 WET [2025/01/23 19:32:37 ET]
Table 'Pippa IV' 6-max Seat #3 is the button
Seat 4: Cositorto ($100 in chips) is sitting out
Seat 1: nastja336 ($108.79 in chips) 
Seat 2: easy_sarcasm ($108.98 in chips) 
Seat 3: andutu34 ($105.56 in chips) 
Seat 5: Unipoker11 ($101.63 in chips) 
Seat 6: mznhorj ($67.06 in chips) 
Unipoker11: posts small blind $0.50
mznhorj: posts big blind $1
*** HOLE CARDS ***
nastja336: folds 
easy_sarcasm: folds 
andutu34: raises $1.49 to $2.49
Unipoker11: folds 
mznhorj: folds 
Uncalled bet ($1.49) returned to andutu34
andutu34 collected $2.50 from pot
andutu34: doesn't show hand 
*** SUMMARY ***
Total pot $2.50 | Rake $0 
Seat 4: Cositorto
Seat 1: nastja336 folded before Flop (didn't bet)
Seat 2: easy_sarcasm folded before Flop (didn't bet)
Seat 3: andutu34 (button) collected ($2.50)
Seat 5: Unipoker11 (small blind) folded before Flop
Seat 6: mznhorj (big blind) folded before Flop



PokerStars Hand #254522754965:  Hold'em No Limit ($0.50/$1.00 USD) - 2025/01/23 0:32:52 WET [2025/01/23 19:32:52 ET]
Table 'Pippa IV' 6-max Seat #5 is the button
Seat 4: Cositorto ($100 in chips) is sitting out
Seat 1: nastja336 ($108.79 in chips) 
Seat 2: easy_sarcasm ($108.98 in chips) 
Seat 3: andutu34 ($107.06 in chips) 
Seat 5: Unipoker11 ($101.13 in chips) 
Seat 6: mznhorj ($66.06 in chips) 
mznhorj: posts small blind $0.50
nastja336: posts big blind $1
Cositorto: sits out 
*** HOLE CARDS ***
easy_sarcasm: raises $2 to $3
andutu34: folds 
Unipoker11: folds 
mznhorj: folds 
nastja336: folds 
Uncalled bet ($2) returned to easy_sarcasm
easy_sarcasm collected $2.50 from pot
*** SUMMARY ***
Total pot $2.50 | Rake $0 
Seat 4: Cositorto
Seat 1: nastja336 (big blind) folded before Flop
Seat 2: easy_sarcasm collected ($2.50)
Seat 3: andutu34 folded before Flop (didn't bet)
Seat 5: Unipoker11 (button) folded before Flop (didn't bet)
Seat 6: mznhorj (small blind) folded before Flop



PokerStars Hand #254522758040:  Hold'em No Limit ($0.50/$1.00 USD) - 2025/01/23 0:33:08 WET [2025/01/23 19:33:08 ET]
Table 'Pippa IV' 6-max Seat #6 is the button
Seat 4: Cositorto ($100 in chips) is sitting out
Seat 1: nastja336 ($107.79 in chips) 
Seat 3: andutu34 ($107.06 in chips) 
Seat 5: Unipoker11 ($101.13 in chips) 
Seat 6: mznhorj ($65.56 in chips) 
easy_sarcasm leaves the table
nastja336: posts small blind $0.50
andutu34: posts big blind $1
Cositorto: sits out 
*** HOLE CARDS ***
Unipoker11: folds 
mznhorj: folds 
nastja336: raises $2 to $3
andutu34: raises $7 to $10
nastja336: folds 
Uncalled bet ($7) returned to andutu34
andutu34 collected $6 from pot
andutu34: doesn't show hand 
rao999 joins the table at seat #2 
*** SUMMARY ***
Total pot $6 | Rake $0 
Seat 4: Cositorto
Seat 1: nastja336 (small blind) folded before Flop
Seat 3: andutu34 (big blind) collected ($6)
Seat 5: Unipoker11 folded before Flop (didn't bet)
Seat 6: mznhorj (button) folded before Flop (didn't bet)



PokerStars Hand #254522761273:  Hold'em No Limit ($0.50/$1.00 USD) - 2025/01/23 0:33:24 WET [2025/01/23 19:33:24 ET]
Table 'Pippa IV' 6-max Seat #1 is the button
Seat 2: rao999 ($100 in chips) is sitting out
Seat 1: nastja336 ($104.79 in chips) 
Seat 3: andutu34 ($110.06 in chips) 
Seat 4: Cositorto ($100 in chips) 
Seat 5: Unipoker11 ($101.13 in chips) 
Seat 6: mznhorj ($65.56 in chips) 
andutu34: posts small blind $0.50
Cositorto: posts big blind $1
*** HOLE CARDS ***
Unipoker11: folds 
mznhorj: folds 
nastja336: raises $1.50 to $2.50
andutu34: folds 
Cositorto: calls $1.50
*** FLOP *** [Ks Qc 9d]
Cositorto: checks 
nastja336: bets $6.94
Cositorto: calls $6.94
*** TURN *** [Ks Qc 9d] [Tc]
Cositorto: checks 
nastja336: bets $24.49
Cositorto: folds 
Uncalled bet ($24.49) returned to nastja336
nastja336 collected $18.41 from pot
nastja336: doesn't show hand 
*** SUMMARY ***
Total pot $19.38 | Rake $0.97 
Board [Ks Qc 9d Tc]
Seat 2: rao999
Seat 1: nastja336 (button) collected ($18.41)
Seat 3: andutu34 (small blind) folded before Flop
Seat 4: Cositorto (big blind) folded on the Turn
Seat 5: Unipoker11 folded before Flop (didn't bet)
Seat 6: mznhorj folded before Flop (didn't bet)



PokerStars Hand #254522770326:  Hold'em No Limit ($0.50/$1.00 USD) - 2025/01/23 0:34:10 WET [2025/01/23 19:34:10 ET]
Table 'Pippa IV' 6-max Seat #3 is the button
Seat 2: rao999 ($100 in chips) is sitting out
Seat 1: nastja336 ($113.76 in chips) 
Seat 3: andutu34 ($109.56 in chips) 
Seat 4: Cositorto ($100 in chips) 
Seat 5: Unipoker11 ($101.13 in chips) 
Seat 6: mznhorj ($65.56 in chips) 
Cositorto: posts small blind $0.50
Unipoker11: posts big blind $1
rao999: sits out 
*** HOLE CARDS ***
mznhorj: folds 
nastja336: folds 
andutu34: folds 
Cositorto: raises $2 to $3
Unipoker11: calls $2
*** FLOP *** [7s Qs 6s]
Cositorto: bets $1.54
Unipoker11: folds 
Uncalled bet ($1.54) returned to Cositorto
Cositorto collected $5.70 from pot
Cositorto: doesn't show hand 
*** SUMMARY ***
Total pot $6 | Rake $0.30 
Board [7s Qs 6s]
Seat 2: rao999
Seat 1: nastja336 folded before Flop (didn't bet)
Seat 3: andutu34 (button) folded before Flop (didn't bet)
Seat 4: Cositorto (small blind) collected ($5.70)
Seat 5: Unipoker11 (big blind) folded on the Flop
Seat 6: mznhorj folded before Flop (didn't bet)



PokerStars Hand #254522776887:  Hold'em No Limit ($0.50/$1.00 USD) - 2025/01/23 0:34:43 WET [2025/01/23 19:34:43 ET]
Table 'Pippa IV' 6-max Seat #4 is the button
Seat 2: rao999 ($100 in chips) is sitting out
Seat 1: nastja336 ($113.76 in chips) 
Seat 3: andutu34 ($109.56 in chips) 
Seat 4: Cositorto ($102.70 in chips) 
Seat 5: Unipoker11 ($100 in chips) 
Seat 6: mznhorj ($65.56 in chips) 
Unipoker11: posts small blind $0.50
mznhorj: posts big blind $1
rao999: sits out 
*** HOLE CARDS ***
nastja336: folds 
andutu34: raises $1.30 to $2.30
Cositorto: folds 
Unipoker11: folds 
mznhorj: folds 
Uncalled bet ($1.30) returned to andutu34
andutu34 collected $2.50 from pot
andutu34: doesn't show hand 
*** SUMMARY ***
Total pot $2.50 | Rake $0 
Seat 2: rao999
Seat 1: nastja336 folded before Flop (didn't bet)
Seat 3: andutu34 collected ($2.50)
Seat 4: Cositorto (button) folded before Flop (didn't bet)
Seat 5: Unipoker11 (small blind) folded before Flop
Seat 6: mznhorj (big blind) folded before Flop



PokerStars Hand #254522779618:  Hold'em No Limit ($0.50/$1.00 USD) - 2025/01/23 0:34:57 WET [2025/01/23 19:34:57 ET]
Table 'Pippa IV' 6-max Seat #5 is the button
Seat 2: rao999 ($100 in chips) is sitting out
Seat 1: nastja336 ($113.76 in chips) 
Seat 3: andutu34 ($111.06 in chips) 
Seat 4: Cositorto ($102.70 in chips) 
Seat 5: Unipoker11 ($100 in chips) 
Seat 6: mznhorj ($64.56 in chips) 
mznhorj: posts small blind $0.50
nastja336: posts big blind $1
rao999: sits out 
*** HOLE CARDS ***
andutu34: raises $1 to $2
Cositorto: folds 
Unipoker11: folds 
mznhorj: folds 
nastja336: folds 
Uncalled bet ($1) returned to andutu34
andutu34 collected $2.50 from pot
andutu34: doesn't show hand 
*** SUMMARY ***
Total pot $2.50 | Rake $0 
Seat 2: rao999
Seat 1: nastja336 (big blind) folded before Flop
Seat 3: andutu34 collected ($2.50)
Seat 4: Cositorto folded before Flop (didn't bet)
Seat 5: Unipoker11 (button) folded before Flop (didn't bet)
Seat 6: mznhorj (small blind) folded before Flop



PokerStars Hand #254522782369:  Hold'em No Limit ($0.50/$1.00 USD) - 2025/01/23 0:35:11 WET [2025/01/23 19:35:11 ET]
Table 'Pippa IV' 6-max Seat #6 is the button
Seat 1: nastja336 ($112.76 in chips) 
Seat 2: rao999 ($100 in chips) 
Seat 3: andutu34 ($112.56 in chips) 
Seat 4: Cositorto ($102.70 in chips) 
Seat 5: Unipoker11 ($100 in chips) 
Seat 6: mznhorj ($64.06 in chips) 
nastja336: posts small blind $0.50
rao999: posts big blind $1
*** HOLE CARDS ***
andutu34: folds 
Cositorto: folds 
Unipoker11: folds 
mznhorj: calls $1
nastja336: folds 
rao999: checks 
*** FLOP *** [6s Ac 3c]
rao999: checks 
mznhorj: bets $3
andutu34 leaves the table
rao999: folds 
Uncalled bet ($3) returned to mznhorj
mznhorj collected $2.38 from pot
*** SUMMARY ***
Total pot $2.50 | Rake $0.12 
Board [6s Ac 3c]
Seat 1: nastja336 (small blind) folded before Flop
Seat 2: rao999 (big blind) folded on the Flop
Seat 3: andutu34 folded before Flop (didn't bet)
Seat 4: Cositorto folded before Flop (didn't bet)
Seat 5: Unipoker11 folded before Flop (didn't bet)
Seat 6: mznhorj (button) collected ($2.38)



PokerStars Hand #254522788719:  Hold'em No Limit ($0.50/$1.00 USD) - 2025/01/23 0:35:43 WET [2025/01/23 19:35:43 ET]
Table 'Pippa IV' 6-max Seat #1 is the button
Seat 1: nastja336 ($112.26 in chips) 
Seat 2: rao999 ($100 in chips) 
Seat 4: Cositorto ($102.70 in chips) 
Seat 5: Unipoker11 ($100 in chips) 
Seat 6: mznhorj ($65.44 in chips) 
rao999: posts small blind $0.50
Cositorto: posts big blind $1
*** HOLE CARDS ***
Unipoker11: folds 
mznhorj: raises $1 to $2
nastja336: folds 
rao999: raises $10 to $12
Cositorto: folds 
nikalas22 joins the table at seat #3 
mznhorj: folds 
Uncalled bet ($10) returned to rao999
rao999 collected $5 from pot
rao999: doesn't show hand 
*** SUMMARY ***
Total pot $5 | Rake $0 
Seat 1: nastja336 (button) folded before Flop (didn't bet)
Seat 2: rao999 (small blind) collected ($5)
Seat 4: Cositorto (big blind) folded before Flop
Seat 5: Unipoker11 folded before Flop (didn't bet)
Seat 6: mznhorj folded before Flop



PokerStars Hand #254522794016:  Hold'em No Limit ($0.50/$1.00 USD) - 2025/01/23 0:36:11 WET [2025/01/23 19:36:11 ET]
Table 'Pippa IV' 6-max Seat #2 is the button
Seat 3: nikalas22 ($100 in chips) is sitting out
Seat 1: nastja336 ($112.26 in chips) 
Seat 2: rao999 ($103 in chips) 
Seat 4: Cositorto ($101.70 in chips) 
Seat 5: Unipoker11 ($100 in chips) 
Seat 6: mznhorj ($63.44 in chips) 
Cositorto: posts small blind $0.50
Unipoker11: posts big blind $1
*** HOLE CARDS ***
mznhorj: folds 
nastja336: folds 
rao999: folds 
Cositorto: raises $2 to $3
Unipoker11: folds 
Uncalled bet ($2) returned to Cositorto
Cositorto collected $2 from pot
Cositorto: doesn't show hand 
*** SUMMARY ***
Total pot $2 | Rake $0 
Seat 3: nikalas22
Seat 1: nastja336 folded before Flop (didn't bet)
Seat 2: rao999 (button) folded before Flop (didn't bet)
Seat 4: Cositorto (small blind) collected ($2)
Seat 5: Unipoker11 (big blind) folded before Flop
Seat 6: mznhorj folded before Flop (didn't bet)



PokerStars Hand #254522797713:  Hold'em No Limit ($0.50/$1.00 USD) - 2025/01/23 0:36:30 WET [2025/01/23 19:36:30 ET]
Table 'Pippa IV' 6-max Seat #4 is the button
Seat 3: nikalas22 ($100 in chips) is sitting out
Seat 1: nastja336 ($112.26 in chips) 
Seat 2: rao999 ($103 in chips) 
Seat 4: Cositorto ($102.70 in chips) 
Seat 5: Unipoker11 ($100 in chips) 
Seat 6: mznhorj ($63.44 in chips) 
Unipoker11: posts small blind $0.50
mznhorj: posts big blind $1
nikalas22: sits out 
*** HOLE CARDS ***
nastja336: folds 
rao999: raises $1.50 to $2.50
Cositorto: calls $2.50
Unipoker11: folds 
mznhorj: folds 
*** FLOP *** [5s 5c 8d]
rao999: checks 
Cositorto: bets $1.67
rao999: calls $1.67
*** TURN *** [5s 5c 8d] [Th]
rao999: checks 
Cositorto: checks 
*** RIVER *** [5s 5c 8d Th] [Qd]
rao999: bets $7.01
Cositorto: folds 
Uncalled bet ($7.01) returned to rao999
rao999 collected $9.35 from pot
rao999: doesn't show hand 
*** SUMMARY ***
Total pot $9.84 | Rake $0.49 
Board [5s 5c 8d Th Qd]
Seat 3: nikalas22
Seat 1: nastja336 folded before Flop (didn't bet)
Seat 2: rao999 collected ($9.35)
Seat 4: Cositorto (button) folded on the River
Seat 5: Unipoker11 (small blind) folded before Flop
Seat 6: mznhorj (big blind) folded before Flop



PokerStars Hand #254522814372:  Hold'em No Limit ($0.50/$1.00 USD) - 2025/01/23 0:37:55 WET [2025/01/23 19:37:55 ET]
Table 'Pippa IV' 6-max Seat #5 is the button
Seat 3: nikalas22 ($100 in chips) is sitting out
Seat 1: nastja336 ($112.26 in chips) 
Seat 2: rao999 ($108.18 in chips) 
Seat 4: Cositorto ($100 in chips) 
Seat 5: Unipoker11 ($100 in chips) 
Seat 6: mznhorj ($62.44 in chips) 
mznhorj: posts small blind $0.50
nastja336: posts big blind $1
nikalas22: sits out 
*** HOLE CARDS ***
rao999: folds 
Cositorto: raises $1 to $2
Unipoker11: folds 
mznhorj: folds 
nastja336: raises $10 to $12
Cositorto: raises $15 to $27
nastja336: raises $85.26 to $112.26 and is all-in
Cositorto: calls $73 and is all-in
Uncalled bet ($12.26) returned to nastja336
*** FLOP *** [2s 8d 8h]
*** TURN *** [2s 8d 8h] [6c]
*** RIVER *** [2s 8d 8h 6c] [5h]
*** SHOW DOWN ***
nastja336: shows [Qc Qh] (two pair, Queens and Eights)
Cositorto: shows [Kc Ks] (two pair, Kings and Eights)
Cositorto collected $198 from pot
*** SUMMARY ***
Total pot $200.50 | Rake $2.50 
Board [2s 8d 8h 6c 5h]
Seat 3: nikalas22
Seat 1: nastja336 (big blind) showed [Qc Qh] and lost with two pair, Queens and Eights
Seat 2: rao999 folded before Flop (didn't bet)
Seat 4: Cositorto showed [Kc Ks] and won ($198) with two pair, Kings and Eights
Seat 5: Unipoker11 (button) folded before Flop (didn't bet)
Seat 6: mznhorj (small blind) folded before Flop



PokerStars Hand #254522824458:  Hold'em No Limit ($0.50/$1.00 USD) - 2025/01/23 0:38:46 WET [2025/01/23 19:38:46 ET]
Table 'Pippa IV' 6-max Seat #6 is the button
Seat 3: nikalas22 ($100 in chips) is sitting out
Seat 1: nastja336 ($100 in chips) 
Seat 2: rao999 ($108.18 in chips) 
Seat 4: Cositorto ($198 in chips) 
Seat 5: Unipoker11 ($100 in chips) 
Seat 6: mznhorj ($61.94 in chips) 
nastja336: posts small blind $0.50
rao999: posts big blind $1
nikalas22: sits out 
*** HOLE CARDS ***
Cositorto: folds 
Unipoker11: raises $1.30 to $2.30
mznhorj: folds 
nastja336: folds 
rao999: raises $10.70 to $13
Unipoker11: folds 
Uncalled bet ($10.70) returned to rao999
rao999 collected $5.10 from pot
rao999: doesn't show hand 
*** SUMMARY ***
Total pot $5.10 | Rake $0 
Seat 3: nikalas22
Seat 1: nastja336 (small blind) folded before Flop
Seat 2: rao999 (big blind) collected ($5.10)
Seat 4: Cositorto folded before Flop (didn't bet)
Seat 5: Unipoker11 folded before Flop
Seat 6: mznhorj (button) folded before Flop (didn't bet)



PokerStars Hand #254522831556:  Hold'em No Limit ($0.50/$1.00 USD) - 2025/01/23 0:39:23 WET [2025/01/23 19:39:23 ET]
Table 'Pippa IV' 6-max Seat #1 is the button
Seat 1: nastja336 ($100 in chips) 
Seat 2: rao999 ($110.98 in chips) 
Seat 3: nikalas22 ($100 in chips) 
Seat 4: Cositorto ($198 in chips) 
Seat 5: Unipoker11 ($100 in chips) 
Seat 6: mznhorj ($61.94 in chips) 
rao999: posts small blind $0.50
nikalas22: posts big blind $1
*** HOLE CARDS ***
Cositorto: folds 
Unipoker11: folds 
mznhorj: folds 
nastja336: raises $1.50 to $2.50
rao999: raises $9.50 to $12
nikalas22: folds 
nastja336: folds 
Uncalled bet ($9.50) returned to rao999
rao999 collected $6 from pot
rao999: doesn't show hand 
*** SUMMARY ***
Total pot $6 | Rake $0 
Seat 1: nastja336 (button) folded before Flop
Seat 2: rao999 (small blind) collected ($6)
Seat 3: nikalas22 (big blind) folded before Flop
Seat 4: Cositorto folded before Flop (didn't bet)
Seat 5: Unipoker11 folded before Flop (didn't bet)
Seat 6: mznhorj folded before Flop (didn't bet)



PokerStars Hand #254522837862:  Hold'em No Limit ($0.50/$1.00 USD) - 2025/01/23 0:39:56 WET [2025/01/23 19:39:56 ET]
Table 'Pippa IV' 6-max Seat #2 is the button
Seat 1: nastja336 ($100 in chips) 
Seat 2: rao999 ($114.48 in chips) 
Seat 3: nikalas22 ($100 in chips) 
Seat 4: Cositorto ($198 in chips) 
Seat 5: Unipoker11 ($100 in chips) 
Seat 6: mznhorj ($61.94 in chips) 
nikalas22: posts small blind $0.50
Cositorto: posts big blind $1
*** HOLE CARDS ***
Unipoker11: folds 
mznhorj: folds 
nastja336: raises $1.50 to $2.50
rao999: folds 
nikalas22: folds 
Cositorto: folds 
Uncalled bet ($1.50) returned to nastja336
nastja336 collected $2.50 from pot
nastja336: doesn't show hand 
*** SUMMARY ***
Total pot $2.50 | Rake $0 
Seat 1: nastja336 collected ($2.50)
Seat 2: rao999 (button) folded before Flop (didn't bet)
Seat 3: nikalas22 (small blind) folded before Flop
Seat 4: Cositorto (big blind) folded before Flop
Seat 5: Unipoker11 folded before Flop (didn't bet)
Seat 6: mznhorj folded before Flop (didn't bet)



PokerStars Hand #254522842734:  Hold'em No Limit ($0.50/$1.00 USD) - 2025/01/23 0:40:21 WET [2025/01/23 19:40:21 ET]
Table 'Pippa IV' 6-max Seat #3 is the button
Seat 1: nastja336 ($101.50 in chips) 
Seat 2: rao999 ($114.48 in chips) 
Seat 3: nikalas22 ($100 in chips) 
Seat 4: Cositorto ($197 in chips) 
Seat 5: Unipoker11 ($100 in chips) 
Seat 6: mznhorj ($61.94 in chips) 
Cositorto: posts small blind $0.50
Unipoker11: posts big blind $1
*** HOLE CARDS ***
mznhorj: calls $1
nastja336: folds 
rao999: folds 
nikalas22: folds 
Cositorto: folds 
Unipoker11: checks 
*** FLOP *** [Jc 8c Kd]
Unipoker11: checks 
mznhorj: checks 
*** TURN *** [Jc 8c Kd] [Js]
Unipoker11: checks 
mznhorj: checks 
*** RIVER *** [Jc 8c Kd Js] [4h]
Unipoker11: checks 
mznhorj: checks 
*** SHOW DOWN ***
Unipoker11: shows [Qd 6d] (a pair of Jacks)
mznhorj: shows [9d Ac] (a pair of Jacks - Ace kicker)
mznhorj collected $2.38 from pot
*** SUMMARY ***
Total pot $2.50 | Rake $0.12 
Board [Jc 8c Kd Js 4h]
Seat 1: nastja336 folded before Flop (didn't bet)
Seat 2: rao999 folded before Flop (didn't bet)
Seat 3: nikalas22 (button) folded before Flop (didn't bet)
Seat 4: Cositorto (small blind) folded before Flop
Seat 5: Unipoker11 (big blind) showed [Qd 6d] and lost with a pair of Jacks
Seat 6: mznhorj showed [9d Ac] and won ($2.38) with a pair of Jacks



PokerStars Hand #254522850357:  Hold'em No Limit ($0.50/$1.00 USD) - 2025/01/23 0:41:01 WET [2025/01/23 19:41:01 ET]
Table 'Pippa IV' 6-max Seat #4 is the button
Seat 1: nastja336 ($101.50 in chips) 
Seat 2: rao999 ($114.48 in chips) 
Seat 3: nikalas22 ($100 in chips) 
Seat 4: Cositorto ($196.50 in chips) 
Seat 5: Unipoker11 ($100 in chips) 
Seat 6: mznhorj ($63.32 in chips) 
Unipoker11: posts small blind $0.50
mznhorj: posts big blind $1
*** HOLE CARDS ***
nastja336: raises $1.50 to $2.50
rao999: folds 
nikalas22: folds 
Cositorto: folds 
Unipoker11: folds 
mznhorj: calls $1.50
*** FLOP *** [Js Ks 5s]
mznhorj: checks 
nastja336: checks 
*** TURN *** [Js Ks 5s] [4c]
mznhorj: checks 
nastja336: bets $1.72
mznhorj: raises $1.72 to $3.44
nastja336: folds 
Uncalled bet ($1.72) returned to mznhorj
mznhorj collected $8.49 from pot
*** SUMMARY ***
Total pot $8.94 | Rake $0.45 
Board [Js Ks 5s 4c]
Seat 1: nastja336 folded on the Turn
Seat 2: rao999 folded before Flop (didn't bet)
Seat 3: nikalas22 folded before Flop (didn't bet)
Seat 4: Cositorto (button) folded before Flop (didn't bet)
Seat 5: Unipoker11 (small blind) folded before Flop
Seat 6: mznhorj (big blind) collected ($8.49)



PokerStars Hand #254522859318:  Hold'em No Limit ($0.50/$1.00 USD) - 2025/01/23 0:41:48 WET [2025/01/23 19:41:48 ET]
Table 'Pippa IV' 6-max Seat #5 is the button
Seat 1: nastja336 ($100 in chips) is sitting out
Seat 2: rao999 ($114.48 in chips) 
Seat 3: nikalas22 ($100 in chips) 
Seat 4: Cositorto ($196.50 in chips) 
Seat 5: Unipoker11 ($100 in chips) 
Seat 6: mznhorj ($67.59 in chips) 
mznhorj: posts small blind $0.50
nastja336: is sitting out 
rao999: posts big blind $1
*** HOLE CARDS ***
nastja336 leaves the table
nikalas22: folds 
Cositorto: folds 
Unipoker11: folds 
mznhorj: calls $0.50
rao999: checks 
*** FLOP *** [Qh 6s Tc]
BumHuntKing joins the table at seat #1 
nikalas22 leaves the table
mznhorj: checks 
BGS013 joins the table at seat #3 
rao999: bets $1
mznhorj: calls $1
*** TURN *** [Qh 6s Tc] [Js]
mznhorj: bets $1.90
rao999: folds 
Uncalled bet ($1.90) returned to mznhorj
mznhorj collected $3.80 from pot
*** SUMMARY ***
Total pot $4 | Rake $0.20 
Board [Qh 6s Tc Js]
Seat 1: nastja336
Seat 2: rao999 (big blind) folded on the Turn
Seat 3: nikalas22 folded before Flop (didn't bet)
Seat 4: Cositorto folded before Flop (didn't bet)
Seat 5: Unipoker11 (button) folded before Flop (didn't bet)
Seat 6: mznhorj (small blind) collected ($3.80)



PokerStars Hand #254522868080:  Hold'em No Limit ($0.50/$1.00 USD) - 2025/01/23 0:42:34 WET [2025/01/23 19:42:34 ET]
Table 'Pippa IV' 6-max Seat #6 is the button
Seat 1: BumHuntKing ($101.08 in chips) is sitting out
Seat 2: rao999 ($112.48 in chips) 
Seat 3: BGS013 ($100 in chips) 
Seat 4: Cositorto ($196.50 in chips) 
Seat 5: Unipoker11 ($100 in chips) 
Seat 6: mznhorj ($69.39 in chips) 
rao999: posts small blind $0.50
BGS013: posts big blind $1
*** HOLE CARDS ***
Cositorto: folds 
Unipoker11: folds 
mznhorj: folds 
rao999: raises $2 to $3
BGS013: raises $6.50 to $9.50
rao999: calls $6.50
*** FLOP *** [6s 7h 8h]
rao999: checks 
BGS013: checks 
*** TURN *** [6s 7h 8h] [3c]
rao999: bets $9.50
BGS013: folds 
Uncalled bet ($9.50) returned to rao999
rao999 collected $18.05 from pot
rao999: doesn't show hand 
*** SUMMARY ***
Total pot $19 | Rake $0.95 
Board [6s 7h 8h 3c]
Seat 1: BumHuntKing
Seat 2: rao999 (small blind) collected ($18.05)
Seat 3: BGS013 (big blind) folded on the Turn
Seat 4: Cositorto folded before Flop (didn't bet)
Seat 5: Unipoker11 folded before Flop (didn't bet)
Seat 6: mznhorj (button) folded before Flop (didn't bet)



PokerStars Hand #254522886686:  Hold'em No Limit ($0.50/$1.00 USD) - 2025/01/23 0:44:11 WET [2025/01/23 19:44:11 ET]
Table 'Pippa IV' 6-max Seat #2 is the button
Seat 1: BumHuntKing ($101.08 in chips) is sitting out
Seat 2: rao999 ($121.03 in chips) 
Seat 3: BGS013 ($100 in chips) 
Seat 4: Cositorto ($196.50 in chips) 
Seat 5: Unipoker11 ($100 in chips) 
Seat 6: mznhorj ($69.39 in chips) 
BGS013: posts small blind $0.50
Cositorto: posts big blind $1
BumHuntKing: sits out 
*** HOLE CARDS ***
Unipoker11: folds 
mznhorj: folds 
rao999: folds 
BGS013: raises $2 to $3
Cositorto: folds 
Uncalled bet ($2) returned to BGS013
BGS013 collected $2 from pot
BGS013: doesn't show hand 
*** SUMMARY ***
Total pot $2 | Rake $0 
Seat 1: BumHuntKing
Seat 2: rao999 (button) folded before Flop (didn't bet)
Seat 3: BGS013 (small blind) collected ($2)
Seat 4: Cositorto (big blind) folded before Flop
Seat 5: Unipoker11 folded before Flop (didn't bet)
Seat 6: mznhorj folded before Flop (didn't bet)



PokerStars Hand #254522889597:  Hold'em No Limit ($0.50/$1.00 USD) - 2025/01/23 0:44:26 WET [2025/01/23 19:44:26 ET]
Table 'Pippa IV' 6-max Seat #3 is the button
Seat 1: BumHuntKing ($101.08 in chips) is sitting out
Seat 2: rao999 ($121.03 in chips) 
Seat 3: BGS013 ($101 in chips) 
Seat 4: Cositorto ($195.50 in chips) 
Seat 5: Unipoker11 ($100 in chips) 
Seat 6: mznhorj ($69.39 in chips) 
Cositorto: posts small blind $0.50
Unipoker11: posts big blind $1
BumHuntKing: sits out 
*** HOLE CARDS ***
mznhorj: folds 
rao999: folds 
BGS013: raises $1.50 to $2.50
Cositorto: folds 
Unipoker11: folds 
Uncalled bet ($1.50) returned to BGS013
BGS013 collected $2.50 from pot
BGS013: doesn't show hand 
*** SUMMARY ***
Total pot $2.50 | Rake $0 
Seat 1: BumHuntKing
Seat 2: rao999 folded before Flop (didn't bet)
Seat 3: BGS013 (button) collected ($2.50)
Seat 4: Cositorto (small blind) folded before Flop
Seat 5: Unipoker11 (big blind) folded before Flop
Seat 6: mznhorj folded before Flop (didn't bet)



PokerStars Hand #254522893794:  Hold'em No Limit ($0.50/$1.00 USD) - 2025/01/23 0:44:48 WET [2025/01/23 19:44:48 ET]
Table 'Pippa IV' 6-max Seat #4 is the button
Seat 1: BumHuntKing ($101.08 in chips) is sitting out
Seat 2: rao999 ($121.03 in chips) 
Seat 3: BGS013 ($102.50 in chips) 
Seat 4: Cositorto ($195 in chips) 
Seat 5: Unipoker11 ($100 in chips) 
Seat 6: mznhorj ($69.39 in chips) 
Unipoker11: posts small blind $0.50
mznhorj: posts big blind $1
BumHuntKing: sits out 
*** HOLE CARDS ***
rao999: folds 
BGS013: folds 
Cositorto: folds 
Unipoker11: folds 
Uncalled bet ($0.50) returned to mznhorj
mznhorj collected $1 from pot
*** SUMMARY ***
Total pot $1 | Rake $0 
Seat 1: BumHuntKing
Seat 2: rao999 folded before Flop (didn't bet)
Seat 3: BGS013 folded before Flop (didn't bet)
Seat 4: Cositorto (button) folded before Flop (didn't bet)
Seat 5: Unipoker11 (small blind) folded before Flop
Seat 6: mznhorj (big blind) collected ($1)



PokerStars Hand #254522896565:  Hold'em No Limit ($0.50/$1.00 USD) - 2025/01/23 0:45:03 WET [2025/01/23 19:45:03 ET]
Table 'Pippa IV' 6-max Seat #5 is the button
Seat 1: BumHuntKing ($101.08 in chips) 
Seat 2: rao999 ($121.03 in chips) 
Seat 3: BGS013 ($102.50 in chips) 
Seat 4: Cositorto ($195 in chips) 
Seat 5: Unipoker11 ($100 in chips) 
Seat 6: mznhorj ($69.89 in chips) 
mznhorj: posts small blind $0.50
BumHuntKing: posts big blind $1
*** HOLE CARDS ***
rao999: folds 
BGS013: folds 
Cositorto: folds 
Unipoker11: raises $1.50 to $2.50
mznhorj: calls $2
BumHuntKing: folds 
*** FLOP *** [Td Kh 4s]
mznhorj: bets $2.85
Unipoker11: folds 
Uncalled bet ($2.85) returned to mznhorj
mznhorj collected $5.70 from pot
*** SUMMARY ***
Total pot $6 | Rake $0.30 
Board [Td Kh 4s]
Seat 1: BumHuntKing (big blind) folded before Flop
Seat 2: rao999 folded before Flop (didn't bet)
Seat 3: BGS013 folded before Flop (didn't bet)
Seat 4: Cositorto folded before Flop (didn't bet)
Seat 5: Unipoker11 (button) folded on the Flop
Seat 6: mznhorj (small blind) collected ($5.70)



PokerStars Hand #254522904323:  Hold'em No Limit ($0.50/$1.00 USD) - 2025/01/23 0:45:44 WET [2025/01/23 19:45:44 ET]
Table 'Pippa IV' 6-max Seat #6 is the button
Seat 1: BumHuntKing ($100.08 in chips) 
Seat 2: rao999 ($121.03 in chips) 
Seat 3: BGS013 ($102.50 in chips) 
Seat 4: Cositorto ($195 in chips) 
Seat 5: Unipoker11 ($100 in chips) 
Seat 6: mznhorj ($73.09 in chips) 
BumHuntKing: posts small blind $0.50
rao999: posts big blind $1
*** HOLE CARDS ***
BGS013: folds 
Cositorto: folds 
Unipoker11: raises $1.30 to $2.30
mznhorj: calls $2.30
BumHuntKing: folds 
rao999: calls $1.30
*** FLOP *** [4h Kh Jc]
rao999: checks 
Unipoker11: checks 
mznhorj: checks 
*** TURN *** [4h Kh Jc] [7c]
rao999: checks 
Unipoker11: checks 
mznhorj: checks 
*** RIVER *** [4h Kh Jc 7c] [6h]
rao999: checks 
Unipoker11: bets $5.27
mznhorj: folds 
rao999: folds 
Uncalled bet ($5.27) returned to Unipoker11
Unipoker11 collected $7.03 from pot
Unipoker11: doesn't show hand 
*** SUMMARY ***
Total pot $7.40 | Rake $0.37 
Board [4h Kh Jc 7c 6h]
Seat 1: BumHuntKing (small blind) folded before Flop
Seat 2: rao999 (big blind) folded on the River
Seat 3: BGS013 folded before Flop (didn't bet)
Seat 4: Cositorto folded before Flop (didn't bet)
Seat 5: Unipoker11 collected ($7.03)
Seat 6: mznhorj (button) folded on the River



PokerStars Hand #254522918786:  Hold'em No Limit ($0.50/$1.00 USD) - 2025/01/23 0:47:00 WET [2025/01/23 19:47:00 ET]
Table 'Pippa IV' 6-max Seat #1 is the button
Seat 1: BumHuntKing ($100 in chips) 
Seat 2: rao999 ($118.73 in chips) 
Seat 3: BGS013 ($102.50 in chips) 
Seat 4: Cositorto ($195 in chips) 
Seat 5: Unipoker11 ($104.73 in chips) 
Seat 6: mznhorj ($70.79 in chips) 
rao999: posts small blind $0.50
BGS013: posts big blind $1
*** HOLE CARDS ***
Cositorto: folds 
Unipoker11: folds 
mznhorj: calls $1
BumHuntKing: folds 
rao999: raises $3.50 to $4.50
BGS013: folds 
mznhorj: calls $3.50
*** FLOP *** [3h 7c 9c]
rao999: checks 
mznhorj: bets $4.75
rao999: calls $4.75
*** TURN *** [3h 7c 9c] [Jd]
rao999: checks 
mznhorj: bets $1
rao999: calls $1
*** RIVER *** [3h 7c 9c Jd] [3d]
rao999: checks 
mznhorj: checks 
*** SHOW DOWN ***
rao999: shows [Jh Qh] (two pair, Jacks and Threes)
mznhorj: mucks hand 
rao999 collected $20.42 from pot
*** SUMMARY ***
Total pot $21.50 | Rake $1.08 
Board [3h 7c 9c Jd 3d]
Seat 1: BumHuntKing (button) folded before Flop (didn't bet)
Seat 2: rao999 (small blind) showed [Jh Qh] and won ($20.42) with two pair, Jacks and Threes
Seat 3: BGS013 (big blind) folded before Flop
Seat 4: Cositorto folded before Flop (didn't bet)
Seat 5: Unipoker11 folded before Flop (didn't bet)
Seat 6: mznhorj mucked



PokerStars Hand #254522933431:  Hold'em No Limit ($0.50/$1.00 USD) - 2025/01/23 0:48:17 WET [2025/01/23 19:48:17 ET]
Table 'Pippa IV' 6-max Seat #2 is the button
Seat 1: BumHuntKing ($100 in chips) 
Seat 2: rao999 ($128.90 in chips) 
Seat 3: BGS013 ($101.50 in chips) 
Seat 4: Cositorto ($195 in chips) 
Seat 5: Unipoker11 ($104.73 in chips) 
Seat 6: mznhorj ($60.54 in chips) 
BGS013: posts small blind $0.50
Cositorto: posts big blind $1
*** HOLE CARDS ***
Unipoker11: folds 
mznhorj: raises $1 to $2
BumHuntKing: folds 
rao999: folds 
BGS013: folds 
Cositorto: folds 
Uncalled bet ($1) returned to mznhorj
mznhorj collected $2.50 from pot
*** SUMMARY ***
Total pot $2.50 | Rake $0 
Seat 1: BumHuntKing folded before Flop (didn't bet)
Seat 2: rao999 (button) folded before Flop (didn't bet)
Seat 3: BGS013 (small blind) folded before Flop
Seat 4: Cositorto (big blind) folded before Flop
Seat 5: Unipoker11 folded before Flop (didn't bet)
Seat 6: mznhorj collected ($2.50)



PokerStars Hand #254522937030:  Hold'em No Limit ($0.50/$1.00 USD) - 2025/01/23 0:48:37 WET [2025/01/23 19:48:37 ET]
Table 'Pippa IV' 6-max Seat #3 is the button
Seat 1: BumHuntKing ($100 in chips) 
Seat 2: rao999 ($128.90 in chips) 
Seat 3: BGS013 ($101 in chips) 
Seat 4: Cositorto ($194 in chips) 
Seat 5: Unipoker11 ($104.73 in chips) 
Seat 6: mznhorj ($62.04 in chips) 
Cositorto: posts small blind $0.50
Unipoker11: posts big blind $1
*** HOLE CARDS ***
mznhorj: calls $1
BumHuntKing: folds 
rao999: raises $2.50 to $3.50
BGS013: folds 
Cositorto: folds 
Unipoker11: folds 
mznhorj: folds 
Uncalled bet ($2.50) returned to rao999
rao999 collected $3.50 from pot
rao999: doesn't show hand 
*** SUMMARY ***
Total pot $3.50 | Rake $0 
Seat 1: BumHuntKing folded before Flop (didn't bet)
Seat 2: rao999 collected ($3.50)
Seat 3: BGS013 (button) folded before Flop (didn't bet)
Seat 4: Cositorto (small blind) folded before Flop
Seat 5: Unipoker11 (big blind) folded before Flop
Seat 6: mznhorj folded before Flop



PokerStars Hand #254522941612:  Hold'em No Limit ($0.50/$1.00 USD) - 2025/01/23 0:49:01 WET [2025/01/23 19:49:01 ET]
Table 'Pippa IV' 6-max Seat #4 is the button
Seat 1: BumHuntKing ($100 in chips) 
Seat 2: rao999 ($131.40 in chips) 
Seat 3: BGS013 ($101 in chips) 
Seat 4: Cositorto ($193.50 in chips) 
Seat 5: Unipoker11 ($103.73 in chips) 
Seat 6: mznhorj ($61.04 in chips) 
Unipoker11: posts small blind $0.50
mznhorj: posts big blind $1
*** HOLE CARDS ***
BumHuntKing: raises $1.20 to $2.20
rao999: folds 
BGS013: folds 
Cositorto: calls $2.20
Unipoker11: folds 
mznhorj: calls $1.20
*** FLOP *** [5c 7c 7d]
mznhorj: checks 
BumHuntKing: checks 
Cositorto: bets $1.82
mznhorj: raises $5.19 to $7.01
BumHuntKing: folds 
Cositorto: calls $5.19
*** TURN *** [5c 7c 7d] [8s]
mznhorj: bets $6.03
Cositorto: calls $6.03
*** RIVER *** [5c 7c 7d 8s] [Ac]
mznhorj: checks 
Cositorto: bets $11.50
mznhorj: folds 
Uncalled bet ($11.50) returned to Cositorto
Cositorto collected $31.52 from pot
Cositorto: doesn't show hand 
*** SUMMARY ***
Total pot $33.18 | Rake $1.66 
Board [5c 7c 7d 8s Ac]
Seat 1: BumHuntKing folded on the Flop
Seat 2: rao999 folded before Flop (didn't bet)
Seat 3: BGS013 folded before Flop (didn't bet)
Seat 4: Cositorto (button) collected ($31.52)
Seat 5: Unipoker11 (small blind) folded before Flop
Seat 6: mznhorj (big blind) folded on the River



PokerStars Hand #254522963156:  Hold'em No Limit ($0.50/$1.00 USD) - 2025/01/23 0:50:58 WET [2025/01/23 19:50:58 ET]
Table 'Pippa IV' 6-max Seat #5 is the button
Seat 1: BumHuntKing ($100 in chips) 
Seat 2: rao999 ($131.40 in chips) 
Seat 3: BGS013 ($101 in chips) 
Seat 4: Cositorto ($209.78 in chips) 
Seat 5: Unipoker11 ($103.23 in chips) 
Seat 6: mznhorj ($45.80 in chips) 
mznhorj: posts small blind $0.50
BumHuntKing: posts big blind $1
*** HOLE CARDS ***
rao999: folds 
BGS013: folds 
Cositorto: raises $1 to $2
Unipoker11: folds 
mznhorj: folds 
BumHuntKing: folds 
Uncalled bet ($1) returned to Cositorto
Cositorto collected $2.50 from pot
Cositorto: doesn't show hand 
*** SUMMARY ***
Total pot $2.50 | Rake $0 
Seat 1: BumHuntKing (big blind) folded before Flop
Seat 2: rao999 folded before Flop (didn't bet)
Seat 3: BGS013 folded before Flop (didn't bet)
Seat 4: Cositorto collected ($2.50)
Seat 5: Unipoker11 (button) folded before Flop (didn't bet)
Seat 6: mznhorj (small blind) folded before Flop



PokerStars Hand #254522965599:  Hold'em No Limit ($0.50/$1.00 USD) - 2025/01/23 0:51:12 WET [2025/01/23 19:51:12 ET]
Table 'Pippa IV' 6-max Seat #6 is the button
Seat 1: BumHuntKing ($100 in chips) 
Seat 2: rao999 ($131.40 in chips) 
Seat 3: BGS013 ($101 in chips) 
Seat 4: Cositorto ($211.28 in chips) 
Seat 5: Unipoker11 ($103.23 in chips) 
Seat 6: mznhorj ($45.30 in chips) 
BumHuntKing: posts small blind $0.50
rao999: posts big blind $1
*** HOLE CARDS ***
BGS013: folds 
Cositorto: folds 
Unipoker11: folds 
mznhorj: folds 
BumHuntKing: raises $2 to $3
rao999: calls $2
*** FLOP *** [3h 9h Kh]
BumHuntKing: checks 
Unipoker11 leaves the table
ptolejmus joins the table at seat #5 
rao999: checks 
*** TURN *** [3h 9h Kh] [5h]
BumHuntKing: bets $1.88
rao999: calls $1.88
*** RIVER *** [3h 9h Kh 5h] [5d]
BumHuntKing: bets $3.06
rao999: calls $3.06
*** SHOW DOWN ***
BumHuntKing: shows [9c Jh] (a flush, King high)
rao999: mucks hand 
BumHuntKing collected $15.09 from pot
*** SUMMARY ***
Total pot $15.88 | Rake $0.79 
Board [3h 9h Kh 5h 5d]
Seat 1: BumHuntKing (small blind) showed [9c Jh] and won ($15.09) with a flush, King high
Seat 2: rao999 (big blind) mucked
Seat 3: BGS013 folded before Flop (didn't bet)
Seat 4: Cositorto folded before Flop (didn't bet)
Seat 5: Unipoker11 folded before Flop (didn't bet)
Seat 6: mznhorj (button) folded before Flop (didn't bet)



PokerStars Hand #254522977688:  Hold'em No Limit ($0.50/$1.00 USD) - 2025/01/23 0:52:17 WET [2025/01/23 19:52:17 ET]
Table 'Pippa IV' 6-max Seat #1 is the button
Seat 5: ptolejmus ($19.48 in chips) is sitting out
Seat 1: BumHuntKing ($107.15 in chips) 
Seat 2: rao999 ($123.46 in chips) 
Seat 3: BGS013 ($101 in chips) 
Seat 4: Cositorto ($211.28 in chips) 
Seat 6: mznhorj ($45.30 in chips) 
rao999: posts small blind $0.50
BGS013: posts big blind $1
ptolejmus: sits out 
*** HOLE CARDS ***
Cositorto: raises $1 to $2
mznhorj: folds 
BumHuntKing: folds 
rao999: folds 
BGS013: folds 
Uncalled bet ($1) returned to Cositorto
Cositorto collected $2.50 from pot
Cositorto: doesn't show hand 
*** SUMMARY ***
Total pot $2.50 | Rake $0 
Seat 5: ptolejmus
Seat 1: BumHuntKing (button) folded before Flop (didn't bet)
Seat 2: rao999 (small blind) folded before Flop
Seat 3: BGS013 (big blind) folded before Flop
Seat 4: Cositorto collected ($2.50)
Seat 6: mznhorj folded before Flop (didn't bet)



PokerStars Hand #254522983238:  Hold'em No Limit ($0.50/$1.00 USD) - 2025/01/23 0:52:47 WET [2025/01/23 19:52:47 ET]
Table 'Pippa IV' 6-max Seat #2 is the button
Seat 4: Cositorto ($212.78 in chips) is sitting out
Seat 1: BumHuntKing ($107.15 in chips) 
Seat 2: rao999 ($122.96 in chips) 
Seat 3: BGS013 ($100 in chips) 
Seat 5: ptolejmus ($19.48 in chips) 
Seat 6: mznhorj ($45.30 in chips) 
BGS013: posts small blind $0.50
Cositorto: is sitting out 
ptolejmus: posts big blind $1
*** HOLE CARDS ***
Cositorto leaves the table
Mr_Dick666 joins the table at seat #4 
mznhorj has timed out
mznhorj: folds 
BumHuntKing: folds 
rao999: folds 
BGS013: raises $23.50 to $24.50
ptolejmus: folds 
Uncalled bet ($23.50) returned to BGS013
BGS013 collected $2 from pot
BGS013: doesn't show hand 
*** SUMMARY ***
Total pot $2 | Rake $0 
Seat 4: Cositorto
Seat 1: BumHuntKing folded before Flop (didn't bet)
Seat 2: rao999 (button) folded before Flop (didn't bet)
Seat 3: BGS013 (small blind) collected ($2)
Seat 5: ptolejmus (big blind) folded before Flop
Seat 6: mznhorj folded before Flop (didn't bet)



PokerStars Hand #254522991920:  Hold'em No Limit ($0.50/$1.00 USD) - 2025/01/23 0:53:34 WET [2025/01/23 19:53:34 ET]
Table 'Pippa IV' 6-max Seat #3 is the button
Seat 4: Mr_Dick666 ($100 in chips) is sitting out
Seat 1: BumHuntKing ($107.15 in chips) 
Seat 2: rao999 ($122.96 in chips) 
Seat 3: BGS013 ($101 in chips) 
Seat 5: ptolejmus ($19.48 in chips) 
Seat 6: mznhorj ($45.30 in chips) 
ptolejmus: posts small blind $0.50
mznhorj: posts big blind $1
*** HOLE CARDS ***
BumHuntKing: folds 
rao999: folds 
BGS013: raises $1.50 to $2.50
ptolejmus: folds 
mznhorj: folds 
Uncalled bet ($1.50) returned to BGS013
mznhorj leaves the table
BGS013 collected $2.50 from pot
BGS013: doesn't show hand 
*** SUMMARY ***
Total pot $2.50 | Rake $0 
Seat 4: Mr_Dick666
Seat 1: BumHuntKing folded before Flop (didn't bet)
Seat 2: rao999 folded before Flop (didn't bet)
Seat 3: BGS013 (button) collected ($2.50)
Seat 5: ptolejmus (small blind) folded before Flop
Seat 6: mznhorj (big blind) folded before Flop



PokerStars Hand #254522996173:  Hold'em No Limit ($0.50/$1.00 USD) - 2025/01/23 0:53:58 WET [2025/01/23 19:53:58 ET]
Table 'Pippa IV' 6-max Seat #5 is the button
Seat 4: Mr_Dick666 ($100 in chips) is sitting out
Seat 1: BumHuntKing ($107.15 in chips) 
Seat 2: rao999 ($122.96 in chips) 
Seat 3: BGS013 ($102.50 in chips) 
Seat 5: ptolejmus ($19.48 in chips) 
BumHuntKing: posts small blind $0.50
rao999: posts big blind $1
Mr_Dick666: sits out 
*** HOLE CARDS ***
BGS013: folds 
BGS013 leaves the table
ptolejmus: raises $1 to $2
BumHuntKing: raises $9 to $11
rao999: folds 
ptolejmus: folds 
Uncalled bet ($9) returned to BumHuntKing
BumHuntKing collected $5 from pot
BumHuntKing: doesn't show hand 
*** SUMMARY ***
Total pot $5 | Rake $0 
Seat 4: Mr_Dick666
Seat 1: BumHuntKing (small blind) collected ($5)
Seat 2: rao999 (big blind) folded before Flop
Seat 3: BGS013 folded before Flop (didn't bet)
Seat 5: ptolejmus (button) folded before Flop



PokerStars Hand #254523006002:  Hold'em No Limit ($0.50/$1.00 USD) - 2025/01/23 0:54:52 WET [2025/01/23 19:54:52 ET]
Table 'Pippa IV' 6-max Seat #1 is the button
Seat 1: BumHuntKing ($110.15 in chips) 
Seat 2: rao999 ($121.96 in chips) 
Seat 4: Mr_Dick666 ($100 in chips) 
Seat 5: ptolejmus ($19.48 in chips) 
rao999: posts small blind $0.50
Mr_Dick666: posts big blind $1
*** HOLE CARDS ***
ptolejmus: raises $1 to $2
BumHuntKing: folds 
rao999: raises $10 to $12
Mr_Dick666: folds 
ptolejmus: folds 
Uncalled bet ($10) returned to rao999
rao999 collected $5 from pot
rao999: doesn't show hand 
*** SUMMARY ***
Total pot $5 | Rake $0 
Seat 1: BumHuntKing (button) folded before Flop (didn't bet)
Seat 2: rao999 (small blind) collected ($5)
Seat 4: Mr_Dick666 (big blind) folded before Flop
Seat 5: ptolejmus folded before Flop



PokerStars Hand #254523029949:  Hold'em No Limit ($0.50/$1.00 USD) - 2025/01/23 0:57:31 WET [2025/01/23 19:57:31 ET]
Table 'Pippa IV' 6-max Seat #2 is the button
Seat 2: Xenicide ($100 in chips) 
Seat 4: Mr_Dick666 ($100 in chips) 
Seat 6: nikalas22 ($100 in chips) 
Mr_Dick666: posts small blind $0.50
nikalas22: posts big blind $1
*** HOLE CARDS ***
Xenicide: raises $1.25 to $2.25
Mr_Dick666: folds 
nikalas22: calls $1.25
*** FLOP *** [Ad 9d Td]
nikalas22: checks 
Xenicide: bets $1.19
nikalas22: calls $1.19
*** TURN *** [Ad 9d Td] [Jd]
nikalas22: checks 
Xenicide: bets $2.17
nikalas22: calls $2.17
*** RIVER *** [Ad 9d Td Jd] [Qc]
nikalas22: checks 
Xenicide: bets $14
nikalas22: folds 
Uncalled bet ($14) returned to Xenicide
Xenicide collected $11.13 from pot
*** SUMMARY ***
Total pot $11.72 | Rake $0.59 
Board [Ad 9d Td Jd Qc]
Seat 2: Xenicide (button) collected ($11.13)
Seat 4: Mr_Dick666 (small blind) folded before Flop
Seat 6: nikalas22 (big blind) folded on the River



PokerStars Hand #254523039374:  Hold'em No Limit ($0.50/$1.00 USD) - 2025/01/23 0:58:34 WET [2025/01/23 19:58:34 ET]
Table 'Pippa IV' 6-max Seat #4 is the button
Seat 2: Xenicide ($105.52 in chips) 
Seat 4: Mr_Dick666 ($100 in chips) 
Seat 6: nikalas22 ($100 in chips) 
nikalas22: posts small blind $0.50
Xenicide: posts big blind $1
*** HOLE CARDS ***
Mr_Dick666: folds 
nikalas22: folds 
Uncalled bet ($0.50) returned to Xenicide
Xenicide collected $1 from pot
*** SUMMARY ***
Total pot $1 | Rake $0 
Seat 2: Xenicide (big blind) collected ($1)
Seat 4: Mr_Dick666 (button) folded before Flop (didn't bet)
Seat 6: nikalas22 (small blind) folded before Flop



PokerStars Hand #254523040795:  Hold'em No Limit ($0.50/$1.00 USD) - 2025/01/23 0:58:43 WET [2025/01/23 19:58:43 ET]
Table 'Pippa IV' 6-max Seat #2 is the button
Seat 4: Mr_Dick666 ($100 in chips) is sitting out
Seat 2: Xenicide ($106.02 in chips) 
Seat 6: nikalas22 ($100 in chips) 
Xenicide: posts small blind $0.50
Mr_Dick666: is sitting out 
nikalas22: posts big blind $1
*** HOLE CARDS ***
Mr_Dick666 leaves the table
Xenicide: raises $1.25 to $2.25
nikalas22: calls $1.25
*** FLOP *** [2c Qh 3h]
nikalas22: checks 
Xenicide: bets $1.07
nikalas22: calls $1.07
*** TURN *** [2c Qh 3h] [7s]
nikalas22: checks 
Xenicide: bets $6.31
nikalas22: calls $6.31
*** RIVER *** [2c Qh 3h 7s] [Ah]
nikalas22: checks 
Xenicide: bets $22.88
nikalas22: folds 
Uncalled bet ($22.88) returned to Xenicide
Xenicide collected $18.30 from pot
*** SUMMARY ***
Total pot $19.26 | Rake $0.96 
Board [2c Qh 3h 7s Ah]
Seat 4: Mr_Dick666
Seat 2: Xenicide (button) (small blind) collected ($18.30)
Seat 6: nikalas22 (big blind) folded on the River



PokerStars Hand #254523049730:  Hold'em No Limit ($0.50/$1.00 USD) - 2025/01/23 0:59:43 WET [2025/01/23 19:59:43 ET]
Table 'Pippa IV' 6-max Seat #6 is the button
Seat 2: Xenicide ($114.69 in chips) 
Seat 6: nikalas22 ($100 in chips) 
nikalas22: posts small blind $0.50
Xenicide: posts big blind $1
*** HOLE CARDS ***
nikalas22: folds 
Uncalled bet ($0.50) returned to Xenicide
Xenicide collected $1 from pot
*** SUMMARY ***
Total pot $1 | Rake $0 
Seat 2: Xenicide (big blind) collected ($1)
Seat 6: nikalas22 (button) (small blind) folded before Flop



PokerStars Hand #254523052992:  Hold'em No Limit ($0.50/$1.00 USD) - 2025/01/23 1:00:04 WET [2025/01/23 20:00:04 ET]
Table 'Pippa IV' 6-max Seat #2 is the button
Seat 2: Xenicide ($115.19 in chips) 
Seat 4: Aleqseuka ($100 in chips) 
Seat 6: nikalas22 ($100 in chips) 
Aleqseuka: posts small blind $0.50
nikalas22: posts big blind $1
*** HOLE CARDS ***
Xenicide: raises $1.25 to $2.25
Aleqseuka: folds 
nikalas22: folds 
Uncalled bet ($1.25) returned to Xenicide
Xenicide collected $2.50 from pot
*** SUMMARY ***
Total pot $2.50 | Rake $0 
Seat 2: Xenicide (button) collected ($2.50)
Seat 4: Aleqseuka (small blind) folded before Flop
Seat 6: nikalas22 (big blind) folded before Flop



PokerStars Hand #254523055929:  Hold'em No Limit ($0.50/$1.00 USD) - 2025/01/23 1:00:23 WET [2025/01/23 20:00:23 ET]
Table 'Pippa IV' 6-max Seat #4 is the button
Seat 2: Xenicide ($116.69 in chips) 
Seat 4: Aleqseuka ($100 in chips) 
Seat 6: nikalas22 ($100 in chips) 
nikalas22: posts small blind $0.50
Xenicide: posts big blind $1
*** HOLE CARDS ***
Aleqseuka: folds 
nikalas22: raises $2 to $3
Xenicide: raises $6 to $9
nikalas22: folds 
Uncalled bet ($6) returned to Xenicide
Xenicide collected $6 from pot
*** SUMMARY ***
Total pot $6 | Rake $0 
Seat 2: Xenicide (big blind) collected ($6)
Seat 4: Aleqseuka (button) folded before Flop (didn't bet)
Seat 6: nikalas22 (small blind) folded before Flop



PokerStars Hand #254523061294:  Hold'em No Limit ($0.50/$1.00 USD) - 2025/01/23 1:00:56 WET [2025/01/23 20:00:56 ET]
Table 'Pippa IV' 6-max Seat #6 is the button
Seat 2: Xenicide ($119.69 in chips) 
Seat 4: Aleqseuka ($100 in chips) 
Seat 6: nikalas22 ($100 in chips) 
Xenicide: posts small blind $0.50
Aleqseuka: posts big blind $1
*** HOLE CARDS ***
nikalas22: folds 
Xenicide: raises $2.50 to $3.50
Aleqseuka: folds 
Uncalled bet ($2.50) returned to Xenicide
Xenicide collected $2 from pot
*** SUMMARY ***
Total pot $2 | Rake $0 
Seat 2: Xenicide (small blind) collected ($2)
Seat 4: Aleqseuka (big blind) folded before Flop
Seat 6: nikalas22 (button) folded before Flop (didn't bet)



PokerStars Hand #254523064871:  Hold'em No Limit ($0.50/$1.00 USD) - 2025/01/23 1:01:16 WET [2025/01/23 20:01:16 ET]
Table 'Pippa IV' 6-max Seat #2 is the button
Seat 2: Xenicide ($120.69 in chips) 
Seat 4: Aleqseuka ($100 in chips) 
Seat 6: nikalas22 ($100 in chips) 
Aleqseuka: posts small blind $0.50
nikalas22: posts big blind $1
*** HOLE CARDS ***
Xenicide: folds 
Aleqseuka: folds 
Uncalled bet ($0.50) returned to nikalas22
halsinki1 joins the table at seat #5 
nikalas22 collected $1 from pot
nikalas22: doesn't show hand 
halsinki1 is disconnected 
Espada Fish joins the table at seat #1 
*** SUMMARY ***
Total pot $1 | Rake $0 
Seat 2: Xenicide (button) folded before Flop (didn't bet)
Seat 4: Aleqseuka (small blind) folded before Flop
Seat 6: nikalas22 (big blind) collected ($1)



PokerStars Hand #254523066947:  Hold'em No Limit ($0.50/$1.00 USD) - 2025/01/23 1:01:27 WET [2025/01/23 20:01:27 ET]
Table 'Pippa IV' 6-max Seat #4 is the button
Seat 5: halsinki1 ($46.34 in chips) is sitting out
Seat 1: Espada Fish ($103.77 in chips) 
Seat 2: Xenicide ($120.69 in chips) 
Seat 4: Aleqseuka ($100 in chips) 
Seat 6: nikalas22 ($100.50 in chips) 
nikalas22: posts small blind $0.50
Espada Fish: posts big blind $1
*** HOLE CARDS ***
Manifestorr joins the table at seat #3 
Xenicide: folds 
Aleqseuka: raises $1.50 to $2.50
nikalas22: raises $9.50 to $12
Espada Fish: folds 
Aleqseuka: folds 
Uncalled bet ($9.50) returned to nikalas22
nikalas22 collected $6 from pot
nikalas22: doesn't show hand 
*** SUMMARY ***
Total pot $6 | Rake $0 
Seat 5: halsinki1
Seat 1: Espada Fish (big blind) folded before Flop
Seat 2: Xenicide folded before Flop (didn't bet)
Seat 4: Aleqseuka (button) folded before Flop
Seat 6: nikalas22 (small blind) collected ($6)



PokerStars Hand #254523071627:  Hold'em No Limit ($0.50/$1.00 USD) - 2025/01/23 1:01:54 WET [2025/01/23 20:01:54 ET]
Table 'Pippa IV' 6-max Seat #6 is the button
Seat 3: Manifestorr ($100 in chips) is sitting out
Seat 5: halsinki1 ($46.34 in chips) is sitting out
Seat 1: Espada Fish ($102.77 in chips) 
Seat 2: Xenicide ($120.69 in chips) 
Seat 4: Aleqseuka ($100 in chips) 
Seat 6: nikalas22 ($104 in chips) 
Espada Fish: posts small blind $0.50
Xenicide: posts big blind $1
Manifestorr: sits out 
halsinki1: sits out 
*** HOLE CARDS ***
Aleqseuka: raises $1.50 to $2.50
nikalas22: folds 
Espada Fish: folds 
Xenicide: folds 
Uncalled bet ($1.50) returned to Aleqseuka
Aleqseuka collected $2.50 from pot
Aleqseuka: doesn't show hand 
*** SUMMARY ***
Total pot $2.50 | Rake $0 
Seat 3: Manifestorr
Seat 5: halsinki1
Seat 1: Espada Fish (small blind) folded before Flop
Seat 2: Xenicide (big blind) folded before Flop
Seat 4: Aleqseuka collected ($2.50)
Seat 6: nikalas22 (button) folded before Flop (didn't bet)



PokerStars Hand #254523075489:  Hold'em No Limit ($0.50/$1.00 USD) - 2025/01/23 1:02:15 WET [2025/01/23 20:02:15 ET]
Table 'Pippa IV' 6-max Seat #1 is the button
Seat 5: halsinki1 ($46.34 in chips) is sitting out
Seat 1: Espada Fish ($102.27 in chips) 
Seat 2: Xenicide ($119.69 in chips) 
Seat 3: Manifestorr ($100 in chips) 
Seat 4: Aleqseuka ($101.50 in chips) 
Seat 6: nikalas22 ($104 in chips) 
Xenicide: posts small blind $0.50
Manifestorr: posts big blind $1
halsinki1: sits out 
*** HOLE CARDS ***
Aleqseuka: folds 
nikalas22: folds 
Espada Fish: raises $1.50 to $2.50
Xenicide: folds 
Manifestorr: calls $1.50
*** FLOP *** [5h 3h Ah]
Manifestorr: checks 
Espada Fish: checks 
*** TURN *** [5h 3h Ah] [7c]
Manifestorr: checks 
Espada Fish: bets $1.72
Manifestorr: raises $4.28 to $6
Espada Fish: calls $4.28
*** RIVER *** [5h 3h Ah 7c] [2s]
Manifestorr: checks 
Espada Fish: checks 
*** SHOW DOWN ***
Manifestorr: shows [8c 5c] (a pair of Fives)
Espada Fish: shows [6d Ad] (a pair of Aces)
Espada Fish collected $16.62 from pot
*** SUMMARY ***
Total pot $17.50 | Rake $0.88 
Board [5h 3h Ah 7c 2s]
Seat 5: halsinki1
Seat 1: Espada Fish (button) showed [6d Ad] and won ($16.62) with a pair of Aces
Seat 2: Xenicide (small blind) folded before Flop
Seat 3: Manifestorr (big blind) showed [8c 5c] and lost with a pair of Fives
Seat 4: Aleqseuka folded before Flop (didn't bet)
Seat 6: nikalas22 folded before Flop (didn't bet)



PokerStars Hand #254523090477:  Hold'em No Limit ($0.50/$1.00 USD) - 2025/01/23 1:03:38 WET [2025/01/23 20:03:38 ET]
Table 'Pippa IV' 6-max Seat #2 is the button
Seat 5: halsinki1 ($46.34 in chips) is sitting out
Seat 1: Espada Fish ($110.39 in chips) 
Seat 2: Xenicide ($119.19 in chips) 
Seat 3: Manifestorr ($100 in chips) 
Seat 4: Aleqseuka ($101.50 in chips) 
Seat 6: nikalas22 ($104 in chips) 
Manifestorr: posts small blind $0.50
Aleqseuka: posts big blind $1
halsinki1: sits out 
*** HOLE CARDS ***
nikalas22: folds 
Espada Fish: folds 
Xenicide: folds 
Manifestorr: folds 
Uncalled bet ($0.50) returned to Aleqseuka
Aleqseuka collected $1 from pot
Aleqseuka: doesn't show hand 
*** SUMMARY ***
Total pot $1 | Rake $0 
Seat 5: halsinki1
Seat 1: Espada Fish folded before Flop (didn't bet)
Seat 2: Xenicide (button) folded before Flop (didn't bet)
Seat 3: Manifestorr (small blind) folded before Flop
Seat 4: Aleqseuka (big blind) collected ($1)
Seat 6: nikalas22 folded before Flop (didn't bet)



PokerStars Hand #254523093649:  Hold'em No Limit ($0.50/$1.00 USD) - 2025/01/23 1:03:55 WET [2025/01/23 20:03:55 ET]
Table 'Pippa IV' 6-max Seat #3 is the button
Seat 1: Espada Fish ($110.39 in chips) 
Seat 2: Xenicide ($119.19 in chips) 
Seat 3: Manifestorr ($100 in chips) 
Seat 4: Aleqseuka ($102 in chips) 
Seat 5: halsinki1 ($46.34 in chips) 
Seat 6: nikalas22 ($104 in chips) 
Aleqseuka: posts small blind $0.50
halsinki1: posts big blind $1
*** HOLE CARDS ***
nikalas22: folds 
Espada Fish: folds 
Xenicide: folds 
Manifestorr: raises $1.20 to $2.20
Aleqseuka: raises $9.80 to $12
halsinki1: folds 
Manifestorr: folds 
Uncalled bet ($9.80) returned to Aleqseuka
Aleqseuka collected $5.40 from pot
Aleqseuka: doesn't show hand 
*** SUMMARY ***
Total pot $5.40 | Rake $0 
Seat 1: Espada Fish folded before Flop (didn't bet)
Seat 2: Xenicide folded before Flop (didn't bet)
Seat 3: Manifestorr (button) folded before Flop
Seat 4: Aleqseuka (small blind) collected ($5.40)
Seat 5: halsinki1 (big blind) folded before Flop
Seat 6: nikalas22 folded before Flop (didn't bet)



PokerStars Hand #254523100357:  Hold'em No Limit ($0.50/$1.00 USD) - 2025/01/23 1:04:32 WET [2025/01/23 20:04:32 ET]
Table 'Pippa IV' 6-max Seat #4 is the button
Seat 1: Espada Fish ($110.39 in chips) 
Seat 2: Xenicide ($119.19 in chips) 
Seat 3: Manifestorr ($100 in chips) 
Seat 4: Aleqseuka ($105.20 in chips) 
Seat 5: halsinki1 ($45.34 in chips) 
Seat 6: nikalas22 ($104 in chips) 
halsinki1: posts small blind $0.50
nikalas22: posts big blind $1
*** HOLE CARDS ***
Espada Fish: folds 
Xenicide: folds 
Manifestorr: folds 
Aleqseuka: folds 
halsinki1: folds 
Uncalled bet ($0.50) returned to nikalas22
nikalas22 collected $1 from pot
nikalas22: doesn't show hand 
*** SUMMARY ***
Total pot $1 | Rake $0 
Seat 1: Espada Fish folded before Flop (didn't bet)
Seat 2: Xenicide folded before Flop (didn't bet)
Seat 3: Manifestorr folded before Flop (didn't bet)
Seat 4: Aleqseuka (button) folded before Flop (didn't bet)
Seat 5: halsinki1 (small blind) folded before Flop
Seat 6: nikalas22 (big blind) collected ($1)



PokerStars Hand #254523103297:  Hold'em No Limit ($0.50/$1.00 USD) - 2025/01/23 1:04:49 WET [2025/01/23 20:04:49 ET]
Table 'Pippa IV' 6-max Seat #5 is the button
Seat 1: Espada Fish ($110.39 in chips) 
Seat 2: Xenicide ($119.19 in chips) 
Seat 3: Manifestorr ($100 in chips) 
Seat 4: Aleqseuka ($105.20 in chips) 
Seat 5: halsinki1 ($44.84 in chips) 
Seat 6: nikalas22 ($104.50 in chips) 
nikalas22: posts small blind $0.50
Espada Fish: posts big blind $1
*** HOLE CARDS ***
Xenicide: folds 
Manifestorr: raises $1.20 to $2.20
Aleqseuka: folds 
halsinki1: calls $2.20
nikalas22: folds 
Espada Fish: folds 
*** FLOP *** [Kd 3s Jc]
Manifestorr: checks 
halsinki1: bets $2
Manifestorr: folds 
Uncalled bet ($2) returned to halsinki1
halsinki1 collected $5.60 from pot
*** SUMMARY ***
Total pot $5.90 | Rake $0.30 
Board [Kd 3s Jc]
Seat 1: Espada Fish (big blind) folded before Flop
Seat 2: Xenicide folded before Flop (didn't bet)
Seat 3: Manifestorr folded on the Flop
Seat 4: Aleqseuka folded before Flop (didn't bet)
Seat 5: halsinki1 (button) collected ($5.60)
Seat 6: nikalas22 (small blind) folded before Flop



PokerStars Hand #254523109884:  Hold'em No Limit ($0.50/$1.00 USD) - 2025/01/23 1:05:26 WET [2025/01/23 20:05:26 ET]
Table 'Pippa IV' 6-max Seat #6 is the button
Seat 1: Espada Fish ($109.39 in chips) 
Seat 2: Xenicide ($119.19 in chips) 
Seat 3: Manifestorr ($100 in chips) 
Seat 4: Aleqseuka ($105.20 in chips) 
Seat 5: halsinki1 ($48.24 in chips) 
Seat 6: nikalas22 ($104 in chips) 
Espada Fish: posts small blind $0.50
Xenicide: posts big blind $1
*** HOLE CARDS ***
Manifestorr: folds 
Aleqseuka: folds 
halsinki1: raises $3 to $4
nikalas22: folds 
Espada Fish: folds 
Xenicide: folds 
Uncalled bet ($3) returned to halsinki1
halsinki1 collected $2.50 from pot
*** SUMMARY ***
Total pot $2.50 | Rake $0 
Seat 1: Espada Fish (small blind) folded before Flop
Seat 2: Xenicide (big blind) folded before Flop
Seat 3: Manifestorr folded before Flop (didn't bet)
Seat 4: Aleqseuka folded before Flop (didn't bet)
Seat 5: halsinki1 collected ($2.50)
Seat 6: nikalas22 (button) folded before Flop (didn't bet)



PokerStars Hand #254523114165:  Hold'em No Limit ($0.50/$1.00 USD) - 2025/01/23 1:05:49 WET [2025/01/23 20:05:49 ET]
Table 'Pippa IV' 6-max Seat #1 is the button
Seat 1: Espada Fish ($108.89 in chips) 
Seat 2: Xenicide ($118.19 in chips) 
Seat 3: Manifestorr ($100 in chips) 
Seat 4: Aleqseuka ($105.20 in chips) 
Seat 5: halsinki1 ($49.74 in chips) 
Seat 6: nikalas22 ($104 in chips) 
Xenicide: posts small blind $0.50
Manifestorr: posts big blind $1
*** HOLE CARDS ***
Aleqseuka: raises $1.35 to $2.35
halsinki1: calls $2.35
nikalas22: folds 
Espada Fish: folds 
Xenicide: folds 
Manifestorr: calls $1.35
*** FLOP *** [5s Kh 4d]
Manifestorr: checks 
Aleqseuka: checks 
halsinki1: checks 
*** TURN *** [5s Kh 4d] [9c]
Manifestorr: bets $9.68
Aleqseuka: calls $9.68
halsinki1: folds 
*** RIVER *** [5s Kh 4d 9c] [7s]
Manifestorr: checks 
Aleqseuka: checks 
*** SHOW DOWN ***
Manifestorr: shows [3s 2s] (high card King)
Aleqseuka: shows [8s Ks] (a pair of Kings)
Aleqseuka collected $25.56 from pot
*** SUMMARY ***
Total pot $26.91 | Rake $1.35 
Board [5s Kh 4d 9c 7s]
Seat 1: Espada Fish (button) folded before Flop (didn't bet)
Seat 2: Xenicide (small blind) folded before Flop
Seat 3: Manifestorr (big blind) showed [3s 2s] and lost with high card King
Seat 4: Aleqseuka showed [8s Ks] and won ($25.56) with a pair of Kings
Seat 5: halsinki1 folded on the Turn
Seat 6: nikalas22 folded before Flop (didn't bet)



PokerStars Hand #254523126474:  Hold'em No Limit ($0.50/$1.00 USD) - 2025/01/23 1:06:58 WET [2025/01/23 20:06:58 ET]
Table 'Pippa IV' 6-max Seat #2 is the button
Seat 4: Aleqseuka ($118.73 in chips) is sitting out
Seat 1: Espada Fish ($108.89 in chips) 
Seat 2: Xenicide ($117.69 in chips) 
Seat 3: Manifestorr ($100 in chips) 
Seat 5: halsinki1 ($47.39 in chips) 
Seat 6: nikalas22 ($104 in chips) 
Manifestorr: posts small blind $0.50
halsinki1: posts big blind $1
*** HOLE CARDS ***
nikalas22: folds 
Espada Fish: raises $1.20 to $2.20
Xenicide: folds 
Manifestorr: raises $8.80 to $11
halsinki1: calls $10
Espada Fish: raises $97.89 to $108.89 and is all-in
Manifestorr: calls $89 and is all-in
halsinki1: folds 
Uncalled bet ($8.89) returned to Espada Fish
*** FLOP *** [5s 8s 4c]
*** TURN *** [5s 8s 4c] [Td]
*** RIVER *** [5s 8s 4c Td] [Qs]
*** SHOW DOWN ***
Manifestorr: shows [Jh Jd] (a pair of Jacks)
Espada Fish: shows [Qc Qd] (three of a kind, Queens)
Espada Fish cashed out the hand for $167.47 | Cash Out Fee $3.42
*** SUMMARY ***
Total pot $211 | Rake $2.50 
Board [5s 8s 4c Td Qs]
Seat 4: Aleqseuka
Seat 1: Espada Fish showed [Qc Qd] and won ($208.50) with three of a kind, Queens (pot not awarded as player cashed out)
Seat 2: Xenicide (button) folded before Flop (didn't bet)
Seat 3: Manifestorr (small blind) showed [Jh Jd] and lost with a pair of Jacks
Seat 5: halsinki1 (big blind) folded before Flop
Seat 6: nikalas22 folded before Flop (didn't bet)



PokerStars Hand #254523144066:  Hold'em No Limit ($0.50/$1.00 USD) - 2025/01/23 1:08:37 WET [2025/01/23 20:08:37 ET]
Table 'Pippa IV' 6-max Seat #3 is the button
Seat 4: Aleqseuka ($118.73 in chips) is sitting out
Seat 1: Espada Fish ($176.36 in chips) 
Seat 2: Xenicide ($117.69 in chips) 
Seat 3: Manifestorr ($100 in chips) 
Seat 5: halsinki1 ($36.39 in chips) 
Seat 6: nikalas22 ($104 in chips) 
halsinki1: posts small blind $0.50
nikalas22: posts big blind $1
*** HOLE CARDS ***
Espada Fish: folds 
Xenicide: folds 
Manifestorr: folds 
halsinki1: calls $0.50
nikalas22: checks 
*** FLOP *** [4d Ac 7d]
halsinki1: checks 
nikalas22: checks 
*** TURN *** [4d Ac 7d] [Kc]
halsinki1: checks 
nikalas22: checks 
*** RIVER *** [4d Ac 7d Kc] [Kh]
halsinki1: checks 
nikalas22: bets $1
halsinki1: raises $2 to $3
nikalas22: folds 
Uncalled bet ($2) returned to halsinki1
halsinki1 collected $3.80 from pot
*** SUMMARY ***
Total pot $4 | Rake $0.20 
Board [4d Ac 7d Kc Kh]
Seat 4: Aleqseuka
Seat 1: Espada Fish folded before Flop (didn't bet)
Seat 2: Xenicide folded before Flop (didn't bet)
Seat 3: Manifestorr (button) folded before Flop (didn't bet)
Seat 5: halsinki1 (small blind) collected ($3.80)
Seat 6: nikalas22 (big blind) folded on the River



PokerStars Hand #254523151257:  Hold'em No Limit ($0.50/$1.00 USD) - 2025/01/23 1:09:17 WET [2025/01/23 20:09:17 ET]
Table 'Pippa IV' 6-max Seat #5 is the button
Seat 4: Aleqseuka ($118.73 in chips) is sitting out
Seat 1: Espada Fish ($176.36 in chips) 
Seat 2: Xenicide ($117.69 in chips) 
Seat 3: Manifestorr ($100 in chips) 
Seat 5: halsinki1 ($38.19 in chips) 
Seat 6: nikalas22 ($102 in chips) 
nikalas22: posts small blind $0.50
Espada Fish: posts big blind $1
*** HOLE CARDS ***
Xenicide: folds 
Manifestorr: raises $1.20 to $2.20
halsinki1: calls $2.20
nikalas22: folds 
Espada Fish: folds 
*** FLOP *** [9h 6s As]
Manifestorr: checks 
halsinki1: bets $3
Manifestorr: folds 
Uncalled bet ($3) returned to halsinki1
halsinki1 collected $5.60 from pot
*** SUMMARY ***
Total pot $5.90 | Rake $0.30 
Board [9h 6s As]
Seat 4: Aleqseuka
Seat 1: Espada Fish (big blind) folded before Flop
Seat 2: Xenicide folded before Flop (didn't bet)
Seat 3: Manifestorr folded on the Flop
Seat 5: halsinki1 (button) collected ($5.60)
Seat 6: nikalas22 (small blind) folded before Flop



PokerStars Hand #254523157298:  Hold'em No Limit ($0.50/$1.00 USD) - 2025/01/23 1:09:50 WET [2025/01/23 20:09:50 ET]
Table 'Pippa IV' 6-max Seat #6 is the button
Seat 4: Aleqseuka ($118.73 in chips) is sitting out
Seat 1: Espada Fish ($175.36 in chips) 
Seat 2: Xenicide ($117.69 in chips) 
Seat 3: Manifestorr ($100 in chips) 
Seat 5: halsinki1 ($41.59 in chips) 
Seat 6: nikalas22 ($101.50 in chips) 
Espada Fish: posts small blind $0.50
Xenicide: posts big blind $1
*** HOLE CARDS ***
Manifestorr: raises $1.20 to $2.20
halsinki1: folds 
nikalas22: folds 
Espada Fish: folds 
Xenicide: folds 
Uncalled bet ($1.20) returned to Manifestorr
Manifestorr collected $2.50 from pot
*** SUMMARY ***
Total pot $2.50 | Rake $0 
Seat 4: Aleqseuka
Seat 1: Espada Fish (small blind) folded before Flop
Seat 2: Xenicide (big blind) folded before Flop
Seat 3: Manifestorr collected ($2.50)
Seat 5: halsinki1 folded before Flop (didn't bet)
Seat 6: nikalas22 (button) folded before Flop (didn't bet)



PokerStars Hand #254523159876:  Hold'em No Limit ($0.50/$1.00 USD) - 2025/01/23 1:10:05 WET [2025/01/23 20:10:05 ET]
Table 'Pippa IV' 6-max Seat #1 is the button
Seat 4: Aleqseuka ($118.73 in chips) is sitting out
Seat 1: Espada Fish ($174.86 in chips) 
Seat 2: Xenicide ($116.69 in chips) 
Seat 3: Manifestorr ($101.50 in chips) 
Seat 5: halsinki1 ($41.59 in chips) 
Seat 6: nikalas22 ($101.50 in chips) 
Xenicide: posts small blind $0.50
Manifestorr: posts big blind $1
*** HOLE CARDS ***
halsinki1: folds 
nikalas22: folds 
Espada Fish: raises $1.50 to $2.50
Xenicide: folds 
Manifestorr: folds 
Uncalled bet ($1.50) returned to Espada Fish
Espada Fish collected $2.50 from pot
Espada Fish: doesn't show hand 
*** SUMMARY ***
Total pot $2.50 | Rake $0 
Seat 4: Aleqseuka
Seat 1: Espada Fish (button) collected ($2.50)
Seat 2: Xenicide (small blind) folded before Flop
Seat 3: Manifestorr (big blind) folded before Flop
Seat 5: halsinki1 folded before Flop (didn't bet)
Seat 6: nikalas22 folded before Flop (didn't bet)



PokerStars Hand #254523162693:  Hold'em No Limit ($0.50/$1.00 USD) - 2025/01/23 1:10:21 WET [2025/01/23 20:10:21 ET]
Table 'Pippa IV' 6-max Seat #2 is the button
Seat 4: Aleqseuka ($118.73 in chips) is sitting out
Seat 1: Espada Fish ($176.36 in chips) 
Seat 2: Xenicide ($116.19 in chips) 
Seat 3: Manifestorr ($100.50 in chips) 
Seat 5: halsinki1 ($41.59 in chips) 
Seat 6: nikalas22 ($101.50 in chips) 
Manifestorr: posts small blind $0.50
halsinki1: posts big blind $1
*** HOLE CARDS ***
nikalas22: folds 
Espada Fish: folds 
Xenicide: folds 
Manifestorr: folds 
Uncalled bet ($0.50) returned to halsinki1
halsinki1 collected $1 from pot
*** SUMMARY ***
Total pot $1 | Rake $0 
Seat 4: Aleqseuka
Seat 1: Espada Fish folded before Flop (didn't bet)
Seat 2: Xenicide (button) folded before Flop (didn't bet)
Seat 3: Manifestorr (small blind) folded before Flop
Seat 5: halsinki1 (big blind) collected ($1)
Seat 6: nikalas22 folded before Flop (didn't bet)



PokerStars Hand #254523165245:  Hold'em No Limit ($0.50/$1.00 USD) - 2025/01/23 1:10:35 WET [2025/01/23 20:10:35 ET]
Table 'Pippa IV' 6-max Seat #3 is the button
Seat 4: Aleqseuka ($118.73 in chips) is sitting out
Seat 1: Espada Fish ($176.36 in chips) 
Seat 2: Xenicide ($116.19 in chips) 
Seat 3: Manifestorr ($100 in chips) 
Seat 5: halsinki1 ($42.09 in chips) 
Seat 6: nikalas22 ($101.50 in chips) 
halsinki1: posts small blind $0.50
nikalas22: posts big blind $1
*** HOLE CARDS ***
Espada Fish: folds 
Xenicide: raises $1 to $2
Manifestorr: raises $4.50 to $6.50
halsinki1: folds 
nikalas22: folds 
Xenicide: folds 
Uncalled bet ($4.50) returned to Manifestorr
Manifestorr collected $5.50 from pot
*** SUMMARY ***
Total pot $5.50 | Rake $0 
Seat 4: Aleqseuka
Seat 1: Espada Fish folded before Flop (didn't bet)
Seat 2: Xenicide folded before Flop
Seat 3: Manifestorr (button) collected ($5.50)
Seat 5: halsinki1 (small blind) folded before Flop
Seat 6: nikalas22 (big blind) folded before Flop



PokerStars Hand #254523169609:  Hold'em No Limit ($0.50/$1.00 USD) - 2025/01/23 1:11:00 WET [2025/01/23 20:11:00 ET]
Table 'Pippa IV' 6-max Seat #5 is the button
Seat 4: Aleqseuka ($118.73 in chips) is sitting out
Seat 1: Espada Fish ($176.36 in chips) 
Seat 2: Xenicide ($114.19 in chips) 
Seat 3: Manifestorr ($103.50 in chips) 
Seat 5: halsinki1 ($41.59 in chips) 
Seat 6: nikalas22 ($100.50 in chips) 
nikalas22: posts small blind $0.50
Espada Fish: posts big blind $1
*** HOLE CARDS ***
Xenicide: raises $1 to $2
Manifestorr: folds 
halsinki1: folds 
nikalas22: folds 
Espada Fish: folds 
Uncalled bet ($1) returned to Xenicide
Xenicide collected $2.50 from pot
*** SUMMARY ***
Total pot $2.50 | Rake $0 
Seat 4: Aleqseuka
Seat 1: Espada Fish (big blind) folded before Flop
Seat 2: Xenicide collected ($2.50)
Seat 3: Manifestorr folded before Flop (didn't bet)
Seat 5: halsinki1 (button) folded before Flop (didn't bet)
Seat 6: nikalas22 (small blind) folded before Flop



PokerStars Hand #254523172280:  Hold'em No Limit ($0.50/$1.00 USD) - 2025/01/23 1:11:15 WET [2025/01/23 20:11:15 ET]
Table 'Pippa IV' 6-max Seat #6 is the button
Seat 4: Aleqseuka ($118.73 in chips) is sitting out
Seat 1: Espada Fish ($175.36 in chips) 
Seat 2: Xenicide ($115.69 in chips) 
Seat 3: Manifestorr ($103.50 in chips) 
Seat 5: halsinki1 ($41.59 in chips) 
Seat 6: nikalas22 ($100 in chips) 
Espada Fish: posts small blind $0.50
Xenicide: posts big blind $1
*** HOLE CARDS ***
Manifestorr: folds 
halsinki1: calls $1
nikalas22: folds 
Espada Fish: raises $3 to $4
Xenicide: raises $7 to $11
halsinki1: calls $10
Espada Fish: raises $164.36 to $175.36 and is all-in
Xenicide: folds 
halsinki1: calls $30.59 and is all-in
Uncalled bet ($133.77) returned to Espada Fish
*** FLOP *** [5c 8c Ks]
*** TURN *** [5c 8c Ks] [3c]
*** RIVER *** [5c 8c Ks 3c] [6h]
*** SHOW DOWN ***
Espada Fish: shows [Ac Kc] (a flush, Ace high)
halsinki1: shows [2d 2h] (a pair of Deuces)
Espada Fish cashed out the hand for $45 | Cash Out Fee $0.92
*** SUMMARY ***
Total pot $94.18 | Rake $2.50 
Board [5c 8c Ks 3c 6h]
Seat 4: Aleqseuka
Seat 1: Espada Fish (small blind) showed [Ac Kc] and won ($91.68) with a flush, Ace high (pot not awarded as player cashed out)
Seat 2: Xenicide (big blind) folded before Flop
Seat 3: Manifestorr folded before Flop (didn't bet)
Seat 5: halsinki1 showed [2d 2h] and lost with a pair of Deuces
Seat 6: nikalas22 (button) folded before Flop (didn't bet)



PokerStars Hand #254523185691:  Hold'em No Limit ($0.50/$1.00 USD) - 2025/01/23 1:12:33 WET [2025/01/23 20:12:33 ET]
Table 'Pippa IV' 6-max Seat #1 is the button
Seat 4: Aleqseuka ($118.73 in chips) is sitting out
Seat 5: halsinki1 ($0 in chips) is sitting out
Seat 1: Espada Fish ($178.77 in chips) 
Seat 2: Xenicide ($104.69 in chips) 
Seat 3: Manifestorr ($103.50 in chips) 
Seat 6: nikalas22 ($100 in chips) 
Xenicide: posts small blind $0.50
Manifestorr: posts big blind $1
Aleqseuka: sits out 
*** HOLE CARDS ***
nikalas22: folds 
Espada Fish: raises $1.50 to $2.50
Xenicide: folds 
Manifestorr: raises $9.50 to $12
Espada Fish: calls $9.50
*** FLOP *** [5d Tc Td]
Manifestorr: bets $7.76
Espada Fish: calls $7.76
*** TURN *** [5d Tc Td] [9d]
Manifestorr: bets $20.01
Espada Fish: folds 
Uncalled bet ($20.01) returned to Manifestorr
Manifestorr collected $39.02 from pot
*** SUMMARY ***
Total pot $40.02 | Rake $1 
Board [5d Tc Td 9d]
Seat 4: Aleqseuka
Seat 5: halsinki1
Seat 1: Espada Fish (button) folded on the Turn
Seat 2: Xenicide (small blind) folded before Flop
Seat 3: Manifestorr (big blind) collected ($39.02)
Seat 6: nikalas22 folded before Flop (didn't bet)



PokerStars Hand #254523196512:  Hold'em No Limit ($0.50/$1.00 USD) - 2025/01/23 1:13:36 WET [2025/01/23 20:13:36 ET]
Table 'Pippa IV' 6-max Seat #2 is the button
Seat 5: halsinki1 ($0 in chips) is sitting out
Seat 1: Espada Fish ($159.01 in chips) 
Seat 2: Xenicide ($104.19 in chips) 
Seat 3: Manifestorr ($122.76 in chips) 
Seat 4: Aleqseuka ($118.73 in chips) 
Seat 6: nikalas22 ($100 in chips) 
Manifestorr: posts small blind $0.50
Aleqseuka: posts big blind $1
*** HOLE CARDS ***
nikalas22: folds 
Espada Fish: raises $1.20 to $2.20
Xenicide: folds 
Manifestorr: folds 
Aleqseuka: folds 
Uncalled bet ($1.20) returned to Espada Fish
Espada Fish collected $2.50 from pot
Espada Fish: doesn't show hand 
*** SUMMARY ***
Total pot $2.50 | Rake $0 
Seat 5: halsinki1
Seat 1: Espada Fish collected ($2.50)
Seat 2: Xenicide (button) folded before Flop (didn't bet)
Seat 3: Manifestorr (small blind) folded before Flop
Seat 4: Aleqseuka (big blind) folded before Flop
Seat 6: nikalas22 folded before Flop (didn't bet)



PokerStars Hand #254523201248:  Hold'em No Limit ($0.50/$1.00 USD) - 2025/01/23 1:14:03 WET [2025/01/23 20:14:03 ET]
Table 'Pippa IV' 6-max Seat #3 is the button
Seat 5: halsinki1 ($0 in chips) is sitting out
Seat 1: Espada Fish ($160.51 in chips) 
Seat 2: Xenicide ($104.19 in chips) 
Seat 3: Manifestorr ($122.26 in chips) 
Seat 4: Aleqseuka ($117.73 in chips) 
Seat 6: nikalas22 ($100 in chips) 
Aleqseuka: posts small blind $0.50
nikalas22: posts big blind $1
*** HOLE CARDS ***
Espada Fish: folds 
Xenicide: folds 
Manifestorr: folds 
Aleqseuka: raises $2 to $3
nikalas22: calls $2
*** FLOP *** [2d Ks Qh]
Aleqseuka: bets $1.88
nikalas22: folds 
Uncalled bet ($1.88) returned to Aleqseuka
Aleqseuka collected $5.70 from pot
Aleqseuka: doesn't show hand 
*** SUMMARY ***
Total pot $6 | Rake $0.30 
Board [2d Ks Qh]
Seat 5: halsinki1
Seat 1: Espada Fish folded before Flop (didn't bet)
Seat 2: Xenicide folded before Flop (didn't bet)
Seat 3: Manifestorr (button) folded before Flop (didn't bet)
Seat 4: Aleqseuka (small blind) collected ($5.70)
Seat 6: nikalas22 (big blind) folded on the Flop



PokerStars Hand #254523208772:  Hold'em No Limit ($0.50/$1.00 USD) - 2025/01/23 1:14:46 WET [2025/01/23 20:14:46 ET]
Table 'Pippa IV' 6-max Seat #4 is the button
Seat 5: halsinki1 ($0 in chips) is sitting out
Seat 1: Espada Fish ($160.51 in chips) 
Seat 2: Xenicide ($104.19 in chips) 
Seat 3: Manifestorr ($122.26 in chips) 
Seat 4: Aleqseuka ($120.43 in chips) 
Seat 6: nikalas22 ($100 in chips) 
nikalas22: posts small blind $0.50
Espada Fish: posts big blind $1
*** HOLE CARDS ***
Xenicide: folds 
Manifestorr: raises $1.20 to $2.20
Aleqseuka: folds 
nikalas22: folds 
Espada Fish: calls $1.20
*** FLOP *** [Ks Jc 5c]
Espada Fish: checks 
halsinki1 is disconnected 
Manifestorr: bets $6.29
Espada Fish: folds 
Uncalled bet ($6.29) returned to Manifestorr
Manifestorr collected $4.66 from pot
*** SUMMARY ***
Total pot $4.90 | Rake $0.24 
Board [Ks Jc 5c]
Seat 5: halsinki1
Seat 1: Espada Fish (big blind) folded on the Flop
Seat 2: Xenicide folded before Flop (didn't bet)
Seat 3: Manifestorr collected ($4.66)
Seat 4: Aleqseuka (button) folded before Flop (didn't bet)
Seat 6: nikalas22 (small blind) folded before Flop



PokerStars Hand #254523214808:  Hold'em No Limit ($0.50/$1.00 USD) - 2025/01/23 1:15:20 WET [2025/01/23 20:15:20 ET]
Table 'Pippa IV' 6-max Seat #6 is the button
Seat 5: halsinki1 ($0 in chips) is sitting out
Seat 1: Espada Fish ($158.31 in chips) 
Seat 2: Xenicide ($104.19 in chips) 
Seat 3: Manifestorr ($124.72 in chips) 
Seat 4: Aleqseuka ($120.43 in chips) 
Seat 6: nikalas22 ($100 in chips) 
Espada Fish: posts small blind $0.50
Xenicide: posts big blind $1
*** HOLE CARDS ***
Manifestorr: folds 
Aleqseuka: folds 
nikalas22: raises $1.50 to $2.50
Espada Fish: folds 
Xenicide: folds 
Uncalled bet ($1.50) returned to nikalas22
nikalas22 collected $2.50 from pot
nikalas22: doesn't show hand 
*** SUMMARY ***
Total pot $2.50 | Rake $0 
Seat 5: halsinki1
Seat 1: Espada Fish (small blind) folded before Flop
Seat 2: Xenicide (big blind) folded before Flop
Seat 3: Manifestorr folded before Flop (didn't bet)
Seat 4: Aleqseuka folded before Flop (didn't bet)
Seat 6: nikalas22 (button) collected ($2.50)



PokerStars Hand #254523256781:  Hold'em No Limit ($0.50/$1.00 USD) - 2025/01/23 1:19:20 WET [2025/01/23 20:19:20 ET]
Table 'Pippa IV' 6-max Seat #3 is the button
Seat 5: halsinki1 ($0 in chips) is sitting out
Seat 1: Espada Fish ($158.31 in chips) 
Seat 2: Xenicide ($103.47 in chips) 
Seat 3: Manifestorr ($123.22 in chips) 
Seat 4: Aleqseuka ($113.55 in chips) 
Seat 6: nikalas22 ($108.39 in chips) 
Aleqseuka: posts small blind $0.50
nikalas22: posts big blind $1
*** HOLE CARDS ***
Espada Fish: folds 
Xenicide: folds 
Manifestorr: folds 
Aleqseuka: raises $2 to $3
halsinki1 is disconnected 
nikalas22: raises $6 to $9
Aleqseuka: folds 
Uncalled bet ($6) returned to nikalas22
nikalas22 collected $6 from pot
nikalas22: doesn't show hand 
*** SUMMARY ***
Total pot $6 | Rake $0 
Seat 5: halsinki1
Seat 1: Espada Fish folded before Flop (didn't bet)
Seat 2: Xenicide folded before Flop (didn't bet)
Seat 3: Manifestorr (button) folded before Flop (didn't bet)
Seat 4: Aleqseuka (small blind) folded before Flop
Seat 6: nikalas22 (big blind) collected ($6)



PokerStars Hand #254523261211:  Hold'em No Limit ($0.50/$1.00 USD) - 2025/01/23 1:19:46 WET [2025/01/23 20:19:46 ET]
Table 'Pippa IV' 6-max Seat #4 is the button
Seat 1: Espada Fish ($158.31 in chips) is sitting out
Seat 5: halsinki1 ($0 in chips) is sitting out
Seat 2: Xenicide ($103.47 in chips) 
Seat 3: Manifestorr ($123.22 in chips) 
Seat 4: Aleqseuka ($110.55 in chips) 
Seat 6: nikalas22 ($111.39 in chips) 
nikalas22: posts small blind $0.50
Espada Fish: is sitting out 
Xenicide: posts big blind $1
*** HOLE CARDS ***
Espada Fish leaves the table
Manifestorr: folds 
Aleqseuka: folds 
nikalas22: raises $2 to $3
Xenicide: folds 
Uncalled bet ($2) returned to nikalas22
nikalas22 collected $2 from pot
nikalas22: doesn't show hand 
*** SUMMARY ***
Total pot $2 | Rake $0 
Seat 1: Espada Fish
Seat 5: halsinki1
Seat 2: Xenicide (big blind) folded before Flop
Seat 3: Manifestorr folded before Flop (didn't bet)
Seat 4: Aleqseuka (button) folded before Flop (didn't bet)
Seat 6: nikalas22 (small blind) collected ($2)



PokerStars Hand #254523267454:  Hold'em No Limit ($0.50/$1.00 USD) - 2025/01/23 1:20:21 WET [2025/01/23 20:20:21 ET]
Table 'Pippa IV' 6-max Seat #6 is the button
Seat 5: halsinki1 ($0 in chips) is sitting out
Seat 2: Xenicide ($102.47 in chips) 
Seat 3: Manifestorr ($123.22 in chips) 
Seat 4: Aleqseuka ($110.55 in chips) 
Seat 6: nikalas22 ($112.39 in chips) 
Xenicide: posts small blind $0.50
halsinki1 is disconnected 
Manifestorr: posts big blind $1
*** HOLE CARDS ***
Aleqseuka: folds 
nikalas22: raises $1.50 to $2.50
Xenicide: folds 
Manifestorr: folds 
Uncalled bet ($1.50) returned to nikalas22
nikalas22 collected $2.50 from pot
nikalas22: doesn't show hand 
*** SUMMARY ***
Total pot $2.50 | Rake $0 
Seat 5: halsinki1
Seat 2: Xenicide (small blind) folded before Flop
Seat 3: Manifestorr (big blind) folded before Flop
Seat 4: Aleqseuka folded before Flop (didn't bet)
Seat 6: nikalas22 (button) collected ($2.50)



PokerStars Hand #254523271641:  Hold'em No Limit ($0.50/$1.00 USD) - 2025/01/23 1:20:45 WET [2025/01/23 20:20:45 ET]
Table 'Pippa IV' 6-max Seat #2 is the button
Seat 5: halsinki1 ($0 in chips) is sitting out
Seat 2: Xenicide ($101.97 in chips) 
Seat 3: Manifestorr ($122.22 in chips) 
Seat 4: Aleqseuka ($110.55 in chips) 
Seat 6: nikalas22 ($113.89 in chips) 
Manifestorr: posts small blind $0.50
Aleqseuka: posts big blind $1
*** HOLE CARDS ***
nikalas22: raises $1.50 to $2.50
Xenicide: raises $4.50 to $7
halsinki1 is disconnected 
Manifestorr: folds 
Aleqseuka: folds 
nikalas22: raises $14 to $21
Xenicide: folds 
Uncalled bet ($14) returned to nikalas22
nikalas22 collected $15.50 from pot
nikalas22: doesn't show hand 
*** SUMMARY ***
Total pot $15.50 | Rake $0 
Seat 5: halsinki1
Seat 2: Xenicide (button) folded before Flop
Seat 3: Manifestorr (small blind) folded before Flop
Seat 4: Aleqseuka (big blind) folded before Flop
Seat 6: nikalas22 collected ($15.50)



PokerStars Hand #254523278919:  Hold'em No Limit ($0.50/$1.00 USD) - 2025/01/23 1:21:27 WET [2025/01/23 20:21:27 ET]
Table 'Pippa IV' 6-max Seat #3 is the button
Seat 5: halsinki1 ($0 in chips) is sitting out
Seat 2: Xenicide ($100 in chips) 
Seat 3: Manifestorr ($121.72 in chips) 
Seat 4: Aleqseuka ($109.55 in chips) 
Seat 6: nikalas22 ($122.39 in chips) 
Aleqseuka: posts small blind $0.50
nikalas22: posts big blind $1
*** HOLE CARDS ***
halsinki1 is disconnected 
Xenicide: raises $1 to $2
Manifestorr: folds 
Aleqseuka: folds 
nikalas22: folds 
Uncalled bet ($1) returned to Xenicide
Xenicide collected $2.50 from pot
halsinki1 leaves the table
*** SUMMARY ***
Total pot $2.50 | Rake $0 
Seat 5: halsinki1
Seat 2: Xenicide collected ($2.50)
Seat 3: Manifestorr (button) folded before Flop (didn't bet)
Seat 4: Aleqseuka (small blind) folded before Flop
Seat 6: nikalas22 (big blind) folded before Flop



PokerStars Hand #254523284984:  Hold'em No Limit ($0.50/$1.00 USD) - 2025/01/23 1:22:02 WET [2025/01/23 20:22:02 ET]
Table 'Pippa IV' 6-max Seat #4 is the button
Seat 2: Xenicide ($101.50 in chips) 
Seat 3: Manifestorr ($121.72 in chips) 
Seat 4: Aleqseuka ($109.05 in chips) 
Seat 6: nikalas22 ($121.39 in chips) 
nikalas22: posts small blind $0.50
Xenicide: posts big blind $1
*** HOLE CARDS ***
Manifestorr: raises $1.20 to $2.20
Aleqseuka: raises $5.30 to $7.50
nikalas22: folds 
Xenicide: folds 
Manifestorr: folds 
Uncalled bet ($5.30) returned to Aleqseuka
Aleqseuka collected $5.90 from pot
Aleqseuka: doesn't show hand 
*** SUMMARY ***
Total pot $5.90 | Rake $0 
Seat 2: Xenicide (big blind) folded before Flop
Seat 3: Manifestorr folded before Flop
Seat 4: Aleqseuka (button) collected ($5.90)
Seat 6: nikalas22 (small blind) folded before Flop



PokerStars Hand #254523290148:  Hold'em No Limit ($0.50/$1.00 USD) - 2025/01/23 1:22:32 WET [2025/01/23 20:22:32 ET]
Table 'Pippa IV' 6-max Seat #6 is the button
Seat 2: Xenicide ($100.50 in chips) 
Seat 3: Manifestorr ($119.52 in chips) 
Seat 4: Aleqseuka ($112.75 in chips) 
Seat 6: nikalas22 ($120.89 in chips) 
Xenicide: posts small blind $0.50
Manifestorr: posts big blind $1
*** HOLE CARDS ***
Aleqseuka: folds 
nikalas22: folds 
Xenicide: folds 
Uncalled bet ($0.50) returned to Manifestorr
Manifestorr collected $1 from pot
*** SUMMARY ***
Total pot $1 | Rake $0 
Seat 2: Xenicide (small blind) folded before Flop
Seat 3: Manifestorr (big blind) collected ($1)
Seat 4: Aleqseuka folded before Flop (didn't bet)
Seat 6: nikalas22 (button) folded before Flop (didn't bet)



PokerStars Hand #254523291724:  Hold'em No Limit ($0.50/$1.00 USD) - 2025/01/23 1:22:41 WET [2025/01/23 20:22:41 ET]
Table 'Pippa IV' 6-max Seat #2 is the button
Seat 2: Xenicide ($100 in chips) 
Seat 3: Manifestorr ($120.02 in chips) 
Seat 4: Aleqseuka ($112.75 in chips) 
Seat 6: nikalas22 ($120.89 in chips) 
Manifestorr: posts small blind $0.50
Aleqseuka: posts big blind $1
*** HOLE CARDS ***
nikalas22: folds 
Xenicide: raises $1.25 to $2.25
Manifestorr: folds 
Aleqseuka: calls $1.25
*** FLOP *** [Tc Kh 3d]
Aleqseuka: checks 
Xenicide: bets $1.19
Aleqseuka: calls $1.19
*** TURN *** [Tc Kh 3d] [4h]
Aleqseuka: checks 
Xenicide: checks 
*** RIVER *** [Tc Kh 3d 4h] [6c]
Aleqseuka: checks 
Xenicide: checks 
*** SHOW DOWN ***
Aleqseuka: shows [7s 7h] (a pair of Sevens)
Xenicide: mucks hand 
Aleqseuka collected $7.01 from pot
*** SUMMARY ***
Total pot $7.38 | Rake $0.37 
Board [Tc Kh 3d 4h 6c]
Seat 2: Xenicide (button) mucked
Seat 3: Manifestorr (small blind) folded before Flop
Seat 4: Aleqseuka (big blind) showed [7s 7h] and won ($7.01) with a pair of Sevens
Seat 6: nikalas22 folded before Flop (didn't bet)



PokerStars Hand #254523307791:  Hold'em No Limit ($0.50/$1.00 USD) - 2025/01/23 1:24:14 WET [2025/01/23 20:24:14 ET]
Table 'Pippa IV' 6-max Seat #3 is the button
Seat 2: Xenicide ($100 in chips) 
Seat 3: Manifestorr ($119.52 in chips) 
Seat 4: Aleqseuka ($116.32 in chips) 
Seat 6: nikalas22 ($120.89 in chips) 
Aleqseuka: posts small blind $0.50
nikalas22: posts big blind $1
*** HOLE CARDS ***
Xenicide: raises $1 to $2
Manifestorr: folds 
Aleqseuka: folds 
nikalas22: folds 
Uncalled bet ($1) returned to Xenicide
Xenicide collected $2.50 from pot
*** SUMMARY ***
Total pot $2.50 | Rake $0 
Seat 2: Xenicide collected ($2.50)
Seat 3: Manifestorr (button) folded before Flop (didn't bet)
Seat 4: Aleqseuka (small blind) folded before Flop
Seat 6: nikalas22 (big blind) folded before Flop



PokerStars Hand #254523310911:  Hold'em No Limit ($0.50/$1.00 USD) - 2025/01/23 1:24:32 WET [2025/01/23 20:24:32 ET]
Table 'Pippa IV' 6-max Seat #4 is the button
Seat 2: Xenicide ($101.50 in chips) 
Seat 3: Manifestorr ($119.52 in chips) 
Seat 4: Aleqseuka ($115.82 in chips) 
Seat 6: nikalas22 ($119.89 in chips) 
nikalas22: posts small blind $0.50
Xenicide: posts big blind $1
*** HOLE CARDS ***
Manifestorr: raises $1.20 to $2.20
Aleqseuka: folds 
nikalas22: folds 
Xenicide: folds 
Uncalled bet ($1.20) returned to Manifestorr
Manifestorr collected $2.50 from pot
*** SUMMARY ***
Total pot $2.50 | Rake $0 
Seat 2: Xenicide (big blind) folded before Flop
Seat 3: Manifestorr collected ($2.50)
Seat 4: Aleqseuka (button) folded before Flop (didn't bet)
Seat 6: nikalas22 (small blind) folded before Flop



PokerStars Hand #254523314234:  Hold'em No Limit ($0.50/$1.00 USD) - 2025/01/23 1:24:51 WET [2025/01/23 20:24:51 ET]
Table 'Pippa IV' 6-max Seat #6 is the button
Seat 2: Xenicide ($100.50 in chips) 
Seat 3: Manifestorr ($121.02 in chips) 
Seat 4: Aleqseuka ($115.82 in chips) 
Seat 6: nikalas22 ($119.39 in chips) 
Xenicide: posts small blind $0.50
Manifestorr: posts big blind $1
*** HOLE CARDS ***
Aleqseuka: raises $1.50 to $2.50
nikalas22: folds 
Xenicide: folds 
Manifestorr: folds 
Uncalled bet ($1.50) returned to Aleqseuka
Aleqseuka collected $2.50 from pot
Aleqseuka: doesn't show hand 
*** SUMMARY ***
Total pot $2.50 | Rake $0 
Seat 2: Xenicide (small blind) folded before Flop
Seat 3: Manifestorr (big blind) folded before Flop
Seat 4: Aleqseuka collected ($2.50)
Seat 6: nikalas22 (button) folded before Flop (didn't bet)



PokerStars Hand #254523316203:  Hold'em No Limit ($0.50/$1.00 USD) - 2025/01/23 1:25:03 WET [2025/01/23 20:25:03 ET]
Table 'Pippa IV' 6-max Seat #2 is the button
Seat 2: Xenicide ($100 in chips) 
Seat 3: Manifestorr ($120.02 in chips) 
Seat 4: Aleqseuka ($117.32 in chips) 
Seat 6: nikalas22 ($119.39 in chips) 
Manifestorr: posts small blind $0.50
Aleqseuka: posts big blind $1
*** HOLE CARDS ***
meloy454 joins the table at seat #1 
nikalas22: raises $1.50 to $2.50
meloy454 is disconnected 
BumHuntKing joins the table at seat #5 
Xenicide: raises $4.50 to $7
Manifestorr: folds 
Aleqseuka: folds 
nikalas22: folds 
Uncalled bet ($4.50) returned to Xenicide
Xenicide collected $6.50 from pot
*** SUMMARY ***
Total pot $6.50 | Rake $0 
Seat 2: Xenicide (button) collected ($6.50)
Seat 3: Manifestorr (small blind) folded before Flop
Seat 4: Aleqseuka (big blind) folded before Flop
Seat 6: nikalas22 folded before Flop



PokerStars Hand #254523320520:  Hold'em No Limit ($0.50/$1.00 USD) - 2025/01/23 1:25:27 WET [2025/01/23 20:25:27 ET]
Table 'Pippa IV' 6-max Seat #3 is the button
Seat 1: meloy454 ($26.04 in chips) 
Seat 2: Xenicide ($104 in chips) 
Seat 3: Manifestorr ($119.52 in chips) 
Seat 4: Aleqseuka ($116.32 in chips) 
Seat 5: BumHuntKing ($110.15 in chips) 
Seat 6: nikalas22 ($116.89 in chips) 
Aleqseuka: posts small blind $0.50
BumHuntKing: posts big blind $1
meloy454: posts big blind $1
*** HOLE CARDS ***
nikalas22: folds 
meloy454: checks 
Xenicide: folds 
Manifestorr: folds 
Aleqseuka: folds 
BumHuntKing: raises $4 to $5
meloy454: folds 
Uncalled bet ($4) returned to BumHuntKing
BumHuntKing collected $2.50 from pot
BumHuntKing: doesn't show hand 
*** SUMMARY ***
Total pot $2.50 | Rake $0 
Seat 1: meloy454 folded before Flop (didn't bet)
Seat 2: Xenicide folded before Flop (didn't bet)
Seat 3: Manifestorr (button) folded before Flop (didn't bet)
Seat 4: Aleqseuka (small blind) folded before Flop
Seat 5: BumHuntKing (big blind) collected ($2.50)
Seat 6: nikalas22 folded before Flop (didn't bet)



PokerStars Hand #254523324543:  Hold'em No Limit ($0.50/$1.00 USD) - 2025/01/23 1:25:50 WET [2025/01/23 20:25:50 ET]
Table 'Pippa IV' 6-max Seat #4 is the button
Seat 1: meloy454 ($25.04 in chips) 
Seat 2: Xenicide ($104 in chips) 
Seat 3: Manifestorr ($119.52 in chips) 
Seat 4: Aleqseuka ($115.82 in chips) 
Seat 5: BumHuntKing ($111.65 in chips) 
Seat 6: nikalas22 ($116.89 in chips) 
BumHuntKing: posts small blind $0.50
nikalas22: posts big blind $1
*** HOLE CARDS ***
meloy454: calls $1
Xenicide: folds 
Manifestorr: raises $3 to $4
Aleqseuka: folds 
BumHuntKing: folds 
nikalas22: folds 
meloy454: calls $3
*** FLOP *** [Ts Td Qs]
meloy454: checks 
Manifestorr: bets $4.51
meloy454: folds 
Uncalled bet ($4.51) returned to Manifestorr
Manifestorr collected $9.02 from pot
*** SUMMARY ***
Total pot $9.50 | Rake $0.48 
Board [Ts Td Qs]
Seat 1: meloy454 folded on the Flop
Seat 2: Xenicide folded before Flop (didn't bet)
Seat 3: Manifestorr collected ($9.02)
Seat 4: Aleqseuka (button) folded before Flop (didn't bet)
Seat 5: BumHuntKing (small blind) folded before Flop
Seat 6: nikalas22 (big blind) folded before Flop



PokerStars Hand #254523331342:  Hold'em No Limit ($0.50/$1.00 USD) - 2025/01/23 1:26:29 WET [2025/01/23 20:26:29 ET]
Table 'Pippa IV' 6-max Seat #5 is the button
Seat 1: meloy454 ($21.04 in chips) 
Seat 2: Xenicide ($104 in chips) 
Seat 3: Manifestorr ($124.54 in chips) 
Seat 4: Aleqseuka ($115.82 in chips) 
Seat 5: BumHuntKing ($111.15 in chips) 
Seat 6: nikalas22 ($115.89 in chips) 
nikalas22: posts small blind $0.50
meloy454: posts big blind $1
*** HOLE CARDS ***
Xenicide: raises $1 to $2
Manifestorr: folds 
Aleqseuka: folds 
BumHuntKing: folds 
nikalas22: folds 
meloy454: calls $1
*** FLOP *** [9h As 5d]
meloy454: checks 
Xenicide: bets $1.33
meloy454: calls $1.33
*** TURN *** [9h As 5d] [3h]
meloy454: checks 
Xenicide: bets $4.50
meloy454: folds 
Uncalled bet ($4.50) returned to Xenicide
Xenicide collected $6.80 from pot
*** SUMMARY ***
Total pot $7.16 | Rake $0.36 
Board [9h As 5d 3h]
Seat 1: meloy454 (big blind) folded on the Turn
Seat 2: Xenicide collected ($6.80)
Seat 3: Manifestorr folded before Flop (didn't bet)
Seat 4: Aleqseuka folded before Flop (didn't bet)
Seat 5: BumHuntKing (button) folded before Flop (didn't bet)
Seat 6: nikalas22 (small blind) folded before Flop



PokerStars Hand #254523340064:  Hold'em No Limit ($0.50/$1.00 USD) - 2025/01/23 1:27:19 WET [2025/01/23 20:27:19 ET]
Table 'Pippa IV' 6-max Seat #6 is the button
Seat 1: meloy454 ($17.71 in chips) 
Seat 2: Xenicide ($107.47 in chips) 
Seat 3: Manifestorr ($124.54 in chips) 
Seat 4: Aleqseuka ($115.82 in chips) 
Seat 5: BumHuntKing ($111.15 in chips) 
Seat 6: nikalas22 ($115.39 in chips) 
meloy454: posts small blind $0.50
Xenicide: posts big blind $1
*** HOLE CARDS ***
Manifestorr: folds 
Aleqseuka: raises $1.35 to $2.35
BumHuntKing: folds 
nikalas22: folds 
meloy454: folds 
Xenicide: folds 
Uncalled bet ($1.35) returned to Aleqseuka
Aleqseuka collected $2.50 from pot
Aleqseuka: doesn't show hand 
*** SUMMARY ***
Total pot $2.50 | Rake $0 
Seat 1: meloy454 (small blind) folded before Flop
Seat 2: Xenicide (big blind) folded before Flop
Seat 3: Manifestorr folded before Flop (didn't bet)
Seat 4: Aleqseuka collected ($2.50)
Seat 5: BumHuntKing folded before Flop (didn't bet)
Seat 6: nikalas22 (button) folded before Flop (didn't bet)



PokerStars Hand #254523345696:  Hold'em No Limit ($0.50/$1.00 USD) - 2025/01/23 1:27:51 WET [2025/01/23 20:27:51 ET]
Table 'Pippa IV' 6-max Seat #1 is the button
Seat 3: Manifestorr ($124.54 in chips) is sitting out
Seat 1: meloy454 ($17.21 in chips) 
Seat 2: Xenicide ($106.47 in chips) 
Seat 4: Aleqseuka ($117.32 in chips) 
Seat 5: BumHuntKing ($111.15 in chips) 
Seat 6: nikalas22 ($115.39 in chips) 
Xenicide: posts small blind $0.50
Manifestorr: is sitting out 
Aleqseuka: posts big blind $1
*** HOLE CARDS ***
BumHuntKing: raises $1.20 to $2.20
nikalas22: folds 
meloy454: calls $2.20
Xenicide: folds 
Aleqseuka: folds 
*** FLOP *** [4s 2d 4h]
BumHuntKing: checks 
meloy454: checks 
*** TURN *** [4s 2d 4h] [Tc]
BumHuntKing: checks 
meloy454: checks 
*** RIVER *** [4s 2d 4h Tc] [Th]
BumHuntKing: checks 
meloy454: checks 
*** SHOW DOWN ***
BumHuntKing: shows [5c Kc] (two pair, Tens and Fours)
meloy454: shows [9s Ac] (two pair, Tens and Fours - Ace kicker)
meloy454 collected $5.60 from pot
*** SUMMARY ***
Total pot $5.90 | Rake $0.30 
Board [4s 2d 4h Tc Th]
Seat 3: Manifestorr
Seat 1: meloy454 (button) showed [9s Ac] and won ($5.60) with two pair, Tens and Fours
Seat 2: Xenicide (small blind) folded before Flop
Seat 4: Aleqseuka (big blind) folded before Flop
Seat 5: BumHuntKing showed [5c Kc] and lost with two pair, Tens and Fours
Seat 6: nikalas22 folded before Flop (didn't bet)



PokerStars Hand #254523353504:  Hold'em No Limit ($0.50/$1.00 USD) - 2025/01/23 1:28:35 WET [2025/01/23 20:28:35 ET]
Table 'Pippa IV' 6-max Seat #2 is the button
Seat 3: Manifestorr ($124.54 in chips) is sitting out
Seat 1: meloy454 ($20.61 in chips) 
Seat 2: Xenicide ($105.97 in chips) 
Seat 4: Aleqseuka ($116.32 in chips) 
Seat 5: BumHuntKing ($108.95 in chips) 
Seat 6: nikalas22 ($115.39 in chips) 
Aleqseuka: posts small blind $0.50
BumHuntKing: posts big blind $1
*** HOLE CARDS ***
nikalas22: folds 
meloy454: calls $1
Xenicide: raises $3 to $4
Aleqseuka: folds 
BumHuntKing: folds 
meloy454: calls $3
*** FLOP *** [Ts Ac Kh]
meloy454: checks 
Xenicide: checks 
*** TURN *** [Ts Ac Kh] [Th]
meloy454: checks 
Xenicide: bets $4.96
meloy454: calls $4.96
*** RIVER *** [Ts Ac Kh Th] [As]
meloy454: checks 
Xenicide: checks 
*** SHOW DOWN ***
meloy454: shows [5h 3h] (two pair, Aces and Tens)
Xenicide: shows [Qc 5c] (two pair, Aces and Tens)
meloy454 collected $9.23 from pot
Xenicide collected $9.22 from pot
*** SUMMARY ***
Total pot $19.42 | Rake $0.97 
Board [Ts Ac Kh Th As]
Seat 3: Manifestorr
Seat 1: meloy454 showed [5h 3h] and won ($9.23) with two pair, Aces and Tens
Seat 2: Xenicide (button) showed [Qc 5c] and won ($9.22) with two pair, Aces and Tens
Seat 4: Aleqseuka (small blind) folded before Flop
Seat 5: BumHuntKing (big blind) folded before Flop
Seat 6: nikalas22 folded before Flop (didn't bet)



PokerStars Hand #254523364330:  Hold'em No Limit ($0.50/$1.00 USD) - 2025/01/23 1:29:38 WET [2025/01/23 20:29:38 ET]
Table 'Pippa IV' 6-max Seat #4 is the button
Seat 3: Manifestorr ($124.54 in chips) is sitting out
Seat 1: meloy454 ($20.88 in chips) 
Seat 2: Xenicide ($106.23 in chips) 
Seat 4: Aleqseuka ($115.82 in chips) 
Seat 5: BumHuntKing ($107.95 in chips) 
Seat 6: nikalas22 ($115.39 in chips) 
BumHuntKing: posts small blind $0.50
nikalas22: posts big blind $1
Manifestorr: sits out 
*** HOLE CARDS ***
meloy454: folds 
Xenicide: folds 
Aleqseuka: raises $1.50 to $2.50
BumHuntKing: folds 
nikalas22: folds 
Uncalled bet ($1.50) returned to Aleqseuka
Aleqseuka collected $2.50 from pot
Aleqseuka: doesn't show hand 
*** SUMMARY ***
Total pot $2.50 | Rake $0 
Seat 3: Manifestorr
Seat 1: meloy454 folded before Flop (didn't bet)
Seat 2: Xenicide folded before Flop (didn't bet)
Seat 4: Aleqseuka (button) collected ($2.50)
Seat 5: BumHuntKing (small blind) folded before Flop
Seat 6: nikalas22 (big blind) folded before Flop



PokerStars Hand #254523367669:  Hold'em No Limit ($0.50/$1.00 USD) - 2025/01/23 1:29:57 WET [2025/01/23 20:29:57 ET]
Table 'Pippa IV' 6-max Seat #5 is the button
Seat 3: Manifestorr ($124.54 in chips) is sitting out
Seat 1: meloy454 ($20.88 in chips) 
Seat 2: Xenicide ($106.23 in chips) 
Seat 4: Aleqseuka ($117.32 in chips) 
Seat 5: BumHuntKing ($107.45 in chips) 
Seat 6: nikalas22 ($114.39 in chips) 
nikalas22: posts small blind $0.50
meloy454: posts big blind $1
Manifestorr: sits out 
*** HOLE CARDS ***
Xenicide: folds 
Aleqseuka: folds 
BumHuntKing: folds 
nikalas22: folds 
Uncalled bet ($0.50) returned to meloy454
meloy454 collected $1 from pot
*** SUMMARY ***
Total pot $1 | Rake $0 
Seat 3: Manifestorr
Seat 1: meloy454 (big blind) collected ($1)
Seat 2: Xenicide folded before Flop (didn't bet)
Seat 4: Aleqseuka folded before Flop (didn't bet)
Seat 5: BumHuntKing (button) folded before Flop (didn't bet)
Seat 6: nikalas22 (small blind) folded before Flop



PokerStars Hand #254523370432:  Hold'em No Limit ($0.50/$1.00 USD) - 2025/01/23 1:30:13 WET [2025/01/23 20:30:13 ET]
Table 'Pippa IV' 6-max Seat #6 is the button
Seat 3: Manifestorr ($124.54 in chips) is sitting out
Seat 1: meloy454 ($21.38 in chips) 
Seat 2: Xenicide ($106.23 in chips) 
Seat 4: Aleqseuka ($117.32 in chips) 
Seat 5: BumHuntKing ($107.45 in chips) 
Seat 6: nikalas22 ($113.89 in chips) 
meloy454: posts small blind $0.50
Xenicide: posts big blind $1
Manifestorr: sits out 
*** HOLE CARDS ***
Aleqseuka: raises $1.35 to $2.35
BumHuntKing: folds 
nikalas22: folds 
meloy454: calls $1.85
Xenicide: calls $1.35
*** FLOP *** [Ks 2s 6d]
meloy454: checks 
Xenicide: checks 
Aleqseuka: checks 
*** TURN *** [Ks 2s 6d] [9d]
meloy454: bets $3.35
Xenicide: raises $16.15 to $19.50
Aleqseuka: folds 
meloy454: calls $15.68 and is all-in
Uncalled bet ($0.47) returned to Xenicide
*** RIVER *** [Ks 2s 6d 9d] [7c]
*** SHOW DOWN ***
meloy454: shows [Js Qs] (high card King)
Xenicide: shows [4s 6s] (a pair of Sixes)
Xenicide collected $42.85 from pot
*** SUMMARY ***
Total pot $45.11 | Rake $2.26 
Board [Ks 2s 6d 9d 7c]
Seat 3: Manifestorr
Seat 1: meloy454 (small blind) showed [Js Qs] and lost with high card King
Seat 2: Xenicide (big blind) showed [4s 6s] and won ($42.85) with a pair of Sixes
Seat 4: Aleqseuka folded on the Turn
Seat 5: BumHuntKing folded before Flop (didn't bet)
Seat 6: nikalas22 (button) folded before Flop (didn't bet)



PokerStars Hand #254523382186:  Hold'em No Limit ($0.50/$1.00 USD) - 2025/01/23 1:31:19 WET [2025/01/23 20:31:19 ET]
Table 'Pippa IV' 6-max Seat #2 is the button
Seat 1: meloy454 ($0 in chips) is sitting out
Seat 3: Manifestorr ($124.54 in chips) is sitting out
Seat 2: Xenicide ($127.70 in chips) 
Seat 4: Aleqseuka ($114.97 in chips) 
Seat 5: BumHuntKing ($107.45 in chips) 
Seat 6: nikalas22 ($113.89 in chips) 
Aleqseuka: posts small blind $0.50
BumHuntKing: posts big blind $1
*** HOLE CARDS ***
nikalas22: folds 
Xenicide: folds 
Aleqseuka: folds 
Uncalled bet ($0.50) returned to BumHuntKing
BumHuntKing collected $1 from pot
BumHuntKing: doesn't show hand 
*** SUMMARY ***
Total pot $1 | Rake $0 
Seat 1: meloy454
Seat 3: Manifestorr
Seat 2: Xenicide (button) folded before Flop (didn't bet)
Seat 4: Aleqseuka (small blind) folded before Flop
Seat 5: BumHuntKing (big blind) collected ($1)
Seat 6: nikalas22 folded before Flop (didn't bet)



PokerStars Hand #254523385638:  Hold'em No Limit ($0.50/$1.00 USD) - 2025/01/23 1:31:39 WET [2025/01/23 20:31:39 ET]
Table 'Pippa IV' 6-max Seat #4 is the button
Seat 1: meloy454 ($0 in chips) is sitting out
Seat 3: Manifestorr ($124.54 in chips) is sitting out
Seat 2: Xenicide ($127.70 in chips) 
Seat 4: Aleqseuka ($114.47 in chips) 
Seat 5: BumHuntKing ($107.95 in chips) 
Seat 6: nikalas22 ($113.89 in chips) 
BumHuntKing: posts small blind $0.50
nikalas22: posts big blind $1
Manifestorr: sits out 
*** HOLE CARDS ***
Xenicide: folds 
Aleqseuka: folds 
BumHuntKing: raises $2 to $3
nikalas22: folds 
Uncalled bet ($2) returned to BumHuntKing
BumHuntKing collected $2 from pot
BumHuntKing: doesn't show hand 
*** SUMMARY ***
Total pot $2 | Rake $0 
Seat 1: meloy454
Seat 3: Manifestorr
Seat 2: Xenicide folded before Flop (didn't bet)
Seat 4: Aleqseuka (button) folded before Flop (didn't bet)
Seat 5: BumHuntKing (small blind) collected ($2)
Seat 6: nikalas22 (big blind) folded before Flop



PokerStars Hand #254523388659:  Hold'em No Limit ($0.50/$1.00 USD) - 2025/01/23 1:31:56 WET [2025/01/23 20:31:56 ET]
Table 'Pippa IV' 6-max Seat #5 is the button
Seat 1: meloy454 ($0 in chips) is sitting out
Seat 3: Manifestorr ($124.54 in chips) is sitting out
Seat 2: Xenicide ($127.70 in chips) 
Seat 4: Aleqseuka ($114.47 in chips) 
Seat 5: BumHuntKing ($108.95 in chips) 
Seat 6: nikalas22 ($112.89 in chips) 
nikalas22: posts small blind $0.50
Xenicide: posts big blind $1
Manifestorr: sits out 
*** HOLE CARDS ***
Aleqseuka: raises $1.50 to $2.50
BumHuntKing: folds 
nikalas22: folds 
Xenicide: folds 
Uncalled bet ($1.50) returned to Aleqseuka
Aleqseuka collected $2.50 from pot
Aleqseuka: doesn't show hand 
*** SUMMARY ***
Total pot $2.50 | Rake $0 
Seat 1: meloy454
Seat 3: Manifestorr
Seat 2: Xenicide (big blind) folded before Flop
Seat 4: Aleqseuka collected ($2.50)
Seat 5: BumHuntKing (button) folded before Flop (didn't bet)
Seat 6: nikalas22 (small blind) folded before Flop



PokerStars Hand #254523390810:  Hold'em No Limit ($0.50/$1.00 USD) - 2025/01/23 1:32:09 WET [2025/01/23 20:32:09 ET]
Table 'Pippa IV' 6-max Seat #6 is the button
Seat 1: meloy454 ($0 in chips) is sitting out
Seat 2: Xenicide ($126.70 in chips) 
Seat 3: Manifestorr ($124.54 in chips) 
Seat 4: Aleqseuka ($115.97 in chips) 
Seat 5: BumHuntKing ($108.95 in chips) 
Seat 6: nikalas22 ($112.39 in chips) 
Xenicide: posts small blind $0.50
Manifestorr: posts big blind $1
*** HOLE CARDS ***
Aleqseuka: folds 
BumHuntKing: folds 
nikalas22: folds 
Xenicide: raises $2.50 to $3.50
Manifestorr: folds 
Uncalled bet ($2.50) returned to Xenicide
Xenicide collected $2 from pot
*** SUMMARY ***
Total pot $2 | Rake $0 
Seat 1: meloy454
Seat 2: Xenicide (small blind) collected ($2)
Seat 3: Manifestorr (big blind) folded before Flop
Seat 4: Aleqseuka folded before Flop (didn't bet)
Seat 5: BumHuntKing folded before Flop (didn't bet)
Seat 6: nikalas22 (button) folded before Flop (didn't bet)



PokerStars Hand #254523394375:  Hold'em No Limit ($0.50/$1.00 USD) - 2025/01/23 1:32:29 WET [2025/01/23 20:32:29 ET]
Table 'Pippa IV' 6-max Seat #2 is the button
Seat 1: meloy454 ($0 in chips) is sitting out
Seat 2: Xenicide ($127.70 in chips) 
Seat 3: Manifestorr ($123.54 in chips) 
Seat 4: Aleqseuka ($115.97 in chips) 
Seat 5: BumHuntKing ($108.95 in chips) 
Seat 6: nikalas22 ($112.39 in chips) 
Manifestorr: posts small blind $0.50
Aleqseuka: posts big blind $1
*** HOLE CARDS ***
BumHuntKing: folds 
nikalas22: folds 
Xenicide: folds 
Manifestorr: raises $2 to $3
Aleqseuka: folds 
Uncalled bet ($2) returned to Manifestorr
Manifestorr collected $2 from pot
*** SUMMARY ***
Total pot $2 | Rake $0 
Seat 1: meloy454
Seat 2: Xenicide (button) folded before Flop (didn't bet)
Seat 3: Manifestorr (small blind) collected ($2)
Seat 4: Aleqseuka (big blind) folded before Flop
Seat 5: BumHuntKing folded before Flop (didn't bet)
Seat 6: nikalas22 folded before Flop (didn't bet)



PokerStars Hand #254523397760:  Hold'em No Limit ($0.50/$1.00 USD) - 2025/01/23 1:32:48 WET [2025/01/23 20:32:48 ET]
Table 'Pippa IV' 6-max Seat #3 is the button
Seat 1: meloy454 ($0 in chips) is sitting out
Seat 2: Xenicide ($127.70 in chips) 
Seat 3: Manifestorr ($124.54 in chips) 
Seat 4: Aleqseuka ($114.97 in chips) 
Seat 5: BumHuntKing ($108.95 in chips) 
Seat 6: nikalas22 ($112.39 in chips) 
Aleqseuka: posts small blind $0.50
BumHuntKing: posts big blind $1
*** HOLE CARDS ***
nikalas22: folds 
Xenicide: folds 
Manifestorr: folds 
Aleqseuka: raises $2 to $3
BumHuntKing: raises $9 to $12
Aleqseuka: folds 
Uncalled bet ($9) returned to BumHuntKing
BumHuntKing collected $6 from pot
BumHuntKing: doesn't show hand 
*** SUMMARY ***
Total pot $6 | Rake $0 
Seat 1: meloy454
Seat 2: Xenicide folded before Flop (didn't bet)
Seat 3: Manifestorr (button) folded before Flop (didn't bet)
Seat 4: Aleqseuka (small blind) folded before Flop
Seat 5: BumHuntKing (big blind) collected ($6)
Seat 6: nikalas22 folded before Flop (didn't bet)



PokerStars Hand #254523404261:  Hold'em No Limit ($0.50/$1.00 USD) - 2025/01/23 1:33:25 WET [2025/01/23 20:33:25 ET]
Table 'Pippa IV' 6-max Seat #4 is the button
Seat 1: meloy454 ($0 in chips) is sitting out
Seat 2: Xenicide ($127.70 in chips) 
Seat 3: Manifestorr ($124.54 in chips) 
Seat 4: Aleqseuka ($111.97 in chips) 
Seat 5: BumHuntKing ($111.95 in chips) 
Seat 6: nikalas22 ($112.39 in chips) 
BumHuntKing: posts small blind $0.50
nikalas22: posts big blind $1
*** HOLE CARDS ***
Xenicide: folds 
Manifestorr: raises $1.20 to $2.20
Aleqseuka: folds 
BumHuntKing: folds 
nikalas22: folds 
Uncalled bet ($1.20) returned to Manifestorr
Manifestorr collected $2.50 from pot
*** SUMMARY ***
Total pot $2.50 | Rake $0 
Seat 1: meloy454
Seat 2: Xenicide folded before Flop (didn't bet)
Seat 3: Manifestorr collected ($2.50)
Seat 4: Aleqseuka (button) folded before Flop (didn't bet)
Seat 5: BumHuntKing (small blind) folded before Flop
Seat 6: nikalas22 (big blind) folded before Flop



PokerStars Hand #254523406828:  Hold'em No Limit ($0.50/$1.00 USD) - 2025/01/23 1:33:40 WET [2025/01/23 20:33:40 ET]
Table 'Pippa IV' 6-max Seat #5 is the button
Seat 1: meloy454 ($0 in chips) is sitting out
Seat 2: Xenicide ($127.70 in chips) 
Seat 3: Manifestorr ($126.04 in chips) 
Seat 4: Aleqseuka ($111.97 in chips) 
Seat 5: BumHuntKing ($111.45 in chips) 
Seat 6: nikalas22 ($111.39 in chips) 
nikalas22: posts small blind $0.50
Xenicide: posts big blind $1
*** HOLE CARDS ***
Manifestorr: folds 
Aleqseuka: folds 
Aleqseuka leaves the table
BumHuntKing: folds 
nikalas22: raises $2 to $3
Xenicide: calls $2
*** FLOP *** [9d 5h 4h]
nikalas22: checks 
Xenicide: bets $1.43
nikalas22: calls $1.43
*** TURN *** [9d 5h 4h] [Th]
nikalas22: checks 
Xenicide: bets $2.61
nikalas22: folds 
Uncalled bet ($2.61) returned to Xenicide
Xenicide collected $8.42 from pot
*** SUMMARY ***
Total pot $8.86 | Rake $0.44 
Board [9d 5h 4h Th]
Seat 1: meloy454
Seat 2: Xenicide (big blind) collected ($8.42)
Seat 3: Manifestorr folded before Flop (didn't bet)
Seat 4: Aleqseuka folded before Flop (didn't bet)
Seat 5: BumHuntKing (button) folded before Flop (didn't bet)
Seat 6: nikalas22 (small blind) folded on the Turn



PokerStars Hand #254523418472:  Hold'em No Limit ($0.50/$1.00 USD) - 2025/01/23 1:34:47 WET [2025/01/23 20:34:47 ET]
Table 'Pippa IV' 6-max Seat #6 is the button
Seat 1: meloy454 ($0 in chips) is sitting out
Seat 2: Xenicide ($131.69 in chips) 
Seat 3: Manifestorr ($126.04 in chips) 
Seat 5: BumHuntKing ($111.45 in chips) 
Seat 6: nikalas22 ($106.96 in chips) 
Xenicide: posts small blind $0.50
Manifestorr: posts big blind $1
*** HOLE CARDS ***
BumHuntKing: folds 
nikalas22: raises $1.50 to $2.50
Xenicide: folds 
Manifestorr: folds 
Uncalled bet ($1.50) returned to nikalas22
nikalas22 collected $2.50 from pot
nikalas22: doesn't show hand 
*** SUMMARY ***
Total pot $2.50 | Rake $0 
Seat 1: meloy454
Seat 2: Xenicide (small blind) folded before Flop
Seat 3: Manifestorr (big blind) folded before Flop
Seat 5: BumHuntKing folded before Flop (didn't bet)
Seat 6: nikalas22 (button) collected ($2.50)



PokerStars Hand #254523420837:  Hold'em No Limit ($0.50/$1.00 USD) - 2025/01/23 1:35:00 WET [2025/01/23 20:35:00 ET]
Table 'Pippa IV' 6-max Seat #2 is the button
Seat 1: meloy454 ($0 in chips) is sitting out
Seat 2: Xenicide ($131.19 in chips) 
Seat 3: Manifestorr ($125.04 in chips) 
Seat 5: BumHuntKing ($111.45 in chips) 
Seat 6: nikalas22 ($108.46 in chips) 
Manifestorr: posts small blind $0.50
BumHuntKing: posts big blind $1
*** HOLE CARDS ***
nikalas22: folds 
Xenicide: folds 
Manifestorr: raises $2 to $3
BumHuntKing: raises $6 to $9
Manifestorr: folds 
Uncalled bet ($6) returned to BumHuntKing
BumHuntKing collected $6 from pot
BumHuntKing: doesn't show hand 
*** SUMMARY ***
Total pot $6 | Rake $0 
Seat 1: meloy454
Seat 2: Xenicide (button) folded before Flop (didn't bet)
Seat 3: Manifestorr (small blind) folded before Flop
Seat 5: BumHuntKing (big blind) collected ($6)
Seat 6: nikalas22 folded before Flop (didn't bet)



PokerStars Hand #254523424015:  Hold'em No Limit ($0.50/$1.00 USD) - 2025/01/23 1:35:19 WET [2025/01/23 20:35:19 ET]
Table 'Pippa IV' 6-max Seat #3 is the button
Seat 1: meloy454 ($0 in chips) is sitting out
Seat 2: Xenicide ($131.19 in chips) 
Seat 3: Manifestorr ($122.04 in chips) 
Seat 5: BumHuntKing ($114.45 in chips) 
Seat 6: nikalas22 ($108.46 in chips) 
BumHuntKing: posts small blind $0.50
nikalas22: posts big blind $1
*** HOLE CARDS ***
Xenicide: folds 
Manifestorr: raises $1.20 to $2.20
BumHuntKing: folds 
nikalas22: folds 
Uncalled bet ($1.20) returned to Manifestorr
Manifestorr collected $2.50 from pot
*** SUMMARY ***
Total pot $2.50 | Rake $0 
Seat 1: meloy454
Seat 2: Xenicide folded before Flop (didn't bet)
Seat 3: Manifestorr (button) collected ($2.50)
Seat 5: BumHuntKing (small blind) folded before Flop
Seat 6: nikalas22 (big blind) folded before Flop



PokerStars Hand #254523426479:  Hold'em No Limit ($0.50/$1.00 USD) - 2025/01/23 1:35:33 WET [2025/01/23 20:35:33 ET]
Table 'Pippa IV' 6-max Seat #5 is the button
Seat 1: meloy454 ($0 in chips) is sitting out
Seat 2: Xenicide ($131.19 in chips) 
Seat 3: Manifestorr ($123.54 in chips) 
Seat 5: BumHuntKing ($113.95 in chips) 
Seat 6: nikalas22 ($107.46 in chips) 
nikalas22: posts small blind $0.50
Xenicide: posts big blind $1
*** HOLE CARDS ***
Manifestorr: folds 
BumHuntKing: raises $1.50 to $2.50
nikalas22: folds 
Xenicide: folds 
Uncalled bet ($1.50) returned to BumHuntKing
BumHuntKing collected $2.50 from pot
BumHuntKing: doesn't show hand 
*** SUMMARY ***
Total pot $2.50 | Rake $0 
Seat 1: meloy454
Seat 2: Xenicide (big blind) folded before Flop
Seat 3: Manifestorr folded before Flop (didn't bet)
Seat 5: BumHuntKing (button) collected ($2.50)
Seat 6: nikalas22 (small blind) folded before Flop



PokerStars Hand #254523428071:  Hold'em No Limit ($0.50/$1.00 USD) - 2025/01/23 1:35:43 WET [2025/01/23 20:35:43 ET]
Table 'Pippa IV' 6-max Seat #6 is the button
Seat 1: meloy454 ($0 in chips) is sitting out
Seat 3: Manifestorr ($123.54 in chips) is sitting out
Seat 2: Xenicide ($130.19 in chips) 
Seat 5: BumHuntKing ($115.45 in chips) 
Seat 6: nikalas22 ($106.96 in chips) 
Xenicide: posts small blind $0.50
Manifestorr: is sitting out 
BumHuntKing: posts big blind $1
*** HOLE CARDS ***
Manifestorr leaves the table
nikalas22: raises $1.50 to $2.50
Xenicide: folds 
BumHuntKing: folds 
Uncalled bet ($1.50) returned to nikalas22
nikalas22 collected $2.50 from pot
nikalas22: doesn't show hand 
*** SUMMARY ***
Total pot $2.50 | Rake $0 
Seat 1: meloy454
Seat 3: Manifestorr
Seat 2: Xenicide (small blind) folded before Flop
Seat 5: BumHuntKing (big blind) folded before Flop
Seat 6: nikalas22 (button) collected ($2.50)



PokerStars Hand #254523432451:  Hold'em No Limit ($0.50/$1.00 USD) - 2025/01/23 1:36:08 WET [2025/01/23 20:36:08 ET]
Table 'Pippa IV' 6-max Seat #5 is the button
Seat 1: meloy454 ($0 in chips) is sitting out
Seat 6: nikalas22 ($108.46 in chips) is sitting out
Seat 2: Xenicide ($129.69 in chips) 
Seat 5: BumHuntKing ($114.45 in chips) 
BumHuntKing: posts small blind $0.50
Xenicide: posts big blind $1
*** HOLE CARDS ***
nikalas22 leaves the table
BumHuntKing: raises $1.50 to $2.50
Xenicide: raises $7.50 to $10
BumHuntKing: folds 
Uncalled bet ($7.50) returned to Xenicide
Xenicide collected $5 from pot
meloy454 leaves the table
*** SUMMARY ***
Total pot $5 | Rake $0 
Seat 1: meloy454
Seat 6: nikalas22
Seat 2: Xenicide (big blind) collected ($5)
Seat 5: BumHuntKing (button) (small blind) folded before Flop



PokerStars Hand #254523436424:  Hold'em No Limit ($0.50/$1.00 USD) - 2025/01/23 1:36:30 WET [2025/01/23 20:36:30 ET]
Table 'Pippa IV' 6-max Seat #2 is the button
Seat 2: Xenicide ($132.19 in chips) 
Seat 5: BumHuntKing ($111.95 in chips) 
Xenicide: posts small blind $0.50
BumHuntKing: posts big blind $1
*** HOLE CARDS ***
Xenicide: raises $1.25 to $2.25
BumHuntKing: raises $9.75 to $12
Xenicide: folds 
Uncalled bet ($9.75) returned to BumHuntKing
BumHuntKing collected $4.50 from pot
BumHuntKing: doesn't show hand 
*** SUMMARY ***
Total pot $4.50 | Rake $0 
Seat 2: Xenicide (button) (small blind) folded before Flop
Seat 5: BumHuntKing (big blind) collected ($4.50)



