PokerStars Hand #254511388326:  Hold'em No Limit ($0.50/$1.00 USD) - 2025/01/23 6:37:24 WET [2025/01/23 1:37:24 ET]
Table 'Mundleria II' 6-max Seat #5 is the button
Seat 1: Ariel_Amestica ($139.62 in chips) 
Seat 2: MaRKiToScoK ($134.89 in chips) 
Seat 3: Xenicide ($103.16 in chips) 
Seat 4: peak joker33 ($100 in chips) 
Seat 5: jeffy27dt1 ($100 in chips) 
Seat 6: shootingGRID ($100.50 in chips) 
shootingGRID: posts small blind $0.50
Ariel_Amestica: posts big blind $1
*** HOLE CARDS ***
MaRKiToScoK: raises $1 to $2
Xenicide: calls $2
peak joker33: folds 
jeffy27dt1: folds 
shootingGRID: folds 
Ariel_Amestica: raises $4 to $6
MaRKiToScoK: calls $4
Xenicide: raises $97.16 to $103.16 and is all-in
Ariel_Amestica: folds 
MaRKiToScoK: folds 
Uncalled bet ($97.16) returned to Xenicide
Xenicide collected $18.50 from pot
Xenicide: doesn't show hand 
*** SUMMARY ***
Total pot $18.50 | Rake $0 
Seat 1: Ariel_Amestica (big blind) folded before Flop
Seat 2: MaRKiToScoK folded before Flop
Seat 3: Xenicide collected ($18.50)
Seat 4: peak joker33 folded before Flop (didn't bet)
Seat 5: jeffy27dt1 (button) folded before Flop (didn't bet)
Seat 6: shootingGRID (small blind) folded before Flop



PokerStars Hand #254511391395:  Hold'em No Limit ($0.50/$1.00 USD) - 2025/01/23 6:38:08 WET [2025/01/23 1:38:08 ET]
Table 'Mundleria II' 6-max Seat #6 is the button
Seat 1: Ariel_Amestica ($133.62 in chips) 
Seat 2: MaRKiToScoK ($128.89 in chips) 
Seat 3: Xenicide ($115.66 in chips) 
Seat 4: peak joker33 ($100 in chips) 
Seat 5: jeffy27dt1 ($100 in chips) 
Seat 6: shootingGRID ($100 in chips) 
Ariel_Amestica: posts small blind $0.50
MaRKiToScoK: posts big blind $1
*** HOLE CARDS ***
Xenicide: folds 
peak joker33: folds 
jeffy27dt1: raises $1.50 to $2.50
shootingGRID: folds 
Ariel_Amestica: folds 
MaRKiToScoK: calls $1.50
*** FLOP *** [8s Ad Qs]
MaRKiToScoK: checks 
jeffy27dt1: checks 
*** TURN *** [8s Ad Qs] [4h]
MaRKiToScoK: checks 
jeffy27dt1: checks 
*** RIVER *** [8s Ad Qs 4h] [Ac]
MaRKiToScoK: checks 
jeffy27dt1: bets $6.53
MaRKiToScoK: folds 
Uncalled bet ($6.53) returned to jeffy27dt1
jeffy27dt1 collected $5.22 from pot
jeffy27dt1: doesn't show hand 
*** SUMMARY ***
Total pot $5.50 | Rake $0.28 
Board [8s Ad Qs 4h Ac]
Seat 1: Ariel_Amestica (small blind) folded before Flop
Seat 2: MaRKiToScoK (big blind) folded on the River
Seat 3: Xenicide folded before Flop (didn't bet)
Seat 4: peak joker33 folded before Flop (didn't bet)
Seat 5: jeffy27dt1 collected ($5.22)
Seat 6: shootingGRID (button) folded before Flop (didn't bet)



PokerStars Hand #254511394959:  Hold'em No Limit ($0.50/$1.00 USD) - 2025/01/23 6:38:59 WET [2025/01/23 1:38:59 ET]
Table 'Mundleria II' 6-max Seat #1 is the button
Seat 1: Ariel_Amestica ($133.12 in chips) 
Seat 2: MaRKiToScoK ($126.39 in chips) 
Seat 3: Xenicide ($115.66 in chips) 
Seat 4: peak joker33 ($100 in chips) 
Seat 5: jeffy27dt1 ($102.72 in chips) 
Seat 6: shootingGRID ($100 in chips) 
MaRKiToScoK: posts small blind $0.50
Xenicide: posts big blind $1
*** HOLE CARDS ***
peak joker33: folds 
jeffy27dt1: folds 
shootingGRID: folds 
Ariel_Amestica: raises $1 to $2
MaRKiToScoK: folds 
Xenicide: folds 
Uncalled bet ($1) returned to Ariel_Amestica
Ariel_Amestica collected $2.50 from pot
*** SUMMARY ***
Total pot $2.50 | Rake $0 
Seat 1: Ariel_Amestica (button) collected ($2.50)
Seat 2: MaRKiToScoK (small blind) folded before Flop
Seat 3: Xenicide (big blind) folded before Flop
Seat 4: peak joker33 folded before Flop (didn't bet)
Seat 5: jeffy27dt1 folded before Flop (didn't bet)
Seat 6: shootingGRID folded before Flop (didn't bet)



PokerStars Hand #254511396577:  Hold'em No Limit ($0.50/$1.00 USD) - 2025/01/23 6:39:22 WET [2025/01/23 1:39:22 ET]
Table 'Mundleria II' 6-max Seat #2 is the button
Seat 1: Ariel_Amestica ($134.62 in chips) 
Seat 2: MaRKiToScoK ($125.89 in chips) 
Seat 3: Xenicide ($114.66 in chips) 
Seat 4: peak joker33 ($100 in chips) 
Seat 5: jeffy27dt1 ($102.72 in chips) 
Seat 6: shootingGRID ($100 in chips) 
Xenicide: posts small blind $0.50
peak joker33: posts big blind $1
*** HOLE CARDS ***
jeffy27dt1: folds 
shootingGRID: folds 
Ariel_Amestica: calls $1
MaRKiToScoK: raises $4 to $5
Xenicide: folds 
peak joker33: raises $11 to $16
Ariel_Amestica: folds 
MaRKiToScoK: raises $11 to $27
peak joker33: folds 
Uncalled bet ($11) returned to MaRKiToScoK
MaRKiToScoK collected $33.50 from pot
*** SUMMARY ***
Total pot $33.50 | Rake $0 
Seat 1: Ariel_Amestica folded before Flop
Seat 2: MaRKiToScoK (button) collected ($33.50)
Seat 3: Xenicide (small blind) folded before Flop
Seat 4: peak joker33 (big blind) folded before Flop
Seat 5: jeffy27dt1 folded before Flop (didn't bet)
Seat 6: shootingGRID folded before Flop (didn't bet)



PokerStars Hand #254511399372:  Hold'em No Limit ($0.50/$1.00 USD) - 2025/01/23 6:40:02 WET [2025/01/23 1:40:02 ET]
Table 'Mundleria II' 6-max Seat #3 is the button
Seat 1: Ariel_Amestica ($133.62 in chips) 
Seat 2: MaRKiToScoK ($143.39 in chips) 
Seat 3: Xenicide ($114.16 in chips) 
Seat 4: peak joker33 ($100 in chips) 
Seat 5: jeffy27dt1 ($102.72 in chips) 
Seat 6: shootingGRID ($100 in chips) 
peak joker33: posts small blind $0.50
jeffy27dt1: posts big blind $1
*** HOLE CARDS ***
shootingGRID: raises $1.25 to $2.25
Ariel_Amestica: folds 
MaRKiToScoK: folds 
Xenicide: folds 
peak joker33: folds 
jeffy27dt1: calls $1.25
*** FLOP *** [Qs Ts 3c]
jeffy27dt1: checks 
shootingGRID: checks 
*** TURN *** [Qs Ts 3c] [Tc]
jeffy27dt1: checks 
shootingGRID: bets $3.14
jeffy27dt1: folds 
Uncalled bet ($3.14) returned to shootingGRID
shootingGRID collected $4.75 from pot
*** SUMMARY ***
Total pot $5 | Rake $0.25 
Board [Qs Ts 3c Tc]
Seat 1: Ariel_Amestica folded before Flop (didn't bet)
Seat 2: MaRKiToScoK folded before Flop (didn't bet)
Seat 3: Xenicide (button) folded before Flop (didn't bet)
Seat 4: peak joker33 (small blind) folded before Flop
Seat 5: jeffy27dt1 (big blind) folded on the Turn
Seat 6: shootingGRID collected ($4.75)



PokerStars Hand #254511404133:  Hold'em No Limit ($0.50/$1.00 USD) - 2025/01/23 6:41:09 WET [2025/01/23 1:41:09 ET]
Table 'Mundleria II' 6-max Seat #4 is the button
Seat 6: shootingGRID ($102.50 in chips) is sitting out
Seat 1: Ariel_Amestica ($133.62 in chips) 
Seat 2: MaRKiToScoK ($143.39 in chips) 
Seat 3: Xenicide ($114.16 in chips) 
Seat 4: peak joker33 ($100 in chips) 
Seat 5: jeffy27dt1 ($100.47 in chips) 
jeffy27dt1: posts small blind $0.50
shootingGRID: is sitting out 
Ariel_Amestica: posts big blind $1
*** HOLE CARDS ***
shootingGRID leaves the table
MaRKiToScoK: folds 
Xenicide: raises $1 to $2
peak joker33: folds 
jeffy27dt1: folds 
Ariel_Amestica: calls $1
*** FLOP *** [Ac Ad 4d]
Ariel_Amestica: checks 
Xenicide: bets $1.33
Ariel_Amestica: folds 
Uncalled bet ($1.33) returned to Xenicide
Xenicide collected $4.28 from pot
*** SUMMARY ***
Total pot $4.50 | Rake $0.22 
Board [Ac Ad 4d]
Seat 6: shootingGRID
Seat 1: Ariel_Amestica (big blind) folded on the Flop
Seat 2: MaRKiToScoK folded before Flop (didn't bet)
Seat 3: Xenicide collected ($4.28)
Seat 4: peak joker33 (button) folded before Flop (didn't bet)
Seat 5: jeffy27dt1 (small blind) folded before Flop



PokerStars Hand #254511407020:  Hold'em No Limit ($0.50/$1.00 USD) - 2025/01/23 6:41:50 WET [2025/01/23 1:41:50 ET]
Table 'Mundleria II' 6-max Seat #5 is the button
Seat 1: Ariel_Amestica ($131.62 in chips) 
Seat 2: MaRKiToScoK ($143.39 in chips) 
Seat 3: Xenicide ($116.44 in chips) 
Seat 4: peak joker33 ($100 in chips) 
Seat 5: jeffy27dt1 ($100 in chips) 
Ariel_Amestica: posts small blind $0.50
MaRKiToScoK: posts big blind $1
*** HOLE CARDS ***
Xenicide: folds 
peak joker33: folds 
jeffy27dt1: folds 
Ariel_Amestica: raises $1 to $2
MaRKiToScoK: calls $1
*** FLOP *** [Kh Ad 2d]
Ariel_Amestica: bets $5.80
MaRKiToScoK: folds 
Uncalled bet ($5.80) returned to Ariel_Amestica
Ariel_Amestica collected $3.80 from pot
*** SUMMARY ***
Total pot $4 | Rake $0.20 
Board [Kh Ad 2d]
Seat 1: Ariel_Amestica (small blind) collected ($3.80)
Seat 2: MaRKiToScoK (big blind) folded on the Flop
Seat 3: Xenicide folded before Flop (didn't bet)
Seat 4: peak joker33 folded before Flop (didn't bet)
Seat 5: jeffy27dt1 (button) folded before Flop (didn't bet)



PokerStars Hand #254511409450:  Hold'em No Limit ($0.50/$1.00 USD) - 2025/01/23 6:42:24 WET [2025/01/23 1:42:24 ET]
Table 'Mundleria II' 6-max Seat #1 is the button
Seat 1: Ariel_Amestica ($133.42 in chips) 
Seat 2: MaRKiToScoK ($141.39 in chips) 
Seat 3: Xenicide ($116.44 in chips) 
Seat 4: peak joker33 ($100 in chips) 
Seat 5: jeffy27dt1 ($100 in chips) 
MaRKiToScoK: posts small blind $0.50
Xenicide: posts big blind $1
*** HOLE CARDS ***
peak joker33: folds 
jeffy27dt1: folds 
Ariel_Amestica: raises $1 to $2
MaRKiToScoK: raises $8 to $10
sutata joins the table at seat #6 
Xenicide: folds 
Ariel_Amestica: folds 
Uncalled bet ($8) returned to MaRKiToScoK
MaRKiToScoK collected $5 from pot
*** SUMMARY ***
Total pot $5 | Rake $0 
Seat 1: Ariel_Amestica (button) folded before Flop
Seat 2: MaRKiToScoK (small blind) collected ($5)
Seat 3: Xenicide (big blind) folded before Flop
Seat 4: peak joker33 folded before Flop (didn't bet)
Seat 5: jeffy27dt1 folded before Flop (didn't bet)



PokerStars Hand #254511411931:  Hold'em No Limit ($0.50/$1.00 USD) - 2025/01/23 6:42:58 WET [2025/01/23 1:42:58 ET]
Table 'Mundleria II' 6-max Seat #2 is the button
Seat 6: sutata ($100 in chips) is sitting out
Seat 1: Ariel_Amestica ($131.42 in chips) 
Seat 2: MaRKiToScoK ($144.39 in chips) 
Seat 3: Xenicide ($115.44 in chips) 
Seat 4: peak joker33 ($100 in chips) 
Seat 5: jeffy27dt1 ($100 in chips) 
Xenicide: posts small blind $0.50
peak joker33: posts big blind $1
*** HOLE CARDS ***
jeffy27dt1: raises $1.50 to $2.50
Ariel_Amestica: folds 
MaRKiToScoK: folds 
Xenicide: folds 
peak joker33: folds 
Uncalled bet ($1.50) returned to jeffy27dt1
jeffy27dt1 collected $2.50 from pot
jeffy27dt1: doesn't show hand 
*** SUMMARY ***
Total pot $2.50 | Rake $0 
Seat 6: sutata
Seat 1: Ariel_Amestica folded before Flop (didn't bet)
Seat 2: MaRKiToScoK (button) folded before Flop (didn't bet)
Seat 3: Xenicide (small blind) folded before Flop
Seat 4: peak joker33 (big blind) folded before Flop
Seat 5: jeffy27dt1 collected ($2.50)



PokerStars Hand #254511413708:  Hold'em No Limit ($0.50/$1.00 USD) - 2025/01/23 6:43:24 WET [2025/01/23 1:43:24 ET]
Table 'Mundleria II' 6-max Seat #3 is the button
Seat 6: sutata ($100 in chips) is sitting out
Seat 1: Ariel_Amestica ($131.42 in chips) 
Seat 2: MaRKiToScoK ($144.39 in chips) 
Seat 3: Xenicide ($114.94 in chips) 
Seat 4: peak joker33 ($100 in chips) 
Seat 5: jeffy27dt1 ($101.50 in chips) 
peak joker33: posts small blind $0.50
jeffy27dt1: posts big blind $1
sutata: sits out 
*** HOLE CARDS ***
Ariel_Amestica: folds 
MaRKiToScoK: folds 
Xenicide: folds 
peak joker33: folds 
Uncalled bet ($0.50) returned to jeffy27dt1
jeffy27dt1 collected $1 from pot
jeffy27dt1: doesn't show hand 
*** SUMMARY ***
Total pot $1 | Rake $0 
Seat 6: sutata
Seat 1: Ariel_Amestica folded before Flop (didn't bet)
Seat 2: MaRKiToScoK folded before Flop (didn't bet)
Seat 3: Xenicide (button) folded before Flop (didn't bet)
Seat 4: peak joker33 (small blind) folded before Flop
Seat 5: jeffy27dt1 (big blind) collected ($1)



PokerStars Hand #254511414709:  Hold'em No Limit ($0.50/$1.00 USD) - 2025/01/23 6:43:37 WET [2025/01/23 1:43:37 ET]
Table 'Mundleria II' 6-max Seat #4 is the button
Seat 1: Ariel_Amestica ($131.42 in chips) 
Seat 2: MaRKiToScoK ($144.39 in chips) 
Seat 3: Xenicide ($114.94 in chips) 
Seat 4: peak joker33 ($100 in chips) 
Seat 5: jeffy27dt1 ($102 in chips) 
Seat 6: sutata ($100 in chips) 
jeffy27dt1: posts small blind $0.50
sutata: posts big blind $1
*** HOLE CARDS ***
Ariel_Amestica: folds 
MaRKiToScoK: raises $1 to $2
Xenicide: folds 
peak joker33: raises $5 to $7
jeffy27dt1: folds 
sutata: folds 
MaRKiToScoK: raises $12 to $19
peak joker33: folds 
Uncalled bet ($12) returned to MaRKiToScoK
MaRKiToScoK collected $15.50 from pot
*** SUMMARY ***
Total pot $15.50 | Rake $0 
Seat 1: Ariel_Amestica folded before Flop (didn't bet)
Seat 2: MaRKiToScoK collected ($15.50)
Seat 3: Xenicide folded before Flop (didn't bet)
Seat 4: peak joker33 (button) folded before Flop
Seat 5: jeffy27dt1 (small blind) folded before Flop
Seat 6: sutata (big blind) folded before Flop



PokerStars Hand #254511417021:  Hold'em No Limit ($0.50/$1.00 USD) - 2025/01/23 6:44:10 WET [2025/01/23 1:44:10 ET]
Table 'Mundleria II' 6-max Seat #5 is the button
Seat 1: Ariel_Amestica ($131.42 in chips) 
Seat 2: MaRKiToScoK ($152.89 in chips) 
Seat 3: Xenicide ($114.94 in chips) 
Seat 4: peak joker33 ($100 in chips) 
Seat 5: jeffy27dt1 ($101.50 in chips) 
Seat 6: sutata ($100 in chips) 
sutata: posts small blind $0.50
Ariel_Amestica: posts big blind $1
*** HOLE CARDS ***
MaRKiToScoK: folds 
Xenicide: folds 
peak joker33: raises $1.50 to $2.50
jeffy27dt1: folds 
sutata: folds 
Ariel_Amestica: folds 
Uncalled bet ($1.50) returned to peak joker33
peak joker33 collected $2.50 from pot
peak joker33: doesn't show hand 
*** SUMMARY ***
Total pot $2.50 | Rake $0 
Seat 1: Ariel_Amestica (big blind) folded before Flop
Seat 2: MaRKiToScoK folded before Flop (didn't bet)
Seat 3: Xenicide folded before Flop (didn't bet)
Seat 4: peak joker33 collected ($2.50)
Seat 5: jeffy27dt1 (button) folded before Flop (didn't bet)
Seat 6: sutata (small blind) folded before Flop



PokerStars Hand #254511419569:  Hold'em No Limit ($0.50/$1.00 USD) - 2025/01/23 6:44:46 WET [2025/01/23 1:44:46 ET]
Table 'Mundleria II' 6-max Seat #6 is the button
Seat 1: Ariel_Amestica ($130.42 in chips) 
Seat 2: MaRKiToScoK ($152.89 in chips) 
Seat 3: Xenicide ($114.94 in chips) 
Seat 4: peak joker33 ($101.50 in chips) 
Seat 5: jeffy27dt1 ($101.50 in chips) 
Seat 6: sutata ($100 in chips) 
Ariel_Amestica: posts small blind $0.50
MaRKiToScoK: posts big blind $1
*** HOLE CARDS ***
Xenicide: folds 
peak joker33: folds 
jeffy27dt1: folds 
sutata: raises $2 to $3
Ariel_Amestica: folds 
MaRKiToScoK: folds 
Uncalled bet ($2) returned to sutata
sutata collected $2.50 from pot
sutata: doesn't show hand 
*** SUMMARY ***
Total pot $2.50 | Rake $0 
Seat 1: Ariel_Amestica (small blind) folded before Flop
Seat 2: MaRKiToScoK (big blind) folded before Flop
Seat 3: Xenicide folded before Flop (didn't bet)
Seat 4: peak joker33 folded before Flop (didn't bet)
Seat 5: jeffy27dt1 folded before Flop (didn't bet)
Seat 6: sutata (button) collected ($2.50)



PokerStars Hand #254511420650:  Hold'em No Limit ($0.50/$1.00 USD) - 2025/01/23 6:45:01 WET [2025/01/23 1:45:01 ET]
Table 'Mundleria II' 6-max Seat #1 is the button
Seat 1: Ariel_Amestica ($129.92 in chips) 
Seat 2: MaRKiToScoK ($151.89 in chips) 
Seat 3: Xenicide ($114.94 in chips) 
Seat 4: peak joker33 ($101.50 in chips) 
Seat 5: jeffy27dt1 ($101.50 in chips) 
Seat 6: sutata ($101.50 in chips) 
MaRKiToScoK: posts small blind $0.50
Xenicide: posts big blind $1
*** HOLE CARDS ***
peak joker33: folds 
jeffy27dt1: folds 
sutata: raises $1.50 to $2.50
Ariel_Amestica: folds 
MaRKiToScoK: folds 
Xenicide: folds 
Uncalled bet ($1.50) returned to sutata
sutata collected $2.50 from pot
sutata: doesn't show hand 
*** SUMMARY ***
Total pot $2.50 | Rake $0 
Seat 1: Ariel_Amestica (button) folded before Flop (didn't bet)
Seat 2: MaRKiToScoK (small blind) folded before Flop
Seat 3: Xenicide (big blind) folded before Flop
Seat 4: peak joker33 folded before Flop (didn't bet)
Seat 5: jeffy27dt1 folded before Flop (didn't bet)
Seat 6: sutata collected ($2.50)



PokerStars Hand #254511421860:  Hold'em No Limit ($0.50/$1.00 USD) - 2025/01/23 6:45:19 WET [2025/01/23 1:45:19 ET]
Table 'Mundleria II' 6-max Seat #2 is the button
Seat 1: Ariel_Amestica ($129.92 in chips) 
Seat 2: MaRKiToScoK ($151.39 in chips) 
Seat 3: Xenicide ($113.94 in chips) 
Seat 4: peak joker33 ($101.50 in chips) 
Seat 5: jeffy27dt1 ($101.50 in chips) 
Seat 6: sutata ($103 in chips) 
Xenicide: posts small blind $0.50
peak joker33: posts big blind $1
*** HOLE CARDS ***
jeffy27dt1: folds 
sutata: folds 
Ariel_Amestica: raises $1 to $2
MaRKiToScoK: folds 
Xenicide: folds 
peak joker33: folds 
Uncalled bet ($1) returned to Ariel_Amestica
Ariel_Amestica collected $2.50 from pot
*** SUMMARY ***
Total pot $2.50 | Rake $0 
Seat 1: Ariel_Amestica collected ($2.50)
Seat 2: MaRKiToScoK (button) folded before Flop (didn't bet)
Seat 3: Xenicide (small blind) folded before Flop
Seat 4: peak joker33 (big blind) folded before Flop
Seat 5: jeffy27dt1 folded before Flop (didn't bet)
Seat 6: sutata folded before Flop (didn't bet)



PokerStars Hand #254511423465:  Hold'em No Limit ($0.50/$1.00 USD) - 2025/01/23 6:45:42 WET [2025/01/23 1:45:42 ET]
Table 'Mundleria II' 6-max Seat #3 is the button
Seat 1: Ariel_Amestica ($131.42 in chips) 
Seat 2: MaRKiToScoK ($151.39 in chips) 
Seat 3: Xenicide ($113.44 in chips) 
Seat 4: peak joker33 ($100.50 in chips) 
Seat 5: jeffy27dt1 ($101.50 in chips) 
Seat 6: sutata ($103 in chips) 
peak joker33: posts small blind $0.50
jeffy27dt1: posts big blind $1
*** HOLE CARDS ***
sutata: folds 
Ariel_Amestica: folds 
MaRKiToScoK: folds 
Xenicide: folds 
peak joker33: raises $2 to $3
jeffy27dt1: calls $2
*** FLOP *** [Kh Js Jh]
peak joker33: bets $1.88
jeffy27dt1: calls $1.88
*** TURN *** [Kh Js Jh] [2d]
peak joker33: bets $9.27
jeffy27dt1: calls $9.27
*** RIVER *** [Kh Js Jh 2d] [3h]
peak joker33: checks 
jeffy27dt1: checks 
*** SHOW DOWN ***
peak joker33: shows [9d Qc] (a pair of Jacks)
jeffy27dt1: shows [Td Kd] (two pair, Kings and Jacks)
jeffy27dt1 collected $26.88 from pot
*** SUMMARY ***
Total pot $28.30 | Rake $1.42 
Board [Kh Js Jh 2d 3h]
Seat 1: Ariel_Amestica folded before Flop (didn't bet)
Seat 2: MaRKiToScoK folded before Flop (didn't bet)
Seat 3: Xenicide (button) folded before Flop (didn't bet)
Seat 4: peak joker33 (small blind) showed [9d Qc] and lost with a pair of Jacks
Seat 5: jeffy27dt1 (big blind) showed [Td Kd] and won ($26.88) with two pair, Kings and Jacks
Seat 6: sutata folded before Flop (didn't bet)



PokerStars Hand #254511428995:  Hold'em No Limit ($0.50/$1.00 USD) - 2025/01/23 6:47:02 WET [2025/01/23 1:47:02 ET]
Table 'Mundleria II' 6-max Seat #4 is the button
Seat 1: Ariel_Amestica ($131.42 in chips) 
Seat 2: MaRKiToScoK ($151.39 in chips) 
Seat 3: Xenicide ($113.44 in chips) 
Seat 4: peak joker33 ($100 in chips) 
Seat 5: jeffy27dt1 ($114.23 in chips) 
Seat 6: sutata ($103 in chips) 
jeffy27dt1: posts small blind $0.50
sutata: posts big blind $1
*** HOLE CARDS ***
Ariel_Amestica: folds 
MaRKiToScoK: folds 
Xenicide: folds 
peak joker33: folds 
jeffy27dt1: raises $2 to $3
sutata: calls $2
*** FLOP *** [9c 4d 6d]
jeffy27dt1: bets $1.88
sutata: calls $1.88
*** TURN *** [9c 4d 6d] [4s]
jeffy27dt1: checks 
sutata: checks 
*** RIVER *** [9c 4d 6d 4s] [9d]
jeffy27dt1: bets $6.95
sutata: raises $14.40 to $21.35
jeffy27dt1: folds 
Uncalled bet ($14.40) returned to sutata
sutata collected $22.48 from pot
sutata: doesn't show hand 
*** SUMMARY ***
Total pot $23.66 | Rake $1.18 
Board [9c 4d 6d 4s 9d]
Seat 1: Ariel_Amestica folded before Flop (didn't bet)
Seat 2: MaRKiToScoK folded before Flop (didn't bet)
Seat 3: Xenicide folded before Flop (didn't bet)
Seat 4: peak joker33 (button) folded before Flop (didn't bet)
Seat 5: jeffy27dt1 (small blind) folded on the River
Seat 6: sutata (big blind) collected ($22.48)



PokerStars Hand #254511436023:  Hold'em No Limit ($0.50/$1.00 USD) - 2025/01/23 6:48:41 WET [2025/01/23 1:48:41 ET]
Table 'Mundleria II' 6-max Seat #5 is the button
Seat 1: Ariel_Amestica ($131.42 in chips) 
Seat 2: MaRKiToScoK ($151.39 in chips) 
Seat 3: Xenicide ($113.44 in chips) 
Seat 4: peak joker33 ($100 in chips) 
Seat 5: jeffy27dt1 ($102.40 in chips) 
Seat 6: sutata ($113.65 in chips) 
sutata: posts small blind $0.50
Ariel_Amestica: posts big blind $1
*** HOLE CARDS ***
MaRKiToScoK: raises $1 to $2
Xenicide: folds 
peak joker33: raises $5 to $7
jeffy27dt1: folds 
sutata: folds 
Ariel_Amestica: folds 
MaRKiToScoK: folds 
Uncalled bet ($5) returned to peak joker33
peak joker33 collected $5.50 from pot
peak joker33: doesn't show hand 
*** SUMMARY ***
Total pot $5.50 | Rake $0 
Seat 1: Ariel_Amestica (big blind) folded before Flop
Seat 2: MaRKiToScoK folded before Flop
Seat 3: Xenicide folded before Flop (didn't bet)
Seat 4: peak joker33 collected ($5.50)
Seat 5: jeffy27dt1 (button) folded before Flop (didn't bet)
Seat 6: sutata (small blind) folded before Flop



PokerStars Hand #254511437959:  Hold'em No Limit ($0.50/$1.00 USD) - 2025/01/23 6:49:09 WET [2025/01/23 1:49:09 ET]
Table 'Mundleria II' 6-max Seat #6 is the button
Seat 1: Ariel_Amestica ($130.42 in chips) 
Seat 2: MaRKiToScoK ($149.39 in chips) 
Seat 3: Xenicide ($113.44 in chips) 
Seat 4: peak joker33 ($103.50 in chips) 
Seat 5: jeffy27dt1 ($102.40 in chips) 
Seat 6: sutata ($113.15 in chips) 
Ariel_Amestica: posts small blind $0.50
MaRKiToScoK: posts big blind $1
*** HOLE CARDS ***
Xenicide: raises $1 to $2
peak joker33: folds 
jeffy27dt1: folds 
sutata: folds 
Ariel_Amestica: calls $1.50
MaRKiToScoK: calls $1
*** FLOP *** [6c Ts Kc]
Ariel_Amestica: checks 
MaRKiToScoK: checks 
Xenicide: bets $2.85
Ariel_Amestica: calls $2.85
MaRKiToScoK: folds 
*** TURN *** [6c Ts Kc] [Ks]
Ariel_Amestica: checks 
Xenicide: bets $8.50
Ariel_Amestica: folds 
Uncalled bet ($8.50) returned to Xenicide
Xenicide collected $11.12 from pot
*** SUMMARY ***
Total pot $11.70 | Rake $0.58 
Board [6c Ts Kc Ks]
Seat 1: Ariel_Amestica (small blind) folded on the Turn
Seat 2: MaRKiToScoK (big blind) folded on the Flop
Seat 3: Xenicide collected ($11.12)
Seat 4: peak joker33 folded before Flop (didn't bet)
Seat 5: jeffy27dt1 folded before Flop (didn't bet)
Seat 6: sutata (button) folded before Flop (didn't bet)



PokerStars Hand #254511443558:  Hold'em No Limit ($0.50/$1.00 USD) - 2025/01/23 6:50:27 WET [2025/01/23 1:50:27 ET]
Table 'Mundleria II' 6-max Seat #1 is the button
Seat 1: Ariel_Amestica ($125.57 in chips) 
Seat 2: MaRKiToScoK ($147.39 in chips) 
Seat 3: Xenicide ($119.71 in chips) 
Seat 4: peak joker33 ($103.50 in chips) 
Seat 5: jeffy27dt1 ($102.40 in chips) 
Seat 6: sutata ($113.15 in chips) 
MaRKiToScoK: posts small blind $0.50
Xenicide: posts big blind $1
*** HOLE CARDS ***
peak joker33: folds 
jeffy27dt1: raises $1.50 to $2.50
sutata has timed out
sutata: folds 
Ariel_Amestica: folds 
MaRKiToScoK: folds 
Xenicide: calls $1.50
*** FLOP *** [Js 5c Ks]
Xenicide: checks 
jeffy27dt1: checks 
*** TURN *** [Js 5c Ks] [6h]
Xenicide: bets $6.52
jeffy27dt1: folds 
Uncalled bet ($6.52) returned to Xenicide
Xenicide collected $5.22 from pot
*** SUMMARY ***
Total pot $5.50 | Rake $0.28 
Board [Js 5c Ks 6h]
Seat 1: Ariel_Amestica (button) folded before Flop (didn't bet)
Seat 2: MaRKiToScoK (small blind) folded before Flop
Seat 3: Xenicide (big blind) collected ($5.22)
Seat 4: peak joker33 folded before Flop (didn't bet)
Seat 5: jeffy27dt1 folded on the Turn
Seat 6: sutata folded before Flop (didn't bet)



PokerStars Hand #254511452108:  Hold'em No Limit ($0.50/$1.00 USD) - 2025/01/23 6:52:29 WET [2025/01/23 1:52:29 ET]
Table 'Mundleria II' 6-max Seat #2 is the button
Seat 6: sutata ($113.15 in chips) is sitting out
Seat 1: Ariel_Amestica ($125.57 in chips) 
Seat 2: MaRKiToScoK ($146.89 in chips) 
Seat 3: Xenicide ($122.43 in chips) 
Seat 4: peak joker33 ($103.50 in chips) 
Seat 5: jeffy27dt1 ($100 in chips) 
Xenicide: posts small blind $0.50
peak joker33: posts big blind $1
*** HOLE CARDS ***
jeffy27dt1: folds 
Ariel_Amestica: folds 
MaRKiToScoK: raises $1.50 to $2.50
Xenicide: folds 
peak joker33: raises $8.50 to $11
MaRKiToScoK: folds 
Uncalled bet ($8.50) returned to peak joker33
peak joker33 collected $5.50 from pot
peak joker33: doesn't show hand 
*** SUMMARY ***
Total pot $5.50 | Rake $0 
Seat 6: sutata
Seat 1: Ariel_Amestica folded before Flop (didn't bet)
Seat 2: MaRKiToScoK (button) folded before Flop
Seat 3: Xenicide (small blind) folded before Flop
Seat 4: peak joker33 (big blind) collected ($5.50)
Seat 5: jeffy27dt1 folded before Flop (didn't bet)



PokerStars Hand #254511454106:  Hold'em No Limit ($0.50/$1.00 USD) - 2025/01/23 6:52:57 WET [2025/01/23 1:52:57 ET]
Table 'Mundleria II' 6-max Seat #3 is the button
Seat 6: sutata ($113.15 in chips) is sitting out
Seat 1: Ariel_Amestica ($125.57 in chips) 
Seat 2: MaRKiToScoK ($144.39 in chips) 
Seat 3: Xenicide ($121.93 in chips) 
Seat 4: peak joker33 ($106.50 in chips) 
Seat 5: jeffy27dt1 ($100 in chips) 
peak joker33: posts small blind $0.50
jeffy27dt1: posts big blind $1
*** HOLE CARDS ***
Ariel_Amestica: folds 
MaRKiToScoK: folds 
Xenicide: folds 
peak joker33: folds 
Uncalled bet ($0.50) returned to jeffy27dt1
jeffy27dt1 collected $1 from pot
jeffy27dt1: doesn't show hand 
*** SUMMARY ***
Total pot $1 | Rake $0 
Seat 6: sutata
Seat 1: Ariel_Amestica folded before Flop (didn't bet)
Seat 2: MaRKiToScoK folded before Flop (didn't bet)
Seat 3: Xenicide (button) folded before Flop (didn't bet)
Seat 4: peak joker33 (small blind) folded before Flop
Seat 5: jeffy27dt1 (big blind) collected ($1)



PokerStars Hand #254511455322:  Hold'em No Limit ($0.50/$1.00 USD) - 2025/01/23 6:53:14 WET [2025/01/23 1:53:14 ET]
Table 'Mundleria II' 6-max Seat #4 is the button
Seat 6: sutata ($113.15 in chips) is sitting out
Seat 1: Ariel_Amestica ($125.57 in chips) 
Seat 2: MaRKiToScoK ($144.39 in chips) 
Seat 3: Xenicide ($121.93 in chips) 
Seat 4: peak joker33 ($106 in chips) 
Seat 5: jeffy27dt1 ($100.50 in chips) 
jeffy27dt1: posts small blind $0.50
Ariel_Amestica: posts big blind $1
*** HOLE CARDS ***
MaRKiToScoK: folds 
Xenicide: folds 
peak joker33: raises $1.50 to $2.50
jeffy27dt1: folds 
Ariel_Amestica: calls $1.50
*** FLOP *** [Kd Td 6c]
Ariel_Amestica: checks 
peak joker33: bets $1.72
Ariel_Amestica: calls $1.72
*** TURN *** [Kd Td 6c] [As]
Ariel_Amestica: checks 
peak joker33: checks 
*** RIVER *** [Kd Td 6c As] [6h]
Ariel_Amestica: checks 
peak joker33: bets $6.37
Ariel_Amestica: folds 
Uncalled bet ($6.37) returned to peak joker33
peak joker33 collected $8.49 from pot
peak joker33: doesn't show hand 
*** SUMMARY ***
Total pot $8.94 | Rake $0.45 
Board [Kd Td 6c As 6h]
Seat 6: sutata
Seat 1: Ariel_Amestica (big blind) folded on the River
Seat 2: MaRKiToScoK folded before Flop (didn't bet)
Seat 3: Xenicide folded before Flop (didn't bet)
Seat 4: peak joker33 (button) collected ($8.49)
Seat 5: jeffy27dt1 (small blind) folded before Flop



PokerStars Hand #254511459588:  Hold'em No Limit ($0.50/$1.00 USD) - 2025/01/23 6:54:14 WET [2025/01/23 1:54:14 ET]
Table 'Mundleria II' 6-max Seat #5 is the button
Seat 6: sutata ($113.15 in chips) is sitting out
Seat 1: Ariel_Amestica ($121.35 in chips) 
Seat 2: MaRKiToScoK ($144.39 in chips) 
Seat 3: Xenicide ($121.93 in chips) 
Seat 4: peak joker33 ($110.27 in chips) 
Seat 5: jeffy27dt1 ($100 in chips) 
Ariel_Amestica: posts small blind $0.50
MaRKiToScoK: posts big blind $1
*** HOLE CARDS ***
Xenicide: folds 
peak joker33: raises $1.50 to $2.50
jeffy27dt1: raises $5 to $7.50
Ariel_Amestica: folds 
MaRKiToScoK: folds 
peak joker33: folds 
Uncalled bet ($5) returned to jeffy27dt1
Ariel_Amestica leaves the table
jeffy27dt1 collected $6.50 from pot
jeffy27dt1: doesn't show hand 
*** SUMMARY ***
Total pot $6.50 | Rake $0 
Seat 6: sutata
Seat 1: Ariel_Amestica (small blind) folded before Flop
Seat 2: MaRKiToScoK (big blind) folded before Flop
Seat 3: Xenicide folded before Flop (didn't bet)
Seat 4: peak joker33 folded before Flop
Seat 5: jeffy27dt1 (button) collected ($6.50)



PokerStars Hand #254511463296:  Hold'em No Limit ($0.50/$1.00 USD) - 2025/01/23 6:55:07 WET [2025/01/23 1:55:07 ET]
Table 'Mundleria II' 6-max Seat #2 is the button
Seat 6: sutata ($113.15 in chips) is sitting out
Seat 2: MaRKiToScoK ($143.39 in chips) 
Seat 3: Xenicide ($121.93 in chips) 
Seat 4: peak joker33 ($107.77 in chips) 
Seat 5: jeffy27dt1 ($104 in chips) 
Xenicide: posts small blind $0.50
peak joker33: posts big blind $1
sutata: sits out 
*** HOLE CARDS ***
jeffy27dt1: folds 
MaRKiToScoK: raises $1.50 to $2.50
Xenicide: folds 
peak joker33: folds 
Uncalled bet ($1.50) returned to MaRKiToScoK
MaRKiToScoK collected $2.50 from pot
*** SUMMARY ***
Total pot $2.50 | Rake $0 
Seat 6: sutata
Seat 2: MaRKiToScoK (button) collected ($2.50)
Seat 3: Xenicide (small blind) folded before Flop
Seat 4: peak joker33 (big blind) folded before Flop
Seat 5: jeffy27dt1 folded before Flop (didn't bet)



PokerStars Hand #254511464676:  Hold'em No Limit ($0.50/$1.00 USD) - 2025/01/23 6:55:28 WET [2025/01/23 1:55:28 ET]
Table 'Mundleria II' 6-max Seat #3 is the button
Seat 6: sutata ($113.15 in chips) is sitting out
Seat 2: MaRKiToScoK ($144.89 in chips) 
Seat 3: Xenicide ($121.43 in chips) 
Seat 4: peak joker33 ($106.77 in chips) 
Seat 5: jeffy27dt1 ($104 in chips) 
peak joker33: posts small blind $0.50
jeffy27dt1: posts big blind $1
sutata: sits out 
*** HOLE CARDS ***
MaRKiToScoK: folds 
Xenicide: folds 
peak joker33: raises $2 to $3
jeffy27dt1: calls $2
*** FLOP *** [3s 6s Qs]
peak joker33: bets $1.88
jeffy27dt1: raises $4.12 to $6
peak joker33: folds 
Uncalled bet ($4.12) returned to jeffy27dt1
jeffy27dt1 collected $9.27 from pot
jeffy27dt1: doesn't show hand 
*** SUMMARY ***
Total pot $9.76 | Rake $0.49 
Board [3s 6s Qs]
Seat 6: sutata
Seat 2: MaRKiToScoK folded before Flop (didn't bet)
Seat 3: Xenicide (button) folded before Flop (didn't bet)
Seat 4: peak joker33 (small blind) folded on the Flop
Seat 5: jeffy27dt1 (big blind) collected ($9.27)



PokerStars Hand #254511467170:  Hold'em No Limit ($0.50/$1.00 USD) - 2025/01/23 6:56:09 WET [2025/01/23 1:56:09 ET]
Table 'Mundleria II' 6-max Seat #4 is the button
Seat 2: MaRKiToScoK ($144.89 in chips) 
Seat 3: Xenicide ($121.43 in chips) 
Seat 4: peak joker33 ($101.89 in chips) 
Seat 5: jeffy27dt1 ($108.39 in chips) 
Seat 6: sutata ($113.15 in chips) 
jeffy27dt1: posts small blind $0.50
sutata: posts big blind $1
*** HOLE CARDS ***
MaRKiToScoK: folds 
Xenicide: folds 
peak joker33: folds 
jeffy27dt1: raises $2 to $3
peak joker33 leaves the table
sutata: raises $7.30 to $10.30
jeffy27dt1: folds 
Uncalled bet ($7.30) returned to sutata
sutata collected $6 from pot
sutata: doesn't show hand 
*** SUMMARY ***
Total pot $6 | Rake $0 
Seat 2: MaRKiToScoK folded before Flop (didn't bet)
Seat 3: Xenicide folded before Flop (didn't bet)
Seat 4: peak joker33 (button) folded before Flop (didn't bet)
Seat 5: jeffy27dt1 (small blind) folded before Flop
Seat 6: sutata (big blind) collected ($6)



PokerStars Hand #254511469478:  Hold'em No Limit ($0.50/$1.00 USD) - 2025/01/23 6:56:47 WET [2025/01/23 1:56:47 ET]
Table 'Mundleria II' 6-max Seat #6 is the button
Seat 2: MaRKiToScoK ($144.89 in chips) is sitting out
Seat 3: Xenicide ($121.43 in chips) is sitting out
Seat 5: jeffy27dt1 ($105.39 in chips) 
Seat 6: sutata ($116.15 in chips) 
sutata: posts small blind $0.50
MaRKiToScoK: is sitting out 
Xenicide: is sitting out 
jeffy27dt1: posts big blind $1
*** HOLE CARDS ***
Xenicide leaves the table
sutata: folds 
Uncalled bet ($0.50) returned to jeffy27dt1
jeffy27dt1 collected $1 from pot
jeffy27dt1: doesn't show hand 
*** SUMMARY ***
Total pot $1 | Rake $0 
Seat 2: MaRKiToScoK
Seat 3: Xenicide
Seat 5: jeffy27dt1 (big blind) collected ($1)
Seat 6: sutata (button) (small blind) folded before Flop



PokerStars Hand #254511106881:  Hold'em No Limit ($0.50/$1.00 USD) - 2025/01/23 5:34:19 WET [2025/01/23 0:34:19 ET]
Table 'Mundleria II' 6-max Seat #2 is the button
Seat 5: nastja336 ($100 in chips) is sitting out
Seat 1: DukeFred ($44.12 in chips) 
Seat 2: sesiomp12 ($90.36 in chips) 
Seat 3: zizizib ($137.93 in chips) 
Seat 4: 7bekon7 ($136.55 in chips) 
Seat 6: shootingGRID ($100 in chips) 
zizizib: posts small blind $0.50
7bekon7: posts big blind $1
nastja336: sits out 
*** HOLE CARDS ***
shootingGRID: raises $1.25 to $2.25
DukeFred: folds 
sesiomp12: folds 
zizizib: folds 
7bekon7: calls $1.25
*** FLOP *** [7d Qh Kd]
7bekon7: checks 
shootingGRID: bets $2.38
7bekon7: raises $4.76 to $7.14
shootingGRID: raises $15.27 to $22.41
7bekon7: calls $15.27
*** TURN *** [7d Qh Kd] [5s]
7bekon7: checks 
shootingGRID: checks 
*** RIVER *** [7d Qh Kd 5s] [5h]
7bekon7: bets $11.83
shootingGRID: folds 
Uncalled bet ($11.83) returned to 7bekon7
7bekon7 collected $47.33 from pot
7bekon7: doesn't show hand 
*** SUMMARY ***
Total pot $49.82 | Rake $2.49 
Board [7d Qh Kd 5s 5h]
Seat 5: nastja336
Seat 1: DukeFred folded before Flop (didn't bet)
Seat 2: sesiomp12 (button) folded before Flop (didn't bet)
Seat 3: zizizib (small blind) folded before Flop
Seat 4: 7bekon7 (big blind) collected ($47.33)
Seat 6: shootingGRID folded on the River



PokerStars Hand #254511112536:  Hold'em No Limit ($0.50/$1.00 USD) - 2025/01/23 5:35:28 WET [2025/01/23 0:35:28 ET]
Table 'Mundleria II' 6-max Seat #3 is the button
Seat 1: DukeFred ($44.12 in chips) 
Seat 2: sesiomp12 ($90.36 in chips) 
Seat 3: zizizib ($137.43 in chips) 
Seat 4: 7bekon7 ($159.22 in chips) 
Seat 5: nastja336 ($100 in chips) 
Seat 6: shootingGRID ($100 in chips) 
7bekon7: posts small blind $0.50
nastja336: posts big blind $1
*** HOLE CARDS ***
shootingGRID: raises $1.25 to $2.25
DukeFred: calls $2.25
sesiomp12: folds 
zizizib: folds 
7bekon7: folds 
nastja336: calls $1.25
*** FLOP *** [Kd 8s 4s]
nastja336: checks 
shootingGRID: bets $2.27
DukeFred: folds 
nastja336: folds 
Uncalled bet ($2.27) returned to shootingGRID
shootingGRID collected $6.89 from pot
*** SUMMARY ***
Total pot $7.25 | Rake $0.36 
Board [Kd 8s 4s]
Seat 1: DukeFred folded on the Flop
Seat 2: sesiomp12 folded before Flop (didn't bet)
Seat 3: zizizib (button) folded before Flop (didn't bet)
Seat 4: 7bekon7 (small blind) folded before Flop
Seat 5: nastja336 (big blind) folded on the Flop
Seat 6: shootingGRID collected ($6.89)



PokerStars Hand #254511116034:  Hold'em No Limit ($0.50/$1.00 USD) - 2025/01/23 5:36:11 WET [2025/01/23 0:36:11 ET]
Table 'Mundleria II' 6-max Seat #4 is the button
Seat 1: DukeFred ($41.87 in chips) 
Seat 2: sesiomp12 ($90.36 in chips) 
Seat 3: zizizib ($137.43 in chips) 
Seat 4: 7bekon7 ($158.72 in chips) 
Seat 5: nastja336 ($100 in chips) 
Seat 6: shootingGRID ($104.64 in chips) 
nastja336: posts small blind $0.50
shootingGRID: posts big blind $1
*** HOLE CARDS ***
DukeFred: folds 
sesiomp12: folds 
zizizib: folds 
7bekon7: folds 
nastja336: folds 
Uncalled bet ($0.50) returned to shootingGRID
shootingGRID collected $1 from pot
*** SUMMARY ***
Total pot $1 | Rake $0 
Seat 1: DukeFred folded before Flop (didn't bet)
Seat 2: sesiomp12 folded before Flop (didn't bet)
Seat 3: zizizib folded before Flop (didn't bet)
Seat 4: 7bekon7 (button) folded before Flop (didn't bet)
Seat 5: nastja336 (small blind) folded before Flop
Seat 6: shootingGRID (big blind) collected ($1)



PokerStars Hand #254511117195:  Hold'em No Limit ($0.50/$1.00 USD) - 2025/01/23 5:36:25 WET [2025/01/23 0:36:25 ET]
Table 'Mundleria II' 6-max Seat #5 is the button
Seat 1: DukeFred ($41.87 in chips) 
Seat 2: sesiomp12 ($90.36 in chips) 
Seat 3: zizizib ($137.43 in chips) 
Seat 4: 7bekon7 ($158.72 in chips) 
Seat 5: nastja336 ($100 in chips) 
Seat 6: shootingGRID ($105.14 in chips) 
shootingGRID: posts small blind $0.50
DukeFred: posts big blind $1
*** HOLE CARDS ***
sesiomp12: folds 
zizizib: folds 
7bekon7: folds 
nastja336: folds 
shootingGRID: folds 
Uncalled bet ($0.50) returned to DukeFred
DukeFred collected $1 from pot
*** SUMMARY ***
Total pot $1 | Rake $0 
Seat 1: DukeFred (big blind) collected ($1)
Seat 2: sesiomp12 folded before Flop (didn't bet)
Seat 3: zizizib folded before Flop (didn't bet)
Seat 4: 7bekon7 folded before Flop (didn't bet)
Seat 5: nastja336 (button) folded before Flop (didn't bet)
Seat 6: shootingGRID (small blind) folded before Flop



PokerStars Hand #254511118193:  Hold'em No Limit ($0.50/$1.00 USD) - 2025/01/23 5:36:38 WET [2025/01/23 0:36:38 ET]
Table 'Mundleria II' 6-max Seat #6 is the button
Seat 1: DukeFred ($42.37 in chips) 
Seat 2: sesiomp12 ($90.36 in chips) 
Seat 3: zizizib ($137.43 in chips) 
Seat 4: 7bekon7 ($158.72 in chips) 
Seat 5: nastja336 ($100 in chips) 
Seat 6: shootingGRID ($104.64 in chips) 
DukeFred: posts small blind $0.50
sesiomp12: posts big blind $1
*** HOLE CARDS ***
zizizib: folds 
7bekon7: folds 
nastja336: folds 
shootingGRID: raises $1.50 to $2.50
DukeFred: calls $2
sesiomp12: calls $1.50
*** FLOP *** [6d Ks 2d]
DukeFred: checks 
sesiomp12: checks 
shootingGRID: bets $3.56
DukeFred: calls $3.56
sesiomp12: folds 
*** TURN *** [6d Ks 2d] [2c]
DukeFred: bets $6.95
shootingGRID: calls $6.95
*** RIVER *** [6d Ks 2d 2c] [3h]
DukeFred: bets $16.55
shootingGRID: folds 
Uncalled bet ($16.55) returned to DukeFred
DukeFred collected $27.09 from pot
*** SUMMARY ***
Total pot $28.52 | Rake $1.43 
Board [6d Ks 2d 2c 3h]
Seat 1: DukeFred (small blind) collected ($27.09)
Seat 2: sesiomp12 (big blind) folded on the Flop
Seat 3: zizizib folded before Flop (didn't bet)
Seat 4: 7bekon7 folded before Flop (didn't bet)
Seat 5: nastja336 folded before Flop (didn't bet)
Seat 6: shootingGRID (button) folded on the River



PokerStars Hand #254511123057:  Hold'em No Limit ($0.50/$1.00 USD) - 2025/01/23 5:37:38 WET [2025/01/23 0:37:38 ET]
Table 'Mundleria II' 6-max Seat #1 is the button
Seat 1: DukeFred ($56.45 in chips) 
Seat 2: sesiomp12 ($87.86 in chips) 
Seat 3: zizizib ($137.43 in chips) 
Seat 4: 7bekon7 ($158.72 in chips) 
Seat 5: nastja336 ($100 in chips) 
Seat 6: shootingGRID ($100 in chips) 
sesiomp12: posts small blind $0.50
zizizib: posts big blind $1
*** HOLE CARDS ***
7bekon7: folds 
nastja336: folds 
shootingGRID: folds 
DukeFred: folds 
sesiomp12: raises $2 to $3
zizizib: folds 
Uncalled bet ($2) returned to sesiomp12
sesiomp12 collected $2 from pot
sesiomp12: doesn't show hand 
*** SUMMARY ***
Total pot $2 | Rake $0 
Seat 1: DukeFred (button) folded before Flop (didn't bet)
Seat 2: sesiomp12 (small blind) collected ($2)
Seat 3: zizizib (big blind) folded before Flop
Seat 4: 7bekon7 folded before Flop (didn't bet)
Seat 5: nastja336 folded before Flop (didn't bet)
Seat 6: shootingGRID folded before Flop (didn't bet)



PokerStars Hand #254511126480:  Hold'em No Limit ($0.50/$1.00 USD) - 2025/01/23 5:38:20 WET [2025/01/23 0:38:20 ET]
Table 'Mundleria II' 6-max Seat #2 is the button
Seat 1: DukeFred ($56.45 in chips) 
Seat 2: sesiomp12 ($88.86 in chips) 
Seat 3: zizizib ($136.43 in chips) 
Seat 4: 7bekon7 ($158.72 in chips) 
Seat 5: nastja336 ($100 in chips) 
Seat 6: shootingGRID ($100 in chips) 
zizizib: posts small blind $0.50
7bekon7: posts big blind $1
*** HOLE CARDS ***
nastja336: raises $1.50 to $2.50
shootingGRID: folds 
DukeFred: calls $2.50
sesiomp12: calls $2.50
zizizib: folds 
7bekon7: folds 
*** FLOP *** [8s 5s Qs]
nastja336: checks 
DukeFred: bets $4.28
sesiomp12: folds 
nastja336: calls $4.28
*** TURN *** [8s 5s Qs] [Qd]
nastja336: checks 
DukeFred: bets $8.34
nastja336: raises $12.51 to $20.85
DukeFred: calls $12.51
*** RIVER *** [8s 5s Qs Qd] [6h]
nastja336: bets $29
DukeFred: calls $28.82 and is all-in
Uncalled bet ($0.18) returned to nastja336
*** SHOW DOWN ***
nastja336: shows [8c 8h] (a full house, Eights full of Queens)
DukeFred: shows [4s 2s] (a flush, Queen high)
nastja336 collected $114.40 from pot
*** SUMMARY ***
Total pot $116.90 | Rake $2.50 
Board [8s 5s Qs Qd 6h]
Seat 1: DukeFred showed [4s 2s] and lost with a flush, Queen high
Seat 2: sesiomp12 (button) folded on the Flop
Seat 3: zizizib (small blind) folded before Flop
Seat 4: 7bekon7 (big blind) folded before Flop
Seat 5: nastja336 showed [8c 8h] and won ($114.40) with a full house, Eights full of Queens
Seat 6: shootingGRID folded before Flop (didn't bet)



PokerStars Hand #254511130847:  Hold'em No Limit ($0.50/$1.00 USD) - 2025/01/23 5:39:14 WET [2025/01/23 0:39:14 ET]
Table 'Mundleria II' 6-max Seat #3 is the button
Seat 1: DukeFred ($0 in chips) is sitting out
Seat 2: sesiomp12 ($86.36 in chips) 
Seat 3: zizizib ($135.93 in chips) 
Seat 4: 7bekon7 ($157.72 in chips) 
Seat 5: nastja336 ($157.95 in chips) 
Seat 6: shootingGRID ($100 in chips) 
7bekon7: posts small blind $0.50
nastja336: posts big blind $1
*** HOLE CARDS ***
shootingGRID: folds 
sesiomp12: folds 
zizizib: folds 
7bekon7: raises $2 to $3
nastja336: calls $2
*** FLOP *** [2c 5h 7c]
7bekon7: checks 
nastja336: bets $1.88
7bekon7: folds 
Uncalled bet ($1.88) returned to nastja336
nastja336 collected $5.70 from pot
nastja336: doesn't show hand 
*** SUMMARY ***
Total pot $6 | Rake $0.30 
Board [2c 5h 7c]
Seat 1: DukeFred
Seat 2: sesiomp12 folded before Flop (didn't bet)
Seat 3: zizizib (button) folded before Flop (didn't bet)
Seat 4: 7bekon7 (small blind) folded on the Flop
Seat 5: nastja336 (big blind) collected ($5.70)
Seat 6: shootingGRID folded before Flop (didn't bet)



PokerStars Hand #254511135052:  Hold'em No Limit ($0.50/$1.00 USD) - 2025/01/23 5:40:06 WET [2025/01/23 0:40:06 ET]
Table 'Mundleria II' 6-max Seat #4 is the button
Seat 1: DukeFred ($0 in chips) is sitting out
Seat 2: sesiomp12 ($86.36 in chips) 
Seat 3: zizizib ($135.93 in chips) 
Seat 4: 7bekon7 ($154.72 in chips) 
Seat 5: nastja336 ($160.65 in chips) 
Seat 6: shootingGRID ($100 in chips) 
nastja336: posts small blind $0.50
shootingGRID: posts big blind $1
*** HOLE CARDS ***
sesiomp12: calls $1
zizizib: folds 
7bekon7: raises $4 to $5
nastja336: folds 
shootingGRID: folds 
sesiomp12: calls $4
*** FLOP *** [3s 6d Qd]
sesiomp12: checks 
7bekon7: checks 
*** TURN *** [3s 6d Qd] [3c]
sesiomp12: bets $4
7bekon7: calls $4
*** RIVER *** [3s 6d Qd 3c] [8d]
sesiomp12: checks 
7bekon7: checks 
*** SHOW DOWN ***
sesiomp12: shows [9d Tc] (a pair of Threes)
7bekon7: shows [Ac Kc] (a pair of Threes - Ace kicker)
7bekon7 collected $18.52 from pot
*** SUMMARY ***
Total pot $19.50 | Rake $0.98 
Board [3s 6d Qd 3c 8d]
Seat 1: DukeFred
Seat 2: sesiomp12 showed [9d Tc] and lost with a pair of Threes
Seat 3: zizizib folded before Flop (didn't bet)
Seat 4: 7bekon7 (button) showed [Ac Kc] and won ($18.52) with a pair of Threes
Seat 5: nastja336 (small blind) folded before Flop
Seat 6: shootingGRID (big blind) folded before Flop



PokerStars Hand #254511139585:  Hold'em No Limit ($0.50/$1.00 USD) - 2025/01/23 5:41:01 WET [2025/01/23 0:41:01 ET]
Table 'Mundleria II' 6-max Seat #5 is the button
Seat 1: DukeFred ($41.63 in chips) 
Seat 2: sesiomp12 ($77.36 in chips) 
Seat 3: zizizib ($135.93 in chips) 
Seat 4: 7bekon7 ($164.24 in chips) 
Seat 5: nastja336 ($160.15 in chips) 
Seat 6: shootingGRID ($100 in chips) 
shootingGRID: posts small blind $0.50
DukeFred: posts big blind $1
*** HOLE CARDS ***
sesiomp12: folds 
zizizib: folds 
7bekon7: folds 
nastja336: folds 
shootingGRID: folds 
Uncalled bet ($0.50) returned to DukeFred
DukeFred collected $1 from pot
*** SUMMARY ***
Total pot $1 | Rake $0 
Seat 1: DukeFred (big blind) collected ($1)
Seat 2: sesiomp12 folded before Flop (didn't bet)
Seat 3: zizizib folded before Flop (didn't bet)
Seat 4: 7bekon7 folded before Flop (didn't bet)
Seat 5: nastja336 (button) folded before Flop (didn't bet)
Seat 6: shootingGRID (small blind) folded before Flop



PokerStars Hand #254511141959:  Hold'em No Limit ($0.50/$1.00 USD) - 2025/01/23 5:41:30 WET [2025/01/23 0:41:30 ET]
Table 'Mundleria II' 6-max Seat #6 is the button
Seat 1: DukeFred ($42.13 in chips) 
Seat 2: sesiomp12 ($77.36 in chips) 
Seat 3: zizizib ($135.93 in chips) 
Seat 4: 7bekon7 ($164.24 in chips) 
Seat 5: nastja336 ($160.15 in chips) 
Seat 6: shootingGRID ($100 in chips) 
DukeFred: posts small blind $0.50
sesiomp12: posts big blind $1
*** HOLE CARDS ***
zizizib: raises $1.10 to $2.10
7bekon7: folds 
nastja336: raises $5.40 to $7.50
shootingGRID: folds 
DukeFred: folds 
sesiomp12: folds 
zizizib: folds 
Uncalled bet ($5.40) returned to nastja336
nastja336 collected $5.70 from pot
nastja336: doesn't show hand 
*** SUMMARY ***
Total pot $5.70 | Rake $0 
Seat 1: DukeFred (small blind) folded before Flop
Seat 2: sesiomp12 (big blind) folded before Flop
Seat 3: zizizib folded before Flop
Seat 4: 7bekon7 folded before Flop (didn't bet)
Seat 5: nastja336 collected ($5.70)
Seat 6: shootingGRID (button) folded before Flop (didn't bet)



PokerStars Hand #254511143179:  Hold'em No Limit ($0.50/$1.00 USD) - 2025/01/23 5:41:44 WET [2025/01/23 0:41:44 ET]
Table 'Mundleria II' 6-max Seat #1 is the button
Seat 1: DukeFred ($41.63 in chips) 
Seat 2: sesiomp12 ($76.36 in chips) 
Seat 3: zizizib ($133.83 in chips) 
Seat 4: 7bekon7 ($164.24 in chips) 
Seat 5: nastja336 ($163.75 in chips) 
Seat 6: shootingGRID ($100 in chips) 
sesiomp12: posts small blind $0.50
zizizib: posts big blind $1
*** HOLE CARDS ***
7bekon7: folds 
nastja336: folds 
shootingGRID: folds 
DukeFred: raises $1 to $2
sesiomp12: folds 
zizizib: folds 
Uncalled bet ($1) returned to DukeFred
DukeFred collected $2.50 from pot
*** SUMMARY ***
Total pot $2.50 | Rake $0 
Seat 1: DukeFred (button) collected ($2.50)
Seat 2: sesiomp12 (small blind) folded before Flop
Seat 3: zizizib (big blind) folded before Flop
Seat 4: 7bekon7 folded before Flop (didn't bet)
Seat 5: nastja336 folded before Flop (didn't bet)
Seat 6: shootingGRID folded before Flop (didn't bet)



PokerStars Hand #254511144522:  Hold'em No Limit ($0.50/$1.00 USD) - 2025/01/23 5:42:01 WET [2025/01/23 0:42:01 ET]
Table 'Mundleria II' 6-max Seat #2 is the button
Seat 1: DukeFred ($43.13 in chips) 
Seat 2: sesiomp12 ($75.86 in chips) 
Seat 3: zizizib ($132.83 in chips) 
Seat 4: 7bekon7 ($164.24 in chips) 
Seat 5: nastja336 ($163.75 in chips) 
Seat 6: shootingGRID ($100 in chips) 
zizizib: posts small blind $0.50
7bekon7: posts big blind $1
*** HOLE CARDS ***
nastja336: folds 
shootingGRID: folds 
DukeFred: calls $1
sesiomp12: calls $1
zizizib: folds 
7bekon7: raises $4 to $5
DukeFred: calls $4
sesiomp12: calls $4
*** FLOP *** [4d 2h Jc]
7bekon7: bets $5.52
DukeFred: raises $5.52 to $11.04
sesiomp12: folds 
7bekon7: calls $5.52
*** TURN *** [4d 2h Jc] [8c]
7bekon7: bets $8.93
DukeFred: calls $8.93
*** RIVER *** [4d 2h Jc 8c] [7d]
7bekon7: bets $26.47
DukeFred: folds 
Uncalled bet ($26.47) returned to 7bekon7
7bekon7 collected $52.94 from pot
7bekon7: doesn't show hand 
*** SUMMARY ***
Total pot $55.44 | Rake $2.50 
Board [4d 2h Jc 8c 7d]
Seat 1: DukeFred folded on the River
Seat 2: sesiomp12 (button) folded on the Flop
Seat 3: zizizib (small blind) folded before Flop
Seat 4: 7bekon7 (big blind) collected ($52.94)
Seat 5: nastja336 folded before Flop (didn't bet)
Seat 6: shootingGRID folded before Flop (didn't bet)



PokerStars Hand #254511150636:  Hold'em No Limit ($0.50/$1.00 USD) - 2025/01/23 5:43:16 WET [2025/01/23 0:43:16 ET]
Table 'Mundleria II' 6-max Seat #3 is the button
Seat 1: DukeFred ($18.16 in chips) 
Seat 2: sesiomp12 ($70.86 in chips) 
Seat 3: zizizib ($132.33 in chips) 
Seat 4: 7bekon7 ($192.21 in chips) 
Seat 5: nastja336 ($163.75 in chips) 
Seat 6: shootingGRID ($100 in chips) 
7bekon7: posts small blind $0.50
nastja336: posts big blind $1
*** HOLE CARDS ***
shootingGRID: folds 
DukeFred: calls $1
sesiomp12: calls $1
zizizib: folds 
7bekon7: folds 
nastja336: checks 
*** FLOP *** [Kc Td 9h]
nastja336: checks 
DukeFred: checks 
sesiomp12: checks 
*** TURN *** [Kc Td 9h] [Kd]
nastja336: checks 
DukeFred: checks 
sesiomp12: checks 
*** RIVER *** [Kc Td 9h Kd] [3c]
nastja336: checks 
DukeFred: bets $1
sesiomp12: folds 
nastja336: folds 
Uncalled bet ($1) returned to DukeFred
DukeFred collected $3.32 from pot
*** SUMMARY ***
Total pot $3.50 | Rake $0.18 
Board [Kc Td 9h Kd 3c]
Seat 1: DukeFred collected ($3.32)
Seat 2: sesiomp12 folded on the River
Seat 3: zizizib (button) folded before Flop (didn't bet)
Seat 4: 7bekon7 (small blind) folded before Flop
Seat 5: nastja336 (big blind) folded on the River
Seat 6: shootingGRID folded before Flop (didn't bet)



PokerStars Hand #254511153610:  Hold'em No Limit ($0.50/$1.00 USD) - 2025/01/23 5:43:53 WET [2025/01/23 0:43:53 ET]
Table 'Mundleria II' 6-max Seat #4 is the button
Seat 1: DukeFred ($20.48 in chips) 
Seat 2: sesiomp12 ($69.86 in chips) 
Seat 3: zizizib ($132.33 in chips) 
Seat 4: 7bekon7 ($191.71 in chips) 
Seat 5: nastja336 ($162.75 in chips) 
Seat 6: shootingGRID ($100 in chips) 
nastja336: posts small blind $0.50
shootingGRID: posts big blind $1
*** HOLE CARDS ***
DukeFred: folds 
sesiomp12: folds 
zizizib: raises $1.30 to $2.30
7bekon7: raises $6.10 to $8.40
nastja336: folds 
shootingGRID: folds 
zizizib: raises $15.60 to $24
7bekon7: folds 
Uncalled bet ($15.60) returned to zizizib
zizizib collected $18.30 from pot
zizizib: doesn't show hand 
*** SUMMARY ***
Total pot $18.30 | Rake $0 
Seat 1: DukeFred folded before Flop (didn't bet)
Seat 2: sesiomp12 folded before Flop (didn't bet)
Seat 3: zizizib collected ($18.30)
Seat 4: 7bekon7 (button) folded before Flop
Seat 5: nastja336 (small blind) folded before Flop
Seat 6: shootingGRID (big blind) folded before Flop



PokerStars Hand #254511157571:  Hold'em No Limit ($0.50/$1.00 USD) - 2025/01/23 5:44:42 WET [2025/01/23 0:44:42 ET]
Table 'Mundleria II' 6-max Seat #5 is the button
Seat 1: DukeFred ($20.48 in chips) 
Seat 2: sesiomp12 ($69.86 in chips) 
Seat 3: zizizib ($142.23 in chips) 
Seat 4: 7bekon7 ($183.31 in chips) 
Seat 5: nastja336 ($162.25 in chips) 
Seat 6: shootingGRID ($100 in chips) 
shootingGRID: posts small blind $0.50
DukeFred: posts big blind $1
*** HOLE CARDS ***
sesiomp12: folds 
zizizib: folds 
7bekon7: folds 
nastja336: folds 
shootingGRID: folds 
Uncalled bet ($0.50) returned to DukeFred
DukeFred collected $1 from pot
*** SUMMARY ***
Total pot $1 | Rake $0 
Seat 1: DukeFred (big blind) collected ($1)
Seat 2: sesiomp12 folded before Flop (didn't bet)
Seat 3: zizizib folded before Flop (didn't bet)
Seat 4: 7bekon7 folded before Flop (didn't bet)
Seat 5: nastja336 (button) folded before Flop (didn't bet)
Seat 6: shootingGRID (small blind) folded before Flop



PokerStars Hand #254511160150:  Hold'em No Limit ($0.50/$1.00 USD) - 2025/01/23 5:45:15 WET [2025/01/23 0:45:15 ET]
Table 'Mundleria II' 6-max Seat #6 is the button
Seat 1: DukeFred ($20.98 in chips) 
Seat 2: sesiomp12 ($69.86 in chips) 
Seat 3: zizizib ($142.23 in chips) 
Seat 4: 7bekon7 ($183.31 in chips) 
Seat 5: nastja336 ($162.25 in chips) 
Seat 6: shootingGRID ($100 in chips) 
DukeFred: posts small blind $0.50
sesiomp12: posts big blind $1
*** HOLE CARDS ***
zizizib: raises $1.10 to $2.10
7bekon7: folds 
nastja336: folds 
shootingGRID: folds 
DukeFred: calls $1.60
sesiomp12: calls $1.10
*** FLOP *** [6d Th 9d]
DukeFred: checks 
sesiomp12: checks 
zizizib: bets $4.01
DukeFred: calls $4.01
sesiomp12: folds 
*** TURN *** [6d Th 9d] [2h]
DukeFred: checks 
zizizib: bets $23.80
DukeFred: folds 
Uncalled bet ($23.80) returned to zizizib
zizizib collected $13.60 from pot
zizizib: doesn't show hand 
*** SUMMARY ***
Total pot $14.32 | Rake $0.72 
Board [6d Th 9d 2h]
Seat 1: DukeFred (small blind) folded on the Turn
Seat 2: sesiomp12 (big blind) folded on the Flop
Seat 3: zizizib collected ($13.60)
Seat 4: 7bekon7 folded before Flop (didn't bet)
Seat 5: nastja336 folded before Flop (didn't bet)
Seat 6: shootingGRID (button) folded before Flop (didn't bet)



PokerStars Hand #254511165521:  Hold'em No Limit ($0.50/$1.00 USD) - 2025/01/23 5:46:23 WET [2025/01/23 0:46:23 ET]
Table 'Mundleria II' 6-max Seat #1 is the button
Seat 1: DukeFred ($14.87 in chips) 
Seat 2: sesiomp12 ($67.76 in chips) 
Seat 3: zizizib ($149.72 in chips) 
Seat 4: 7bekon7 ($183.31 in chips) 
Seat 5: nastja336 ($162.25 in chips) 
Seat 6: shootingGRID ($100 in chips) 
sesiomp12: posts small blind $0.50
zizizib: posts big blind $1
*** HOLE CARDS ***
7bekon7: raises $1.50 to $2.50
nastja336: folds 
shootingGRID: folds 
DukeFred: calls $2.50
sesiomp12: folds 
zizizib: calls $1.50
*** FLOP *** [Jh Js 6h]
zizizib: checks 
7bekon7: bets $1.90
DukeFred: calls $1.90
zizizib: folds 
*** TURN *** [Jh Js 6h] [Ac]
7bekon7: checks 
DukeFred: checks 
*** RIVER *** [Jh Js 6h Ac] [Ks]
7bekon7: checks 
DukeFred: bets $5.61
7bekon7: calls $5.61
*** SHOW DOWN ***
DukeFred: shows [9s Jd] (three of a kind, Jacks)
7bekon7: mucks hand 
DukeFred collected $21.87 from pot
*** SUMMARY ***
Total pot $23.02 | Rake $1.15 
Board [Jh Js 6h Ac Ks]
Seat 1: DukeFred (button) showed [9s Jd] and won ($21.87) with three of a kind, Jacks
Seat 2: sesiomp12 (small blind) folded before Flop
Seat 3: zizizib (big blind) folded on the Flop
Seat 4: 7bekon7 mucked
Seat 5: nastja336 folded before Flop (didn't bet)
Seat 6: shootingGRID folded before Flop (didn't bet)



PokerStars Hand #254511169981:  Hold'em No Limit ($0.50/$1.00 USD) - 2025/01/23 5:47:20 WET [2025/01/23 0:47:20 ET]
Table 'Mundleria II' 6-max Seat #2 is the button
Seat 1: DukeFred ($26.73 in chips) 
Seat 2: sesiomp12 ($67.26 in chips) 
Seat 3: zizizib ($147.22 in chips) 
Seat 4: 7bekon7 ($173.30 in chips) 
Seat 5: nastja336 ($162.25 in chips) 
Seat 6: shootingGRID ($100 in chips) 
zizizib: posts small blind $0.50
7bekon7: posts big blind $1
*** HOLE CARDS ***
nastja336: raises $1.50 to $2.50
shootingGRID: folds 
DukeFred: calls $2.50
sesiomp12: folds 
zizizib: folds 
7bekon7: folds 
*** FLOP *** [9s 5c Kc]
nastja336: checks 
DukeFred: checks 
*** TURN *** [9s 5c Kc] [Js]
nastja336: bets $2.04
DukeFred: calls $2.04
*** RIVER *** [9s 5c Kc Js] [4c]
nastja336: bets $3.32
DukeFred: calls $3.32
*** SHOW DOWN ***
nastja336: shows [Ad Jc] (a pair of Jacks)
DukeFred: mucks hand 
nastja336 collected $16.36 from pot
*** SUMMARY ***
Total pot $17.22 | Rake $0.86 
Board [9s 5c Kc Js 4c]
Seat 1: DukeFred mucked
Seat 2: sesiomp12 (button) folded before Flop (didn't bet)
Seat 3: zizizib (small blind) folded before Flop
Seat 4: 7bekon7 (big blind) folded before Flop
Seat 5: nastja336 showed [Ad Jc] and won ($16.36) with a pair of Jacks
Seat 6: shootingGRID folded before Flop (didn't bet)



PokerStars Hand #254511173325:  Hold'em No Limit ($0.50/$1.00 USD) - 2025/01/23 5:48:02 WET [2025/01/23 0:48:02 ET]
Table 'Mundleria II' 6-max Seat #3 is the button
Seat 1: DukeFred ($18.87 in chips) 
Seat 2: sesiomp12 ($67.26 in chips) 
Seat 3: zizizib ($146.72 in chips) 
Seat 4: 7bekon7 ($172.30 in chips) 
Seat 5: nastja336 ($170.75 in chips) 
Seat 6: shootingGRID ($100 in chips) 
7bekon7: posts small blind $0.50
nastja336: posts big blind $1
*** HOLE CARDS ***
shootingGRID: folds 
DukeFred: calls $1
sesiomp12: folds 
zizizib: folds 
7bekon7: folds 
nastja336: checks 
*** FLOP *** [3d Ad 2d]
nastja336: checks 
DukeFred: checks 
*** TURN *** [3d Ad 2d] [Qs]
nastja336: checks 
DukeFred: bets $1
nastja336: folds 
Uncalled bet ($1) returned to DukeFred
DukeFred collected $2.38 from pot
*** SUMMARY ***
Total pot $2.50 | Rake $0.12 
Board [3d Ad 2d Qs]
Seat 1: DukeFred collected ($2.38)
Seat 2: sesiomp12 folded before Flop (didn't bet)
Seat 3: zizizib (button) folded before Flop (didn't bet)
Seat 4: 7bekon7 (small blind) folded before Flop
Seat 5: nastja336 (big blind) folded on the Turn
Seat 6: shootingGRID folded before Flop (didn't bet)



PokerStars Hand #254511176512:  Hold'em No Limit ($0.50/$1.00 USD) - 2025/01/23 5:48:43 WET [2025/01/23 0:48:43 ET]
Table 'Mundleria II' 6-max Seat #4 is the button
Seat 1: DukeFred ($20.25 in chips) 
Seat 2: sesiomp12 ($67.26 in chips) 
Seat 3: zizizib ($146.72 in chips) 
Seat 4: 7bekon7 ($171.80 in chips) 
Seat 5: nastja336 ($169.75 in chips) 
Seat 6: shootingGRID ($100 in chips) 
nastja336: posts small blind $0.50
shootingGRID: posts big blind $1
*** HOLE CARDS ***
DukeFred: raises $2 to $3
sesiomp12: calls $3
zizizib: folds 
7bekon7: folds 
nastja336: folds 
shootingGRID: folds 
*** FLOP *** [2s Js 9c]
DukeFred: bets $3.56
sesiomp12: calls $3.56
*** TURN *** [2s Js 9c] [5d]
DukeFred: bets $6.95
sesiomp12: raises $53.75 to $60.70 and is all-in
DukeFred: calls $6.74 and is all-in
Uncalled bet ($47.01) returned to sesiomp12
*** RIVER *** [2s Js 9c 5d] [9d]
*** SHOW DOWN ***
DukeFred: shows [Kc Ks] (two pair, Kings and Nines)
sesiomp12: shows [Qs 9s] (three of a kind, Nines)
sesiomp12 collected $39.90 from pot
*** SUMMARY ***
Total pot $42 | Rake $2.10 
Board [2s Js 9c 5d 9d]
Seat 1: DukeFred showed [Kc Ks] and lost with two pair, Kings and Nines
Seat 2: sesiomp12 showed [Qs 9s] and won ($39.90) with three of a kind, Nines
Seat 3: zizizib folded before Flop (didn't bet)
Seat 4: 7bekon7 (button) folded before Flop (didn't bet)
Seat 5: nastja336 (small blind) folded before Flop
Seat 6: shootingGRID (big blind) folded before Flop



PokerStars Hand #254511179698:  Hold'em No Limit ($0.50/$1.00 USD) - 2025/01/23 5:49:24 WET [2025/01/23 0:49:24 ET]
Table 'Mundleria II' 6-max Seat #5 is the button
Seat 1: DukeFred ($0 in chips) is sitting out
Seat 2: sesiomp12 ($86.91 in chips) 
Seat 3: zizizib ($146.72 in chips) 
Seat 4: 7bekon7 ($171.80 in chips) 
Seat 5: nastja336 ($169.25 in chips) 
Seat 6: shootingGRID ($100 in chips) 
shootingGRID: posts small blind $0.50
sesiomp12: posts big blind $1
*** HOLE CARDS ***
zizizib: folds 
DukeFred is disconnected 
7bekon7: raises $2 to $3
nastja336: folds 
nastja336 leaves the table
shootingGRID: calls $2.50
sesiomp12: calls $2
*** FLOP *** [Jd 8c 4c]
shootingGRID: checks 
sesiomp12: checks 
7bekon7: checks 
*** TURN *** [Jd 8c 4c] [9d]
shootingGRID: bets $9
sesiomp12: folds 
Pon4uk.ua joins the table at seat #5 
7bekon7: folds 
Uncalled bet ($9) returned to shootingGRID
shootingGRID collected $8.55 from pot
*** SUMMARY ***
Total pot $9 | Rake $0.45 
Board [Jd 8c 4c 9d]
Seat 1: DukeFred
Seat 2: sesiomp12 (big blind) folded on the Turn
Seat 3: zizizib folded before Flop (didn't bet)
Seat 4: 7bekon7 folded on the Turn
Seat 5: nastja336 (button) folded before Flop (didn't bet)
Seat 6: shootingGRID (small blind) collected ($8.55)



PokerStars Hand #254511185202:  Hold'em No Limit ($0.50/$1.00 USD) - 2025/01/23 5:50:36 WET [2025/01/23 0:50:36 ET]
Table 'Mundleria II' 6-max Seat #6 is the button
Seat 1: DukeFred ($0 in chips) is sitting out
Seat 5: Pon4uk.ua ($100 in chips) is sitting out
Seat 2: sesiomp12 ($83.91 in chips) 
Seat 3: zizizib ($146.72 in chips) 
Seat 4: 7bekon7 ($168.80 in chips) 
Seat 6: shootingGRID ($105.55 in chips) 
sesiomp12: posts small blind $0.50
zizizib: posts big blind $1
Pon4uk.ua: sits out 
*** HOLE CARDS ***
7bekon7: folds 
shootingGRID: raises $1.50 to $2.50
sesiomp12: folds 
zizizib: folds 
Uncalled bet ($1.50) returned to shootingGRID
shootingGRID collected $2.50 from pot
*** SUMMARY ***
Total pot $2.50 | Rake $0 
Seat 1: DukeFred
Seat 5: Pon4uk.ua
Seat 2: sesiomp12 (small blind) folded before Flop
Seat 3: zizizib (big blind) folded before Flop
Seat 4: 7bekon7 folded before Flop (didn't bet)
Seat 6: shootingGRID (button) collected ($2.50)



PokerStars Hand #254511186714:  Hold'em No Limit ($0.50/$1.00 USD) - 2025/01/23 5:50:56 WET [2025/01/23 0:50:56 ET]
Table 'Mundleria II' 6-max Seat #2 is the button
Seat 1: DukeFred ($0 in chips) is sitting out
Seat 5: Pon4uk.ua ($100 in chips) is sitting out
Seat 2: sesiomp12 ($83.41 in chips) 
Seat 3: zizizib ($145.72 in chips) 
Seat 4: 7bekon7 ($168.80 in chips) 
Seat 6: shootingGRID ($107.05 in chips) 
zizizib: posts small blind $0.50
7bekon7: posts big blind $1
Pon4uk.ua: sits out 
*** HOLE CARDS ***
shootingGRID: folds 
sesiomp12: raises $1 to $2
zizizib: folds 
7bekon7: calls $1
*** FLOP *** [7c 4c Th]
7bekon7: checks 
sesiomp12: checks 
*** TURN *** [7c 4c Th] [7h]
7bekon7: checks 
sesiomp12: checks 
*** RIVER *** [7c 4c Th 7h] [9s]
7bekon7: checks 
sesiomp12: bets $3.14
DukeFred leaves the table
7bekon7: calls $3.14
*** SHOW DOWN ***
sesiomp12: shows [9h Ad] (two pair, Nines and Sevens)
7bekon7: mucks hand 
sesiomp12 collected $10.24 from pot
*** SUMMARY ***
Total pot $10.78 | Rake $0.54 
Board [7c 4c Th 7h 9s]
Seat 1: DukeFred
Seat 5: Pon4uk.ua
Seat 2: sesiomp12 (button) showed [9h Ad] and won ($10.24) with two pair, Nines and Sevens
Seat 3: zizizib (small blind) folded before Flop
Seat 4: 7bekon7 (big blind) mucked
Seat 6: shootingGRID folded before Flop (didn't bet)



PokerStars Hand #254511190127:  Hold'em No Limit ($0.50/$1.00 USD) - 2025/01/23 5:51:41 WET [2025/01/23 0:51:41 ET]
Table 'Mundleria II' 6-max Seat #3 is the button
Seat 2: sesiomp12 ($88.51 in chips) 
Seat 3: zizizib ($145.22 in chips) 
Seat 4: 7bekon7 ($163.66 in chips) 
Seat 5: Pon4uk.ua ($100 in chips) 
Seat 6: shootingGRID ($107.05 in chips) 
7bekon7: posts small blind $0.50
Pon4uk.ua: posts big blind $1
*** HOLE CARDS ***
shootingGRID: folds 
sesiomp12: calls $1
zizizib: raises $3 to $4
7bekon7: folds 
Pon4uk.ua: folds 
sesiomp12: calls $3
*** FLOP *** [5s 2s 9h]
sesiomp12: checks 
zizizib: bets $2.98
sesiomp12: calls $2.98
*** TURN *** [5s 2s 9h] [2h]
sesiomp12: checks 
zizizib: bets $7.35
sesiomp12: calls $7.35
*** RIVER *** [5s 2s 9h 2h] [Jc]
sesiomp12: bets $5
zizizib: calls $5
*** SHOW DOWN ***
sesiomp12: shows [9c 6c] (two pair, Nines and Deuces)
zizizib: mucks hand 
sesiomp12 collected $38.15 from pot
*** SUMMARY ***
Total pot $40.16 | Rake $2.01 
Board [5s 2s 9h 2h Jc]
Seat 2: sesiomp12 showed [9c 6c] and won ($38.15) with two pair, Nines and Deuces
Seat 3: zizizib (button) mucked
Seat 4: 7bekon7 (small blind) folded before Flop
Seat 5: Pon4uk.ua (big blind) folded before Flop
Seat 6: shootingGRID folded before Flop (didn't bet)



PokerStars Hand #254511194618:  Hold'em No Limit ($0.50/$1.00 USD) - 2025/01/23 5:52:40 WET [2025/01/23 0:52:40 ET]
Table 'Mundleria II' 6-max Seat #4 is the button
Seat 2: sesiomp12 ($107.33 in chips) 
Seat 3: zizizib ($125.89 in chips) 
Seat 4: 7bekon7 ($163.16 in chips) 
Seat 5: Pon4uk.ua ($100 in chips) 
Seat 6: shootingGRID ($107.05 in chips) 
Pon4uk.ua: posts small blind $0.50
shootingGRID: posts big blind $1
*** HOLE CARDS ***
sesiomp12: folds 
zizizib: raises $1.30 to $2.30
7bekon7: raises $6.10 to $8.40
Pon4uk.ua: folds 
shootingGRID: folds 
zizizib: folds 
Uncalled bet ($6.10) returned to 7bekon7
7bekon7 collected $6.10 from pot
7bekon7: doesn't show hand 
Fold Your Cats joins the table at seat #1 
*** SUMMARY ***
Total pot $6.10 | Rake $0 
Seat 2: sesiomp12 folded before Flop (didn't bet)
Seat 3: zizizib folded before Flop
Seat 4: 7bekon7 (button) collected ($6.10)
Seat 5: Pon4uk.ua (small blind) folded before Flop
Seat 6: shootingGRID (big blind) folded before Flop



PokerStars Hand #254511196564:  Hold'em No Limit ($0.50/$1.00 USD) - 2025/01/23 5:53:06 WET [2025/01/23 0:53:06 ET]
Table 'Mundleria II' 6-max Seat #5 is the button
Seat 1: Fold Your Cats ($100 in chips) 
Seat 2: sesiomp12 ($107.33 in chips) 
Seat 3: zizizib ($123.59 in chips) 
Seat 4: 7bekon7 ($166.96 in chips) 
Seat 5: Pon4uk.ua ($100 in chips) 
Seat 6: shootingGRID ($106.05 in chips) 
shootingGRID: posts small blind $0.50
Fold Your Cats: posts big blind $1
*** HOLE CARDS ***
sesiomp12: folds 
zizizib: folds 
7bekon7: folds 
Pon4uk.ua: raises $1.50 to $2.50
shootingGRID: folds 
Fold Your Cats: raises $8.50 to $11
Pon4uk.ua: folds 
Uncalled bet ($8.50) returned to Fold Your Cats
Fold Your Cats collected $5.50 from pot
Fold Your Cats: doesn't show hand 
*** SUMMARY ***
Total pot $5.50 | Rake $0 
Seat 1: Fold Your Cats (big blind) collected ($5.50)
Seat 2: sesiomp12 folded before Flop (didn't bet)
Seat 3: zizizib folded before Flop (didn't bet)
Seat 4: 7bekon7 folded before Flop (didn't bet)
Seat 5: Pon4uk.ua (button) folded before Flop
Seat 6: shootingGRID (small blind) folded before Flop



PokerStars Hand #254511198174:  Hold'em No Limit ($0.50/$1.00 USD) - 2025/01/23 5:53:27 WET [2025/01/23 0:53:27 ET]
Table 'Mundleria II' 6-max Seat #6 is the button
Seat 1: Fold Your Cats ($103 in chips) 
Seat 2: sesiomp12 ($107.33 in chips) 
Seat 3: zizizib ($123.59 in chips) 
Seat 4: 7bekon7 ($166.96 in chips) 
Seat 5: Pon4uk.ua ($100 in chips) 
Seat 6: shootingGRID ($105.55 in chips) 
Fold Your Cats: posts small blind $0.50
sesiomp12: posts big blind $1
*** HOLE CARDS ***
zizizib: folds 
7bekon7: folds 
Pon4uk.ua: folds 
shootingGRID: folds 
Fold Your Cats: folds 
Uncalled bet ($0.50) returned to sesiomp12
sesiomp12 collected $1 from pot
sesiomp12: doesn't show hand 
*** SUMMARY ***
Total pot $1 | Rake $0 
Seat 1: Fold Your Cats (small blind) folded before Flop
Seat 2: sesiomp12 (big blind) collected ($1)
Seat 3: zizizib folded before Flop (didn't bet)
Seat 4: 7bekon7 folded before Flop (didn't bet)
Seat 5: Pon4uk.ua folded before Flop (didn't bet)
Seat 6: shootingGRID (button) folded before Flop (didn't bet)



PokerStars Hand #254511199322:  Hold'em No Limit ($0.50/$1.00 USD) - 2025/01/23 5:53:42 WET [2025/01/23 0:53:42 ET]
Table 'Mundleria II' 6-max Seat #1 is the button
Seat 1: Fold Your Cats ($102.50 in chips) 
Seat 2: sesiomp12 ($107.83 in chips) 
Seat 3: zizizib ($123.59 in chips) 
Seat 4: 7bekon7 ($166.96 in chips) 
Seat 5: Pon4uk.ua ($100 in chips) 
Seat 6: shootingGRID ($105.55 in chips) 
sesiomp12: posts small blind $0.50
zizizib: posts big blind $1
*** HOLE CARDS ***
7bekon7: folds 
Pon4uk.ua: folds 
shootingGRID: folds 
Fold Your Cats: raises $2 to $3
sesiomp12: folds 
zizizib: folds 
Uncalled bet ($2) returned to Fold Your Cats
Fold Your Cats collected $2.50 from pot
Fold Your Cats: doesn't show hand 
*** SUMMARY ***
Total pot $2.50 | Rake $0 
Seat 1: Fold Your Cats (button) collected ($2.50)
Seat 2: sesiomp12 (small blind) folded before Flop
Seat 3: zizizib (big blind) folded before Flop
Seat 4: 7bekon7 folded before Flop (didn't bet)
Seat 5: Pon4uk.ua folded before Flop (didn't bet)
Seat 6: shootingGRID folded before Flop (didn't bet)



PokerStars Hand #254511200504:  Hold'em No Limit ($0.50/$1.00 USD) - 2025/01/23 5:53:57 WET [2025/01/23 0:53:57 ET]
Table 'Mundleria II' 6-max Seat #2 is the button
Seat 1: Fold Your Cats ($104 in chips) 
Seat 2: sesiomp12 ($107.33 in chips) 
Seat 3: zizizib ($122.59 in chips) 
Seat 4: 7bekon7 ($166.96 in chips) 
Seat 5: Pon4uk.ua ($100 in chips) 
Seat 6: shootingGRID ($105.55 in chips) 
zizizib: posts small blind $0.50
7bekon7: posts big blind $1
*** HOLE CARDS ***
Pon4uk.ua: folds 
shootingGRID: folds 
Fold Your Cats: folds 
sesiomp12: folds 
zizizib: folds 
Uncalled bet ($0.50) returned to 7bekon7
7bekon7 collected $1 from pot
7bekon7: doesn't show hand 
*** SUMMARY ***
Total pot $1 | Rake $0 
Seat 1: Fold Your Cats folded before Flop (didn't bet)
Seat 2: sesiomp12 (button) folded before Flop (didn't bet)
Seat 3: zizizib (small blind) folded before Flop
Seat 4: 7bekon7 (big blind) collected ($1)
Seat 5: Pon4uk.ua folded before Flop (didn't bet)
Seat 6: shootingGRID folded before Flop (didn't bet)



PokerStars Hand #254511201737:  Hold'em No Limit ($0.50/$1.00 USD) - 2025/01/23 5:54:14 WET [2025/01/23 0:54:14 ET]
Table 'Mundleria II' 6-max Seat #3 is the button
Seat 1: Fold Your Cats ($104 in chips) 
Seat 2: sesiomp12 ($107.33 in chips) 
Seat 3: zizizib ($122.09 in chips) 
Seat 4: 7bekon7 ($167.46 in chips) 
Seat 5: Pon4uk.ua ($100 in chips) 
Seat 6: shootingGRID ($105.55 in chips) 
7bekon7: posts small blind $0.50
Pon4uk.ua: posts big blind $1
*** HOLE CARDS ***
shootingGRID: raises $1.25 to $2.25
Fold Your Cats: folds 
sesiomp12: calls $2.25
zizizib: folds 
7bekon7: folds 
Pon4uk.ua: folds 
*** FLOP *** [Ac Qs 3c]
shootingGRID: bets $3.76
sesiomp12: calls $3.76
*** TURN *** [Ac Qs 3c] [5h]
shootingGRID: checks 
sesiomp12: bets $6.42
shootingGRID: folds 
Uncalled bet ($6.42) returned to sesiomp12
sesiomp12 collected $12.84 from pot
sesiomp12: doesn't show hand 
*** SUMMARY ***
Total pot $13.52 | Rake $0.68 
Board [Ac Qs 3c 5h]
Seat 1: Fold Your Cats folded before Flop (didn't bet)
Seat 2: sesiomp12 collected ($12.84)
Seat 3: zizizib (button) folded before Flop (didn't bet)
Seat 4: 7bekon7 (small blind) folded before Flop
Seat 5: Pon4uk.ua (big blind) folded before Flop
Seat 6: shootingGRID folded on the Turn



PokerStars Hand #254511028092:  Hold'em No Limit ($0.50/$1.00 USD) - 2025/01/23 5:18:14 WET [2025/01/23 0:18:14 ET]
Table 'Mundleria II' 6-max Seat #2 is the button
Seat 2: sesiomp12 ($112.68 in chips) 
Seat 3: zizizib ($100 in chips) 
Seat 6: shootingGRID ($102.72 in chips) 
zizizib: posts small blind $0.50
shootingGRID: posts big blind $1
*** HOLE CARDS ***
sesiomp12: folds 
zizizib: raises $2 to $3
shootingGRID: calls $2
*** FLOP *** [6h 8c Ts]
zizizib: checks 
shootingGRID: bets $3.76
RIVDEN666 joins the table at seat #4 
zizizib: folds 
Uncalled bet ($3.76) returned to shootingGRID
shootingGRID collected $5.70 from pot
*** SUMMARY ***
Total pot $6 | Rake $0.30 
Board [6h 8c Ts]
Seat 2: sesiomp12 (button) folded before Flop (didn't bet)
Seat 3: zizizib (small blind) folded on the Flop
Seat 6: shootingGRID (big blind) collected ($5.70)



PokerStars Hand #254511030704:  Hold'em No Limit ($0.50/$1.00 USD) - 2025/01/23 5:18:46 WET [2025/01/23 0:18:46 ET]
Table 'Mundleria II' 6-max Seat #3 is the button
Seat 4: RIVDEN666 ($100 in chips) is sitting out
Seat 2: sesiomp12 ($112.68 in chips) 
Seat 3: zizizib ($100 in chips) 
Seat 6: shootingGRID ($105.42 in chips) 
shootingGRID: posts small blind $0.50
sesiomp12: posts big blind $1
*** HOLE CARDS ***
zizizib: folds 
shootingGRID: raises $2 to $3
sesiomp12: calls $2
*** FLOP *** [Ac 3h 9c]
shootingGRID: checks 
sesiomp12: checks 
*** TURN *** [Ac 3h 9c] [Td]
shootingGRID: checks 
sesiomp12: bets $2
shootingGRID: folds 
Uncalled bet ($2) returned to sesiomp12
sesiomp12 collected $5.70 from pot
sesiomp12: doesn't show hand 
*** SUMMARY ***
Total pot $6 | Rake $0.30 
Board [Ac 3h 9c Td]
Seat 4: RIVDEN666
Seat 2: sesiomp12 (big blind) collected ($5.70)
Seat 3: zizizib (button) folded before Flop (didn't bet)
Seat 6: shootingGRID (small blind) folded on the Turn



PokerStars Hand #254511033320:  Hold'em No Limit ($0.50/$1.00 USD) - 2025/01/23 5:19:18 WET [2025/01/23 0:19:18 ET]
Table 'Mundleria II' 6-max Seat #6 is the button
Seat 4: RIVDEN666 ($100 in chips) is sitting out
Seat 2: sesiomp12 ($115.38 in chips) 
Seat 3: zizizib ($100 in chips) 
Seat 6: shootingGRID ($102.42 in chips) 
sesiomp12: posts small blind $0.50
zizizib: posts big blind $1
RIVDEN666: sits out 
*** HOLE CARDS ***
shootingGRID: raises $1.50 to $2.50
sesiomp12: folds 
zizizib: raises $9.50 to $12
shootingGRID: folds 
Uncalled bet ($9.50) returned to zizizib
zizizib collected $5.50 from pot
zizizib: doesn't show hand 
*** SUMMARY ***
Total pot $5.50 | Rake $0 
Seat 4: RIVDEN666
Seat 2: sesiomp12 (small blind) folded before Flop
Seat 3: zizizib (big blind) collected ($5.50)
Seat 6: shootingGRID (button) folded before Flop



PokerStars Hand #254511034695:  Hold'em No Limit ($0.50/$1.00 USD) - 2025/01/23 5:19:34 WET [2025/01/23 0:19:34 ET]
Table 'Mundleria II' 6-max Seat #2 is the button
Seat 2: sesiomp12 ($114.88 in chips) 
Seat 3: zizizib ($103 in chips) 
Seat 4: RIVDEN666 ($100 in chips) 
Seat 6: shootingGRID ($100 in chips) 
zizizib: posts small blind $0.50
RIVDEN666: posts big blind $1
*** HOLE CARDS ***
shootingGRID: raises $1.25 to $2.25
sesiomp12: folds 
zizizib: folds 
RIVDEN666: folds 
Uncalled bet ($1.25) returned to shootingGRID
shootingGRID collected $2.50 from pot
*** SUMMARY ***
Total pot $2.50 | Rake $0 
Seat 2: sesiomp12 (button) folded before Flop (didn't bet)
Seat 3: zizizib (small blind) folded before Flop
Seat 4: RIVDEN666 (big blind) folded before Flop
Seat 6: shootingGRID collected ($2.50)



PokerStars Hand #254511035887:  Hold'em No Limit ($0.50/$1.00 USD) - 2025/01/23 5:19:48 WET [2025/01/23 0:19:48 ET]
Table 'Mundleria II' 6-max Seat #3 is the button
Seat 2: sesiomp12 ($114.88 in chips) 
Seat 3: zizizib ($102.50 in chips) 
Seat 4: RIVDEN666 ($100 in chips) 
Seat 6: shootingGRID ($101.50 in chips) 
RIVDEN666: posts small blind $0.50
shootingGRID: posts big blind $1
*** HOLE CARDS ***
sesiomp12: folds 
zizizib: folds 
RIVDEN666: folds 
Uncalled bet ($0.50) returned to shootingGRID
shootingGRID collected $1 from pot
*** SUMMARY ***
Total pot $1 | Rake $0 
Seat 2: sesiomp12 folded before Flop (didn't bet)
Seat 3: zizizib (button) folded before Flop (didn't bet)
Seat 4: RIVDEN666 (small blind) folded before Flop
Seat 6: shootingGRID (big blind) collected ($1)



PokerStars Hand #254511036642:  Hold'em No Limit ($0.50/$1.00 USD) - 2025/01/23 5:19:57 WET [2025/01/23 0:19:57 ET]
Table 'Mundleria II' 6-max Seat #4 is the button
Seat 2: sesiomp12 ($114.88 in chips) 
Seat 3: zizizib ($102.50 in chips) 
Seat 4: RIVDEN666 ($100 in chips) 
Seat 6: shootingGRID ($102 in chips) 
shootingGRID: posts small blind $0.50
sesiomp12: posts big blind $1
*** HOLE CARDS ***
zizizib: folds 
RIVDEN666: folds 
shootingGRID: raises $2 to $3
sesiomp12: folds 
Uncalled bet ($2) returned to shootingGRID
shootingGRID collected $2 from pot
*** SUMMARY ***
Total pot $2 | Rake $0 
Seat 2: sesiomp12 (big blind) folded before Flop
Seat 3: zizizib folded before Flop (didn't bet)
Seat 4: RIVDEN666 (button) folded before Flop (didn't bet)
Seat 6: shootingGRID (small blind) collected ($2)



PokerStars Hand #254511037753:  Hold'em No Limit ($0.50/$1.00 USD) - 2025/01/23 5:20:11 WET [2025/01/23 0:20:11 ET]
Table 'Mundleria II' 6-max Seat #6 is the button
Seat 2: sesiomp12 ($113.88 in chips) 
Seat 3: zizizib ($102.50 in chips) 
Seat 4: RIVDEN666 ($100 in chips) 
Seat 6: shootingGRID ($103 in chips) 
sesiomp12: posts small blind $0.50
zizizib: posts big blind $1
*** HOLE CARDS ***
RIVDEN666: folds 
shootingGRID: raises $1.50 to $2.50
sesiomp12: calls $2
zizizib: calls $1.50
*** FLOP *** [4s 8d Ks]
sesiomp12: checks 
zizizib: checks 
shootingGRID: checks 
*** TURN *** [4s 8d Ks] [9s]
sesiomp12: bets $3.56
zizizib: folds 
shootingGRID: folds 
Uncalled bet ($3.56) returned to sesiomp12
sesiomp12 collected $7.12 from pot
sesiomp12: doesn't show hand 
*** SUMMARY ***
Total pot $7.50 | Rake $0.38 
Board [4s 8d Ks 9s]
Seat 2: sesiomp12 (small blind) collected ($7.12)
Seat 3: zizizib (big blind) folded on the Turn
Seat 4: RIVDEN666 folded before Flop (didn't bet)
Seat 6: shootingGRID (button) folded on the Turn



PokerStars Hand #254511041438:  Hold'em No Limit ($0.50/$1.00 USD) - 2025/01/23 5:20:56 WET [2025/01/23 0:20:56 ET]
Table 'Mundleria II' 6-max Seat #2 is the button
Seat 2: sesiomp12 ($118.50 in chips) 
Seat 3: zizizib ($100 in chips) 
Seat 4: RIVDEN666 ($100 in chips) 
Seat 6: shootingGRID ($100.50 in chips) 
zizizib: posts small blind $0.50
RIVDEN666: posts big blind $1
*** HOLE CARDS ***
shootingGRID: folds 
AlexEliseev7 joins the table at seat #5 
nastja336 joins the table at seat #1 
sesiomp12: raises $4 to $5
zizizib: folds 
RIVDEN666: folds 
Uncalled bet ($4) returned to sesiomp12
sesiomp12 collected $2.50 from pot
sesiomp12: doesn't show hand 
*** SUMMARY ***
Total pot $2.50 | Rake $0 
Seat 2: sesiomp12 (button) collected ($2.50)
Seat 3: zizizib (small blind) folded before Flop
Seat 4: RIVDEN666 (big blind) folded before Flop
Seat 6: shootingGRID folded before Flop (didn't bet)



PokerStars Hand #254511042789:  Hold'em No Limit ($0.50/$1.00 USD) - 2025/01/23 5:21:12 WET [2025/01/23 0:21:12 ET]
Table 'Mundleria II' 6-max Seat #3 is the button
Seat 1: nastja336 ($100 in chips) is sitting out
Seat 2: sesiomp12 ($120 in chips) 
Seat 3: zizizib ($100 in chips) 
Seat 4: RIVDEN666 ($100 in chips) 
Seat 5: AlexEliseev7 ($100 in chips) 
Seat 6: shootingGRID ($100.50 in chips) 
RIVDEN666: posts small blind $0.50
AlexEliseev7: posts big blind $1
nastja336: sits out 
*** HOLE CARDS ***
shootingGRID: folds 
sesiomp12: folds 
zizizib: raises $1.50 to $2.50
RIVDEN666: folds 
AlexEliseev7: calls $1.50
*** FLOP *** [Kd Jc 9d]
AlexEliseev7: checks 
zizizib: bets $1.72
AlexEliseev7: calls $1.72
*** TURN *** [Kd Jc 9d] [Ad]
AlexEliseev7: checks 
zizizib: bets $6.37
AlexEliseev7: folds 
Uncalled bet ($6.37) returned to zizizib
zizizib collected $8.49 from pot
zizizib: doesn't show hand 
*** SUMMARY ***
Total pot $8.94 | Rake $0.45 
Board [Kd Jc 9d Ad]
Seat 1: nastja336
Seat 2: sesiomp12 folded before Flop (didn't bet)
Seat 3: zizizib (button) collected ($8.49)
Seat 4: RIVDEN666 (small blind) folded before Flop
Seat 5: AlexEliseev7 (big blind) folded on the Turn
Seat 6: shootingGRID folded before Flop (didn't bet)



PokerStars Hand #254511047485:  Hold'em No Limit ($0.50/$1.00 USD) - 2025/01/23 5:22:10 WET [2025/01/23 0:22:10 ET]
Table 'Mundleria II' 6-max Seat #4 is the button
Seat 1: nastja336 ($100 in chips) is sitting out
Seat 2: sesiomp12 ($120 in chips) 
Seat 3: zizizib ($104.27 in chips) 
Seat 4: RIVDEN666 ($100 in chips) 
Seat 5: AlexEliseev7 ($100 in chips) 
Seat 6: shootingGRID ($100.50 in chips) 
AlexEliseev7: posts small blind $0.50
shootingGRID: posts big blind $1
nastja336: sits out 
*** HOLE CARDS ***
sesiomp12: folds 
zizizib: folds 
RIVDEN666: folds 
AlexEliseev7: folds 
Uncalled bet ($0.50) returned to shootingGRID
shootingGRID collected $1 from pot
*** SUMMARY ***
Total pot $1 | Rake $0 
Seat 1: nastja336
Seat 2: sesiomp12 folded before Flop (didn't bet)
Seat 3: zizizib folded before Flop (didn't bet)
Seat 4: RIVDEN666 (button) folded before Flop (didn't bet)
Seat 5: AlexEliseev7 (small blind) folded before Flop
Seat 6: shootingGRID (big blind) collected ($1)



PokerStars Hand #254511048608:  Hold'em No Limit ($0.50/$1.00 USD) - 2025/01/23 5:22:24 WET [2025/01/23 0:22:24 ET]
Table 'Mundleria II' 6-max Seat #5 is the button
Seat 1: nastja336 ($100 in chips) 
Seat 2: sesiomp12 ($120 in chips) 
Seat 3: zizizib ($104.27 in chips) 
Seat 4: RIVDEN666 ($100 in chips) 
Seat 5: AlexEliseev7 ($100 in chips) 
Seat 6: shootingGRID ($101 in chips) 
shootingGRID: posts small blind $0.50
nastja336: posts big blind $1
*** HOLE CARDS ***
sesiomp12: raises $1 to $2
zizizib: folds 
RIVDEN666: folds 
AlexEliseev7: folds 
shootingGRID: folds 
nastja336: calls $1
*** FLOP *** [9c Ts Td]
nastja336: checks 
sesiomp12: checks 
*** TURN *** [9c Ts Td] [5d]
nastja336: bets $1.41
sesiomp12: calls $1.41
*** RIVER *** [9c Ts Td 5d] [Js]
nastja336: checks 
sesiomp12: bets $6.95
nastja336: folds 
Uncalled bet ($6.95) returned to sesiomp12
sesiomp12 collected $6.95 from pot
sesiomp12: doesn't show hand 
*** SUMMARY ***
Total pot $7.32 | Rake $0.37 
Board [9c Ts Td 5d Js]
Seat 1: nastja336 (big blind) folded on the River
Seat 2: sesiomp12 collected ($6.95)
Seat 3: zizizib folded before Flop (didn't bet)
Seat 4: RIVDEN666 folded before Flop (didn't bet)
Seat 5: AlexEliseev7 (button) folded before Flop (didn't bet)
Seat 6: shootingGRID (small blind) folded before Flop



PokerStars Hand #254511051882:  Hold'em No Limit ($0.50/$1.00 USD) - 2025/01/23 5:23:02 WET [2025/01/23 0:23:02 ET]
Table 'Mundleria II' 6-max Seat #6 is the button
Seat 1: nastja336 ($100 in chips) 
Seat 2: sesiomp12 ($123.54 in chips) 
Seat 3: zizizib ($104.27 in chips) 
Seat 4: RIVDEN666 ($100 in chips) 
Seat 5: AlexEliseev7 ($100 in chips) 
Seat 6: shootingGRID ($100.50 in chips) 
nastja336: posts small blind $0.50
sesiomp12: posts big blind $1
*** HOLE CARDS ***
zizizib: folds 
RIVDEN666: raises $2.50 to $3.50
AlexEliseev7: folds 
shootingGRID: folds 
nastja336: calls $3
sesiomp12: calls $2.50
*** FLOP *** [Jh 2c 5s]
nastja336: checks 
sesiomp12: bets $4.99
RIVDEN666: folds 
nastja336: folds 
Uncalled bet ($4.99) returned to sesiomp12
sesiomp12 collected $9.98 from pot
sesiomp12: doesn't show hand 
*** SUMMARY ***
Total pot $10.50 | Rake $0.52 
Board [Jh 2c 5s]
Seat 1: nastja336 (small blind) folded on the Flop
Seat 2: sesiomp12 (big blind) collected ($9.98)
Seat 3: zizizib folded before Flop (didn't bet)
Seat 4: RIVDEN666 folded on the Flop
Seat 5: AlexEliseev7 folded before Flop (didn't bet)
Seat 6: shootingGRID (button) folded before Flop (didn't bet)



PokerStars Hand #254511055707:  Hold'em No Limit ($0.50/$1.00 USD) - 2025/01/23 5:23:49 WET [2025/01/23 0:23:49 ET]
Table 'Mundleria II' 6-max Seat #1 is the button
Seat 1: nastja336 ($100 in chips) 
Seat 2: sesiomp12 ($130.02 in chips) 
Seat 3: zizizib ($104.27 in chips) 
Seat 4: RIVDEN666 ($100 in chips) 
Seat 5: AlexEliseev7 ($100 in chips) 
Seat 6: shootingGRID ($100.50 in chips) 
sesiomp12: posts small blind $0.50
zizizib: posts big blind $1
*** HOLE CARDS ***
RIVDEN666: folds 
AlexEliseev7: folds 
shootingGRID: raises $1.25 to $2.25
nastja336: folds 
sesiomp12: calls $1.75
zizizib: folds 
*** FLOP *** [3c Ah 7c]
sesiomp12: checks 
shootingGRID: bets $1.72
sesiomp12: calls $1.72
*** TURN *** [3c Ah 7c] [2d]
sesiomp12: checks 
shootingGRID: checks 
*** RIVER *** [3c Ah 7c 2d] [Jd]
sesiomp12: bets $8.49
shootingGRID: folds 
Uncalled bet ($8.49) returned to sesiomp12
sesiomp12 collected $8.49 from pot
sesiomp12: doesn't show hand 
*** SUMMARY ***
Total pot $8.94 | Rake $0.45 
Board [3c Ah 7c 2d Jd]
Seat 1: nastja336 (button) folded before Flop (didn't bet)
Seat 2: sesiomp12 (small blind) collected ($8.49)
Seat 3: zizizib (big blind) folded before Flop
Seat 4: RIVDEN666 folded before Flop (didn't bet)
Seat 5: AlexEliseev7 folded before Flop (didn't bet)
Seat 6: shootingGRID folded on the River



PokerStars Hand #254511062107:  Hold'em No Limit ($0.50/$1.00 USD) - 2025/01/23 5:25:08 WET [2025/01/23 0:25:08 ET]
Table 'Mundleria II' 6-max Seat #2 is the button
Seat 4: RIVDEN666 ($100 in chips) is sitting out
Seat 1: nastja336 ($100 in chips) 
Seat 2: sesiomp12 ($134.54 in chips) 
Seat 3: zizizib ($103.27 in chips) 
Seat 5: AlexEliseev7 ($100 in chips) 
Seat 6: shootingGRID ($100 in chips) 
zizizib: posts small blind $0.50
RIVDEN666: is sitting out 
AlexEliseev7: posts big blind $1
*** HOLE CARDS ***
RIVDEN666 leaves the table
shootingGRID: folds 
nastja336: folds 
sesiomp12: folds 
zizizib: folds 
Uncalled bet ($0.50) returned to AlexEliseev7
AlexEliseev7 collected $1 from pot
AlexEliseev7: doesn't show hand 
*** SUMMARY ***
Total pot $1 | Rake $0 
Seat 4: RIVDEN666
Seat 1: nastja336 folded before Flop (didn't bet)
Seat 2: sesiomp12 (button) folded before Flop (didn't bet)
Seat 3: zizizib (small blind) folded before Flop
Seat 5: AlexEliseev7 (big blind) collected ($1)
Seat 6: shootingGRID folded before Flop (didn't bet)



PokerStars Hand #254511063645:  Hold'em No Limit ($0.50/$1.00 USD) - 2025/01/23 5:25:27 WET [2025/01/23 0:25:27 ET]
Table 'Mundleria II' 6-max Seat #3 is the button
Seat 1: nastja336 ($100 in chips) 
Seat 2: sesiomp12 ($134.54 in chips) 
Seat 3: zizizib ($102.77 in chips) 
Seat 5: AlexEliseev7 ($100.50 in chips) 
Seat 6: shootingGRID ($100 in chips) 
AlexEliseev7: posts small blind $0.50
shootingGRID: posts big blind $1
*** HOLE CARDS ***
nastja336: folds 
sesiomp12: raises $2 to $3
zizizib: raises $6 to $9
AlexEliseev7: folds 
shootingGRID: folds 
sesiomp12: calls $6
*** FLOP *** [Tc 4h 5d]
sesiomp12: checks 
zizizib: bets $9.26
7bekon7 joins the table at seat #4 
sesiomp12: calls $9.26
*** TURN *** [Tc 4h 5d] [Kd]
sesiomp12: checks 
zizizib: bets $18.06
sesiomp12: folds 
Uncalled bet ($18.06) returned to zizizib
zizizib collected $36.12 from pot
zizizib: doesn't show hand 
*** SUMMARY ***
Total pot $38.02 | Rake $1.90 
Board [Tc 4h 5d Kd]
Seat 1: nastja336 folded before Flop (didn't bet)
Seat 2: sesiomp12 folded on the Turn
Seat 3: zizizib (button) collected ($36.12)
Seat 5: AlexEliseev7 (small blind) folded before Flop
Seat 6: shootingGRID (big blind) folded before Flop



PokerStars Hand #254511069370:  Hold'em No Limit ($0.50/$1.00 USD) - 2025/01/23 5:26:37 WET [2025/01/23 0:26:37 ET]
Table 'Mundleria II' 6-max Seat #5 is the button
Seat 1: nastja336 ($100 in chips) is sitting out
Seat 4: 7bekon7 ($100 in chips) is sitting out
Seat 2: sesiomp12 ($116.28 in chips) 
Seat 3: zizizib ($120.63 in chips) 
Seat 5: AlexEliseev7 ($100 in chips) 
Seat 6: shootingGRID ($100 in chips) 
shootingGRID: posts small blind $0.50
nastja336: is sitting out 
sesiomp12: posts big blind $1
7bekon7: sits out 
*** HOLE CARDS ***
nastja336 leaves the table
zizizib: raises $1.30 to $2.30
AlexEliseev7: folds 
shootingGRID: folds 
sesiomp12: calls $1.30
*** FLOP *** [4h Jh 6d]
sesiomp12: bets $2
zizizib: raises $4 to $6
sesiomp12: calls $4
*** TURN *** [4h Jh 6d] [9h]
sesiomp12: checks 
zizizib: bets $8.12
sesiomp12: calls $8.12
*** RIVER *** [4h Jh 6d 9h] [Qs]
sesiomp12: checks 
zizizib: checks 
*** SHOW DOWN ***
sesiomp12: shows [7c Ah] (high card Ace)
zizizib: shows [Jd Kc] (a pair of Jacks)
zizizib collected $32.34 from pot
*** SUMMARY ***
Total pot $33.34 | Rake $1 
Board [4h Jh 6d 9h Qs]
Seat 1: nastja336
Seat 4: 7bekon7
Seat 2: sesiomp12 (big blind) showed [7c Ah] and lost with high card Ace
Seat 3: zizizib showed [Jd Kc] and won ($32.34) with a pair of Jacks
Seat 5: AlexEliseev7 (button) folded before Flop (didn't bet)
Seat 6: shootingGRID (small blind) folded before Flop



PokerStars Hand #254511072656:  Hold'em No Limit ($0.50/$1.00 USD) - 2025/01/23 5:27:17 WET [2025/01/23 0:27:17 ET]
Table 'Mundleria II' 6-max Seat #6 is the button
Seat 4: 7bekon7 ($100 in chips) is sitting out
Seat 2: sesiomp12 ($99.86 in chips) 
Seat 3: zizizib ($136.55 in chips) 
Seat 5: AlexEliseev7 ($100 in chips) 
Seat 6: shootingGRID ($100 in chips) 
sesiomp12: posts small blind $0.50
zizizib: posts big blind $1
7bekon7: sits out 
*** HOLE CARDS ***
AlexEliseev7: raises $1.50 to $2.50
shootingGRID: folds 
sesiomp12: folds 
zizizib: folds 
Uncalled bet ($1.50) returned to AlexEliseev7
AlexEliseev7 collected $2.50 from pot
AlexEliseev7: doesn't show hand 
*** SUMMARY ***
Total pot $2.50 | Rake $0 
Seat 4: 7bekon7
Seat 2: sesiomp12 (small blind) folded before Flop
Seat 3: zizizib (big blind) folded before Flop
Seat 5: AlexEliseev7 collected ($2.50)
Seat 6: shootingGRID (button) folded before Flop (didn't bet)



PokerStars Hand #254511073653:  Hold'em No Limit ($0.50/$1.00 USD) - 2025/01/23 5:27:30 WET [2025/01/23 0:27:30 ET]
Table 'Mundleria II' 6-max Seat #2 is the button
Seat 2: sesiomp12 ($99.36 in chips) 
Seat 3: zizizib ($135.55 in chips) 
Seat 4: 7bekon7 ($100 in chips) 
Seat 5: AlexEliseev7 ($101.50 in chips) 
Seat 6: shootingGRID ($100 in chips) 
zizizib: posts small blind $0.50
7bekon7: posts big blind $1
*** HOLE CARDS ***
AlexEliseev7: raises $1.50 to $2.50
shootingGRID: folds 
sesiomp12: folds 
zizizib: folds 
7bekon7: calls $1.50
*** FLOP *** [5s Ac Tc]
7bekon7: checks 
AlexEliseev7: bets $1.72
7bekon7: calls $1.72
*** TURN *** [5s Ac Tc] [9d]
7bekon7: checks 
AlexEliseev7: bets $12.82
7bekon7: raises $17.07 to $29.89
AlexEliseev7: folds 
Uncalled bet ($17.07) returned to 7bekon7
7bekon7 collected $32.85 from pot
7bekon7: doesn't show hand 
*** SUMMARY ***
Total pot $34.58 | Rake $1.73 
Board [5s Ac Tc 9d]
Seat 2: sesiomp12 (button) folded before Flop (didn't bet)
Seat 3: zizizib (small blind) folded before Flop
Seat 4: 7bekon7 (big blind) collected ($32.85)
Seat 5: AlexEliseev7 folded on the Turn
Seat 6: shootingGRID folded before Flop (didn't bet)



PokerStars Hand #254511078331:  Hold'em No Limit ($0.50/$1.00 USD) - 2025/01/23 5:28:27 WET [2025/01/23 0:28:27 ET]
Table 'Mundleria II' 6-max Seat #3 is the button
Seat 2: sesiomp12 ($99.36 in chips) 
Seat 3: zizizib ($135.05 in chips) 
Seat 4: 7bekon7 ($115.81 in chips) 
Seat 5: AlexEliseev7 ($100 in chips) 
Seat 6: shootingGRID ($100 in chips) 
7bekon7: posts small blind $0.50
AlexEliseev7: posts big blind $1
*** HOLE CARDS ***
shootingGRID: folds 
sesiomp12: folds 
DukeFred joins the table at seat #1 
DukeFred is disconnected 
zizizib: raises $1.50 to $2.50
7bekon7: folds 
AlexEliseev7: folds 
Uncalled bet ($1.50) returned to zizizib
zizizib collected $2.50 from pot
zizizib: doesn't show hand 
*** SUMMARY ***
Total pot $2.50 | Rake $0 
Seat 2: sesiomp12 folded before Flop (didn't bet)
Seat 3: zizizib (button) collected ($2.50)
Seat 4: 7bekon7 (small blind) folded before Flop
Seat 5: AlexEliseev7 (big blind) folded before Flop
Seat 6: shootingGRID folded before Flop (didn't bet)



PokerStars Hand #254511079315:  Hold'em No Limit ($0.50/$1.00 USD) - 2025/01/23 5:28:39 WET [2025/01/23 0:28:39 ET]
Table 'Mundleria II' 6-max Seat #4 is the button
Seat 1: DukeFred ($41.64 in chips) is sitting out
Seat 2: sesiomp12 ($99.36 in chips) 
Seat 3: zizizib ($136.55 in chips) 
Seat 4: 7bekon7 ($115.31 in chips) 
Seat 5: AlexEliseev7 ($100 in chips) 
Seat 6: shootingGRID ($100 in chips) 
AlexEliseev7: posts small blind $0.50
shootingGRID: posts big blind $1
DukeFred: sits out 
*** HOLE CARDS ***
sesiomp12: folds 
zizizib: folds 
7bekon7: folds 
AlexEliseev7: folds 
Uncalled bet ($0.50) returned to shootingGRID
shootingGRID collected $1 from pot
*** SUMMARY ***
Total pot $1 | Rake $0 
Seat 1: DukeFred
Seat 2: sesiomp12 folded before Flop (didn't bet)
Seat 3: zizizib folded before Flop (didn't bet)
Seat 4: 7bekon7 (button) folded before Flop (didn't bet)
Seat 5: AlexEliseev7 (small blind) folded before Flop
Seat 6: shootingGRID (big blind) collected ($1)



PokerStars Hand #254511080313:  Hold'em No Limit ($0.50/$1.00 USD) - 2025/01/23 5:28:52 WET [2025/01/23 0:28:52 ET]
Table 'Mundleria II' 6-max Seat #5 is the button
Seat 1: DukeFred ($41.64 in chips) 
Seat 2: sesiomp12 ($99.36 in chips) 
Seat 3: zizizib ($136.55 in chips) 
Seat 4: 7bekon7 ($115.31 in chips) 
Seat 5: AlexEliseev7 ($100 in chips) 
Seat 6: shootingGRID ($100.50 in chips) 
shootingGRID: posts small blind $0.50
DukeFred: posts big blind $1
*** HOLE CARDS ***
sesiomp12: folds 
zizizib: folds 
7bekon7: raises $1.50 to $2.50
AlexEliseev7: raises $4.50 to $7
shootingGRID: folds 
DukeFred: calls $6
7bekon7: calls $4.50
*** FLOP *** [Jd 7c Js]
DukeFred: checks 
7bekon7: checks 
AlexEliseev7: checks 
*** TURN *** [Jd 7c Js] [Qc]
DukeFred: checks 
7bekon7: bets $10.21
AlexEliseev7: folds 
DukeFred: folds 
Uncalled bet ($10.21) returned to 7bekon7
7bekon7 collected $20.42 from pot
7bekon7: doesn't show hand 
*** SUMMARY ***
Total pot $21.50 | Rake $1.08 
Board [Jd 7c Js Qc]
Seat 1: DukeFred (big blind) folded on the Turn
Seat 2: sesiomp12 folded before Flop (didn't bet)
Seat 3: zizizib folded before Flop (didn't bet)
Seat 4: 7bekon7 collected ($20.42)
Seat 5: AlexEliseev7 (button) folded on the Turn
Seat 6: shootingGRID (small blind) folded before Flop



PokerStars Hand #254511085290:  Hold'em No Limit ($0.50/$1.00 USD) - 2025/01/23 5:29:52 WET [2025/01/23 0:29:52 ET]
Table 'Mundleria II' 6-max Seat #6 is the button
Seat 1: DukeFred ($34.64 in chips) 
Seat 2: sesiomp12 ($99.36 in chips) 
Seat 3: zizizib ($136.55 in chips) 
Seat 4: 7bekon7 ($128.73 in chips) 
Seat 5: AlexEliseev7 ($100 in chips) 
Seat 6: shootingGRID ($100 in chips) 
DukeFred: posts small blind $0.50
sesiomp12: posts big blind $1
*** HOLE CARDS ***
zizizib: folds 
7bekon7: raises $2 to $3
AlexEliseev7: folds 
shootingGRID: folds 
DukeFred: calls $2.50
sesiomp12: calls $2
*** FLOP *** [3h Ks 7h]
DukeFred: checks 
sesiomp12: checks 
7bekon7: bets $2.14
DukeFred: calls $2.14
sesiomp12: folds 
*** TURN *** [3h Ks 7h] [5c]
DukeFred: checks 
7bekon7: checks 
*** RIVER *** [3h Ks 7h 5c] [Js]
DukeFred: checks 
7bekon7: bets $3.16
DukeFred: calls $3.16
*** SHOW DOWN ***
7bekon7: shows [Qs Jc] (a pair of Jacks)
DukeFred: mucks hand 
7bekon7 collected $18.62 from pot
*** SUMMARY ***
Total pot $19.60 | Rake $0.98 
Board [3h Ks 7h 5c Js]
Seat 1: DukeFred (small blind) mucked
Seat 2: sesiomp12 (big blind) folded on the Flop
Seat 3: zizizib folded before Flop (didn't bet)
Seat 4: 7bekon7 showed [Qs Jc] and won ($18.62) with a pair of Jacks
Seat 5: AlexEliseev7 folded before Flop (didn't bet)
Seat 6: shootingGRID (button) folded before Flop (didn't bet)



PokerStars Hand #254511090383:  Hold'em No Limit ($0.50/$1.00 USD) - 2025/01/23 5:30:55 WET [2025/01/23 0:30:55 ET]
Table 'Mundleria II' 6-max Seat #1 is the button
Seat 1: DukeFred ($26.34 in chips) 
Seat 2: sesiomp12 ($96.36 in chips) 
Seat 3: zizizib ($136.55 in chips) 
Seat 4: 7bekon7 ($139.05 in chips) 
Seat 5: AlexEliseev7 ($100 in chips) 
Seat 6: shootingGRID ($100 in chips) 
sesiomp12: posts small blind $0.50
zizizib: posts big blind $1
*** HOLE CARDS ***
7bekon7: folds 
AlexEliseev7: folds 
shootingGRID: folds 
DukeFred: calls $1
sesiomp12: folds 
zizizib: checks 
*** FLOP *** [Kh Kc 8s]
zizizib: checks 
DukeFred: checks 
*** TURN *** [Kh Kc 8s] [9c]
zizizib: checks 
DukeFred: checks 
*** RIVER *** [Kh Kc 8s 9c] [7d]
zizizib: bets $1.59
DukeFred: folds 
Uncalled bet ($1.59) returned to zizizib
zizizib collected $2.38 from pot
zizizib: doesn't show hand 
*** SUMMARY ***
Total pot $2.50 | Rake $0.12 
Board [Kh Kc 8s 9c 7d]
Seat 1: DukeFred (button) folded on the River
Seat 2: sesiomp12 (small blind) folded before Flop
Seat 3: zizizib (big blind) collected ($2.38)
Seat 4: 7bekon7 folded before Flop (didn't bet)
Seat 5: AlexEliseev7 folded before Flop (didn't bet)
Seat 6: shootingGRID folded before Flop (didn't bet)



PokerStars Hand #254511093083:  Hold'em No Limit ($0.50/$1.00 USD) - 2025/01/23 5:31:28 WET [2025/01/23 0:31:28 ET]
Table 'Mundleria II' 6-max Seat #2 is the button
Seat 1: DukeFred ($25.34 in chips) 
Seat 2: sesiomp12 ($95.86 in chips) 
Seat 3: zizizib ($137.93 in chips) 
Seat 4: 7bekon7 ($139.05 in chips) 
Seat 5: AlexEliseev7 ($100 in chips) 
Seat 6: shootingGRID ($100 in chips) 
zizizib: posts small blind $0.50
7bekon7: posts big blind $1
*** HOLE CARDS ***
AlexEliseev7: folds 
shootingGRID: folds 
DukeFred: calls $1
sesiomp12: folds 
zizizib: folds 
7bekon7: checks 
*** FLOP *** [Ts Kc Qc]
7bekon7: checks 
DukeFred: bets $1.19
7bekon7: folds 
Uncalled bet ($1.19) returned to DukeFred
DukeFred collected $2.38 from pot
*** SUMMARY ***
Total pot $2.50 | Rake $0.12 
Board [Ts Kc Qc]
Seat 1: DukeFred collected ($2.38)
Seat 2: sesiomp12 (button) folded before Flop (didn't bet)
Seat 3: zizizib (small blind) folded before Flop
Seat 4: 7bekon7 (big blind) folded on the Flop
Seat 5: AlexEliseev7 folded before Flop (didn't bet)
Seat 6: shootingGRID folded before Flop (didn't bet)



PokerStars Hand #254511096047:  Hold'em No Limit ($0.50/$1.00 USD) - 2025/01/23 5:32:04 WET [2025/01/23 0:32:04 ET]
Table 'Mundleria II' 6-max Seat #3 is the button
Seat 5: AlexEliseev7 ($100 in chips) is sitting out
Seat 1: DukeFred ($26.72 in chips) 
Seat 2: sesiomp12 ($95.86 in chips) 
Seat 3: zizizib ($137.43 in chips) 
Seat 4: 7bekon7 ($138.05 in chips) 
Seat 6: shootingGRID ($100 in chips) 
7bekon7: posts small blind $0.50
AlexEliseev7: is sitting out 
shootingGRID: posts big blind $1
*** HOLE CARDS ***
AlexEliseev7 leaves the table
DukeFred: calls $1
nastja336 joins the table at seat #5 
sesiomp12: raises $1 to $2
zizizib: folds 
7bekon7: folds 
shootingGRID: calls $1
DukeFred: calls $1
*** FLOP *** [8h Jc Qc]
shootingGRID: checks 
DukeFred: bets $1
sesiomp12: calls $1
shootingGRID: raises $9.50 to $10.50
DukeFred: folds 
sesiomp12: folds 
Uncalled bet ($9.50) returned to shootingGRID
shootingGRID collected $9.02 from pot
*** SUMMARY ***
Total pot $9.50 | Rake $0.48 
Board [8h Jc Qc]
Seat 5: AlexEliseev7
Seat 1: DukeFred folded on the Flop
Seat 2: sesiomp12 folded on the Flop
Seat 3: zizizib (button) folded before Flop (didn't bet)
Seat 4: 7bekon7 (small blind) folded before Flop
Seat 6: shootingGRID (big blind) collected ($9.02)



PokerStars Hand #254511098859:  Hold'em No Limit ($0.50/$1.00 USD) - 2025/01/23 5:32:39 WET [2025/01/23 0:32:39 ET]
Table 'Mundleria II' 6-max Seat #4 is the button
Seat 5: nastja336 ($100 in chips) is sitting out
Seat 1: DukeFred ($23.72 in chips) 
Seat 2: sesiomp12 ($92.86 in chips) 
Seat 3: zizizib ($137.43 in chips) 
Seat 4: 7bekon7 ($137.55 in chips) 
Seat 6: shootingGRID ($106.02 in chips) 
shootingGRID: posts small blind $0.50
DukeFred: posts big blind $1
*** HOLE CARDS ***
sesiomp12: calls $1
zizizib: folds 
7bekon7: calls $1
shootingGRID: raises $6.50 to $7.50
DukeFred: folds 
sesiomp12: folds 
7bekon7: folds 
Uncalled bet ($6.50) returned to shootingGRID
shootingGRID collected $4 from pot
*** SUMMARY ***
Total pot $4 | Rake $0 
Seat 5: nastja336
Seat 1: DukeFred (big blind) folded before Flop
Seat 2: sesiomp12 folded before Flop
Seat 3: zizizib folded before Flop (didn't bet)
Seat 4: 7bekon7 (button) folded before Flop
Seat 6: shootingGRID (small blind) collected ($4)



PokerStars Hand #254511102488:  Hold'em No Limit ($0.50/$1.00 USD) - 2025/01/23 5:33:24 WET [2025/01/23 0:33:24 ET]
Table 'Mundleria II' 6-max Seat #6 is the button
Seat 5: nastja336 ($100 in chips) is sitting out
Seat 1: DukeFred ($22.72 in chips) 
Seat 2: sesiomp12 ($91.86 in chips) 
Seat 3: zizizib ($137.43 in chips) 
Seat 4: 7bekon7 ($136.55 in chips) 
Seat 6: shootingGRID ($109.02 in chips) 
DukeFred: posts small blind $0.50
sesiomp12: posts big blind $1
nastja336: sits out 
*** HOLE CARDS ***
zizizib: folds 
7bekon7: folds 
shootingGRID: raises $1.50 to $2.50
DukeFred: calls $2
sesiomp12: folds 
*** FLOP *** [Tc 8d 5c]
DukeFred: checks 
shootingGRID: checks 
*** TURN *** [Tc 8d 5c] [Qs]
DukeFred: checks 
shootingGRID: bets $4.28
DukeFred: calls $4.28
*** RIVER *** [Tc 8d 5c Qs] [4s]
DukeFred: checks 
shootingGRID: bets $21
DukeFred: calls $15.94 and is all-in
Uncalled bet ($5.06) returned to shootingGRID
*** SHOW DOWN ***
shootingGRID: shows [Jd Kh] (high card King)
DukeFred: shows [6c Qh] (a pair of Queens)
DukeFred collected $44.12 from pot
*** SUMMARY ***
Total pot $46.44 | Rake $2.32 
Board [Tc 8d 5c Qs 4s]
Seat 5: nastja336
Seat 1: DukeFred (small blind) showed [6c Qh] and won ($44.12) with a pair of Queens
Seat 2: sesiomp12 (big blind) folded before Flop
Seat 3: zizizib folded before Flop (didn't bet)
Seat 4: 7bekon7 folded before Flop (didn't bet)
Seat 6: shootingGRID (button) showed [Jd Kh] and lost with high card King



PokerStars Hand #254511105984:  Hold'em No Limit ($0.50/$1.00 USD) - 2025/01/23 5:34:07 WET [2025/01/23 0:34:07 ET]
Table 'Mundleria II' 6-max Seat #1 is the button
Seat 5: nastja336 ($100 in chips) is sitting out
Seat 1: DukeFred ($44.12 in chips) 
Seat 2: sesiomp12 ($90.86 in chips) 
Seat 3: zizizib ($137.43 in chips) 
Seat 4: 7bekon7 ($136.55 in chips) 
Seat 6: shootingGRID ($100 in chips) 
sesiomp12: posts small blind $0.50
zizizib: posts big blind $1
nastja336: sits out 
*** HOLE CARDS ***
7bekon7: folds 
shootingGRID: folds 
DukeFred: folds 
sesiomp12: folds 
Uncalled bet ($0.50) returned to zizizib
zizizib collected $1 from pot
zizizib: doesn't show hand 
*** SUMMARY ***
Total pot $1 | Rake $0 
Seat 5: nastja336
Seat 1: DukeFred (button) folded before Flop (didn't bet)
Seat 2: sesiomp12 (small blind) folded before Flop
Seat 3: zizizib (big blind) collected ($1)
Seat 4: 7bekon7 folded before Flop (didn't bet)
Seat 6: shootingGRID folded before Flop (didn't bet)



PokerStars Hand #254511205850:  Hold'em No Limit ($0.50/$1.00 USD) - 2025/01/23 5:55:08 WET [2025/01/23 0:55:08 ET]
Table 'Mundleria II' 6-max Seat #4 is the button
Seat 1: Fold Your Cats ($104 in chips) 
Seat 2: sesiomp12 ($114.16 in chips) 
Seat 3: zizizib ($122.09 in chips) 
Seat 4: 7bekon7 ($166.96 in chips) 
Seat 5: Pon4uk.ua ($100 in chips) 
Seat 6: shootingGRID ($100 in chips) 
Pon4uk.ua: posts small blind $0.50
shootingGRID: posts big blind $1
*** HOLE CARDS ***
Fold Your Cats: folds 
sesiomp12: calls $1
zizizib: folds 
7bekon7: raises $4 to $5
Pon4uk.ua: folds 
shootingGRID: calls $4
sesiomp12: folds 
*** FLOP *** [Qc 3h 5s]
shootingGRID: checks 
7bekon7: bets $5.46
shootingGRID: calls $5.46
*** TURN *** [Qc 3h 5s] [8d]
shootingGRID: checks 
7bekon7: bets $15.98
shootingGRID: calls $15.98
*** RIVER *** [Qc 3h 5s 8d] [9h]
shootingGRID: checks 
7bekon7: checks 
*** SHOW DOWN ***
shootingGRID: shows [5h Ah] (a pair of Fives)
7bekon7: mucks hand 
shootingGRID collected $51.88 from pot
*** SUMMARY ***
Total pot $54.38 | Rake $2.50 
Board [Qc 3h 5s 8d 9h]
Seat 1: Fold Your Cats folded before Flop (didn't bet)
Seat 2: sesiomp12 folded before Flop
Seat 3: zizizib folded before Flop (didn't bet)
Seat 4: 7bekon7 (button) mucked
Seat 5: Pon4uk.ua (small blind) folded before Flop
Seat 6: shootingGRID (big blind) showed [5h Ah] and won ($51.88) with a pair of Fives



PokerStars Hand #254511215664:  Hold'em No Limit ($0.50/$1.00 USD) - 2025/01/23 5:57:40 WET [2025/01/23 0:57:40 ET]
Table 'Mundleria II' 6-max Seat #5 is the button
Seat 1: Fold Your Cats ($104 in chips) 
Seat 2: sesiomp12 ($113.16 in chips) 
Seat 3: zizizib ($122.09 in chips) 
Seat 4: 7bekon7 ($140.52 in chips) 
Seat 5: Pon4uk.ua ($100 in chips) 
Seat 6: shootingGRID ($125.44 in chips) 
shootingGRID: posts small blind $0.50
Fold Your Cats: posts big blind $1
*** HOLE CARDS ***
sesiomp12: folds 
zizizib: raises $1.10 to $2.10
7bekon7: folds 
Pon4uk.ua: folds 
shootingGRID: folds 
Fold Your Cats: calls $1.10
*** FLOP *** [Tc 8c 4c]
Fold Your Cats: checks 
zizizib: bets $1.47
Fold Your Cats: calls $1.47
*** TURN *** [Tc 8c 4c] [9c]
Fold Your Cats: checks 
zizizib: checks 
*** RIVER *** [Tc 8c 4c 9c] [2d]
Fold Your Cats: checks 
zizizib: bets $5.45
Fold Your Cats: calls $5.45
*** SHOW DOWN ***
zizizib: shows [Qh Jc] (a flush, Jack high)
Fold Your Cats: mucks hand 
zizizib collected $17.61 from pot
*** SUMMARY ***
Total pot $18.54 | Rake $0.93 
Board [Tc 8c 4c 9c 2d]
Seat 1: Fold Your Cats (big blind) mucked
Seat 2: sesiomp12 folded before Flop (didn't bet)
Seat 3: zizizib showed [Qh Jc] and won ($17.61) with a flush, Jack high
Seat 4: 7bekon7 folded before Flop (didn't bet)
Seat 5: Pon4uk.ua (button) folded before Flop (didn't bet)
Seat 6: shootingGRID (small blind) folded before Flop



PokerStars Hand #254511220017:  Hold'em No Limit ($0.50/$1.00 USD) - 2025/01/23 5:58:47 WET [2025/01/23 0:58:47 ET]
Table 'Mundleria II' 6-max Seat #6 is the button
Seat 1: Fold Your Cats ($100 in chips) 
Seat 2: sesiomp12 ($113.16 in chips) 
Seat 3: zizizib ($130.68 in chips) 
Seat 4: 7bekon7 ($140.52 in chips) 
Seat 5: Pon4uk.ua ($100 in chips) 
Seat 6: shootingGRID ($124.94 in chips) 
Fold Your Cats: posts small blind $0.50
sesiomp12: posts big blind $1
*** HOLE CARDS ***
zizizib: folds 
7bekon7: folds 
Pon4uk.ua: folds 
shootingGRID: raises $1.50 to $2.50
Fold Your Cats: folds 
sesiomp12: calls $1.50
*** FLOP *** [8h Td 3h]
sesiomp12: checks 
shootingGRID: bets $1.72
sesiomp12: calls $1.72
*** TURN *** [8h Td 3h] [Jc]
sesiomp12: checks 
shootingGRID: checks 
*** RIVER *** [8h Td 3h Jc] [Ad]
sesiomp12: bets $8.49
shootingGRID: folds 
Uncalled bet ($8.49) returned to sesiomp12
sesiomp12 collected $8.49 from pot
sesiomp12: doesn't show hand 
*** SUMMARY ***
Total pot $8.94 | Rake $0.45 
Board [8h Td 3h Jc Ad]
Seat 1: Fold Your Cats (small blind) folded before Flop
Seat 2: sesiomp12 (big blind) collected ($8.49)
Seat 3: zizizib folded before Flop (didn't bet)
Seat 4: 7bekon7 folded before Flop (didn't bet)
Seat 5: Pon4uk.ua folded before Flop (didn't bet)
Seat 6: shootingGRID (button) folded on the River



PokerStars Hand #254511224532:  Hold'em No Limit ($0.50/$1.00 USD) - 2025/01/23 5:59:57 WET [2025/01/23 0:59:57 ET]
Table 'Mundleria II' 6-max Seat #1 is the button
Seat 1: Fold Your Cats ($100 in chips) 
Seat 2: sesiomp12 ($117.43 in chips) 
Seat 3: zizizib ($130.68 in chips) 
Seat 4: 7bekon7 ($140.52 in chips) 
Seat 5: Pon4uk.ua ($100 in chips) 
Seat 6: shootingGRID ($120.72 in chips) 
sesiomp12: posts small blind $0.50
zizizib: posts big blind $1
*** HOLE CARDS ***
7bekon7: folds 
Pon4uk.ua: folds 
shootingGRID: folds 
Fold Your Cats: raises $1.50 to $2.50
sesiomp12: folds 
zizizib: calls $1.50
*** FLOP *** [8d 6h 7d]
zizizib: checks 
Fold Your Cats: checks 
*** TURN *** [8d 6h 7d] [9c]
zizizib: bets $1.72
Fold Your Cats: folds 
Uncalled bet ($1.72) returned to zizizib
zizizib collected $5.22 from pot
zizizib: doesn't show hand 
*** SUMMARY ***
Total pot $5.50 | Rake $0.28 
Board [8d 6h 7d 9c]
Seat 1: Fold Your Cats (button) folded on the Turn
Seat 2: sesiomp12 (small blind) folded before Flop
Seat 3: zizizib (big blind) collected ($5.22)
Seat 4: 7bekon7 folded before Flop (didn't bet)
Seat 5: Pon4uk.ua folded before Flop (didn't bet)
Seat 6: shootingGRID folded before Flop (didn't bet)



PokerStars Hand #254511228572:  Hold'em No Limit ($0.50/$1.00 USD) - 2025/01/23 6:00:55 WET [2025/01/23 1:00:55 ET]
Table 'Mundleria II' 6-max Seat #2 is the button
Seat 1: Fold Your Cats ($100 in chips) 
Seat 2: sesiomp12 ($116.93 in chips) 
Seat 3: zizizib ($133.40 in chips) 
Seat 4: 7bekon7 ($140.52 in chips) 
Seat 5: Pon4uk.ua ($100 in chips) 
Seat 6: shootingGRID ($120.72 in chips) 
zizizib: posts small blind $0.50
7bekon7: posts big blind $1
*** HOLE CARDS ***
Pon4uk.ua: folds 
shootingGRID: folds 
Fold Your Cats: raises $1.50 to $2.50
sesiomp12: folds 
zizizib: folds 
7bekon7: folds 
Uncalled bet ($1.50) returned to Fold Your Cats
Fold Your Cats collected $2.50 from pot
Fold Your Cats: doesn't show hand 
*** SUMMARY ***
Total pot $2.50 | Rake $0 
Seat 1: Fold Your Cats collected ($2.50)
Seat 2: sesiomp12 (button) folded before Flop (didn't bet)
Seat 3: zizizib (small blind) folded before Flop
Seat 4: 7bekon7 (big blind) folded before Flop
Seat 5: Pon4uk.ua folded before Flop (didn't bet)
Seat 6: shootingGRID folded before Flop (didn't bet)



PokerStars Hand #254511230431:  Hold'em No Limit ($0.50/$1.00 USD) - 2025/01/23 6:01:20 WET [2025/01/23 1:01:20 ET]
Table 'Mundleria II' 6-max Seat #3 is the button
Seat 1: Fold Your Cats ($101.50 in chips) 
Seat 2: sesiomp12 ($116.93 in chips) 
Seat 3: zizizib ($132.90 in chips) 
Seat 4: 7bekon7 ($139.52 in chips) 
Seat 5: Pon4uk.ua ($100 in chips) 
Seat 6: shootingGRID ($120.72 in chips) 
7bekon7: posts small blind $0.50
Pon4uk.ua: posts big blind $1
*** HOLE CARDS ***
shootingGRID: folds 
Fold Your Cats: folds 
sesiomp12: folds 
zizizib: folds 
7bekon7: folds 
Uncalled bet ($0.50) returned to Pon4uk.ua
Pon4uk.ua collected $1 from pot
Pon4uk.ua: doesn't show hand 
*** SUMMARY ***
Total pot $1 | Rake $0 
Seat 1: Fold Your Cats folded before Flop (didn't bet)
Seat 2: sesiomp12 folded before Flop (didn't bet)
Seat 3: zizizib (button) folded before Flop (didn't bet)
Seat 4: 7bekon7 (small blind) folded before Flop
Seat 5: Pon4uk.ua (big blind) collected ($1)
Seat 6: shootingGRID folded before Flop (didn't bet)



PokerStars Hand #254511231857:  Hold'em No Limit ($0.50/$1.00 USD) - 2025/01/23 6:01:39 WET [2025/01/23 1:01:39 ET]
Table 'Mundleria II' 6-max Seat #4 is the button
Seat 1: Fold Your Cats ($101.50 in chips) 
Seat 2: sesiomp12 ($116.93 in chips) 
Seat 3: zizizib ($132.90 in chips) 
Seat 4: 7bekon7 ($139.02 in chips) 
Seat 5: Pon4uk.ua ($100.50 in chips) 
Seat 6: shootingGRID ($120.72 in chips) 
Pon4uk.ua: posts small blind $0.50
shootingGRID: posts big blind $1
*** HOLE CARDS ***
Fold Your Cats: folds 
sesiomp12: calls $1
zizizib: raises $3 to $4
7bekon7: folds 
Pon4uk.ua: folds 
shootingGRID: folds 
sesiomp12: calls $3
*** FLOP *** [4s 3h Ts]
sesiomp12: checks 
zizizib: bets $2.98
sesiomp12: calls $2.98
*** TURN *** [4s 3h Ts] [5c]
sesiomp12: checks 
zizizib: checks 
*** RIVER *** [4s 3h Ts 5c] [Qc]
sesiomp12: bets $6.35
zizizib: folds 
Uncalled bet ($6.35) returned to sesiomp12
sesiomp12 collected $14.69 from pot
sesiomp12: doesn't show hand 
*** SUMMARY ***
Total pot $15.46 | Rake $0.77 
Board [4s 3h Ts 5c Qc]
Seat 1: Fold Your Cats folded before Flop (didn't bet)
Seat 2: sesiomp12 collected ($14.69)
Seat 3: zizizib folded on the River
Seat 4: 7bekon7 (button) folded before Flop (didn't bet)
Seat 5: Pon4uk.ua (small blind) folded before Flop
Seat 6: shootingGRID (big blind) folded before Flop



PokerStars Hand #254511236313:  Hold'em No Limit ($0.50/$1.00 USD) - 2025/01/23 6:02:39 WET [2025/01/23 1:02:39 ET]
Table 'Mundleria II' 6-max Seat #5 is the button
Seat 1: Fold Your Cats ($101.50 in chips) is sitting out
Seat 2: sesiomp12 ($124.64 in chips) 
Seat 3: zizizib ($125.92 in chips) 
Seat 4: 7bekon7 ($139.02 in chips) 
Seat 5: Pon4uk.ua ($100 in chips) 
Seat 6: shootingGRID ($119.72 in chips) 
shootingGRID: posts small blind $0.50
Fold Your Cats: is sitting out 
sesiomp12: posts big blind $1
*** HOLE CARDS ***
zizizib: folds 
7bekon7: folds 
Fold Your Cats leaves the table
Pon4uk.ua: raises $1.50 to $2.50
shootingGRID: raises $9.50 to $12
MoRsCeReBruM joins the table at seat #1 
sesiomp12: folds 
Pon4uk.ua: folds 
Uncalled bet ($9.50) returned to shootingGRID
shootingGRID collected $6 from pot
*** SUMMARY ***
Total pot $6 | Rake $0 
Seat 1: Fold Your Cats
Seat 2: sesiomp12 (big blind) folded before Flop
Seat 3: zizizib folded before Flop (didn't bet)
Seat 4: 7bekon7 folded before Flop (didn't bet)
Seat 5: Pon4uk.ua (button) folded before Flop
Seat 6: shootingGRID (small blind) collected ($6)



PokerStars Hand #254511238206:  Hold'em No Limit ($0.50/$1.00 USD) - 2025/01/23 6:03:04 WET [2025/01/23 1:03:04 ET]
Table 'Mundleria II' 6-max Seat #6 is the button
Seat 1: MoRsCeReBruM ($100 in chips) is sitting out
Seat 2: sesiomp12 ($123.64 in chips) 
Seat 3: zizizib ($125.92 in chips) 
Seat 4: 7bekon7 ($139.02 in chips) 
Seat 5: Pon4uk.ua ($100 in chips) 
Seat 6: shootingGRID ($123.22 in chips) 
sesiomp12: posts small blind $0.50
zizizib: posts big blind $1
*** HOLE CARDS ***
7bekon7: raises $1.25 to $2.25
Pon4uk.ua: folds 
shootingGRID: folds 
sesiomp12: folds 
zizizib: folds 
Uncalled bet ($1.25) returned to 7bekon7
7bekon7 collected $2.50 from pot
7bekon7: doesn't show hand 
*** SUMMARY ***
Total pot $2.50 | Rake $0 
Seat 1: MoRsCeReBruM
Seat 2: sesiomp12 (small blind) folded before Flop
Seat 3: zizizib (big blind) folded before Flop
Seat 4: 7bekon7 collected ($2.50)
Seat 5: Pon4uk.ua folded before Flop (didn't bet)
Seat 6: shootingGRID (button) folded before Flop (didn't bet)



PokerStars Hand #254511239189:  Hold'em No Limit ($0.50/$1.00 USD) - 2025/01/23 6:03:19 WET [2025/01/23 1:03:19 ET]
Table 'Mundleria II' 6-max Seat #2 is the button
Seat 1: MoRsCeReBruM ($100 in chips) is sitting out
Seat 2: sesiomp12 ($123.14 in chips) 
Seat 3: zizizib ($124.92 in chips) 
Seat 4: 7bekon7 ($140.52 in chips) 
Seat 5: Pon4uk.ua ($100 in chips) 
Seat 6: shootingGRID ($123.22 in chips) 
zizizib: posts small blind $0.50
7bekon7: posts big blind $1
MoRsCeReBruM: is sitting out 
*** HOLE CARDS ***
MoRsCeReBruM leaves the table
Pon4uk.ua: folds 
shootingGRID: folds 
sesiomp12: folds 
zizizib: raises $2 to $3
7bekon7: calls $2
*** FLOP *** [Js 4s 7c]
Ariel_Amestica joins the table at seat #1 
Ariel_Amestica is disconnected 
zizizib: checks 
7bekon7: bets $2.85
zizizib: folds 
Uncalled bet ($2.85) returned to 7bekon7
7bekon7 collected $5.70 from pot
7bekon7: doesn't show hand 
*** SUMMARY ***
Total pot $6 | Rake $0.30 
Board [Js 4s 7c]
Seat 1: MoRsCeReBruM
Seat 2: sesiomp12 (button) folded before Flop (didn't bet)
Seat 3: zizizib (small blind) folded on the Flop
Seat 4: 7bekon7 (big blind) collected ($5.70)
Seat 5: Pon4uk.ua folded before Flop (didn't bet)
Seat 6: shootingGRID folded before Flop (didn't bet)



PokerStars Hand #254511242613:  Hold'em No Limit ($0.50/$1.00 USD) - 2025/01/23 6:04:05 WET [2025/01/23 1:04:05 ET]
Table 'Mundleria II' 6-max Seat #3 is the button
Seat 1: Ariel_Amestica ($62.13 in chips) is sitting out
Seat 2: sesiomp12 ($123.14 in chips) 
Seat 3: zizizib ($121.92 in chips) 
Seat 4: 7bekon7 ($143.22 in chips) 
Seat 5: Pon4uk.ua ($100 in chips) 
Seat 6: shootingGRID ($123.22 in chips) 
7bekon7: posts small blind $0.50
Pon4uk.ua: posts big blind $1
Ariel_Amestica: sits out 
*** HOLE CARDS ***
shootingGRID: folds 
sesiomp12: calls $1
zizizib: calls $1
7bekon7: calls $0.50
Pon4uk.ua: checks 
*** FLOP *** [Ts 8s Jh]
7bekon7: checks 
Pon4uk.ua: checks 
sesiomp12: checks 
zizizib: checks 
*** TURN *** [Ts 8s Jh] [7c]
7bekon7: bets $2.85
Pon4uk.ua: folds 
sesiomp12: calls $2.85
zizizib: folds 
*** RIVER *** [Ts 8s Jh 7c] [Ah]
7bekon7: bets $6.92
sesiomp12: folds 
Uncalled bet ($6.92) returned to 7bekon7
7bekon7 collected $9.22 from pot
7bekon7: doesn't show hand 
*** SUMMARY ***
Total pot $9.70 | Rake $0.48 
Board [Ts 8s Jh 7c Ah]
Seat 1: Ariel_Amestica
Seat 2: sesiomp12 folded on the River
Seat 3: zizizib (button) folded on the Turn
Seat 4: 7bekon7 (small blind) collected ($9.22)
Seat 5: Pon4uk.ua (big blind) folded on the Turn
Seat 6: shootingGRID folded before Flop (didn't bet)



PokerStars Hand #254511247515:  Hold'em No Limit ($0.50/$1.00 USD) - 2025/01/23 6:05:11 WET [2025/01/23 1:05:11 ET]
Table 'Mundleria II' 6-max Seat #4 is the button
Seat 1: Ariel_Amestica ($62.13 in chips) is sitting out
Seat 2: sesiomp12 ($119.29 in chips) 
Seat 3: zizizib ($120.92 in chips) 
Seat 4: 7bekon7 ($148.59 in chips) 
Seat 5: Pon4uk.ua ($100 in chips) 
Seat 6: shootingGRID ($123.22 in chips) 
Pon4uk.ua: posts small blind $0.50
shootingGRID: posts big blind $1
Ariel_Amestica: sits out 
*** HOLE CARDS ***
sesiomp12: calls $1
zizizib: folds 
7bekon7: raises $4 to $5
Pon4uk.ua: folds 
shootingGRID: calls $4
sesiomp12: raises $10 to $15
7bekon7: calls $10
shootingGRID: calls $10
*** FLOP *** [4c Kc 9h]
shootingGRID: checks 
sesiomp12: checks 
7bekon7: checks 
*** TURN *** [4c Kc 9h] [Kh]
shootingGRID: bets $28.53
sesiomp12: folds 
7bekon7: folds 
Uncalled bet ($28.53) returned to shootingGRID
shootingGRID collected $43.22 from pot
*** SUMMARY ***
Total pot $45.50 | Rake $2.28 
Board [4c Kc 9h Kh]
Seat 1: Ariel_Amestica
Seat 2: sesiomp12 folded on the Turn
Seat 3: zizizib folded before Flop (didn't bet)
Seat 4: 7bekon7 (button) folded on the Turn
Seat 5: Pon4uk.ua (small blind) folded before Flop
Seat 6: shootingGRID (big blind) collected ($43.22)



PokerStars Hand #254511253930:  Hold'em No Limit ($0.50/$1.00 USD) - 2025/01/23 6:06:39 WET [2025/01/23 1:06:39 ET]
Table 'Mundleria II' 6-max Seat #5 is the button
Seat 1: Ariel_Amestica ($62.13 in chips) 
Seat 2: sesiomp12 ($104.29 in chips) 
Seat 3: zizizib ($120.92 in chips) 
Seat 4: 7bekon7 ($133.59 in chips) 
Seat 5: Pon4uk.ua ($100 in chips) 
Seat 6: shootingGRID ($151.44 in chips) 
shootingGRID: posts small blind $0.50
Ariel_Amestica: posts big blind $1
*** HOLE CARDS ***
sesiomp12: calls $1
zizizib: raises $3 to $4
7bekon7: folds 
Pon4uk.ua: folds 
shootingGRID: folds 
Ariel_Amestica: folds 
sesiomp12: calls $3
*** FLOP *** [3c 9c 7d]
sesiomp12: checks 
zizizib: checks 
*** TURN *** [3c 9c 7d] [4d]
sesiomp12: bets $4
zizizib: calls $4
*** RIVER *** [3c 9c 7d 4d] [Td]
sesiomp12: checks 
zizizib: checks 
*** SHOW DOWN ***
sesiomp12: shows [2h 3h] (a pair of Threes)
zizizib: shows [6c 6d] (a pair of Sixes)
zizizib collected $16.62 from pot
*** SUMMARY ***
Total pot $17.50 | Rake $0.88 
Board [3c 9c 7d 4d Td]
Seat 1: Ariel_Amestica (big blind) folded before Flop
Seat 2: sesiomp12 showed [2h 3h] and lost with a pair of Threes
Seat 3: zizizib showed [6c 6d] and won ($16.62) with a pair of Sixes
Seat 4: 7bekon7 folded before Flop (didn't bet)
Seat 5: Pon4uk.ua (button) folded before Flop (didn't bet)
Seat 6: shootingGRID (small blind) folded before Flop



PokerStars Hand #254511256940:  Hold'em No Limit ($0.50/$1.00 USD) - 2025/01/23 6:07:19 WET [2025/01/23 1:07:19 ET]
Table 'Mundleria II' 6-max Seat #6 is the button
Seat 1: Ariel_Amestica ($61.13 in chips) 
Seat 2: sesiomp12 ($96.29 in chips) 
Seat 3: zizizib ($129.54 in chips) 
Seat 4: 7bekon7 ($133.59 in chips) 
Seat 5: Pon4uk.ua ($100 in chips) 
Seat 6: shootingGRID ($150.94 in chips) 
Ariel_Amestica: posts small blind $0.50
sesiomp12: posts big blind $1
*** HOLE CARDS ***
zizizib: raises $1.10 to $2.10
7bekon7: folds 
Pon4uk.ua: folds 
shootingGRID: folds 
Ariel_Amestica: folds 
sesiomp12: folds 
Uncalled bet ($1.10) returned to zizizib
zizizib collected $2.50 from pot
zizizib: doesn't show hand 
*** SUMMARY ***
Total pot $2.50 | Rake $0 
Seat 1: Ariel_Amestica (small blind) folded before Flop
Seat 2: sesiomp12 (big blind) folded before Flop
Seat 3: zizizib collected ($2.50)
Seat 4: 7bekon7 folded before Flop (didn't bet)
Seat 5: Pon4uk.ua folded before Flop (didn't bet)
Seat 6: shootingGRID (button) folded before Flop (didn't bet)



PokerStars Hand #254511258647:  Hold'em No Limit ($0.50/$1.00 USD) - 2025/01/23 6:07:42 WET [2025/01/23 1:07:42 ET]
Table 'Mundleria II' 6-max Seat #1 is the button
Seat 1: Ariel_Amestica ($60.63 in chips) 
Seat 2: sesiomp12 ($95.29 in chips) 
Seat 3: zizizib ($131.04 in chips) 
Seat 4: 7bekon7 ($133.59 in chips) 
Seat 5: Pon4uk.ua ($100 in chips) 
Seat 6: shootingGRID ($150.94 in chips) 
sesiomp12: posts small blind $0.50
zizizib: posts big blind $1
*** HOLE CARDS ***
7bekon7: folds 
Pon4uk.ua: folds 
shootingGRID: folds 
Ariel_Amestica: folds 
sesiomp12: calls $0.50
zizizib: checks 
*** FLOP *** [3d 4s 2d]
sesiomp12: checks 
zizizib: bets $1.43
sesiomp12: folds 
Uncalled bet ($1.43) returned to zizizib
zizizib collected $1.90 from pot
zizizib: doesn't show hand 
*** SUMMARY ***
Total pot $2 | Rake $0.10 
Board [3d 4s 2d]
Seat 1: Ariel_Amestica (button) folded before Flop (didn't bet)
Seat 2: sesiomp12 (small blind) folded on the Flop
Seat 3: zizizib (big blind) collected ($1.90)
Seat 4: 7bekon7 folded before Flop (didn't bet)
Seat 5: Pon4uk.ua folded before Flop (didn't bet)
Seat 6: shootingGRID folded before Flop (didn't bet)



PokerStars Hand #254511260923:  Hold'em No Limit ($0.50/$1.00 USD) - 2025/01/23 6:08:14 WET [2025/01/23 1:08:14 ET]
Table 'Mundleria II' 6-max Seat #2 is the button
Seat 1: Ariel_Amestica ($60.63 in chips) 
Seat 2: sesiomp12 ($94.29 in chips) 
Seat 3: zizizib ($131.94 in chips) 
Seat 4: 7bekon7 ($133.59 in chips) 
Seat 5: Pon4uk.ua ($100 in chips) 
Seat 6: shootingGRID ($150.94 in chips) 
zizizib: posts small blind $0.50
7bekon7: posts big blind $1
*** HOLE CARDS ***
Pon4uk.ua: folds 
shootingGRID: folds 
Ariel_Amestica: raises $1 to $2
sesiomp12: folds 
zizizib: folds 
7bekon7: calls $1
*** FLOP *** [4s 5d 3h]
7bekon7: checks 
Ariel_Amestica: checks 
*** TURN *** [4s 5d 3h] [Ac]
7bekon7: bets $1.07
Ariel_Amestica: calls $1.07
*** RIVER *** [4s 5d 3h Ac] [4d]
7bekon7: bets $3.16
Ariel_Amestica: folds 
Uncalled bet ($3.16) returned to 7bekon7
7bekon7 collected $6.31 from pot
7bekon7: doesn't show hand 
*** SUMMARY ***
Total pot $6.64 | Rake $0.33 
Board [4s 5d 3h Ac 4d]
Seat 1: Ariel_Amestica folded on the River
Seat 2: sesiomp12 (button) folded before Flop (didn't bet)
Seat 3: zizizib (small blind) folded before Flop
Seat 4: 7bekon7 (big blind) collected ($6.31)
Seat 5: Pon4uk.ua folded before Flop (didn't bet)
Seat 6: shootingGRID folded before Flop (didn't bet)



PokerStars Hand #254511264171:  Hold'em No Limit ($0.50/$1.00 USD) - 2025/01/23 6:08:57 WET [2025/01/23 1:08:57 ET]
Table 'Mundleria II' 6-max Seat #3 is the button
Seat 1: Ariel_Amestica ($57.56 in chips) 
Seat 2: sesiomp12 ($94.29 in chips) 
Seat 3: zizizib ($131.44 in chips) 
Seat 4: 7bekon7 ($136.83 in chips) 
Seat 5: Pon4uk.ua ($100 in chips) 
Seat 6: shootingGRID ($150.94 in chips) 
7bekon7: posts small blind $0.50
Pon4uk.ua: posts big blind $1
*** HOLE CARDS ***
shootingGRID: raises $1.25 to $2.25
Ariel_Amestica: calls $2.25
sesiomp12: folds 
zizizib: folds 
7bekon7: folds 
Pon4uk.ua: calls $1.25
*** FLOP *** [Jh Qc 2h]
Pon4uk.ua: checks 
shootingGRID: checks 
Ariel_Amestica: checks 
*** TURN *** [Jh Qc 2h] [Ac]
Pon4uk.ua: checks 
shootingGRID: checks 
Ariel_Amestica: checks 
*** RIVER *** [Jh Qc 2h Ac] [9h]
Pon4uk.ua: checks 
shootingGRID: checks 
Ariel_Amestica: checks 
*** SHOW DOWN ***
Pon4uk.ua: shows [Td 7h] (high card Ace)
shootingGRID: shows [Js Ts] (a pair of Jacks)
Ariel_Amestica: mucks hand 
shootingGRID collected $6.89 from pot
*** SUMMARY ***
Total pot $7.25 | Rake $0.36 
Board [Jh Qc 2h Ac 9h]
Seat 1: Ariel_Amestica mucked
Seat 2: sesiomp12 folded before Flop (didn't bet)
Seat 3: zizizib (button) folded before Flop (didn't bet)
Seat 4: 7bekon7 (small blind) folded before Flop
Seat 5: Pon4uk.ua (big blind) showed [Td 7h] and lost with high card Ace
Seat 6: shootingGRID showed [Js Ts] and won ($6.89) with a pair of Jacks



PokerStars Hand #254511269319:  Hold'em No Limit ($0.50/$1.00 USD) - 2025/01/23 6:10:09 WET [2025/01/23 1:10:09 ET]
Table 'Mundleria II' 6-max Seat #4 is the button
Seat 1: Ariel_Amestica ($55.31 in chips) 
Seat 2: sesiomp12 ($94.29 in chips) 
Seat 3: zizizib ($131.44 in chips) 
Seat 4: 7bekon7 ($136.33 in chips) 
Seat 5: Pon4uk.ua ($100 in chips) 
Seat 6: shootingGRID ($155.58 in chips) 
Pon4uk.ua: posts small blind $0.50
shootingGRID: posts big blind $1
*** HOLE CARDS ***
Ariel_Amestica: raises $1 to $2
sesiomp12: folds 
zizizib: folds 
7bekon7: folds 
Pon4uk.ua: folds 
shootingGRID: calls $1
*** FLOP *** [7d 9h 4h]
shootingGRID: checks 
Ariel_Amestica: bets $4.28
shootingGRID has timed out
shootingGRID: folds 
Uncalled bet ($4.28) returned to Ariel_Amestica
Ariel_Amestica collected $4.28 from pot
*** SUMMARY ***
Total pot $4.50 | Rake $0.22 
Board [7d 9h 4h]
Seat 1: Ariel_Amestica collected ($4.28)
Seat 2: sesiomp12 folded before Flop (didn't bet)
Seat 3: zizizib folded before Flop (didn't bet)
Seat 4: 7bekon7 (button) folded before Flop (didn't bet)
Seat 5: Pon4uk.ua (small blind) folded before Flop
Seat 6: shootingGRID (big blind) folded on the Flop



PokerStars Hand #254511272858:  Hold'em No Limit ($0.50/$1.00 USD) - 2025/01/23 6:10:56 WET [2025/01/23 1:10:56 ET]
Table 'Mundleria II' 6-max Seat #5 is the button
Seat 1: Ariel_Amestica ($57.59 in chips) 
Seat 2: sesiomp12 ($94.29 in chips) 
Seat 3: zizizib ($131.44 in chips) 
Seat 4: 7bekon7 ($136.33 in chips) 
Seat 5: Pon4uk.ua ($100 in chips) 
Seat 6: shootingGRID ($153.58 in chips) 
shootingGRID: posts small blind $0.50
Ariel_Amestica: posts big blind $1
*** HOLE CARDS ***
sesiomp12: calls $1
zizizib: folds 
7bekon7: folds 
Pon4uk.ua: raises $3 to $4
shootingGRID: calls $3.50
Ariel_Amestica: folds 
sesiomp12: calls $3
*** FLOP *** [7d Qs Kd]
shootingGRID: checks 
sesiomp12: checks 
Pon4uk.ua: bets $4.08
shootingGRID has timed out
shootingGRID: folds 
sesiomp12: calls $4.08
*** TURN *** [7d Qs Kd] [Jh]
sesiomp12: checks 
Pon4uk.ua: checks 
*** RIVER *** [7d Qs Kd Jh] [6h]
sesiomp12: bets $10.05
Pon4uk.ua: calls $10.05
*** SHOW DOWN ***
sesiomp12: shows [Th 7h] (a pair of Sevens)
Pon4uk.ua: shows [Ah Ac] (a pair of Aces)
Pon4uk.ua collected $39.20 from pot
*** SUMMARY ***
Total pot $41.26 | Rake $2.06 
Board [7d Qs Kd Jh 6h]
Seat 1: Ariel_Amestica (big blind) folded before Flop
Seat 2: sesiomp12 showed [Th 7h] and lost with a pair of Sevens
Seat 3: zizizib folded before Flop (didn't bet)
Seat 4: 7bekon7 folded before Flop (didn't bet)
Seat 5: Pon4uk.ua (button) showed [Ah Ac] and won ($39.20) with a pair of Aces
Seat 6: shootingGRID (small blind) folded on the Flop



PokerStars Hand #254511278852:  Hold'em No Limit ($0.50/$1.00 USD) - 2025/01/23 6:12:18 WET [2025/01/23 1:12:18 ET]
Table 'Mundleria II' 6-max Seat #6 is the button
Seat 1: Ariel_Amestica ($56.59 in chips) 
Seat 2: sesiomp12 ($76.16 in chips) 
Seat 3: zizizib ($131.44 in chips) 
Seat 4: 7bekon7 ($136.33 in chips) 
Seat 5: Pon4uk.ua ($121.07 in chips) 
Seat 6: shootingGRID ($149.58 in chips) 
Ariel_Amestica: posts small blind $0.50
sesiomp12: posts big blind $1
*** HOLE CARDS ***
zizizib: folds 
7bekon7: raises $1.50 to $2.50
Pon4uk.ua: folds 
shootingGRID: folds 
Ariel_Amestica: calls $2
sesiomp12: folds 
*** FLOP *** [Ad Ks 9d]
Ariel_Amestica: checks 
7bekon7: bets $1.43
Ariel_Amestica: folds 
Uncalled bet ($1.43) returned to 7bekon7
7bekon7 collected $5.70 from pot
7bekon7: doesn't show hand 
*** SUMMARY ***
Total pot $6 | Rake $0.30 
Board [Ad Ks 9d]
Seat 1: Ariel_Amestica (small blind) folded on the Flop
Seat 2: sesiomp12 (big blind) folded before Flop
Seat 3: zizizib folded before Flop (didn't bet)
Seat 4: 7bekon7 collected ($5.70)
Seat 5: Pon4uk.ua folded before Flop (didn't bet)
Seat 6: shootingGRID (button) folded before Flop (didn't bet)



PokerStars Hand #254511280903:  Hold'em No Limit ($0.50/$1.00 USD) - 2025/01/23 6:12:47 WET [2025/01/23 1:12:47 ET]
Table 'Mundleria II' 6-max Seat #1 is the button
Seat 1: Ariel_Amestica ($54.09 in chips) 
Seat 2: sesiomp12 ($75.16 in chips) 
Seat 3: zizizib ($131.44 in chips) 
Seat 4: 7bekon7 ($139.53 in chips) 
Seat 5: Pon4uk.ua ($121.07 in chips) 
Seat 6: shootingGRID ($149.58 in chips) 
sesiomp12: posts small blind $0.50
zizizib: posts big blind $1
*** HOLE CARDS ***
7bekon7: folds 
Pon4uk.ua: folds 
shootingGRID: folds 
Ariel_Amestica: folds 
sesiomp12: raises $1 to $2
zizizib: calls $1
*** FLOP *** [Kd 2s 9s]
sesiomp12: bets $2
zizizib: calls $2
*** TURN *** [Kd 2s 9s] [5d]
sesiomp12: checks 
zizizib: bets $5.70
sesiomp12: calls $5.70
*** RIVER *** [Kd 2s 9s 5d] [Qs]
sesiomp12: checks 
zizizib: checks 
*** SHOW DOWN ***
sesiomp12: shows [As Tc] (high card Ace)
zizizib: shows [8d Kh] (a pair of Kings)
zizizib collected $18.43 from pot
*** SUMMARY ***
Total pot $19.40 | Rake $0.97 
Board [Kd 2s 9s 5d Qs]
Seat 1: Ariel_Amestica (button) folded before Flop (didn't bet)
Seat 2: sesiomp12 (small blind) showed [As Tc] and lost with high card Ace
Seat 3: zizizib (big blind) showed [8d Kh] and won ($18.43) with a pair of Kings
Seat 4: 7bekon7 folded before Flop (didn't bet)
Seat 5: Pon4uk.ua folded before Flop (didn't bet)
Seat 6: shootingGRID folded before Flop (didn't bet)



PokerStars Hand #254511317142:  Hold'em No Limit ($0.50/$1.00 USD) - 2025/01/23 6:21:00 WET [2025/01/23 1:21:00 ET]
Table 'Mundleria II' 6-max Seat #1 is the button
Seat 1: Ariel_Amestica ($49.09 in chips) 
Seat 2: MaRKiToScoK ($101.80 in chips) 
Seat 3: Xenicide ($100 in chips) 
Seat 4: 7bekon7 ($232.73 in chips) 
Seat 5: Pon4uk.ua ($124.99 in chips) 
Seat 6: shootingGRID ($114.33 in chips) 
MaRKiToScoK: posts small blind $0.50
Xenicide: posts big blind $1
*** HOLE CARDS ***
7bekon7: raises $1.25 to $2.25
Pon4uk.ua: folds 
shootingGRID: folds 
Ariel_Amestica: folds 
MaRKiToScoK: raises $9.75 to $12
Xenicide: folds 
7bekon7: folds 
Uncalled bet ($9.75) returned to MaRKiToScoK
MaRKiToScoK collected $5.50 from pot
*** SUMMARY ***
Total pot $5.50 | Rake $0 
Seat 1: Ariel_Amestica (button) folded before Flop (didn't bet)
Seat 2: MaRKiToScoK (small blind) collected ($5.50)
Seat 3: Xenicide (big blind) folded before Flop
Seat 4: 7bekon7 folded before Flop
Seat 5: Pon4uk.ua folded before Flop (didn't bet)
Seat 6: shootingGRID folded before Flop (didn't bet)



PokerStars Hand #254511319101:  Hold'em No Limit ($0.50/$1.00 USD) - 2025/01/23 6:21:27 WET [2025/01/23 1:21:27 ET]
Table 'Mundleria II' 6-max Seat #2 is the button
Seat 1: Ariel_Amestica ($49.09 in chips) 
Seat 2: MaRKiToScoK ($105.05 in chips) 
Seat 3: Xenicide ($100 in chips) 
Seat 4: 7bekon7 ($230.48 in chips) 
Seat 5: Pon4uk.ua ($124.99 in chips) 
Seat 6: shootingGRID ($114.33 in chips) 
Xenicide: posts small blind $0.50
7bekon7: posts big blind $1
*** HOLE CARDS ***
Pon4uk.ua: folds 
shootingGRID: folds 
Ariel_Amestica: folds 
MaRKiToScoK: folds 
Xenicide: raises $2.50 to $3.50
7bekon7: calls $2.50
*** FLOP *** [Ah 3h Ks]
Xenicide: checks 
7bekon7: checks 
*** TURN *** [Ah 3h Ks] [Qh]
Xenicide: checks 
7bekon7: checks 
*** RIVER *** [Ah 3h Ks Qh] [Jc]
Xenicide: checks 
7bekon7: bets $3.33
Xenicide: folds 
Uncalled bet ($3.33) returned to 7bekon7
7bekon7 collected $6.65 from pot
7bekon7: doesn't show hand 
*** SUMMARY ***
Total pot $7 | Rake $0.35 
Board [Ah 3h Ks Qh Jc]
Seat 1: Ariel_Amestica folded before Flop (didn't bet)
Seat 2: MaRKiToScoK (button) folded before Flop (didn't bet)
Seat 3: Xenicide (small blind) folded on the River
Seat 4: 7bekon7 (big blind) collected ($6.65)
Seat 5: Pon4uk.ua folded before Flop (didn't bet)
Seat 6: shootingGRID folded before Flop (didn't bet)



PokerStars Hand #254511325606:  Hold'em No Limit ($0.50/$1.00 USD) - 2025/01/23 6:22:57 WET [2025/01/23 1:22:57 ET]
Table 'Mundleria II' 6-max Seat #3 is the button
Seat 5: Pon4uk.ua ($124.99 in chips) is sitting out
Seat 1: Ariel_Amestica ($49.09 in chips) 
Seat 2: MaRKiToScoK ($105.05 in chips) 
Seat 3: Xenicide ($100 in chips) 
Seat 4: 7bekon7 ($233.63 in chips) 
Seat 6: shootingGRID ($114.33 in chips) 
7bekon7: posts small blind $0.50
shootingGRID: posts big blind $1
*** HOLE CARDS ***
Pon4uk.ua leaves the table
Ariel_Amestica: folds 
MaRKiToScoK: raises $1.25 to $2.25
Xenicide: folds 
7bekon7: folds 
shootingGRID: folds 
Uncalled bet ($1.25) returned to MaRKiToScoK
MaRKiToScoK collected $2.50 from pot
*** SUMMARY ***
Total pot $2.50 | Rake $0 
Seat 5: Pon4uk.ua
Seat 1: Ariel_Amestica folded before Flop (didn't bet)
Seat 2: MaRKiToScoK collected ($2.50)
Seat 3: Xenicide (button) folded before Flop (didn't bet)
Seat 4: 7bekon7 (small blind) folded before Flop
Seat 6: shootingGRID (big blind) folded before Flop



PokerStars Hand #254511326571:  Hold'em No Limit ($0.50/$1.00 USD) - 2025/01/23 6:23:10 WET [2025/01/23 1:23:10 ET]
Table 'Mundleria II' 6-max Seat #4 is the button
Seat 1: Ariel_Amestica ($49.09 in chips) 
Seat 2: MaRKiToScoK ($106.55 in chips) 
Seat 3: Xenicide ($100 in chips) 
Seat 4: 7bekon7 ($233.13 in chips) 
Seat 6: shootingGRID ($113.33 in chips) 
shootingGRID: posts small blind $0.50
Ariel_Amestica: posts big blind $1
*** HOLE CARDS ***
MaRKiToScoK: raises $1 to $2
jeffy27dt1 joins the table at seat #5 
Xenicide: folds 
7bekon7: folds 
shootingGRID: folds 
Ariel_Amestica: folds 
Uncalled bet ($1) returned to MaRKiToScoK
MaRKiToScoK collected $2.50 from pot
*** SUMMARY ***
Total pot $2.50 | Rake $0 
Seat 1: Ariel_Amestica (big blind) folded before Flop
Seat 2: MaRKiToScoK collected ($2.50)
Seat 3: Xenicide folded before Flop (didn't bet)
Seat 4: 7bekon7 (button) folded before Flop (didn't bet)
Seat 6: shootingGRID (small blind) folded before Flop



PokerStars Hand #254511327929:  Hold'em No Limit ($0.50/$1.00 USD) - 2025/01/23 6:23:28 WET [2025/01/23 1:23:28 ET]
Table 'Mundleria II' 6-max Seat #6 is the button
Seat 5: jeffy27dt1 ($100 in chips) is sitting out
Seat 1: Ariel_Amestica ($48.09 in chips) 
Seat 2: MaRKiToScoK ($108.05 in chips) 
Seat 3: Xenicide ($100 in chips) 
Seat 4: 7bekon7 ($233.13 in chips) 
Seat 6: shootingGRID ($112.83 in chips) 
Ariel_Amestica: posts small blind $0.50
MaRKiToScoK: posts big blind $1
jeffy27dt1: sits out 
*** HOLE CARDS ***
Xenicide: folds 
7bekon7: raises $1.25 to $2.25
shootingGRID: folds 
Ariel_Amestica: folds 
MaRKiToScoK: folds 
Uncalled bet ($1.25) returned to 7bekon7
7bekon7 collected $2.50 from pot
7bekon7: doesn't show hand 
*** SUMMARY ***
Total pot $2.50 | Rake $0 
Seat 5: jeffy27dt1
Seat 1: Ariel_Amestica (small blind) folded before Flop
Seat 2: MaRKiToScoK (big blind) folded before Flop
Seat 3: Xenicide folded before Flop (didn't bet)
Seat 4: 7bekon7 collected ($2.50)
Seat 6: shootingGRID (button) folded before Flop (didn't bet)



PokerStars Hand #254511329556:  Hold'em No Limit ($0.50/$1.00 USD) - 2025/01/23 6:23:51 WET [2025/01/23 1:23:51 ET]
Table 'Mundleria II' 6-max Seat #1 is the button
Seat 5: jeffy27dt1 ($100 in chips) is sitting out
Seat 1: Ariel_Amestica ($47.59 in chips) 
Seat 2: MaRKiToScoK ($107.05 in chips) 
Seat 3: Xenicide ($100 in chips) 
Seat 4: 7bekon7 ($234.63 in chips) 
Seat 6: shootingGRID ($112.83 in chips) 
MaRKiToScoK: posts small blind $0.50
Xenicide: posts big blind $1
jeffy27dt1: sits out 
*** HOLE CARDS ***
7bekon7: raises $1.25 to $2.25
shootingGRID: calls $2.25
Ariel_Amestica: folds 
MaRKiToScoK: folds 
Xenicide: folds 
*** FLOP *** [Ts 5d 4s]
7bekon7: checks 
shootingGRID: bets $2.85
7bekon7: calls $2.85
*** TURN *** [Ts 5d 4s] [Kh]
7bekon7: checks 
shootingGRID: checks 
*** RIVER *** [Ts 5d 4s Kh] [6c]
7bekon7: checks 
shootingGRID: checks 
*** SHOW DOWN ***
7bekon7: shows [7s 7h] (a pair of Sevens)
shootingGRID: shows [7c 7d] (a pair of Sevens)
7bekon7 collected $5.56 from pot
shootingGRID collected $5.56 from pot
*** SUMMARY ***
Total pot $11.70 | Rake $0.58 
Board [Ts 5d 4s Kh 6c]
Seat 5: jeffy27dt1
Seat 1: Ariel_Amestica (button) folded before Flop (didn't bet)
Seat 2: MaRKiToScoK (small blind) folded before Flop
Seat 3: Xenicide (big blind) folded before Flop
Seat 4: 7bekon7 showed [7s 7h] and won ($5.56) with a pair of Sevens
Seat 6: shootingGRID showed [7c 7d] and won ($5.56) with a pair of Sevens



PokerStars Hand #254511334718:  Hold'em No Limit ($0.50/$1.00 USD) - 2025/01/23 6:25:02 WET [2025/01/23 1:25:02 ET]
Table 'Mundleria II' 6-max Seat #2 is the button
Seat 5: jeffy27dt1 ($100 in chips) is sitting out
Seat 1: Ariel_Amestica ($47.59 in chips) 
Seat 2: MaRKiToScoK ($106.55 in chips) 
Seat 3: Xenicide ($100 in chips) 
Seat 4: 7bekon7 ($235.09 in chips) 
Seat 6: shootingGRID ($113.29 in chips) 
Xenicide: posts small blind $0.50
7bekon7: posts big blind $1
jeffy27dt1: sits out 
*** HOLE CARDS ***
shootingGRID: folds 
Ariel_Amestica: folds 
MaRKiToScoK: folds 
Xenicide: folds 
Uncalled bet ($0.50) returned to 7bekon7
7bekon7 collected $1 from pot
7bekon7: doesn't show hand 
*** SUMMARY ***
Total pot $1 | Rake $0 
Seat 5: jeffy27dt1
Seat 1: Ariel_Amestica folded before Flop (didn't bet)
Seat 2: MaRKiToScoK (button) folded before Flop (didn't bet)
Seat 3: Xenicide (small blind) folded before Flop
Seat 4: 7bekon7 (big blind) collected ($1)
Seat 6: shootingGRID folded before Flop (didn't bet)



PokerStars Hand #254511335718:  Hold'em No Limit ($0.50/$1.00 USD) - 2025/01/23 6:25:17 WET [2025/01/23 1:25:17 ET]
Table 'Mundleria II' 6-max Seat #3 is the button
Seat 1: Ariel_Amestica ($47.59 in chips) 
Seat 2: MaRKiToScoK ($106.55 in chips) 
Seat 3: Xenicide ($100 in chips) 
Seat 4: 7bekon7 ($235.59 in chips) 
Seat 5: jeffy27dt1 ($100 in chips) 
Seat 6: shootingGRID ($113.29 in chips) 
7bekon7: posts small blind $0.50
jeffy27dt1: posts big blind $1
*** HOLE CARDS ***
shootingGRID: folds 
Ariel_Amestica: folds 
MaRKiToScoK: folds 
Xenicide: folds 
7bekon7: raises $2 to $3
jeffy27dt1: folds 
Uncalled bet ($2) returned to 7bekon7
7bekon7 collected $2 from pot
7bekon7: doesn't show hand 
*** SUMMARY ***
Total pot $2 | Rake $0 
Seat 1: Ariel_Amestica folded before Flop (didn't bet)
Seat 2: MaRKiToScoK folded before Flop (didn't bet)
Seat 3: Xenicide (button) folded before Flop (didn't bet)
Seat 4: 7bekon7 (small blind) collected ($2)
Seat 5: jeffy27dt1 (big blind) folded before Flop
Seat 6: shootingGRID folded before Flop (didn't bet)



PokerStars Hand #254511337581:  Hold'em No Limit ($0.50/$1.00 USD) - 2025/01/23 6:25:42 WET [2025/01/23 1:25:42 ET]
Table 'Mundleria II' 6-max Seat #4 is the button
Seat 1: Ariel_Amestica ($47.59 in chips) 
Seat 2: MaRKiToScoK ($106.55 in chips) 
Seat 3: Xenicide ($100 in chips) 
Seat 4: 7bekon7 ($236.59 in chips) 
Seat 5: jeffy27dt1 ($100 in chips) 
Seat 6: shootingGRID ($113.29 in chips) 
jeffy27dt1: posts small blind $0.50
shootingGRID: posts big blind $1
*** HOLE CARDS ***
Ariel_Amestica: folds 
MaRKiToScoK: folds 
Xenicide: folds 
7bekon7: folds 
jeffy27dt1: folds 
Uncalled bet ($0.50) returned to shootingGRID
shootingGRID collected $1 from pot
*** SUMMARY ***
Total pot $1 | Rake $0 
Seat 1: Ariel_Amestica folded before Flop (didn't bet)
Seat 2: MaRKiToScoK folded before Flop (didn't bet)
Seat 3: Xenicide folded before Flop (didn't bet)
Seat 4: 7bekon7 (button) folded before Flop (didn't bet)
Seat 5: jeffy27dt1 (small blind) folded before Flop
Seat 6: shootingGRID (big blind) collected ($1)



PokerStars Hand #254511338913:  Hold'em No Limit ($0.50/$1.00 USD) - 2025/01/23 6:26:00 WET [2025/01/23 1:26:00 ET]
Table 'Mundleria II' 6-max Seat #5 is the button
Seat 1: Ariel_Amestica ($47.59 in chips) 
Seat 2: MaRKiToScoK ($106.55 in chips) 
Seat 3: Xenicide ($100 in chips) 
Seat 4: 7bekon7 ($236.59 in chips) 
Seat 5: jeffy27dt1 ($100 in chips) 
Seat 6: shootingGRID ($113.79 in chips) 
shootingGRID: posts small blind $0.50
Ariel_Amestica: posts big blind $1
*** HOLE CARDS ***
MaRKiToScoK: raises $1.50 to $2.50
Xenicide: folds 
7bekon7: raises $6.50 to $9
jeffy27dt1: raises $9 to $18
shootingGRID: folds 
Ariel_Amestica: folds 
MaRKiToScoK: raises $88.55 to $106.55 and is all-in
7bekon7: folds 
jeffy27dt1: folds 
Uncalled bet ($88.55) returned to MaRKiToScoK
MaRKiToScoK collected $46.50 from pot
MaRKiToScoK: doesn't show hand 
*** SUMMARY ***
Total pot $46.50 | Rake $0 
Seat 1: Ariel_Amestica (big blind) folded before Flop
Seat 2: MaRKiToScoK collected ($46.50)
Seat 3: Xenicide folded before Flop (didn't bet)
Seat 4: 7bekon7 folded before Flop
Seat 5: jeffy27dt1 (button) folded before Flop
Seat 6: shootingGRID (small blind) folded before Flop



PokerStars Hand #254511341891:  Hold'em No Limit ($0.50/$1.00 USD) - 2025/01/23 6:26:41 WET [2025/01/23 1:26:41 ET]
Table 'Mundleria II' 6-max Seat #6 is the button
Seat 1: Ariel_Amestica ($46.59 in chips) 
Seat 2: MaRKiToScoK ($135.05 in chips) 
Seat 3: Xenicide ($100 in chips) 
Seat 4: 7bekon7 ($227.59 in chips) 
Seat 5: jeffy27dt1 ($100 in chips) 
Seat 6: shootingGRID ($113.29 in chips) 
Ariel_Amestica: posts small blind $0.50
MaRKiToScoK: posts big blind $1
*** HOLE CARDS ***
Xenicide: folds 
7bekon7: folds 
jeffy27dt1: raises $1.50 to $2.50
shootingGRID: folds 
Ariel_Amestica: calls $2
MaRKiToScoK: folds 
*** FLOP *** [3s 4s 5c]
Ariel_Amestica: checks 
jeffy27dt1: checks 
*** TURN *** [3s 4s 5c] [3c]
Ariel_Amestica: checks 
jeffy27dt1: checks 
*** RIVER *** [3s 4s 5c 3c] [Ks]
Ariel_Amestica: checks 
jeffy27dt1: checks 
*** SHOW DOWN ***
Ariel_Amestica: shows [Tc As] (a pair of Threes)
jeffy27dt1: mucks hand 
Ariel_Amestica collected $5.70 from pot
*** SUMMARY ***
Total pot $6 | Rake $0.30 
Board [3s 4s 5c 3c Ks]
Seat 1: Ariel_Amestica (small blind) showed [Tc As] and won ($5.70) with a pair of Threes
Seat 2: MaRKiToScoK (big blind) folded before Flop
Seat 3: Xenicide folded before Flop (didn't bet)
Seat 4: 7bekon7 folded before Flop (didn't bet)
Seat 5: jeffy27dt1 mucked
Seat 6: shootingGRID (button) folded before Flop (didn't bet)



PokerStars Hand #254511345749:  Hold'em No Limit ($0.50/$1.00 USD) - 2025/01/23 6:27:33 WET [2025/01/23 1:27:33 ET]
Table 'Mundleria II' 6-max Seat #1 is the button
Seat 1: Ariel_Amestica ($49.79 in chips) 
Seat 2: MaRKiToScoK ($134.05 in chips) 
Seat 3: Xenicide ($100 in chips) 
Seat 4: 7bekon7 ($227.59 in chips) 
Seat 5: jeffy27dt1 ($100 in chips) 
Seat 6: shootingGRID ($113.29 in chips) 
MaRKiToScoK: posts small blind $0.50
Xenicide: posts big blind $1
*** HOLE CARDS ***
7bekon7: folds 
jeffy27dt1: raises $1.50 to $2.50
shootingGRID: folds 
Ariel_Amestica: folds 
MaRKiToScoK: folds 
Xenicide: folds 
Uncalled bet ($1.50) returned to jeffy27dt1
jeffy27dt1 collected $2.50 from pot
jeffy27dt1: doesn't show hand 
*** SUMMARY ***
Total pot $2.50 | Rake $0 
Seat 1: Ariel_Amestica (button) folded before Flop (didn't bet)
Seat 2: MaRKiToScoK (small blind) folded before Flop
Seat 3: Xenicide (big blind) folded before Flop
Seat 4: 7bekon7 folded before Flop (didn't bet)
Seat 5: jeffy27dt1 collected ($2.50)
Seat 6: shootingGRID folded before Flop (didn't bet)



PokerStars Hand #254511347005:  Hold'em No Limit ($0.50/$1.00 USD) - 2025/01/23 6:27:50 WET [2025/01/23 1:27:50 ET]
Table 'Mundleria II' 6-max Seat #2 is the button
Seat 4: 7bekon7 ($227.59 in chips) is sitting out
Seat 1: Ariel_Amestica ($49.79 in chips) 
Seat 2: MaRKiToScoK ($133.55 in chips) 
Seat 3: Xenicide ($100 in chips) 
Seat 5: jeffy27dt1 ($101.50 in chips) 
Seat 6: shootingGRID ($113.29 in chips) 
Xenicide: posts small blind $0.50
7bekon7: is sitting out 
jeffy27dt1: posts big blind $1
*** HOLE CARDS ***
shootingGRID: raises $1.25 to $2.25
7bekon7 leaves the table
Ariel_Amestica: calls $2.25
MaRKiToScoK: calls $2.25
Xenicide: folds 
jeffy27dt1: folds 
*** FLOP *** [Ad Js Kh]
shootingGRID: bets $1
Ariel_Amestica: raises $2 to $3
MaRKiToScoK: folds 
shootingGRID: raises $9.13 to $12.13
Ariel_Amestica: raises $9.13 to $21.26
shootingGRID: calls $9.13
*** TURN *** [Ad Js Kh] [3s]
shootingGRID: checks 
Ariel_Amestica: bets $26.28 and is all-in
shootingGRID: calls $26.28
*** RIVER *** [Ad Js Kh 3s] [5s]
*** SHOW DOWN ***
shootingGRID: shows [Ah Jc] (two pair, Aces and Jacks)
Ariel_Amestica: shows [As Kc] (two pair, Aces and Kings)
Ariel_Amestica collected $100.83 from pot
*** SUMMARY ***
Total pot $103.33 | Rake $2.50 
Board [Ad Js Kh 3s 5s]
Seat 4: 7bekon7
Seat 1: Ariel_Amestica showed [As Kc] and won ($100.83) with two pair, Aces and Kings
Seat 2: MaRKiToScoK (button) folded on the Flop
Seat 3: Xenicide (small blind) folded before Flop
Seat 5: jeffy27dt1 (big blind) folded before Flop
Seat 6: shootingGRID showed [Ah Jc] and lost with two pair, Aces and Jacks



PokerStars Hand #254511350927:  Hold'em No Limit ($0.50/$1.00 USD) - 2025/01/23 6:28:44 WET [2025/01/23 1:28:44 ET]
Table 'Mundleria II' 6-max Seat #3 is the button
Seat 1: Ariel_Amestica ($100.83 in chips) 
Seat 2: MaRKiToScoK ($131.30 in chips) 
Seat 3: Xenicide ($100 in chips) 
Seat 5: jeffy27dt1 ($100.50 in chips) 
Seat 6: shootingGRID ($100 in chips) 
jeffy27dt1: posts small blind $0.50
shootingGRID: posts big blind $1
*** HOLE CARDS ***
Nosebleed4rollz joins the table at seat #4 
Ariel_Amestica: folds 
MaRKiToScoK: raises $1.25 to $2.25
Nosebleed4rollz leaves the table
Xenicide: calls $2.25
jeffy27dt1: folds 
shootingGRID: folds 
*** FLOP *** [4s 2h 9h]
MaRKiToScoK: checks 
Xenicide: bets $1.77
MaRKiToScoK: calls $1.77
*** TURN *** [4s 2h 9h] [9d]
MaRKiToScoK: bets $2.99
Xenicide: raises $8.27 to $11.26
MaRKiToScoK: calls $8.27
*** RIVER *** [4s 2h 9h 9d] [Ts]
MaRKiToScoK: checks 
Xenicide: bets $16.75
MaRKiToScoK has timed out
MaRKiToScoK: folds 
Uncalled bet ($16.75) returned to Xenicide
Xenicide collected $30.46 from pot
Xenicide: shows [Jd]
*** SUMMARY ***
Total pot $32.06 | Rake $1.60 
Board [4s 2h 9h 9d Ts]
Seat 1: Ariel_Amestica folded before Flop (didn't bet)
Seat 2: MaRKiToScoK folded on the River
Seat 3: Xenicide (button) collected ($30.46)
Seat 5: jeffy27dt1 (small blind) folded before Flop
Seat 6: shootingGRID (big blind) folded before Flop



PokerStars Hand #254511359253:  Hold'em No Limit ($0.50/$1.00 USD) - 2025/01/23 6:30:38 WET [2025/01/23 1:30:38 ET]
Table 'Mundleria II' 6-max Seat #5 is the button
Seat 1: Ariel_Amestica ($100.83 in chips) 
Seat 2: MaRKiToScoK ($116.02 in chips) 
Seat 3: Xenicide ($115.18 in chips) 
Seat 5: jeffy27dt1 ($100 in chips) 
Seat 6: shootingGRID ($100 in chips) 
shootingGRID: posts small blind $0.50
Ariel_Amestica: posts big blind $1
*** HOLE CARDS ***
MaRKiToScoK: raises $1 to $2
Xenicide: folds 
jeffy27dt1: folds 
shootingGRID: calls $1.50
Ariel_Amestica: calls $1
*** FLOP *** [4h 7s 6h]
shootingGRID: checks 
Ariel_Amestica: checks 
MaRKiToScoK: checks 
*** TURN *** [4h 7s 6h] [9s]
shootingGRID: bets $3.76
Ariel_Amestica: folds 
MaRKiToScoK: calls $3.76
*** RIVER *** [4h 7s 6h 9s] [4d]
shootingGRID: checks 
peak joker33 joins the table at seat #4 
MaRKiToScoK: bets $12.84
shootingGRID: folds 
Uncalled bet ($12.84) returned to MaRKiToScoK
MaRKiToScoK collected $12.84 from pot
*** SUMMARY ***
Total pot $13.52 | Rake $0.68 
Board [4h 7s 6h 9s 4d]
Seat 1: Ariel_Amestica (big blind) folded on the Turn
Seat 2: MaRKiToScoK collected ($12.84)
Seat 3: Xenicide folded before Flop (didn't bet)
Seat 5: jeffy27dt1 (button) folded before Flop (didn't bet)
Seat 6: shootingGRID (small blind) folded on the River



PokerStars Hand #254511366545:  Hold'em No Limit ($0.50/$1.00 USD) - 2025/01/23 6:32:21 WET [2025/01/23 1:32:21 ET]
Table 'Mundleria II' 6-max Seat #6 is the button
Seat 4: peak joker33 ($100 in chips) is sitting out
Seat 1: Ariel_Amestica ($98.83 in chips) 
Seat 2: MaRKiToScoK ($123.10 in chips) 
Seat 3: Xenicide ($115.18 in chips) 
Seat 5: jeffy27dt1 ($100 in chips) 
Seat 6: shootingGRID ($100 in chips) 
Ariel_Amestica: posts small blind $0.50
MaRKiToScoK: posts big blind $1
peak joker33: sits out 
*** HOLE CARDS ***
Xenicide: raises $1 to $2
jeffy27dt1: folds 
shootingGRID: folds 
Ariel_Amestica: folds 
MaRKiToScoK: calls $1
*** FLOP *** [5d 5c Ad]
MaRKiToScoK: checks 
Xenicide: bets $1.07
MaRKiToScoK: calls $1.07
*** TURN *** [5d 5c Ad] [8c]
MaRKiToScoK: checks 
Xenicide: checks 
*** RIVER *** [5d 5c Ad 8c] [Kc]
MaRKiToScoK: bets $1
Xenicide: folds 
Uncalled bet ($1) returned to MaRKiToScoK
MaRKiToScoK collected $6.31 from pot
MaRKiToScoK: doesn't show hand 
*** SUMMARY ***
Total pot $6.64 | Rake $0.33 
Board [5d 5c Ad 8c Kc]
Seat 4: peak joker33
Seat 1: Ariel_Amestica (small blind) folded before Flop
Seat 2: MaRKiToScoK (big blind) collected ($6.31)
Seat 3: Xenicide folded on the River
Seat 5: jeffy27dt1 folded before Flop (didn't bet)
Seat 6: shootingGRID (button) folded before Flop (didn't bet)



PokerStars Hand #254511371368:  Hold'em No Limit ($0.50/$1.00 USD) - 2025/01/23 6:33:27 WET [2025/01/23 1:33:27 ET]
Table 'Mundleria II' 6-max Seat #1 is the button
Seat 4: peak joker33 ($100 in chips) is sitting out
Seat 1: Ariel_Amestica ($98.33 in chips) 
Seat 2: MaRKiToScoK ($126.34 in chips) 
Seat 3: Xenicide ($112.11 in chips) 
Seat 5: jeffy27dt1 ($100 in chips) 
Seat 6: shootingGRID ($100 in chips) 
MaRKiToScoK: posts small blind $0.50
Xenicide: posts big blind $1
peak joker33: sits out 
*** HOLE CARDS ***
jeffy27dt1: folds 
shootingGRID: folds 
Ariel_Amestica: calls $1
MaRKiToScoK: raises $4 to $5
Xenicide: calls $4
Ariel_Amestica: folds 
*** FLOP *** [Ac Ad 6d]
MaRKiToScoK: bets $3.45
Xenicide: calls $3.45
*** TURN *** [Ac Ad 6d] [2s]
MaRKiToScoK: bets $12.75
Xenicide: folds 
Uncalled bet ($12.75) returned to MaRKiToScoK
MaRKiToScoK collected $17 from pot
*** SUMMARY ***
Total pot $17.90 | Rake $0.90 
Board [Ac Ad 6d 2s]
Seat 4: peak joker33
Seat 1: Ariel_Amestica (button) folded before Flop
Seat 2: MaRKiToScoK (small blind) collected ($17)
Seat 3: Xenicide (big blind) folded on the Turn
Seat 5: jeffy27dt1 folded before Flop (didn't bet)
Seat 6: shootingGRID folded before Flop (didn't bet)



PokerStars Hand #254511376916:  Hold'em No Limit ($0.50/$1.00 USD) - 2025/01/23 6:34:43 WET [2025/01/23 1:34:43 ET]
Table 'Mundleria II' 6-max Seat #2 is the button
Seat 1: Ariel_Amestica ($97.33 in chips) 
Seat 2: MaRKiToScoK ($134.89 in chips) 
Seat 3: Xenicide ($103.66 in chips) 
Seat 4: peak joker33 ($100 in chips) 
Seat 5: jeffy27dt1 ($100 in chips) 
Seat 6: shootingGRID ($100 in chips) 
Xenicide: posts small blind $0.50
peak joker33: posts big blind $1
*** HOLE CARDS ***
jeffy27dt1: raises $1.50 to $2.50
shootingGRID: folds 
Ariel_Amestica: folds 
MaRKiToScoK: folds 
Xenicide: folds 
peak joker33: folds 
Uncalled bet ($1.50) returned to jeffy27dt1
jeffy27dt1 collected $2.50 from pot
jeffy27dt1: doesn't show hand 
*** SUMMARY ***
Total pot $2.50 | Rake $0 
Seat 1: Ariel_Amestica folded before Flop (didn't bet)
Seat 2: MaRKiToScoK (button) folded before Flop (didn't bet)
Seat 3: Xenicide (small blind) folded before Flop
Seat 4: peak joker33 (big blind) folded before Flop
Seat 5: jeffy27dt1 collected ($2.50)
Seat 6: shootingGRID folded before Flop (didn't bet)



PokerStars Hand #254511378587:  Hold'em No Limit ($0.50/$1.00 USD) - 2025/01/23 6:35:06 WET [2025/01/23 1:35:06 ET]
Table 'Mundleria II' 6-max Seat #3 is the button
Seat 1: Ariel_Amestica ($97.33 in chips) 
Seat 2: MaRKiToScoK ($134.89 in chips) 
Seat 3: Xenicide ($103.16 in chips) 
Seat 4: peak joker33 ($100 in chips) 
Seat 5: jeffy27dt1 ($101.50 in chips) 
Seat 6: shootingGRID ($100 in chips) 
peak joker33: posts small blind $0.50
jeffy27dt1: posts big blind $1
*** HOLE CARDS ***
shootingGRID: folds 
Ariel_Amestica: raises $1 to $2
MaRKiToScoK: folds 
Xenicide: folds 
peak joker33: folds 
jeffy27dt1: calls $1
*** FLOP *** [2s 3h Tc]
jeffy27dt1: checks 
Ariel_Amestica: bets $5.28
jeffy27dt1: calls $5.28
*** TURN *** [2s 3h Tc] [Th]
jeffy27dt1: checks 
Ariel_Amestica: bets $15.31
jeffy27dt1: calls $15.31
*** RIVER *** [2s 3h Tc Th] [9h]
jeffy27dt1: bets $21.70
Ariel_Amestica: raises $53.04 to $74.74 and is all-in
jeffy27dt1: folds 
Uncalled bet ($53.04) returned to Ariel_Amestica
Ariel_Amestica collected $86.58 from pot
*** SUMMARY ***
Total pot $89.08 | Rake $2.50 
Board [2s 3h Tc Th 9h]
Seat 1: Ariel_Amestica collected ($86.58)
Seat 2: MaRKiToScoK folded before Flop (didn't bet)
Seat 3: Xenicide (button) folded before Flop (didn't bet)
Seat 4: peak joker33 (small blind) folded before Flop
Seat 5: jeffy27dt1 (big blind) folded on the River
Seat 6: shootingGRID folded before Flop (didn't bet)



PokerStars Hand #254511386758:  Hold'em No Limit ($0.50/$1.00 USD) - 2025/01/23 6:37:01 WET [2025/01/23 1:37:01 ET]
Table 'Mundleria II' 6-max Seat #4 is the button
Seat 1: Ariel_Amestica ($139.62 in chips) 
Seat 2: MaRKiToScoK ($134.89 in chips) 
Seat 3: Xenicide ($103.16 in chips) 
Seat 4: peak joker33 ($100 in chips) 
Seat 5: jeffy27dt1 ($100 in chips) 
Seat 6: shootingGRID ($100 in chips) 
jeffy27dt1: posts small blind $0.50
shootingGRID: posts big blind $1
*** HOLE CARDS ***
Ariel_Amestica: folds 
MaRKiToScoK: folds 
Xenicide: folds 
peak joker33: folds 
jeffy27dt1: folds 
Uncalled bet ($0.50) returned to shootingGRID
shootingGRID collected $1 from pot
*** SUMMARY ***
Total pot $1 | Rake $0 
Seat 1: Ariel_Amestica folded before Flop (didn't bet)
Seat 2: MaRKiToScoK folded before Flop (didn't bet)
Seat 3: Xenicide folded before Flop (didn't bet)
Seat 4: peak joker33 (button) folded before Flop (didn't bet)
Seat 5: jeffy27dt1 (small blind) folded before Flop
Seat 6: shootingGRID (big blind) collected ($1)



