PokerStars Hand #254512273545:  Hold'em No Limit ($0.50/$1.00 USD) - 2025/01/23 9:47:52 WET [2025/01/23 4:47:52 ET]
Table 'Praxidike IV' 6-max Seat #4 is the button
Seat 1: jeffy27dt1 ($112.13 in chips) 
Seat 2: v.sting ($100 in chips) 
Seat 3: davemg33 ($63.20 in chips) 
Seat 4: Pacifistas ($100 in chips) 
Seat 5: VahTang_89 ($100 in chips) 
Seat 6: ARCTlCkiss ($100 in chips) 
VahTang_89: posts small blind $0.50
ARCTlCkiss: posts big blind $1
*** HOLE CARDS ***
jeffy27dt1: raises $1.50 to $2.50
v.sting: folds 
davemg33: calls $2.50
Pacifistas: raises $8.50 to $11
VahTang_89: folds 
ARCTlCkiss: folds 
jeffy27dt1: folds 
davemg33: calls $8.50
*** FLOP *** [2d Qh Qs]
davemg33: checks 
Pacifistas: bets $16.30
davemg33: folds 
Uncalled bet ($16.30) returned to Pacifistas
Pacifistas collected $24.70 from pot
Pacifistas: doesn't show hand 
*** SUMMARY ***
Total pot $26 | Rake $1.30 
Board [2d Qh Qs]
Seat 1: jeffy27dt1 folded before Flop
Seat 2: v.sting folded before Flop (didn't bet)
Seat 3: davemg33 folded on the Flop
Seat 4: Pacifistas (button) collected ($24.70)
Seat 5: VahTang_89 (small blind) folded before Flop
Seat 6: ARCTlCkiss (big blind) folded before Flop



PokerStars Hand #254512277173:  Hold'em No Limit ($0.50/$1.00 USD) - 2025/01/23 9:48:30 WET [2025/01/23 4:48:30 ET]
Table 'Praxidike IV' 6-max Seat #5 is the button
Seat 1: jeffy27dt1 ($109.63 in chips) 
Seat 2: v.sting ($100 in chips) 
Seat 3: davemg33 ($52.20 in chips) 
Seat 4: Pacifistas ($113.70 in chips) 
Seat 5: VahTang_89 ($100 in chips) 
Seat 6: ARCTlCkiss ($100 in chips) 
ARCTlCkiss: posts small blind $0.50
jeffy27dt1: posts big blind $1
*** HOLE CARDS ***
v.sting: folds 
davemg33: calls $1
Pacifistas: raises $3.50 to $4.50
VahTang_89: folds 
ARCTlCkiss: folds 
jeffy27dt1: folds 
davemg33: calls $3.50
*** FLOP *** [Qs Ks Jc]
davemg33: checks 
Pacifistas: checks 
*** TURN *** [Qs Ks Jc] [6d]
davemg33: checks 
Pacifistas: bets $6.59
davemg33: calls $6.59
*** RIVER *** [Qs Ks Jc 6d] [7s]
davemg33: bets $11.25
Pacifistas: calls $11.25
*** SHOW DOWN ***
davemg33: shows [Td 4s] (high card King)
Pacifistas: shows [7h Kh] (two pair, Kings and Sevens)
Pacifistas collected $43.87 from pot
*** SUMMARY ***
Total pot $46.18 | Rake $2.31 
Board [Qs Ks Jc 6d 7s]
Seat 1: jeffy27dt1 (big blind) folded before Flop
Seat 2: v.sting folded before Flop (didn't bet)
Seat 3: davemg33 showed [Td 4s] and lost with high card King
Seat 4: Pacifistas showed [7h Kh] and won ($43.87) with two pair, Kings and Sevens
Seat 5: VahTang_89 (button) folded before Flop (didn't bet)
Seat 6: ARCTlCkiss (small blind) folded before Flop



PokerStars Hand #254512282827:  Hold'em No Limit ($0.50/$1.00 USD) - 2025/01/23 9:49:28 WET [2025/01/23 4:49:28 ET]
Table 'Praxidike IV' 6-max Seat #6 is the button
Seat 1: jeffy27dt1 ($108.63 in chips) 
Seat 2: v.sting ($100 in chips) 
Seat 3: davemg33 ($29.86 in chips) 
Seat 4: Pacifistas ($135.23 in chips) 
Seat 5: VahTang_89 ($100 in chips) 
Seat 6: ARCTlCkiss ($100 in chips) 
jeffy27dt1: posts small blind $0.50
v.sting: posts big blind $1
*** HOLE CARDS ***
davemg33: calls $1
Pacifistas: folds 
VahTang_89: folds 
ARCTlCkiss: folds 
jeffy27dt1: raises $4 to $5
v.sting: folds 
davemg33: calls $4
*** FLOP *** [Qs 2c 2s]
jeffy27dt1: checks 
davemg33: checks 
*** TURN *** [Qs 2c 2s] [Qh]
jeffy27dt1: checks 
davemg33: checks 
*** RIVER *** [Qs 2c 2s Qh] [7d]
jeffy27dt1: checks 
davemg33: bets $10.45
jeffy27dt1: calls $10.45
*** SHOW DOWN ***
davemg33: shows [6h 7s] (two pair, Queens and Sevens)
jeffy27dt1: mucks hand 
davemg33 collected $30.30 from pot
*** SUMMARY ***
Total pot $31.90 | Rake $1.60 
Board [Qs 2c 2s Qh 7d]
Seat 1: jeffy27dt1 (small blind) mucked
Seat 2: v.sting (big blind) folded before Flop
Seat 3: davemg33 showed [6h 7s] and won ($30.30) with two pair, Queens and Sevens
Seat 4: Pacifistas folded before Flop (didn't bet)
Seat 5: VahTang_89 folded before Flop (didn't bet)
Seat 6: ARCTlCkiss (button) folded before Flop (didn't bet)



PokerStars Hand #254512290786:  Hold'em No Limit ($0.50/$1.00 USD) - 2025/01/23 9:50:50 WET [2025/01/23 4:50:50 ET]
Table 'Praxidike IV' 6-max Seat #1 is the button
Seat 1: jeffy27dt1 ($100 in chips) 
Seat 2: v.sting ($100 in chips) 
Seat 3: davemg33 ($44.71 in chips) 
Seat 4: Pacifistas ($135.23 in chips) 
Seat 5: VahTang_89 ($100 in chips) 
Seat 6: ARCTlCkiss ($100 in chips) 
v.sting: posts small blind $0.50
davemg33: posts big blind $1
*** HOLE CARDS ***
Pacifistas: folds 
VahTang_89: folds 
ARCTlCkiss: raises $1.53 to $2.53
jeffy27dt1: folds 
v.sting: folds 
davemg33: calls $1.53
*** FLOP *** [Kd 4d 2d]
davemg33: checks 
ARCTlCkiss: bets $1.48
davemg33: folds 
Uncalled bet ($1.48) returned to ARCTlCkiss
ARCTlCkiss collected $5.28 from pot
ARCTlCkiss: doesn't show hand 
*** SUMMARY ***
Total pot $5.56 | Rake $0.28 
Board [Kd 4d 2d]
Seat 1: jeffy27dt1 (button) folded before Flop (didn't bet)
Seat 2: v.sting (small blind) folded before Flop
Seat 3: davemg33 (big blind) folded on the Flop
Seat 4: Pacifistas folded before Flop (didn't bet)
Seat 5: VahTang_89 folded before Flop (didn't bet)
Seat 6: ARCTlCkiss collected ($5.28)



PokerStars Hand #254512293800:  Hold'em No Limit ($0.50/$1.00 USD) - 2025/01/23 9:51:20 WET [2025/01/23 4:51:20 ET]
Table 'Praxidike IV' 6-max Seat #2 is the button
Seat 1: jeffy27dt1 ($100 in chips) 
Seat 2: v.sting ($100 in chips) 
Seat 3: davemg33 ($42.18 in chips) 
Seat 4: Pacifistas ($135.23 in chips) 
Seat 5: VahTang_89 ($100 in chips) 
Seat 6: ARCTlCkiss ($102.75 in chips) 
davemg33: posts small blind $0.50
Pacifistas: posts big blind $1
*** HOLE CARDS ***
VahTang_89: raises $1.20 to $2.20
ARCTlCkiss: folds 
jeffy27dt1: folds 
v.sting: calls $2.20
davemg33: calls $1.70
Pacifistas: folds 
*** FLOP *** [6c Qc As]
davemg33: checks 
VahTang_89: checks 
v.sting: bets $1.80
davemg33: calls $1.80
VahTang_89: folds 
*** TURN *** [6c Qc As] [7c]
davemg33: checks 
v.sting: bets $7.98
davemg33: calls $7.98
*** RIVER *** [6c Qc As 7c] [7s]
davemg33: bets $25.80
v.sting: calls $25.80
*** SHOW DOWN ***
davemg33: shows [2c 7d] (three of a kind, Sevens)
v.sting: mucks hand 
davemg33 collected $76.26 from pot
*** SUMMARY ***
Total pot $78.76 | Rake $2.50 
Board [6c Qc As 7c 7s]
Seat 1: jeffy27dt1 folded before Flop (didn't bet)
Seat 2: v.sting (button) mucked
Seat 3: davemg33 (small blind) showed [2c 7d] and won ($76.26) with three of a kind, Sevens
Seat 4: Pacifistas (big blind) folded before Flop
Seat 5: VahTang_89 folded on the Flop
Seat 6: ARCTlCkiss folded before Flop (didn't bet)



PokerStars Hand #254512302427:  Hold'em No Limit ($0.50/$1.00 USD) - 2025/01/23 9:52:47 WET [2025/01/23 4:52:47 ET]
Table 'Praxidike IV' 6-max Seat #3 is the button
Seat 1: jeffy27dt1 ($100 in chips) 
Seat 2: v.sting ($100 in chips) 
Seat 3: davemg33 ($80.66 in chips) 
Seat 4: Pacifistas ($134.23 in chips) 
Seat 5: VahTang_89 ($100 in chips) 
Seat 6: ARCTlCkiss ($102.75 in chips) 
Pacifistas: posts small blind $0.50
VahTang_89: posts big blind $1
*** HOLE CARDS ***
ARCTlCkiss: folds 
jeffy27dt1: raises $1.50 to $2.50
v.sting: folds 
davemg33: calls $2.50
Pacifistas: folds 
VahTang_89: folds 
*** FLOP *** [Qs 3s Js]
jeffy27dt1: checks 
davemg33: checks 
*** TURN *** [Qs 3s Js] [Jh]
jeffy27dt1: checks 
davemg33: checks 
*** RIVER *** [Qs 3s Js Jh] [Kh]
jeffy27dt1: checks 
davemg33: checks 
*** SHOW DOWN ***
jeffy27dt1: shows [7c 7s] (two pair, Jacks and Sevens)
davemg33: mucks hand 
jeffy27dt1 collected $6.18 from pot
*** SUMMARY ***
Total pot $6.50 | Rake $0.32 
Board [Qs 3s Js Jh Kh]
Seat 1: jeffy27dt1 showed [7c 7s] and won ($6.18) with two pair, Jacks and Sevens
Seat 2: v.sting folded before Flop (didn't bet)
Seat 3: davemg33 (button) mucked
Seat 4: Pacifistas (small blind) folded before Flop
Seat 5: VahTang_89 (big blind) folded before Flop
Seat 6: ARCTlCkiss folded before Flop (didn't bet)



PokerStars Hand #254512306032:  Hold'em No Limit ($0.50/$1.00 USD) - 2025/01/23 9:53:23 WET [2025/01/23 4:53:23 ET]
Table 'Praxidike IV' 6-max Seat #4 is the button
Seat 1: jeffy27dt1 ($103.68 in chips) 
Seat 2: v.sting ($100 in chips) 
Seat 3: davemg33 ($78.16 in chips) 
Seat 4: Pacifistas ($133.73 in chips) 
Seat 5: VahTang_89 ($100 in chips) 
Seat 6: ARCTlCkiss ($102.75 in chips) 
VahTang_89: posts small blind $0.50
ARCTlCkiss: posts big blind $1
*** HOLE CARDS ***
jeffy27dt1: folds 
v.sting: folds 
davemg33: calls $1
Pacifistas: folds 
VahTang_89: folds 
ARCTlCkiss: checks 
*** FLOP *** [Qs 2s Jd]
ARCTlCkiss: checks 
davemg33: checks 
*** TURN *** [Qs 2s Jd] [Qd]
ARCTlCkiss: bets $1
davemg33: folds 
Uncalled bet ($1) returned to ARCTlCkiss
ARCTlCkiss collected $2.38 from pot
ARCTlCkiss: doesn't show hand 
*** SUMMARY ***
Total pot $2.50 | Rake $0.12 
Board [Qs 2s Jd Qd]
Seat 1: jeffy27dt1 folded before Flop (didn't bet)
Seat 2: v.sting folded before Flop (didn't bet)
Seat 3: davemg33 folded on the Turn
Seat 4: Pacifistas (button) folded before Flop (didn't bet)
Seat 5: VahTang_89 (small blind) folded before Flop
Seat 6: ARCTlCkiss (big blind) collected ($2.38)



PokerStars Hand #254512308353:  Hold'em No Limit ($0.50/$1.00 USD) - 2025/01/23 9:53:46 WET [2025/01/23 4:53:46 ET]
Table 'Praxidike IV' 6-max Seat #5 is the button
Seat 1: jeffy27dt1 ($103.68 in chips) 
Seat 2: v.sting ($100 in chips) 
Seat 3: davemg33 ($77.16 in chips) 
Seat 4: Pacifistas ($133.73 in chips) 
Seat 5: VahTang_89 ($100 in chips) 
Seat 6: ARCTlCkiss ($104.13 in chips) 
ARCTlCkiss: posts small blind $0.50
jeffy27dt1: posts big blind $1
*** HOLE CARDS ***
v.sting: raises $1.50 to $2.50
davemg33: folds 
Pacifistas: folds 
VahTang_89: folds 
ARCTlCkiss: folds 
jeffy27dt1: calls $1.50
*** FLOP *** [6s Kd 9s]
jeffy27dt1: checks 
v.sting: checks 
*** TURN *** [6s Kd 9s] [2c]
jeffy27dt1: bets $6.53
v.sting: calls $6.53
*** RIVER *** [6s Kd 9s 2c] [Ad]
jeffy27dt1: bets $18
v.sting: calls $18
*** SHOW DOWN ***
jeffy27dt1: shows [Js As] (a pair of Aces)
v.sting: mucks hand 
jeffy27dt1 collected $52.06 from pot
*** SUMMARY ***
Total pot $54.56 | Rake $2.50 
Board [6s Kd 9s 2c Ad]
Seat 1: jeffy27dt1 (big blind) showed [Js As] and won ($52.06) with a pair of Aces
Seat 2: v.sting mucked
Seat 3: davemg33 folded before Flop (didn't bet)
Seat 4: Pacifistas folded before Flop (didn't bet)
Seat 5: VahTang_89 (button) folded before Flop (didn't bet)
Seat 6: ARCTlCkiss (small blind) folded before Flop



PokerStars Hand #254512317786:  Hold'em No Limit ($0.50/$1.00 USD) - 2025/01/23 9:55:23 WET [2025/01/23 4:55:23 ET]
Table 'Praxidike IV' 6-max Seat #6 is the button
Seat 3: davemg33 ($77.16 in chips) is sitting out
Seat 1: jeffy27dt1 ($128.71 in chips) 
Seat 2: v.sting ($100 in chips) 
Seat 4: Pacifistas ($133.73 in chips) 
Seat 5: VahTang_89 ($100 in chips) 
Seat 6: ARCTlCkiss ($103.63 in chips) 
jeffy27dt1: posts small blind $0.50
v.sting: posts big blind $1
*** HOLE CARDS ***
Pacifistas: folds 
VahTang_89: folds 
ARCTlCkiss: folds 
jeffy27dt1: folds 
Uncalled bet ($0.50) returned to v.sting
v.sting collected $1 from pot
v.sting: doesn't show hand 
*** SUMMARY ***
Total pot $1 | Rake $0 
Seat 3: davemg33
Seat 1: jeffy27dt1 (small blind) folded before Flop
Seat 2: v.sting (big blind) collected ($1)
Seat 4: Pacifistas folded before Flop (didn't bet)
Seat 5: VahTang_89 folded before Flop (didn't bet)
Seat 6: ARCTlCkiss (button) folded before Flop (didn't bet)



PokerStars Hand #254512318507:  Hold'em No Limit ($0.50/$1.00 USD) - 2025/01/23 9:55:32 WET [2025/01/23 4:55:32 ET]
Table 'Praxidike IV' 6-max Seat #1 is the button
Seat 3: davemg33 ($77.16 in chips) is sitting out
Seat 4: Pacifistas ($133.73 in chips) is sitting out
Seat 1: jeffy27dt1 ($128.21 in chips) 
Seat 2: v.sting ($100.50 in chips) 
Seat 5: VahTang_89 ($100 in chips) 
Seat 6: ARCTlCkiss ($103.63 in chips) 
v.sting: posts small blind $0.50
Pacifistas: is sitting out 
VahTang_89: posts big blind $1
*** HOLE CARDS ***
ARCTlCkiss: folds 
jeffy27dt1: raises $1.50 to $2.50
v.sting: folds 
VahTang_89: calls $1.50
*** FLOP *** [2c Kd 3h]
VahTang_89: checks 
jeffy27dt1: checks 
*** TURN *** [2c Kd 3h] [Qs]
VahTang_89: checks 
Pacifistas leaves the table
Pippa83 joins the table at seat #4 
jeffy27dt1: bets $3.92
VahTang_89: folds 
Uncalled bet ($3.92) returned to jeffy27dt1
jeffy27dt1 collected $5.22 from pot
jeffy27dt1: doesn't show hand 
*** SUMMARY ***
Total pot $5.50 | Rake $0.28 
Board [2c Kd 3h Qs]
Seat 3: davemg33
Seat 4: Pacifistas
Seat 1: jeffy27dt1 (button) collected ($5.22)
Seat 2: v.sting (small blind) folded before Flop
Seat 5: VahTang_89 (big blind) folded on the Turn
Seat 6: ARCTlCkiss folded before Flop (didn't bet)



PokerStars Hand #254512321914:  Hold'em No Limit ($0.50/$1.00 USD) - 2025/01/23 9:56:14 WET [2025/01/23 4:56:14 ET]
Table 'Praxidike IV' 6-max Seat #2 is the button
Seat 3: davemg33 ($77.16 in chips) is sitting out
Seat 4: Pippa83 ($100 in chips) is sitting out
Seat 1: jeffy27dt1 ($130.93 in chips) 
Seat 2: v.sting ($100 in chips) 
Seat 5: VahTang_89 ($100 in chips) 
Seat 6: ARCTlCkiss ($103.63 in chips) 
VahTang_89: posts small blind $0.50
ARCTlCkiss: posts big blind $1
*** HOLE CARDS ***
jeffy27dt1: folds 
v.sting: folds 
VahTang_89: raises $2 to $3
ARCTlCkiss: folds 
Uncalled bet ($2) returned to VahTang_89
VahTang_89 collected $2 from pot
VahTang_89: doesn't show hand 
*** SUMMARY ***
Total pot $2 | Rake $0 
Seat 3: davemg33
Seat 4: Pippa83
Seat 1: jeffy27dt1 folded before Flop (didn't bet)
Seat 2: v.sting (button) folded before Flop (didn't bet)
Seat 5: VahTang_89 (small blind) collected ($2)
Seat 6: ARCTlCkiss (big blind) folded before Flop



PokerStars Hand #254512323115:  Hold'em No Limit ($0.50/$1.00 USD) - 2025/01/23 9:56:29 WET [2025/01/23 4:56:29 ET]
Table 'Praxidike IV' 6-max Seat #5 is the button
Seat 3: davemg33 ($77.16 in chips) is sitting out
Seat 4: Pippa83 ($100 in chips) is sitting out
Seat 1: jeffy27dt1 ($130.93 in chips) 
Seat 2: v.sting ($100 in chips) 
Seat 5: VahTang_89 ($101 in chips) 
Seat 6: ARCTlCkiss ($102.63 in chips) 
ARCTlCkiss: posts small blind $0.50
jeffy27dt1: posts big blind $1
Pippa83: sits out 
*** HOLE CARDS ***
v.sting: raises $1.50 to $2.50
VahTang_89: folds 
ARCTlCkiss: folds 
jeffy27dt1: folds 
Uncalled bet ($1.50) returned to v.sting
v.sting collected $2.50 from pot
v.sting: doesn't show hand 
*** SUMMARY ***
Total pot $2.50 | Rake $0 
Seat 3: davemg33
Seat 4: Pippa83
Seat 1: jeffy27dt1 (big blind) folded before Flop
Seat 2: v.sting collected ($2.50)
Seat 5: VahTang_89 (button) folded before Flop (didn't bet)
Seat 6: ARCTlCkiss (small blind) folded before Flop



PokerStars Hand #254512324813:  Hold'em No Limit ($0.50/$1.00 USD) - 2025/01/23 9:56:50 WET [2025/01/23 4:56:50 ET]
Table 'Praxidike IV' 6-max Seat #6 is the button
Seat 3: davemg33 ($77.16 in chips) is sitting out
Seat 4: Pippa83 ($100 in chips) is sitting out
Seat 1: jeffy27dt1 ($129.93 in chips) 
Seat 2: v.sting ($101.50 in chips) 
Seat 5: VahTang_89 ($101 in chips) 
Seat 6: ARCTlCkiss ($102.13 in chips) 
jeffy27dt1: posts small blind $0.50
v.sting: posts big blind $1
Pippa83: sits out 
*** HOLE CARDS ***
VahTang_89: folds 
ARCTlCkiss: raises $1.18 to $2.18
jeffy27dt1: folds 
v.sting: calls $1.18
*** FLOP *** [Kd 2s 3h]
v.sting: checks 
ARCTlCkiss: bets $1.29
v.sting: calls $1.29
*** TURN *** [Kd 2s 3h] [Ks]
v.sting: checks 
ARCTlCkiss: checks 
*** RIVER *** [Kd 2s 3h Ks] [3c]
v.sting: bets $9.19
ARCTlCkiss: folds 
Uncalled bet ($9.19) returned to v.sting
v.sting collected $7.07 from pot
v.sting: doesn't show hand 
*** SUMMARY ***
Total pot $7.44 | Rake $0.37 
Board [Kd 2s 3h Ks 3c]
Seat 3: davemg33
Seat 4: Pippa83
Seat 1: jeffy27dt1 (small blind) folded before Flop
Seat 2: v.sting (big blind) collected ($7.07)
Seat 5: VahTang_89 folded before Flop (didn't bet)
Seat 6: ARCTlCkiss (button) folded on the River



PokerStars Hand #254512330366:  Hold'em No Limit ($0.50/$1.00 USD) - 2025/01/23 9:57:59 WET [2025/01/23 4:57:59 ET]
Table 'Praxidike IV' 6-max Seat #1 is the button
Seat 4: Pippa83 ($100 in chips) is sitting out
Seat 1: jeffy27dt1 ($129.43 in chips) 
Seat 2: v.sting ($105.10 in chips) 
Seat 3: davemg33 ($77.16 in chips) 
Seat 5: VahTang_89 ($101 in chips) 
Seat 6: ARCTlCkiss ($100 in chips) 
v.sting: posts small blind $0.50
davemg33: posts big blind $1
Pippa83: sits out 
*** HOLE CARDS ***
VahTang_89: folds 
ARCTlCkiss: folds 
jeffy27dt1: raises $1.50 to $2.50
v.sting: folds 
davemg33: calls $1.50
*** FLOP *** [5d Td 2c]
davemg33: checks 
jeffy27dt1: bets $1.72
davemg33: calls $1.72
*** TURN *** [5d Td 2c] [Js]
davemg33: checks 
jeffy27dt1: bets $6.37
davemg33: folds 
Uncalled bet ($6.37) returned to jeffy27dt1
jeffy27dt1 collected $8.49 from pot
jeffy27dt1: doesn't show hand 
*** SUMMARY ***
Total pot $8.94 | Rake $0.45 
Board [5d Td 2c Js]
Seat 4: Pippa83
Seat 1: jeffy27dt1 (button) collected ($8.49)
Seat 2: v.sting (small blind) folded before Flop
Seat 3: davemg33 (big blind) folded on the Turn
Seat 5: VahTang_89 folded before Flop (didn't bet)
Seat 6: ARCTlCkiss folded before Flop (didn't bet)



PokerStars Hand #254512333747:  Hold'em No Limit ($0.50/$1.00 USD) - 2025/01/23 9:58:40 WET [2025/01/23 4:58:40 ET]
Table 'Praxidike IV' 6-max Seat #2 is the button
Seat 1: jeffy27dt1 ($133.70 in chips) 
Seat 2: v.sting ($104.60 in chips) 
Seat 3: davemg33 ($72.94 in chips) 
Seat 4: Pippa83 ($100 in chips) 
Seat 5: VahTang_89 ($101 in chips) 
Seat 6: ARCTlCkiss ($100 in chips) 
davemg33: posts small blind $0.50
Pippa83: posts big blind $1
*** HOLE CARDS ***
VahTang_89: folds 
ARCTlCkiss: raises $1.53 to $2.53
jeffy27dt1: calls $2.53
v.sting: raises $9.97 to $12.50
davemg33: calls $12
Pippa83: folds 
ARCTlCkiss: calls $9.97
jeffy27dt1: folds 
*** FLOP *** [4c Ks Td]
davemg33: checks 
ARCTlCkiss: checks 
v.sting: checks 
*** TURN *** [4c Ks Td] [5d]
davemg33: checks 
ARCTlCkiss: bets $10.91
v.sting: calls $10.91
davemg33: calls $10.91
*** RIVER *** [4c Ks Td 5d] [2d]
davemg33: checks 
ARCTlCkiss: checks 
v.sting: checks 
*** SHOW DOWN ***
davemg33: shows [9c Th] (a pair of Tens)
ARCTlCkiss: mucks hand 
v.sting: shows [Qs Qh] (a pair of Queens)
v.sting collected $71.26 from pot
*** SUMMARY ***
Total pot $73.76 | Rake $2.50 
Board [4c Ks Td 5d 2d]
Seat 1: jeffy27dt1 folded before Flop
Seat 2: v.sting (button) showed [Qs Qh] and won ($71.26) with a pair of Queens
Seat 3: davemg33 (small blind) showed [9c Th] and lost with a pair of Tens
Seat 4: Pippa83 (big blind) folded before Flop
Seat 5: VahTang_89 folded before Flop (didn't bet)
Seat 6: ARCTlCkiss mucked



PokerStars Hand #254512340651:  Hold'em No Limit ($0.50/$1.00 USD) - 2025/01/23 10:00:02 WET [2025/01/23 5:00:02 ET]
Table 'Praxidike IV' 6-max Seat #3 is the button
Seat 1: jeffy27dt1 ($131.17 in chips) 
Seat 2: v.sting ($152.45 in chips) 
Seat 3: davemg33 ($49.53 in chips) 
Seat 4: Pippa83 ($100 in chips) 
Seat 5: VahTang_89 ($101 in chips) 
Seat 6: ARCTlCkiss ($100 in chips) 
Pippa83: posts small blind $0.50
VahTang_89: posts big blind $1
*** HOLE CARDS ***
ARCTlCkiss: folds 
jeffy27dt1: folds 
v.sting: raises $1.50 to $2.50
davemg33: calls $2.50
Pippa83: folds 
VahTang_89: folds 
*** FLOP *** [9c 8c Jd]
v.sting: checks 
davemg33: checks 
*** TURN *** [9c 8c Jd] [5h]
v.sting: bets $1.54
davemg33: raises $1.54 to $3.08
v.sting: calls $1.54
*** RIVER *** [9c 8c Jd 5h] [8h]
v.sting: checks 
davemg33: bets $43.95 and is all-in
v.sting: folds 
Uncalled bet ($43.95) returned to davemg33
davemg33 collected $12.03 from pot
davemg33: doesn't show hand 
*** SUMMARY ***
Total pot $12.66 | Rake $0.63 
Board [9c 8c Jd 5h 8h]
Seat 1: jeffy27dt1 folded before Flop (didn't bet)
Seat 2: v.sting folded on the River
Seat 3: davemg33 (button) collected ($12.03)
Seat 4: Pippa83 (small blind) folded before Flop
Seat 5: VahTang_89 (big blind) folded before Flop
Seat 6: ARCTlCkiss folded before Flop (didn't bet)



PokerStars Hand #254512344958:  Hold'em No Limit ($0.50/$1.00 USD) - 2025/01/23 10:00:52 WET [2025/01/23 5:00:52 ET]
Table 'Praxidike IV' 6-max Seat #4 is the button
Seat 1: jeffy27dt1 ($131.17 in chips) 
Seat 2: v.sting ($146.87 in chips) 
Seat 3: davemg33 ($55.98 in chips) 
Seat 4: Pippa83 ($100 in chips) 
Seat 5: VahTang_89 ($100 in chips) 
Seat 6: ARCTlCkiss ($100 in chips) 
VahTang_89: posts small blind $0.50
ARCTlCkiss: posts big blind $1
*** HOLE CARDS ***
jeffy27dt1: raises $1.50 to $2.50
v.sting: folds 
davemg33: calls $2.50
Pippa83: calls $2.50
VahTang_89: folds 
ARCTlCkiss: folds 
*** FLOP *** [2d 7d Jh]
jeffy27dt1: checks 
davemg33: checks 
Pippa83: bets $4.50
jeffy27dt1: folds 
davemg33: calls $4.50
*** TURN *** [2d 7d Jh] [8s]
davemg33: checks 
Pippa83: bets $17
davemg33: folds 
Uncalled bet ($17) returned to Pippa83
Pippa83 collected $17.10 from pot
Pippa83: doesn't show hand 
*** SUMMARY ***
Total pot $18 | Rake $0.90 
Board [2d 7d Jh 8s]
Seat 1: jeffy27dt1 folded on the Flop
Seat 2: v.sting folded before Flop (didn't bet)
Seat 3: davemg33 folded on the Turn
Seat 4: Pippa83 (button) collected ($17.10)
Seat 5: VahTang_89 (small blind) folded before Flop
Seat 6: ARCTlCkiss (big blind) folded before Flop



PokerStars Hand #254512350525:  Hold'em No Limit ($0.50/$1.00 USD) - 2025/01/23 10:01:47 WET [2025/01/23 5:01:47 ET]
Table 'Praxidike IV' 6-max Seat #5 is the button
Seat 1: jeffy27dt1 ($128.67 in chips) 
Seat 2: v.sting ($146.87 in chips) 
Seat 3: davemg33 ($48.98 in chips) 
Seat 4: Pippa83 ($110.10 in chips) 
Seat 5: VahTang_89 ($100 in chips) 
Seat 6: ARCTlCkiss ($100 in chips) 
ARCTlCkiss: posts small blind $0.50
jeffy27dt1: posts big blind $1
*** HOLE CARDS ***
v.sting: raises $1.50 to $2.50
davemg33: calls $2.50
Pippa83: folds 
VahTang_89: folds 
ARCTlCkiss: raises $11 to $13.50
jeffy27dt1: folds 
v.sting: folds 
davemg33: calls $11
*** FLOP *** [7h 2h Tc]
ARCTlCkiss: checks 
davemg33: checks 
*** TURN *** [7h 2h Tc] [Qc]
ARCTlCkiss: checks 
davemg33: bets $14.49
ARCTlCkiss: calls $14.49
*** RIVER *** [7h 2h Tc Qc] [9c]
ARCTlCkiss: checks 
davemg33: bets $20.99 and is all-in
ARCTlCkiss: folds 
Uncalled bet ($20.99) returned to davemg33
davemg33 collected $56.98 from pot
davemg33: doesn't show hand 
*** SUMMARY ***
Total pot $59.48 | Rake $2.50 
Board [7h 2h Tc Qc 9c]
Seat 1: jeffy27dt1 (big blind) folded before Flop
Seat 2: v.sting folded before Flop
Seat 3: davemg33 collected ($56.98)
Seat 4: Pippa83 folded before Flop (didn't bet)
Seat 5: VahTang_89 (button) folded before Flop (didn't bet)
Seat 6: ARCTlCkiss (small blind) folded on the River



PokerStars Hand #254512357682:  Hold'em No Limit ($0.50/$1.00 USD) - 2025/01/23 10:03:00 WET [2025/01/23 5:03:00 ET]
Table 'Praxidike IV' 6-max Seat #6 is the button
Seat 1: jeffy27dt1 ($127.67 in chips) 
Seat 2: v.sting ($144.37 in chips) 
Seat 3: davemg33 ($77.97 in chips) 
Seat 4: Pippa83 ($110.10 in chips) 
Seat 5: VahTang_89 ($100 in chips) 
Seat 6: ARCTlCkiss ($100 in chips) 
jeffy27dt1: posts small blind $0.50
v.sting: posts big blind $1
*** HOLE CARDS ***
davemg33: calls $1
Pippa83: folds 
VahTang_89: folds 
ARCTlCkiss: folds 
jeffy27dt1: folds 
v.sting: checks 
*** FLOP *** [4c 8s 8c]
v.sting: checks 
davemg33: checks 
*** TURN *** [4c 8s 8c] [Th]
v.sting: checks 
davemg33: bets $1
v.sting: calls $1
*** RIVER *** [4c 8s 8c Th] [5s]
v.sting: checks 
davemg33: checks 
*** SHOW DOWN ***
v.sting: shows [4s 3c] (two pair, Eights and Fours)
davemg33: shows [Ks Td] (two pair, Tens and Eights)
davemg33 collected $4.28 from pot
*** SUMMARY ***
Total pot $4.50 | Rake $0.22 
Board [4c 8s 8c Th 5s]
Seat 1: jeffy27dt1 (small blind) folded before Flop
Seat 2: v.sting (big blind) showed [4s 3c] and lost with two pair, Eights and Fours
Seat 3: davemg33 showed [Ks Td] and won ($4.28) with two pair, Tens and Eights
Seat 4: Pippa83 folded before Flop (didn't bet)
Seat 5: VahTang_89 folded before Flop (didn't bet)
Seat 6: ARCTlCkiss (button) folded before Flop (didn't bet)



PokerStars Hand #254512360977:  Hold'em No Limit ($0.50/$1.00 USD) - 2025/01/23 10:03:33 WET [2025/01/23 5:03:33 ET]
Table 'Praxidike IV' 6-max Seat #1 is the button
Seat 1: jeffy27dt1 ($127.17 in chips) 
Seat 2: v.sting ($142.37 in chips) 
Seat 3: davemg33 ($80.25 in chips) 
Seat 4: Pippa83 ($110.10 in chips) 
Seat 5: VahTang_89 ($100 in chips) 
Seat 6: ARCTlCkiss ($100 in chips) 
v.sting: posts small blind $0.50
davemg33: posts big blind $1
*** HOLE CARDS ***
Pippa83: folds 
VahTang_89: folds 
ARCTlCkiss: folds 
jeffy27dt1: raises $4 to $5
v.sting: folds 
davemg33: calls $4
*** FLOP *** [Jd Ah Tc]
davemg33: checks 
jeffy27dt1: bets $3.29
davemg33: calls $3.29
*** TURN *** [Jd Ah Tc] [Js]
davemg33: checks 
jeffy27dt1: checks 
*** RIVER *** [Jd Ah Tc Js] [9s]
davemg33: bets $8.12
jeffy27dt1: folds 
Uncalled bet ($8.12) returned to davemg33
davemg33 collected $16.23 from pot
davemg33: doesn't show hand 
*** SUMMARY ***
Total pot $17.08 | Rake $0.85 
Board [Jd Ah Tc Js 9s]
Seat 1: jeffy27dt1 (button) folded on the River
Seat 2: v.sting (small blind) folded before Flop
Seat 3: davemg33 (big blind) collected ($16.23)
Seat 4: Pippa83 folded before Flop (didn't bet)
Seat 5: VahTang_89 folded before Flop (didn't bet)
Seat 6: ARCTlCkiss folded before Flop (didn't bet)



PokerStars Hand #254512367448:  Hold'em No Limit ($0.50/$1.00 USD) - 2025/01/23 10:04:37 WET [2025/01/23 5:04:37 ET]
Table 'Praxidike IV' 6-max Seat #2 is the button
Seat 1: jeffy27dt1 ($118.88 in chips) 
Seat 2: v.sting ($141.87 in chips) 
Seat 3: davemg33 ($88.19 in chips) 
Seat 4: Pippa83 ($110.10 in chips) 
Seat 5: VahTang_89 ($100 in chips) 
Seat 6: ARCTlCkiss ($100 in chips) 
davemg33: posts small blind $0.50
Pippa83: posts big blind $1
*** HOLE CARDS ***
VahTang_89: folds 
ARCTlCkiss: folds 
jeffy27dt1: raises $1.50 to $2.50
v.sting: folds 
davemg33: calls $2
Pippa83: folds 
*** FLOP *** [7h 9c 9h]
davemg33: checks 
jeffy27dt1: bets $1.88
davemg33: calls $1.88
*** TURN *** [7h 9c 9h] [Js]
davemg33: checks 
jeffy27dt1: checks 
*** RIVER *** [7h 9c 9h Js] [5d]
davemg33: bets $4.64
jeffy27dt1: folds 
Uncalled bet ($4.64) returned to davemg33
davemg33 collected $9.27 from pot
davemg33: doesn't show hand 
*** SUMMARY ***
Total pot $9.76 | Rake $0.49 
Board [7h 9c 9h Js 5d]
Seat 1: jeffy27dt1 folded on the River
Seat 2: v.sting (button) folded before Flop (didn't bet)
Seat 3: davemg33 (small blind) collected ($9.27)
Seat 4: Pippa83 (big blind) folded before Flop
Seat 5: VahTang_89 folded before Flop (didn't bet)
Seat 6: ARCTlCkiss folded before Flop (didn't bet)



PokerStars Hand #254512374086:  Hold'em No Limit ($0.50/$1.00 USD) - 2025/01/23 10:05:43 WET [2025/01/23 5:05:43 ET]
Table 'Praxidike IV' 6-max Seat #3 is the button
Seat 1: jeffy27dt1 ($114.50 in chips) 
Seat 2: v.sting ($141.87 in chips) 
Seat 3: davemg33 ($93.08 in chips) 
Seat 4: Pippa83 ($109.10 in chips) 
Seat 5: VahTang_89 ($100 in chips) 
Seat 6: ARCTlCkiss ($100 in chips) 
Pippa83: posts small blind $0.50
VahTang_89: posts big blind $1
*** HOLE CARDS ***
ARCTlCkiss: folds 
jeffy27dt1: raises $1.50 to $2.50
v.sting: folds 
davemg33: calls $2.50
Pippa83: raises $11.50 to $14
VahTang_89: folds 
jeffy27dt1: folds 
davemg33: calls $11.50
*** FLOP *** [2h Qs 6s]
Pippa83: bets $9.87
davemg33: calls $9.87
*** TURN *** [2h Qs 6s] [8c]
Pippa83: bets $18
davemg33: calls $18
*** RIVER *** [2h Qs 6s 8c] [4s]
Pippa83: bets $67.23 and is all-in
davemg33: folds 
Uncalled bet ($67.23) returned to Pippa83
Pippa83 collected $84.74 from pot
Pippa83: doesn't show hand 
*** SUMMARY ***
Total pot $87.24 | Rake $2.50 
Board [2h Qs 6s 8c 4s]
Seat 1: jeffy27dt1 folded before Flop
Seat 2: v.sting folded before Flop (didn't bet)
Seat 3: davemg33 (button) folded on the River
Seat 4: Pippa83 (small blind) collected ($84.74)
Seat 5: VahTang_89 (big blind) folded before Flop
Seat 6: ARCTlCkiss folded before Flop (didn't bet)



PokerStars Hand #254512381252:  Hold'em No Limit ($0.50/$1.00 USD) - 2025/01/23 10:06:54 WET [2025/01/23 5:06:54 ET]
Table 'Praxidike IV' 6-max Seat #4 is the button
Seat 1: jeffy27dt1 ($112 in chips) 
Seat 2: v.sting ($141.87 in chips) 
Seat 3: davemg33 ($51.21 in chips) 
Seat 4: Pippa83 ($151.97 in chips) 
Seat 5: VahTang_89 ($100 in chips) 
Seat 6: ARCTlCkiss ($100 in chips) 
VahTang_89: posts small blind $0.50
ARCTlCkiss: posts big blind $1
*** HOLE CARDS ***
jeffy27dt1: folds 
v.sting: folds 
davemg33: calls $1
Pippa83: raises $2.50 to $3.50
VahTang_89: folds 
ARCTlCkiss: folds 
davemg33: calls $2.50
*** FLOP *** [6d 8d Tc]
davemg33: checks 
Pippa83: checks 
*** TURN *** [6d 8d Tc] [5h]
davemg33: checks 
Pippa83: bets $4
davemg33: calls $4
*** RIVER *** [6d 8d Tc 5h] [Ts]
davemg33: bets $15.68
Pippa83: calls $15.68
*** SHOW DOWN ***
davemg33: shows [5d 4s] (two pair, Tens and Fives)
Pippa83: shows [8h As] (two pair, Tens and Eights)
Pippa83 collected $45.47 from pot
*** SUMMARY ***
Total pot $47.86 | Rake $2.39 
Board [6d 8d Tc 5h Ts]
Seat 1: jeffy27dt1 folded before Flop (didn't bet)
Seat 2: v.sting folded before Flop (didn't bet)
Seat 3: davemg33 showed [5d 4s] and lost with two pair, Tens and Fives
Seat 4: Pippa83 (button) showed [8h As] and won ($45.47) with two pair, Tens and Eights
Seat 5: VahTang_89 (small blind) folded before Flop
Seat 6: ARCTlCkiss (big blind) folded before Flop



PokerStars Hand #254512384778:  Hold'em No Limit ($0.50/$1.00 USD) - 2025/01/23 10:07:29 WET [2025/01/23 5:07:29 ET]
Table 'Praxidike IV' 6-max Seat #5 is the button
Seat 1: jeffy27dt1 ($112 in chips) 
Seat 2: v.sting ($141.87 in chips) 
Seat 3: davemg33 ($28.03 in chips) 
Seat 4: Pippa83 ($174.26 in chips) 
Seat 5: VahTang_89 ($100 in chips) 
Seat 6: ARCTlCkiss ($100 in chips) 
ARCTlCkiss: posts small blind $0.50
jeffy27dt1: posts big blind $1
*** HOLE CARDS ***
v.sting: folds 
davemg33: calls $1
Pippa83: folds 
VahTang_89: folds 
ARCTlCkiss: folds 
jeffy27dt1: raises $3 to $4
davemg33: calls $3
*** FLOP *** [5c Qc 6h]
jeffy27dt1: checks 
davemg33: checks 
*** TURN *** [5c Qc 6h] [Ah]
jeffy27dt1: bets $6.06
davemg33: calls $6.06
*** RIVER *** [5c Qc 6h Ah] [Qh]
jeffy27dt1: checks 
davemg33: checks 
*** SHOW DOWN ***
jeffy27dt1: shows [As 4s] (two pair, Aces and Queens)
davemg33: mucks hand 
jeffy27dt1 collected $19.59 from pot
*** SUMMARY ***
Total pot $20.62 | Rake $1.03 
Board [5c Qc 6h Ah Qh]
Seat 1: jeffy27dt1 (big blind) showed [As 4s] and won ($19.59) with two pair, Aces and Queens
Seat 2: v.sting folded before Flop (didn't bet)
Seat 3: davemg33 mucked
Seat 4: Pippa83 folded before Flop (didn't bet)
Seat 5: VahTang_89 (button) folded before Flop (didn't bet)
Seat 6: ARCTlCkiss (small blind) folded before Flop



PokerStars Hand #254512390385:  Hold'em No Limit ($0.50/$1.00 USD) - 2025/01/23 10:08:23 WET [2025/01/23 5:08:23 ET]
Table 'Praxidike IV' 6-max Seat #6 is the button
Seat 1: jeffy27dt1 ($121.53 in chips) 
Seat 2: v.sting ($141.87 in chips) 
Seat 3: davemg33 ($17.97 in chips) 
Seat 4: Pippa83 ($174.26 in chips) 
Seat 5: VahTang_89 ($100 in chips) 
Seat 6: ARCTlCkiss ($100 in chips) 
jeffy27dt1: posts small blind $0.50
v.sting: posts big blind $1
*** HOLE CARDS ***
davemg33: calls $1
Pippa83: folds 
VahTang_89: raises $3 to $4
ARCTlCkiss: folds 
jeffy27dt1: folds 
v.sting: folds 
davemg33: calls $3
*** FLOP *** [Ac Jh Js]
davemg33: checks 
VahTang_89: bets $2.26
davemg33: folds 
Uncalled bet ($2.26) returned to VahTang_89
VahTang_89 collected $9.02 from pot
VahTang_89: doesn't show hand 
*** SUMMARY ***
Total pot $9.50 | Rake $0.48 
Board [Ac Jh Js]
Seat 1: jeffy27dt1 (small blind) folded before Flop
Seat 2: v.sting (big blind) folded before Flop
Seat 3: davemg33 folded on the Flop
Seat 4: Pippa83 folded before Flop (didn't bet)
Seat 5: VahTang_89 collected ($9.02)
Seat 6: ARCTlCkiss (button) folded before Flop (didn't bet)



PokerStars Hand #254512393360:  Hold'em No Limit ($0.50/$1.00 USD) - 2025/01/23 10:08:52 WET [2025/01/23 5:08:52 ET]
Table 'Praxidike IV' 6-max Seat #1 is the button
Seat 1: jeffy27dt1 ($121.03 in chips) 
Seat 2: v.sting ($140.87 in chips) 
Seat 3: davemg33 ($13.97 in chips) 
Seat 4: Pippa83 ($174.26 in chips) 
Seat 5: VahTang_89 ($105.02 in chips) 
Seat 6: ARCTlCkiss ($100 in chips) 
v.sting: posts small blind $0.50
davemg33: posts big blind $1
*** HOLE CARDS ***
Pippa83: folds 
VahTang_89: raises $1.20 to $2.20
ARCTlCkiss: folds 
jeffy27dt1: folds 
v.sting: folds 
davemg33: calls $1.20
*** FLOP *** [Jc 7c Ad]
davemg33: checks 
VahTang_89: bets $1.17
davemg33: calls $1.17
*** TURN *** [Jc 7c Ad] [8c]
davemg33: checks 
VahTang_89: checks 
*** RIVER *** [Jc 7c Ad 8c] [8s]
davemg33: bets $3.44
VahTang_89: folds 
Uncalled bet ($3.44) returned to davemg33
davemg33 collected $6.88 from pot
davemg33: doesn't show hand 
*** SUMMARY ***
Total pot $7.24 | Rake $0.36 
Board [Jc 7c Ad 8c 8s]
Seat 1: jeffy27dt1 (button) folded before Flop (didn't bet)
Seat 2: v.sting (small blind) folded before Flop
Seat 3: davemg33 (big blind) collected ($6.88)
Seat 4: Pippa83 folded before Flop (didn't bet)
Seat 5: VahTang_89 folded on the River
Seat 6: ARCTlCkiss folded before Flop (didn't bet)



PokerStars Hand #254512396396:  Hold'em No Limit ($0.50/$1.00 USD) - 2025/01/23 10:09:23 WET [2025/01/23 5:09:23 ET]
Table 'Praxidike IV' 6-max Seat #2 is the button
Seat 1: jeffy27dt1 ($121.03 in chips) 
Seat 2: v.sting ($140.37 in chips) 
Seat 3: davemg33 ($17.48 in chips) 
Seat 4: Pippa83 ($174.26 in chips) 
Seat 5: VahTang_89 ($101.65 in chips) 
Seat 6: ARCTlCkiss ($100 in chips) 
davemg33: posts small blind $0.50
Pippa83: posts big blind $1
*** HOLE CARDS ***
VahTang_89: raises $1.20 to $2.20
ARCTlCkiss: folds 
jeffy27dt1: folds 
v.sting: folds 
davemg33: calls $1.70
Pippa83: calls $1.20
*** FLOP *** [2d Qc 4s]
davemg33: checks 
Pippa83: checks 
VahTang_89: checks 
*** TURN *** [2d Qc 4s] [Th]
davemg33: checks 
Pippa83: checks 
VahTang_89: bets $3.14
davemg33: folds 
Pippa83: folds 
Uncalled bet ($3.14) returned to VahTang_89
VahTang_89 collected $6.27 from pot
VahTang_89: doesn't show hand 
*** SUMMARY ***
Total pot $6.60 | Rake $0.33 
Board [2d Qc 4s Th]
Seat 1: jeffy27dt1 folded before Flop (didn't bet)
Seat 2: v.sting (button) folded before Flop (didn't bet)
Seat 3: davemg33 (small blind) folded on the Turn
Seat 4: Pippa83 (big blind) folded on the Turn
Seat 5: VahTang_89 collected ($6.27)
Seat 6: ARCTlCkiss folded before Flop (didn't bet)



PokerStars Hand #254512400275:  Hold'em No Limit ($0.50/$1.00 USD) - 2025/01/23 10:10:01 WET [2025/01/23 5:10:01 ET]
Table 'Praxidike IV' 6-max Seat #3 is the button
Seat 1: jeffy27dt1 ($121.03 in chips) 
Seat 2: v.sting ($140.37 in chips) 
Seat 3: davemg33 ($15.28 in chips) 
Seat 4: Pippa83 ($172.06 in chips) 
Seat 5: VahTang_89 ($105.72 in chips) 
Seat 6: ARCTlCkiss ($100 in chips) 
Pippa83: posts small blind $0.50
VahTang_89: posts big blind $1
*** HOLE CARDS ***
ARCTlCkiss: folds 
jeffy27dt1: folds 
v.sting: folds 
davemg33: calls $1
Pippa83: folds 
VahTang_89: checks 
*** FLOP *** [9c 9s 7c]
VahTang_89: checks 
davemg33: checks 
*** TURN *** [9c 9s 7c] [As]
VahTang_89: checks 
davemg33: checks 
*** RIVER *** [9c 9s 7c As] [6h]
VahTang_89: checks 
davemg33: checks 
*** SHOW DOWN ***
VahTang_89: shows [Qs 6c] (two pair, Nines and Sixes)
davemg33: shows [6d 8s] (two pair, Nines and Sixes)
VahTang_89 collected $1.19 from pot
davemg33 collected $1.19 from pot
*** SUMMARY ***
Total pot $2.50 | Rake $0.12 
Board [9c 9s 7c As 6h]
Seat 1: jeffy27dt1 folded before Flop (didn't bet)
Seat 2: v.sting folded before Flop (didn't bet)
Seat 3: davemg33 (button) showed [6d 8s] and won ($1.19) with two pair, Nines and Sixes
Seat 4: Pippa83 (small blind) folded before Flop
Seat 5: VahTang_89 (big blind) showed [Qs 6c] and won ($1.19) with two pair, Nines and Sixes
Seat 6: ARCTlCkiss folded before Flop (didn't bet)



PokerStars Hand #254512403798:  Hold'em No Limit ($0.50/$1.00 USD) - 2025/01/23 10:10:36 WET [2025/01/23 5:10:36 ET]
Table 'Praxidike IV' 6-max Seat #4 is the button
Seat 1: jeffy27dt1 ($121.03 in chips) 
Seat 2: v.sting ($140.37 in chips) 
Seat 3: davemg33 ($15.47 in chips) 
Seat 4: Pippa83 ($171.56 in chips) 
Seat 5: VahTang_89 ($105.91 in chips) 
Seat 6: ARCTlCkiss ($100 in chips) 
VahTang_89: posts small blind $0.50
ARCTlCkiss: posts big blind $1
*** HOLE CARDS ***
jeffy27dt1: folds 
v.sting: folds 
davemg33: calls $1
Pippa83: folds 
VahTang_89: folds 
ARCTlCkiss: checks 
*** FLOP *** [2s Kd 9s]
ARCTlCkiss: bets $1.24
davemg33: calls $1.24
*** TURN *** [2s Kd 9s] [Ah]
ARCTlCkiss: checks 
davemg33: bets $13.23 and is all-in
ARCTlCkiss: folds 
Uncalled bet ($13.23) returned to davemg33
davemg33 collected $4.73 from pot
davemg33: doesn't show hand 
*** SUMMARY ***
Total pot $4.98 | Rake $0.25 
Board [2s Kd 9s Ah]
Seat 1: jeffy27dt1 folded before Flop (didn't bet)
Seat 2: v.sting folded before Flop (didn't bet)
Seat 3: davemg33 collected ($4.73)
Seat 4: Pippa83 (button) folded before Flop (didn't bet)
Seat 5: VahTang_89 (small blind) folded before Flop
Seat 6: ARCTlCkiss (big blind) folded on the Turn



PokerStars Hand #254512408909:  Hold'em No Limit ($0.50/$1.00 USD) - 2025/01/23 10:11:27 WET [2025/01/23 5:11:27 ET]
Table 'Praxidike IV' 6-max Seat #5 is the button
Seat 1: jeffy27dt1 ($121.03 in chips) 
Seat 2: v.sting ($140.37 in chips) 
Seat 3: davemg33 ($17.96 in chips) 
Seat 4: Pippa83 ($171.56 in chips) 
Seat 5: VahTang_89 ($105.41 in chips) 
Seat 6: ARCTlCkiss ($100 in chips) 
ARCTlCkiss: posts small blind $0.50
jeffy27dt1: posts big blind $1
*** HOLE CARDS ***
v.sting: folds 
davemg33: calls $1
Pippa83: folds 
VahTang_89: folds 
ARCTlCkiss: raises $7 to $8
jeffy27dt1: folds 
davemg33: calls $7
*** FLOP *** [9c Th Td]
ARCTlCkiss: bets $10.15
davemg33: calls $9.96 and is all-in
Uncalled bet ($0.19) returned to ARCTlCkiss
*** TURN *** [9c Th Td] [6d]
*** RIVER *** [9c Th Td 6d] [Jh]
*** SHOW DOWN ***
ARCTlCkiss: shows [As Qh] (a pair of Tens)
davemg33: shows [7c Kc] (a pair of Tens - lower kicker)
ARCTlCkiss collected $35.07 from pot
*** SUMMARY ***
Total pot $36.92 | Rake $1.85 
Board [9c Th Td 6d Jh]
Seat 1: jeffy27dt1 (big blind) folded before Flop
Seat 2: v.sting folded before Flop (didn't bet)
Seat 3: davemg33 showed [7c Kc] and lost with a pair of Tens
Seat 4: Pippa83 folded before Flop (didn't bet)
Seat 5: VahTang_89 (button) folded before Flop (didn't bet)
Seat 6: ARCTlCkiss (small blind) showed [As Qh] and won ($35.07) with a pair of Tens



PokerStars Hand #254512413358:  Hold'em No Limit ($0.50/$1.00 USD) - 2025/01/23 10:12:12 WET [2025/01/23 5:12:12 ET]
Table 'Praxidike IV' 6-max Seat #6 is the button
Seat 3: davemg33 ($0 in chips) is sitting out
Seat 1: jeffy27dt1 ($120.03 in chips) 
Seat 2: v.sting ($140.37 in chips) 
Seat 4: Pippa83 ($171.56 in chips) 
Seat 5: VahTang_89 ($105.41 in chips) 
Seat 6: ARCTlCkiss ($117.11 in chips) 
jeffy27dt1: posts small blind $0.50
v.sting: posts big blind $1
*** HOLE CARDS ***
davemg33 leaves the table
Pippa83: raises $1.20 to $2.20
adrianos1211 joins the table at seat #3 
VahTang_89: folds 
ARCTlCkiss: folds 
jeffy27dt1: folds 
v.sting: folds 
Uncalled bet ($1.20) returned to Pippa83
Pippa83 collected $2.50 from pot
Pippa83: doesn't show hand 
*** SUMMARY ***
Total pot $2.50 | Rake $0 
Seat 3: davemg33
Seat 1: jeffy27dt1 (small blind) folded before Flop
Seat 2: v.sting (big blind) folded before Flop
Seat 4: Pippa83 collected ($2.50)
Seat 5: VahTang_89 folded before Flop (didn't bet)
Seat 6: ARCTlCkiss (button) folded before Flop (didn't bet)



PokerStars Hand #254512415009:  Hold'em No Limit ($0.50/$1.00 USD) - 2025/01/23 10:12:29 WET [2025/01/23 5:12:29 ET]
Table 'Praxidike IV' 6-max Seat #1 is the button
Seat 1: jeffy27dt1 ($119.53 in chips) 
Seat 2: v.sting ($139.37 in chips) 
Seat 3: adrianos1211 ($100 in chips) 
Seat 4: Pippa83 ($173.06 in chips) 
Seat 5: VahTang_89 ($105.41 in chips) 
Seat 6: ARCTlCkiss ($117.11 in chips) 
v.sting: posts small blind $0.50
adrianos1211: posts big blind $1
*** HOLE CARDS ***
Pippa83: folds 
Pippa83 leaves the table
VahTang_89: raises $1.20 to $2.20
ARCTlCkiss: folds 
jeffy27dt1: folds 
v.sting: folds 
adrianos1211: calls $1.20
*** FLOP *** [2c Qc Tc]
adrianos1211: checks 
VahTang_89: bets $1.54
adrianos1211: folds 
Uncalled bet ($1.54) returned to VahTang_89
VahTang_89 collected $4.66 from pot
VahTang_89: doesn't show hand 
*** SUMMARY ***
Total pot $4.90 | Rake $0.24 
Board [2c Qc Tc]
Seat 1: jeffy27dt1 (button) folded before Flop (didn't bet)
Seat 2: v.sting (small blind) folded before Flop
Seat 3: adrianos1211 (big blind) folded on the Flop
Seat 4: Pippa83 folded before Flop (didn't bet)
Seat 5: VahTang_89 collected ($4.66)
Seat 6: ARCTlCkiss folded before Flop (didn't bet)



PokerStars Hand #254512417706:  Hold'em No Limit ($0.50/$1.00 USD) - 2025/01/23 10:12:57 WET [2025/01/23 5:12:57 ET]
Table 'Praxidike IV' 6-max Seat #2 is the button
Seat 5: VahTang_89 ($107.87 in chips) is sitting out
Seat 6: ARCTlCkiss ($117.11 in chips) is sitting out
Seat 1: jeffy27dt1 ($119.53 in chips) 
Seat 2: v.sting ($138.87 in chips) 
Seat 3: adrianos1211 ($100 in chips) 
adrianos1211: posts small blind $0.50
VahTang_89: is sitting out 
ARCTlCkiss: is sitting out 
jeffy27dt1: posts big blind $1
*** HOLE CARDS ***
v.sting: raises $1.10 to $2.10
VahTang_89 leaves the table
adrianos1211: folds 
ARCTlCkiss leaves the table
jeffy27dt1: folds 
Uncalled bet ($1.10) returned to v.sting
v.sting collected $2.50 from pot
v.sting: doesn't show hand 
*** SUMMARY ***
Total pot $2.50 | Rake $0 
Seat 5: VahTang_89
Seat 6: ARCTlCkiss
Seat 1: jeffy27dt1 (big blind) folded before Flop
Seat 2: v.sting (button) collected ($2.50)
Seat 3: adrianos1211 (small blind) folded before Flop



PokerStars Hand #254512419259:  Hold'em No Limit ($0.50/$1.00 USD) - 2025/01/23 10:13:13 WET [2025/01/23 5:13:13 ET]
Table 'Praxidike IV' 6-max Seat #1 is the button
Seat 2: v.sting ($140.37 in chips) is sitting out
Seat 1: jeffy27dt1 ($118.53 in chips) 
Seat 3: adrianos1211 ($100 in chips) 
jeffy27dt1: posts small blind $0.50
v.sting: is sitting out 
adrianos1211: posts big blind $1
*** HOLE CARDS ***
v.sting leaves the table
jeffy27dt1: folds 
Uncalled bet ($0.50) returned to adrianos1211
adrianos1211 collected $1 from pot
adrianos1211: doesn't show hand 
*** SUMMARY ***
Total pot $1 | Rake $0 
Seat 2: v.sting
Seat 1: jeffy27dt1 (button) (small blind) folded before Flop
Seat 3: adrianos1211 (big blind) collected ($1)



PokerStars Hand #254512419989:  Hold'em No Limit ($0.50/$1.00 USD) - 2025/01/23 10:13:21 WET [2025/01/23 5:13:21 ET]
Table 'Praxidike IV' 6-max Seat #3 is the button
Seat 1: jeffy27dt1 ($118.03 in chips) 
Seat 3: adrianos1211 ($100.50 in chips) 
adrianos1211: posts small blind $0.50
jeffy27dt1: posts big blind $1
*** HOLE CARDS ***
adrianos1211: folds 
Uncalled bet ($0.50) returned to jeffy27dt1
jeffy27dt1 collected $1 from pot
jeffy27dt1: doesn't show hand 
*** SUMMARY ***
Total pot $1 | Rake $0 
Seat 1: jeffy27dt1 (big blind) collected ($1)
Seat 3: adrianos1211 (button) (small blind) folded before Flop



PokerStars Hand #254512420670:  Hold'em No Limit ($0.50/$1.00 USD) - 2025/01/23 10:13:28 WET [2025/01/23 5:13:28 ET]
Table 'Praxidike IV' 6-max Seat #1 is the button
Seat 1: jeffy27dt1 ($118.53 in chips) 
Seat 3: adrianos1211 ($100 in chips) 
jeffy27dt1: posts small blind $0.50
adrianos1211: posts big blind $1
*** HOLE CARDS ***
jeffy27dt1: folds 
Uncalled bet ($0.50) returned to adrianos1211
adrianos1211 collected $1 from pot
adrianos1211: doesn't show hand 
*** SUMMARY ***
Total pot $1 | Rake $0 
Seat 1: jeffy27dt1 (button) (small blind) folded before Flop
Seat 3: adrianos1211 (big blind) collected ($1)



PokerStars Hand #254512421364:  Hold'em No Limit ($0.50/$1.00 USD) - 2025/01/23 10:13:35 WET [2025/01/23 5:13:35 ET]
Table 'Praxidike IV' 6-max Seat #3 is the button
Seat 1: jeffy27dt1 ($118.03 in chips) 
Seat 3: adrianos1211 ($100.50 in chips) 
adrianos1211: posts small blind $0.50
jeffy27dt1: posts big blind $1
*** HOLE CARDS ***
adrianos1211: folds 
Uncalled bet ($0.50) returned to jeffy27dt1
jeffy27dt1 collected $1 from pot
jeffy27dt1: doesn't show hand 
*** SUMMARY ***
Total pot $1 | Rake $0 
Seat 1: jeffy27dt1 (big blind) collected ($1)
Seat 3: adrianos1211 (button) (small blind) folded before Flop



PokerStars Hand #254512422198:  Hold'em No Limit ($0.50/$1.00 USD) - 2025/01/23 10:13:44 WET [2025/01/23 5:13:44 ET]
Table 'Praxidike IV' 6-max Seat #1 is the button
Seat 1: jeffy27dt1 ($118.53 in chips) 
Seat 3: adrianos1211 ($100 in chips) 
jeffy27dt1: posts small blind $0.50
adrianos1211: posts big blind $1
*** HOLE CARDS ***
jeffy27dt1: folds 
Uncalled bet ($0.50) returned to adrianos1211
adrianos1211 collected $1 from pot
adrianos1211: doesn't show hand 
*** SUMMARY ***
Total pot $1 | Rake $0 
Seat 1: jeffy27dt1 (button) (small blind) folded before Flop
Seat 3: adrianos1211 (big blind) collected ($1)



PokerStars Hand #254512423513:  Hold'em No Limit ($0.50/$1.00 USD) - 2025/01/23 10:13:58 WET [2025/01/23 5:13:58 ET]
Table 'Praxidike IV' 6-max Seat #3 is the button
Seat 1: jeffy27dt1 ($118.03 in chips) 
Seat 3: adrianos1211 ($100.50 in chips) 
adrianos1211: posts small blind $0.50
jeffy27dt1: posts big blind $1
*** HOLE CARDS ***
adrianos1211: raises $2 to $3
jeffy27dt1: calls $2
*** FLOP *** [2h 2s 5s]
jeffy27dt1: checks 
adrianos1211: checks 
*** TURN *** [2h 2s 5s] [5d]
jeffy27dt1: checks 
adrianos1211: bets $2.85
jeffy27dt1: folds 
Uncalled bet ($2.85) returned to adrianos1211
adrianos1211 collected $5.70 from pot
adrianos1211: doesn't show hand 
*** SUMMARY ***
Total pot $6 | Rake $0.30 
Board [2h 2s 5s 5d]
Seat 1: jeffy27dt1 (big blind) folded on the Turn
Seat 3: adrianos1211 (button) (small blind) collected ($5.70)



