PokerStars Hand #254513240826:  Hold'em No Limit ($0.50/$1.00 USD) - 2025/01/23 12:21:22 WET [2025/01/23 7:21:22 ET]
Table 'Achird III' 6-max Seat #2 is the button
Seat 4: CichiChanMarian ($130.62 in chips) is sitting out
Seat 1: BrilliantDawn84 ($96.50 in chips) 
Seat 2: erpaye ($101.76 in chips) 
Seat 3: blistein ($100 in chips) 
Seat 5: nimburkx ($91.49 in chips) 
Seat 6: janarr5 ($105.70 in chips) 
blistein: posts small blind $0.50
CichiChanMarian: is sitting out 
nimburkx: posts big blind $1
*** HOLE CARDS ***
janarr5: raises $1.25 to $2.25
BrilliantDawn84: folds 
erpaye: calls $2.25
blistein: folds 
nimburkx: folds 
*** FLOP *** [4s Th 9d]
janarr5: checks 
erpaye: checks 
*** TURN *** [4s Th 9d] [Kh]
janarr5: bets $3.76
erpaye: folds 
Uncalled bet ($3.76) returned to janarr5
janarr5 collected $5.70 from pot
janarr5: doesn't show hand 
*** SUMMARY ***
Total pot $6 | Rake $0.30 
Board [4s Th 9d Kh]
Seat 4: CichiChanMarian
Seat 1: BrilliantDawn84 folded before Flop (didn't bet)
Seat 2: erpaye (button) folded on the Turn
Seat 3: blistein (small blind) folded before Flop
Seat 5: nimburkx (big blind) folded before Flop
Seat 6: janarr5 collected ($5.70)



PokerStars Hand #254513247021:  Hold'em No Limit ($0.50/$1.00 USD) - 2025/01/23 12:22:15 WET [2025/01/23 7:22:15 ET]
Table 'Achird III' 6-max Seat #3 is the button
Seat 4: CichiChanMarian ($130.62 in chips) is sitting out
Seat 1: BrilliantDawn84 ($96.50 in chips) 
Seat 2: erpaye ($100 in chips) 
Seat 3: blistein ($100 in chips) 
Seat 5: nimburkx ($90.49 in chips) 
Seat 6: janarr5 ($109.15 in chips) 
nimburkx: posts small blind $0.50
janarr5: posts big blind $1
*** HOLE CARDS ***
CichiChanMarian is disconnected 
BrilliantDawn84: raises $1.50 to $2.50
erpaye: folds 
blistein: folds 
nimburkx: folds 
janarr5: folds 
Uncalled bet ($1.50) returned to BrilliantDawn84
BrilliantDawn84 collected $2.50 from pot
BrilliantDawn84: doesn't show hand 
*** SUMMARY ***
Total pot $2.50 | Rake $0 
Seat 4: CichiChanMarian
Seat 1: BrilliantDawn84 collected ($2.50)
Seat 2: erpaye folded before Flop (didn't bet)
Seat 3: blistein (button) folded before Flop (didn't bet)
Seat 5: nimburkx (small blind) folded before Flop
Seat 6: janarr5 (big blind) folded before Flop



PokerStars Hand #254513251571:  Hold'em No Limit ($0.50/$1.00 USD) - 2025/01/23 12:22:54 WET [2025/01/23 7:22:54 ET]
Table 'Achird III' 6-max Seat #5 is the button
Seat 4: CichiChanMarian ($130.62 in chips) is sitting out
Seat 1: BrilliantDawn84 ($98 in chips) 
Seat 2: erpaye ($100 in chips) 
Seat 3: blistein ($100 in chips) 
Seat 5: nimburkx ($89.99 in chips) 
Seat 6: janarr5 ($108.15 in chips) 
janarr5: posts small blind $0.50
BrilliantDawn84: posts big blind $1
*** HOLE CARDS ***
erpaye: folds 
blistein: folds 
nimburkx: folds 
janarr5: folds 
Uncalled bet ($0.50) returned to BrilliantDawn84
BrilliantDawn84 collected $1 from pot
BrilliantDawn84: doesn't show hand 
*** SUMMARY ***
Total pot $1 | Rake $0 
Seat 4: CichiChanMarian
Seat 1: BrilliantDawn84 (big blind) collected ($1)
Seat 2: erpaye folded before Flop (didn't bet)
Seat 3: blistein folded before Flop (didn't bet)
Seat 5: nimburkx (button) folded before Flop (didn't bet)
Seat 6: janarr5 (small blind) folded before Flop



PokerStars Hand #254513252816:  Hold'em No Limit ($0.50/$1.00 USD) - 2025/01/23 12:23:05 WET [2025/01/23 7:23:05 ET]
Table 'Achird III' 6-max Seat #6 is the button
Seat 4: CichiChanMarian ($130.62 in chips) is sitting out
Seat 1: BrilliantDawn84 ($98.50 in chips) 
Seat 2: erpaye ($100 in chips) 
Seat 3: blistein ($100 in chips) 
Seat 5: nimburkx ($89.99 in chips) 
Seat 6: janarr5 ($107.65 in chips) 
BrilliantDawn84: posts small blind $0.50
erpaye: posts big blind $1
*** HOLE CARDS ***
blistein: raises $1.20 to $2.20
nimburkx: calls $2.20
janarr5: folds 
BrilliantDawn84: folds 
erpaye: folds 
*** FLOP *** [9c 6s 2h]
blistein: checks 
nimburkx: bets $2.80
blistein: calls $2.80
*** TURN *** [9c 6s 2h] [8c]
blistein: checks 
nimburkx: checks 
*** RIVER *** [9c 6s 2h 8c] [7h]
blistein: checks 
nimburkx: checks 
*** SHOW DOWN ***
blistein: shows [6c Ac] (a pair of Sixes)
nimburkx: mucks hand 
blistein collected $10.92 from pot
*** SUMMARY ***
Total pot $11.50 | Rake $0.58 
Board [9c 6s 2h 8c 7h]
Seat 4: CichiChanMarian
Seat 1: BrilliantDawn84 (small blind) folded before Flop
Seat 2: erpaye (big blind) folded before Flop
Seat 3: blistein showed [6c Ac] and won ($10.92) with a pair of Sixes
Seat 5: nimburkx mucked
Seat 6: janarr5 (button) folded before Flop (didn't bet)



PokerStars Hand #254513259457:  Hold'em No Limit ($0.50/$1.00 USD) - 2025/01/23 12:24:00 WET [2025/01/23 7:24:00 ET]
Table 'Achird III' 6-max Seat #1 is the button
Seat 3: blistein ($105.92 in chips) is sitting out
Seat 4: CichiChanMarian ($130.62 in chips) is sitting out
Seat 1: BrilliantDawn84 ($98 in chips) 
Seat 2: erpaye ($100 in chips) 
Seat 5: nimburkx ($84.99 in chips) 
Seat 6: janarr5 ($107.65 in chips) 
erpaye: posts small blind $0.50
blistein: is sitting out 
nimburkx: posts big blind $1
*** HOLE CARDS ***
janarr5: raises $1.25 to $2.25
BrilliantDawn84: folds 
blistein leaves the table
erpaye: folds 
nimburkx: raises $1.25 to $3.50
janarr5: calls $1.25
*** FLOP *** [As Tc Td]
nimburkx: bets $3.56
janarr5: calls $3.56
*** TURN *** [As Tc Td] [Ac]
nimburkx: checks 
janarr5: checks 
*** RIVER *** [As Tc Td Ac] [8c]
nimburkx: checks 
janarr5: bets $9.17
nimburkx: folds 
Uncalled bet ($9.17) returned to janarr5
janarr5 collected $13.89 from pot
janarr5: doesn't show hand 
*** SUMMARY ***
Total pot $14.62 | Rake $0.73 
Board [As Tc Td Ac 8c]
Seat 3: blistein
Seat 4: CichiChanMarian
Seat 1: BrilliantDawn84 (button) folded before Flop (didn't bet)
Seat 2: erpaye (small blind) folded before Flop
Seat 5: nimburkx (big blind) folded on the River
Seat 6: janarr5 collected ($13.89)



PokerStars Hand #254513263003:  Hold'em No Limit ($0.50/$1.00 USD) - 2025/01/23 12:24:30 WET [2025/01/23 7:24:30 ET]
Table 'Achird III' 6-max Seat #2 is the button
Seat 4: CichiChanMarian ($130.62 in chips) is sitting out
Seat 1: BrilliantDawn84 ($98 in chips) 
Seat 2: erpaye ($100 in chips) 
Seat 5: nimburkx ($77.93 in chips) 
Seat 6: janarr5 ($114.48 in chips) 
nimburkx: posts small blind $0.50
janarr5: posts big blind $1
*** HOLE CARDS ***
BrilliantDawn84: folds 
erpaye: raises $1.30 to $2.30
nimburkx: folds 
janarr5: folds 
Uncalled bet ($1.30) returned to erpaye
erpaye collected $2.50 from pot
erpaye: doesn't show hand 
*** SUMMARY ***
Total pot $2.50 | Rake $0 
Seat 4: CichiChanMarian
Seat 1: BrilliantDawn84 folded before Flop (didn't bet)
Seat 2: erpaye (button) collected ($2.50)
Seat 5: nimburkx (small blind) folded before Flop
Seat 6: janarr5 (big blind) folded before Flop



PokerStars Hand #254513264339:  Hold'em No Limit ($0.50/$1.00 USD) - 2025/01/23 12:24:41 WET [2025/01/23 7:24:41 ET]
Table 'Achird III' 6-max Seat #5 is the button
Seat 4: CichiChanMarian ($130.62 in chips) is sitting out
Seat 1: BrilliantDawn84 ($98 in chips) 
Seat 2: erpaye ($101.50 in chips) 
Seat 5: nimburkx ($77.43 in chips) 
Seat 6: janarr5 ($113.48 in chips) 
janarr5: posts small blind $0.50
BrilliantDawn84: posts big blind $1
*** HOLE CARDS ***
Pippa83 joins the table at seat #3 
erpaye: folds 
nimburkx: folds 
janarr5: raises $2 to $3
BrilliantDawn84: folds 
Uncalled bet ($2) returned to janarr5
janarr5 collected $2 from pot
janarr5: doesn't show hand 
*** SUMMARY ***
Total pot $2 | Rake $0 
Seat 4: CichiChanMarian
Seat 1: BrilliantDawn84 (big blind) folded before Flop
Seat 2: erpaye folded before Flop (didn't bet)
Seat 5: nimburkx (button) folded before Flop (didn't bet)
Seat 6: janarr5 (small blind) collected ($2)



PokerStars Hand #254513265624:  Hold'em No Limit ($0.50/$1.00 USD) - 2025/01/23 12:24:52 WET [2025/01/23 7:24:52 ET]
Table 'Achird III' 6-max Seat #6 is the button
Seat 3: Pippa83 ($100 in chips) is sitting out
Seat 4: CichiChanMarian ($130.62 in chips) is sitting out
Seat 1: BrilliantDawn84 ($97 in chips) 
Seat 2: erpaye ($101.50 in chips) 
Seat 5: nimburkx ($77.43 in chips) 
Seat 6: janarr5 ($114.48 in chips) 
BrilliantDawn84: posts small blind $0.50
erpaye: posts big blind $1
Pippa83: sits out 
*** HOLE CARDS ***
nimburkx: folds 
janarr5: folds 
BrilliantDawn84: folds 
Uncalled bet ($0.50) returned to erpaye
erpaye collected $1 from pot
erpaye: doesn't show hand 
*** SUMMARY ***
Total pot $1 | Rake $0 
Seat 3: Pippa83
Seat 4: CichiChanMarian
Seat 1: BrilliantDawn84 (small blind) folded before Flop
Seat 2: erpaye (big blind) collected ($1)
Seat 5: nimburkx folded before Flop (didn't bet)
Seat 6: janarr5 (button) folded before Flop (didn't bet)



PokerStars Hand #254513267537:  Hold'em No Limit ($0.50/$1.00 USD) - 2025/01/23 12:25:09 WET [2025/01/23 7:25:09 ET]
Table 'Achird III' 6-max Seat #1 is the button
Seat 4: CichiChanMarian ($130.62 in chips) is sitting out
Seat 1: BrilliantDawn84 ($96.50 in chips) 
Seat 2: erpaye ($102 in chips) 
Seat 3: Pippa83 ($100 in chips) 
Seat 5: nimburkx ($77.43 in chips) 
Seat 6: janarr5 ($114.48 in chips) 
erpaye: posts small blind $0.50
Pippa83: posts big blind $1
*** HOLE CARDS ***
nimburkx: raises $2 to $3
janarr5: folds 
BrilliantDawn84: calls $3
erpaye: folds 
Pippa83: folds 
*** FLOP *** [Kc 4c 9d]
nimburkx: bets $7.12
BrilliantDawn84: folds 
Uncalled bet ($7.12) returned to nimburkx
nimburkx collected $7.12 from pot
*** SUMMARY ***
Total pot $7.50 | Rake $0.38 
Board [Kc 4c 9d]
Seat 4: CichiChanMarian
Seat 1: BrilliantDawn84 (button) folded on the Flop
Seat 2: erpaye (small blind) folded before Flop
Seat 3: Pippa83 (big blind) folded before Flop
Seat 5: nimburkx collected ($7.12)
Seat 6: janarr5 folded before Flop (didn't bet)



PokerStars Hand #254513270107:  Hold'em No Limit ($0.50/$1.00 USD) - 2025/01/23 12:25:30 WET [2025/01/23 7:25:30 ET]
Table 'Achird III' 6-max Seat #2 is the button
Seat 4: CichiChanMarian ($130.62 in chips) is sitting out
Seat 1: BrilliantDawn84 ($93.50 in chips) 
Seat 2: erpaye ($101.50 in chips) 
Seat 3: Pippa83 ($100 in chips) 
Seat 5: nimburkx ($81.55 in chips) 
Seat 6: janarr5 ($114.48 in chips) 
Pippa83: posts small blind $0.50
nimburkx: posts big blind $1
*** HOLE CARDS ***
janarr5: raises $1.25 to $2.25
BrilliantDawn84: folds 
erpaye: calls $2.25
Pippa83: folds 
nimburkx: calls $1.25
*** FLOP *** [8s 9d 5d]
nimburkx: checks 
janarr5: checks 
erpaye: checks 
*** TURN *** [8s 9d 5d] [4s]
nimburkx: bets $6.89
janarr5: calls $6.89
erpaye: folds 
*** RIVER *** [8s 9d 5d 4s] [5s]
nimburkx: checks 
janarr5: checks 
*** SHOW DOWN ***
nimburkx: shows [4d Ad] (two pair, Fives and Fours)
janarr5: shows [Jc Jh] (two pair, Jacks and Fives)
janarr5 collected $19.98 from pot
*** SUMMARY ***
Total pot $21.03 | Rake $1.05 
Board [8s 9d 5d 4s 5s]
Seat 4: CichiChanMarian
Seat 1: BrilliantDawn84 folded before Flop (didn't bet)
Seat 2: erpaye (button) folded on the Turn
Seat 3: Pippa83 (small blind) folded before Flop
Seat 5: nimburkx (big blind) showed [4d Ad] and lost with two pair, Fives and Fours
Seat 6: janarr5 showed [Jc Jh] and won ($19.98) with two pair, Jacks and Fives



PokerStars Hand #254513277104:  Hold'em No Limit ($0.50/$1.00 USD) - 2025/01/23 12:26:29 WET [2025/01/23 7:26:29 ET]
Table 'Achird III' 6-max Seat #3 is the button
Seat 4: CichiChanMarian ($130.62 in chips) is sitting out
Seat 1: BrilliantDawn84 ($93.50 in chips) 
Seat 2: erpaye ($100 in chips) 
Seat 3: Pippa83 ($100 in chips) 
Seat 5: nimburkx ($72.41 in chips) 
Seat 6: janarr5 ($125.32 in chips) 
nimburkx: posts small blind $0.50
janarr5: posts big blind $1
*** HOLE CARDS ***
BrilliantDawn84: folds 
erpaye: raises $1.10 to $2.10
Pippa83: folds 
nimburkx: folds 
janarr5: calls $1.10
*** FLOP *** [6c 8d 4d]
janarr5: checks 
erpaye: checks 
*** TURN *** [6c 8d 4d] [As]
janarr5: checks 
erpaye: checks 
*** RIVER *** [6c 8d 4d As] [9s]
janarr5: checks 
erpaye: checks 
*** SHOW DOWN ***
janarr5: shows [4h 6h] (two pair, Sixes and Fours)
erpaye: mucks hand 
janarr5 collected $4.46 from pot
*** SUMMARY ***
Total pot $4.70 | Rake $0.24 
Board [6c 8d 4d As 9s]
Seat 4: CichiChanMarian
Seat 1: BrilliantDawn84 folded before Flop (didn't bet)
Seat 2: erpaye mucked
Seat 3: Pippa83 (button) folded before Flop (didn't bet)
Seat 5: nimburkx (small blind) folded before Flop
Seat 6: janarr5 (big blind) showed [4h 6h] and won ($4.46) with two pair, Sixes and Fours



PokerStars Hand #254513284185:  Hold'em No Limit ($0.50/$1.00 USD) - 2025/01/23 12:27:28 WET [2025/01/23 7:27:28 ET]
Table 'Achird III' 6-max Seat #5 is the button
Seat 4: CichiChanMarian ($130.62 in chips) is sitting out
Seat 1: BrilliantDawn84 ($93.50 in chips) 
Seat 2: erpaye ($100 in chips) 
Seat 3: Pippa83 ($100 in chips) 
Seat 5: nimburkx ($71.91 in chips) 
Seat 6: janarr5 ($127.68 in chips) 
janarr5: posts small blind $0.50
BrilliantDawn84: posts big blind $1
*** HOLE CARDS ***
erpaye: folds 
Pippa83: folds 
nimburkx: folds 
janarr5: raises $2 to $3
BrilliantDawn84: calls $2
*** FLOP *** [Qd Qc 9h]
janarr5: bets $1.88
BrilliantDawn84: calls $1.88
*** TURN *** [Qd Qc 9h] [4s]
janarr5: checks 
BrilliantDawn84: bets $5.64
janarr5: folds 
Uncalled bet ($5.64) returned to BrilliantDawn84
BrilliantDawn84 collected $9.27 from pot
BrilliantDawn84: doesn't show hand 
*** SUMMARY ***
Total pot $9.76 | Rake $0.49 
Board [Qd Qc 9h 4s]
Seat 4: CichiChanMarian
Seat 1: BrilliantDawn84 (big blind) collected ($9.27)
Seat 2: erpaye folded before Flop (didn't bet)
Seat 3: Pippa83 folded before Flop (didn't bet)
Seat 5: nimburkx (button) folded before Flop (didn't bet)
Seat 6: janarr5 (small blind) folded on the Turn



PokerStars Hand #254513288694:  Hold'em No Limit ($0.50/$1.00 USD) - 2025/01/23 12:28:04 WET [2025/01/23 7:28:04 ET]
Table 'Achird III' 6-max Seat #6 is the button
Seat 4: CichiChanMarian ($130.62 in chips) is sitting out
Seat 1: BrilliantDawn84 ($100 in chips) 
Seat 2: erpaye ($100 in chips) 
Seat 3: Pippa83 ($100 in chips) 
Seat 5: nimburkx ($71.91 in chips) 
Seat 6: janarr5 ($122.80 in chips) 
BrilliantDawn84: posts small blind $0.50
erpaye: posts big blind $1
*** HOLE CARDS ***
Pippa83: folds 
nimburkx: raises $2 to $3
janarr5: folds 
BrilliantDawn84: folds 
erpaye: calls $2
*** FLOP *** [5s Qd 9c]
erpaye: checks 
nimburkx: bets $3.09
erpaye: folds 
Uncalled bet ($3.09) returned to nimburkx
nimburkx collected $6.18 from pot
*** SUMMARY ***
Total pot $6.50 | Rake $0.32 
Board [5s Qd 9c]
Seat 4: CichiChanMarian
Seat 1: BrilliantDawn84 (small blind) folded before Flop
Seat 2: erpaye (big blind) folded on the Flop
Seat 3: Pippa83 folded before Flop (didn't bet)
Seat 5: nimburkx collected ($6.18)
Seat 6: janarr5 (button) folded before Flop (didn't bet)



PokerStars Hand #254513292541:  Hold'em No Limit ($0.50/$1.00 USD) - 2025/01/23 12:28:36 WET [2025/01/23 7:28:36 ET]
Table 'Achird III' 6-max Seat #1 is the button
Seat 4: CichiChanMarian ($130.62 in chips) is sitting out
Seat 1: BrilliantDawn84 ($99.50 in chips) 
Seat 2: erpaye ($100 in chips) 
Seat 3: Pippa83 ($100 in chips) 
Seat 5: nimburkx ($75.09 in chips) 
Seat 6: janarr5 ($122.80 in chips) 
erpaye: posts small blind $0.50
Pippa83: posts big blind $1
*** HOLE CARDS ***
nimburkx: raises $2 to $3
janarr5: folds 
BrilliantDawn84: folds 
erpaye: folds 
Pippa83: folds 
Uncalled bet ($2) returned to nimburkx
nimburkx collected $2.50 from pot
*** SUMMARY ***
Total pot $2.50 | Rake $0 
Seat 4: CichiChanMarian
Seat 1: BrilliantDawn84 (button) folded before Flop (didn't bet)
Seat 2: erpaye (small blind) folded before Flop
Seat 3: Pippa83 (big blind) folded before Flop
Seat 5: nimburkx collected ($2.50)
Seat 6: janarr5 folded before Flop (didn't bet)



PokerStars Hand #254513293892:  Hold'em No Limit ($0.50/$1.00 USD) - 2025/01/23 12:28:47 WET [2025/01/23 7:28:47 ET]
Table 'Achird III' 6-max Seat #2 is the button
Seat 4: CichiChanMarian ($130.62 in chips) is sitting out
Seat 1: BrilliantDawn84 ($99.50 in chips) 
Seat 2: erpaye ($100 in chips) 
Seat 3: Pippa83 ($100 in chips) 
Seat 5: nimburkx ($76.59 in chips) 
Seat 6: janarr5 ($122.80 in chips) 
Pippa83: posts small blind $0.50
nimburkx: posts big blind $1
*** HOLE CARDS ***
janarr5: folds 
BrilliantDawn84: raises $1.50 to $2.50
erpaye: folds 
Pippa83: folds 
nimburkx: folds 
Uncalled bet ($1.50) returned to BrilliantDawn84
BrilliantDawn84 collected $2.50 from pot
CichiChanMarian leaves the table
BrilliantDawn84: doesn't show hand 
*** SUMMARY ***
Total pot $2.50 | Rake $0 
Seat 4: CichiChanMarian
Seat 1: BrilliantDawn84 collected ($2.50)
Seat 2: erpaye (button) folded before Flop (didn't bet)
Seat 3: Pippa83 (small blind) folded before Flop
Seat 5: nimburkx (big blind) folded before Flop
Seat 6: janarr5 folded before Flop (didn't bet)



PokerStars Hand #254513295439:  Hold'em No Limit ($0.50/$1.00 USD) - 2025/01/23 12:29:00 WET [2025/01/23 7:29:00 ET]
Table 'Achird III' 6-max Seat #3 is the button
Seat 1: BrilliantDawn84 ($101 in chips) 
Seat 2: erpaye ($100 in chips) 
Seat 3: Pippa83 ($100 in chips) 
Seat 5: nimburkx ($75.59 in chips) 
Seat 6: janarr5 ($122.80 in chips) 
nimburkx: posts small blind $0.50
janarr5: posts big blind $1
*** HOLE CARDS ***
BrilliantDawn84: folds 
erpaye: folds 
Pippa83: raises $1.50 to $2.50
nimburkx: calls $2
janarr5: folds 
*** FLOP *** [Js 2c 9c]
AlexEliseev7 joins the table at seat #4 
nimburkx: bets $2.85
Pippa83: calls $2.85
*** TURN *** [Js 2c 9c] [Td]
nimburkx: checks 
Pippa83: checks 
*** RIVER *** [Js 2c 9c Td] [Qd]
nimburkx: bets $2
Pippa83: raises $12 to $14
nimburkx: folds 
Uncalled bet ($12) returned to Pippa83
Pippa83 collected $14.92 from pot
Pippa83: doesn't show hand 
*** SUMMARY ***
Total pot $15.70 | Rake $0.78 
Board [Js 2c 9c Td Qd]
Seat 1: BrilliantDawn84 folded before Flop (didn't bet)
Seat 2: erpaye folded before Flop (didn't bet)
Seat 3: Pippa83 (button) collected ($14.92)
Seat 5: nimburkx (small blind) folded on the River
Seat 6: janarr5 (big blind) folded before Flop



PokerStars Hand #254513303762:  Hold'em No Limit ($0.50/$1.00 USD) - 2025/01/23 12:30:06 WET [2025/01/23 7:30:06 ET]
Table 'Achird III' 6-max Seat #5 is the button
Seat 4: AlexEliseev7 ($100 in chips) is sitting out
Seat 1: BrilliantDawn84 ($101 in chips) 
Seat 2: erpaye ($100 in chips) 
Seat 3: Pippa83 ($107.57 in chips) 
Seat 5: nimburkx ($68.24 in chips) 
Seat 6: janarr5 ($121.80 in chips) 
janarr5: posts small blind $0.50
BrilliantDawn84: posts big blind $1
AlexEliseev7: sits out 
*** HOLE CARDS ***
erpaye: folds 
Pippa83: folds 
nimburkx: folds 
janarr5: raises $2 to $3
BrilliantDawn84: folds 
Uncalled bet ($2) returned to janarr5
janarr5 collected $2 from pot
janarr5: doesn't show hand 
*** SUMMARY ***
Total pot $2 | Rake $0 
Seat 4: AlexEliseev7
Seat 1: BrilliantDawn84 (big blind) folded before Flop
Seat 2: erpaye folded before Flop (didn't bet)
Seat 3: Pippa83 folded before Flop (didn't bet)
Seat 5: nimburkx (button) folded before Flop (didn't bet)
Seat 6: janarr5 (small blind) collected ($2)



PokerStars Hand #254513305295:  Hold'em No Limit ($0.50/$1.00 USD) - 2025/01/23 12:30:18 WET [2025/01/23 7:30:18 ET]
Table 'Achird III' 6-max Seat #6 is the button
Seat 4: AlexEliseev7 ($100 in chips) is sitting out
Seat 1: BrilliantDawn84 ($100 in chips) 
Seat 2: erpaye ($100 in chips) 
Seat 3: Pippa83 ($107.57 in chips) 
Seat 5: nimburkx ($68.24 in chips) 
Seat 6: janarr5 ($122.80 in chips) 
BrilliantDawn84: posts small blind $0.50
erpaye: posts big blind $1
AlexEliseev7: sits out 
*** HOLE CARDS ***
Pippa83: folds 
nimburkx: folds 
janarr5: folds 
BrilliantDawn84: folds 
Uncalled bet ($0.50) returned to erpaye
erpaye collected $1 from pot
erpaye: doesn't show hand 
*** SUMMARY ***
Total pot $1 | Rake $0 
Seat 4: AlexEliseev7
Seat 1: BrilliantDawn84 (small blind) folded before Flop
Seat 2: erpaye (big blind) collected ($1)
Seat 3: Pippa83 folded before Flop (didn't bet)
Seat 5: nimburkx folded before Flop (didn't bet)
Seat 6: janarr5 (button) folded before Flop (didn't bet)



PokerStars Hand #254513306805:  Hold'em No Limit ($0.50/$1.00 USD) - 2025/01/23 12:30:30 WET [2025/01/23 7:30:30 ET]
Table 'Achird III' 6-max Seat #1 is the button
Seat 4: AlexEliseev7 ($100 in chips) is sitting out
Seat 1: BrilliantDawn84 ($99.50 in chips) 
Seat 2: erpaye ($100.50 in chips) 
Seat 3: Pippa83 ($107.57 in chips) 
Seat 5: nimburkx ($68.24 in chips) 
Seat 6: janarr5 ($122.80 in chips) 
erpaye: posts small blind $0.50
Pippa83: posts big blind $1
AlexEliseev7: sits out 
*** HOLE CARDS ***
nimburkx: raises $2 to $3
janarr5: folds 
BrilliantDawn84: calls $3
erpaye: folds 
Pippa83: folds 
*** FLOP *** [9h 7c As]
nimburkx: bets $3.56
BrilliantDawn84: calls $3.56
*** TURN *** [9h 7c As] [2c]
nimburkx: checks 
BrilliantDawn84: checks 
*** RIVER *** [9h 7c As 2c] [8c]
nimburkx: checks 
BrilliantDawn84: checks 
*** SHOW DOWN ***
nimburkx: shows [Jc Qd] (high card Ace)
BrilliantDawn84: shows [Td Ts] (a pair of Tens)
BrilliantDawn84 collected $13.89 from pot
*** SUMMARY ***
Total pot $14.62 | Rake $0.73 
Board [9h 7c As 2c 8c]
Seat 4: AlexEliseev7
Seat 1: BrilliantDawn84 (button) showed [Td Ts] and won ($13.89) with a pair of Tens
Seat 2: erpaye (small blind) folded before Flop
Seat 3: Pippa83 (big blind) folded before Flop
Seat 5: nimburkx showed [Jc Qd] and lost with high card Ace
Seat 6: janarr5 folded before Flop (didn't bet)



PokerStars Hand #254513314242:  Hold'em No Limit ($0.50/$1.00 USD) - 2025/01/23 12:31:28 WET [2025/01/23 7:31:28 ET]
Table 'Achird III' 6-max Seat #2 is the button
Seat 1: BrilliantDawn84 ($106.83 in chips) 
Seat 2: erpaye ($100 in chips) 
Seat 3: Pippa83 ($106.57 in chips) 
Seat 4: AlexEliseev7 ($100 in chips) 
Seat 5: nimburkx ($61.68 in chips) 
Seat 6: janarr5 ($122.80 in chips) 
Pippa83: posts small blind $0.50
AlexEliseev7: posts big blind $1
*** HOLE CARDS ***
nimburkx: folds 
janarr5: folds 
BrilliantDawn84: raises $1.50 to $2.50
erpaye: folds 
Pippa83: folds 
AlexEliseev7: calls $1.50
*** FLOP *** [Qs 5s 8c]
AlexEliseev7: checks 
BrilliantDawn84: bets $2.61
AlexEliseev7: folds 
Uncalled bet ($2.61) returned to BrilliantDawn84
BrilliantDawn84 collected $5.22 from pot
BrilliantDawn84: doesn't show hand 
*** SUMMARY ***
Total pot $5.50 | Rake $0.28 
Board [Qs 5s 8c]
Seat 1: BrilliantDawn84 collected ($5.22)
Seat 2: erpaye (button) folded before Flop (didn't bet)
Seat 3: Pippa83 (small blind) folded before Flop
Seat 4: AlexEliseev7 (big blind) folded on the Flop
Seat 5: nimburkx folded before Flop (didn't bet)
Seat 6: janarr5 folded before Flop (didn't bet)



PokerStars Hand #254513320005:  Hold'em No Limit ($0.50/$1.00 USD) - 2025/01/23 12:32:15 WET [2025/01/23 7:32:15 ET]
Table 'Achird III' 6-max Seat #3 is the button
Seat 1: BrilliantDawn84 ($109.55 in chips) 
Seat 2: erpaye ($100 in chips) 
Seat 3: Pippa83 ($106.07 in chips) 
Seat 4: AlexEliseev7 ($100 in chips) 
Seat 5: nimburkx ($61.68 in chips) 
Seat 6: janarr5 ($122.80 in chips) 
AlexEliseev7: posts small blind $0.50
nimburkx: posts big blind $1
*** HOLE CARDS ***
janarr5: folds 
BrilliantDawn84: raises $1.50 to $2.50
erpaye: folds 
Pippa83: folds 
AlexEliseev7: folds 
nimburkx: calls $1.50
*** FLOP *** [7h 5d Ac]
nimburkx: checks 
BrilliantDawn84: bets $2.61
nimburkx: calls $2.61
*** TURN *** [7h 5d Ac] [Kc]
nimburkx: checks 
BrilliantDawn84: checks 
*** RIVER *** [7h 5d Ac Kc] [Js]
nimburkx: bets $5.09
BrilliantDawn84: calls $5.09
*** SHOW DOWN ***
nimburkx: shows [6c Ad] (a pair of Aces)
BrilliantDawn84: shows [6s As] (a pair of Aces)
nimburkx collected $9.93 from pot
BrilliantDawn84 collected $9.93 from pot
*** SUMMARY ***
Total pot $20.90 | Rake $1.04 
Board [7h 5d Ac Kc Js]
Seat 1: BrilliantDawn84 showed [6s As] and won ($9.93) with a pair of Aces
Seat 2: erpaye folded before Flop (didn't bet)
Seat 3: Pippa83 (button) folded before Flop (didn't bet)
Seat 4: AlexEliseev7 (small blind) folded before Flop
Seat 5: nimburkx (big blind) showed [6c Ad] and won ($9.93) with a pair of Aces
Seat 6: janarr5 folded before Flop (didn't bet)



PokerStars Hand #254513324211:  Hold'em No Limit ($0.50/$1.00 USD) - 2025/01/23 12:32:49 WET [2025/01/23 7:32:49 ET]
Table 'Achird III' 6-max Seat #4 is the button
Seat 1: BrilliantDawn84 ($109.28 in chips) 
Seat 2: erpaye ($100 in chips) 
Seat 3: Pippa83 ($106.07 in chips) 
Seat 4: AlexEliseev7 ($100 in chips) 
Seat 5: nimburkx ($61.41 in chips) 
Seat 6: janarr5 ($122.80 in chips) 
nimburkx: posts small blind $0.50
janarr5: posts big blind $1
*** HOLE CARDS ***
BrilliantDawn84: raises $1.50 to $2.50
erpaye: calls $2.50
Pippa83: folds 
AlexEliseev7: folds 
nimburkx: calls $2
janarr5: folds 
*** FLOP *** [2d Jc Qc]
nimburkx: checks 
BrilliantDawn84: checks 
erpaye: bets $2.02
nimburkx: calls $2.02
BrilliantDawn84: calls $2.02
*** TURN *** [2d Jc Qc] [Qs]
nimburkx: checks 
BrilliantDawn84: checks 
erpaye: checks 
*** RIVER *** [2d Jc Qc Qs] [9s]
nimburkx: checks 
BrilliantDawn84: checks 
erpaye: checks 
*** SHOW DOWN ***
nimburkx: shows [9h 8h] (two pair, Queens and Nines)
BrilliantDawn84: shows [As Js] (two pair, Queens and Jacks)
erpaye: mucks hand 
BrilliantDawn84 collected $13.83 from pot
*** SUMMARY ***
Total pot $14.56 | Rake $0.73 
Board [2d Jc Qc Qs 9s]
Seat 1: BrilliantDawn84 showed [As Js] and won ($13.83) with two pair, Queens and Jacks
Seat 2: erpaye mucked
Seat 3: Pippa83 folded before Flop (didn't bet)
Seat 4: AlexEliseev7 (button) folded before Flop (didn't bet)
Seat 5: nimburkx (small blind) showed [9h 8h] and lost with two pair, Queens and Nines
Seat 6: janarr5 (big blind) folded before Flop



PokerStars Hand #254513332354:  Hold'em No Limit ($0.50/$1.00 USD) - 2025/01/23 12:33:53 WET [2025/01/23 7:33:53 ET]
Table 'Achird III' 6-max Seat #5 is the button
Seat 1: BrilliantDawn84 ($118.59 in chips) 
Seat 2: erpaye ($100 in chips) 
Seat 3: Pippa83 ($106.07 in chips) 
Seat 4: AlexEliseev7 ($100 in chips) 
Seat 5: nimburkx ($56.89 in chips) 
Seat 6: janarr5 ($121.80 in chips) 
janarr5: posts small blind $0.50
BrilliantDawn84: posts big blind $1
*** HOLE CARDS ***
erpaye: folds 
Pippa83: raises $1.20 to $2.20
AlexEliseev7: folds 
nimburkx: folds 
janarr5: folds 
BrilliantDawn84: folds 
Uncalled bet ($1.20) returned to Pippa83
Pippa83 collected $2.50 from pot
Pippa83: doesn't show hand 
*** SUMMARY ***
Total pot $2.50 | Rake $0 
Seat 1: BrilliantDawn84 (big blind) folded before Flop
Seat 2: erpaye folded before Flop (didn't bet)
Seat 3: Pippa83 collected ($2.50)
Seat 4: AlexEliseev7 folded before Flop (didn't bet)
Seat 5: nimburkx (button) folded before Flop (didn't bet)
Seat 6: janarr5 (small blind) folded before Flop



PokerStars Hand #254513334064:  Hold'em No Limit ($0.50/$1.00 USD) - 2025/01/23 12:34:07 WET [2025/01/23 7:34:07 ET]
Table 'Achird III' 6-max Seat #6 is the button
Seat 1: BrilliantDawn84 ($117.59 in chips) 
Seat 2: erpaye ($100 in chips) 
Seat 3: Pippa83 ($107.57 in chips) 
Seat 4: AlexEliseev7 ($100 in chips) 
Seat 5: nimburkx ($56.89 in chips) 
Seat 6: janarr5 ($121.30 in chips) 
BrilliantDawn84: posts small blind $0.50
erpaye: posts big blind $1
*** HOLE CARDS ***
Pippa83: folds 
AlexEliseev7: folds 
nimburkx: raises $2 to $3
janarr5: folds 
BrilliantDawn84: folds 
erpaye: folds 
Uncalled bet ($2) returned to nimburkx
nimburkx collected $2.50 from pot
*** SUMMARY ***
Total pot $2.50 | Rake $0 
Seat 1: BrilliantDawn84 (small blind) folded before Flop
Seat 2: erpaye (big blind) folded before Flop
Seat 3: Pippa83 folded before Flop (didn't bet)
Seat 4: AlexEliseev7 folded before Flop (didn't bet)
Seat 5: nimburkx collected ($2.50)
Seat 6: janarr5 (button) folded before Flop (didn't bet)



PokerStars Hand #254513336210:  Hold'em No Limit ($0.50/$1.00 USD) - 2025/01/23 12:34:24 WET [2025/01/23 7:34:24 ET]
Table 'Achird III' 6-max Seat #1 is the button
Seat 1: BrilliantDawn84 ($117.09 in chips) 
Seat 2: erpaye ($100 in chips) 
Seat 3: Pippa83 ($107.57 in chips) 
Seat 4: AlexEliseev7 ($100 in chips) 
Seat 5: nimburkx ($58.39 in chips) 
Seat 6: janarr5 ($121.30 in chips) 
erpaye: posts small blind $0.50
Pippa83: posts big blind $1
*** HOLE CARDS ***
AlexEliseev7: folds 
nimburkx: raises $2 to $3
janarr5: folds 
BrilliantDawn84: calls $3
erpaye: folds 
Pippa83: folds 
*** FLOP *** [Qc 4d 9c]
nimburkx: checks 
BrilliantDawn84: checks 
*** TURN *** [Qc 4d 9c] [Kd]
nimburkx: checks 
BrilliantDawn84: bets $3.56
nimburkx: calls $3.56
*** RIVER *** [Qc 4d 9c Kd] [Kh]
nimburkx: checks 
BrilliantDawn84: checks 
*** SHOW DOWN ***
nimburkx: shows [As Td] (a pair of Kings)
BrilliantDawn84: shows [9h Jh] (two pair, Kings and Nines)
BrilliantDawn84 collected $13.89 from pot
*** SUMMARY ***
Total pot $14.62 | Rake $0.73 
Board [Qc 4d 9c Kd Kh]
Seat 1: BrilliantDawn84 (button) showed [9h Jh] and won ($13.89) with two pair, Kings and Nines
Seat 2: erpaye (small blind) folded before Flop
Seat 3: Pippa83 (big blind) folded before Flop
Seat 4: AlexEliseev7 folded before Flop (didn't bet)
Seat 5: nimburkx showed [As Td] and lost with a pair of Kings
Seat 6: janarr5 folded before Flop (didn't bet)



PokerStars Hand #254513340618:  Hold'em No Limit ($0.50/$1.00 USD) - 2025/01/23 12:35:00 WET [2025/01/23 7:35:00 ET]
Table 'Achird III' 6-max Seat #2 is the button
Seat 1: BrilliantDawn84 ($124.42 in chips) 
Seat 2: erpaye ($100 in chips) 
Seat 3: Pippa83 ($106.57 in chips) 
Seat 4: AlexEliseev7 ($100 in chips) 
Seat 5: nimburkx ($51.83 in chips) 
Seat 6: janarr5 ($121.30 in chips) 
Pippa83: posts small blind $0.50
AlexEliseev7: posts big blind $1
*** HOLE CARDS ***
nimburkx: folds 
janarr5: folds 
BrilliantDawn84: folds 
erpaye: raises $1.30 to $2.30
Pippa83: raises $9.20 to $11.50
AlexEliseev7: folds 
erpaye: calls $9.20
*** FLOP *** [Tc Ac 6c]
Pippa83: bets $2.50
erpaye: calls $2.50
*** TURN *** [Tc Ac 6c] [3h]
Pippa83: bets $5
erpaye: calls $5
*** RIVER *** [Tc Ac 6c 3h] [8d]
Pippa83: bets $3.50
erpaye: folds 
Uncalled bet ($3.50) returned to Pippa83
Pippa83 collected $37.05 from pot
Pippa83: doesn't show hand 
*** SUMMARY ***
Total pot $39 | Rake $1.95 
Board [Tc Ac 6c 3h 8d]
Seat 1: BrilliantDawn84 folded before Flop (didn't bet)
Seat 2: erpaye (button) folded on the River
Seat 3: Pippa83 (small blind) collected ($37.05)
Seat 4: AlexEliseev7 (big blind) folded before Flop
Seat 5: nimburkx folded before Flop (didn't bet)
Seat 6: janarr5 folded before Flop (didn't bet)



PokerStars Hand #254513356162:  Hold'em No Limit ($0.50/$1.00 USD) - 2025/01/23 12:37:00 WET [2025/01/23 7:37:00 ET]
Table 'Achird III' 6-max Seat #3 is the button
Seat 1: BrilliantDawn84 ($124.42 in chips) 
Seat 2: erpaye ($100 in chips) 
Seat 3: Pippa83 ($124.62 in chips) 
Seat 4: AlexEliseev7 ($100 in chips) 
Seat 5: nimburkx ($51.83 in chips) 
Seat 6: janarr5 ($121.30 in chips) 
AlexEliseev7: posts small blind $0.50
nimburkx: posts big blind $1
*** HOLE CARDS ***
janarr5: folds 
BrilliantDawn84: folds 
erpaye: folds 
Pippa83: raises $1 to $2
AlexEliseev7: folds 
nimburkx: calls $1
*** FLOP *** [8d 7c 5d]
nimburkx: bets $2.14
Pippa83: calls $2.14
*** TURN *** [8d 7c 5d] [Qc]
nimburkx: bets $8.34
Pippa83: raises $63.16 to $71.50
nimburkx: folds 
Uncalled bet ($63.16) returned to Pippa83
Pippa83 collected $24.19 from pot
Pippa83: doesn't show hand 
*** SUMMARY ***
Total pot $25.46 | Rake $1.27 
Board [8d 7c 5d Qc]
Seat 1: BrilliantDawn84 folded before Flop (didn't bet)
Seat 2: erpaye folded before Flop (didn't bet)
Seat 3: Pippa83 (button) collected ($24.19)
Seat 4: AlexEliseev7 (small blind) folded before Flop
Seat 5: nimburkx (big blind) folded on the Turn
Seat 6: janarr5 folded before Flop (didn't bet)



PokerStars Hand #254513366320:  Hold'em No Limit ($0.50/$1.00 USD) - 2025/01/23 12:38:19 WET [2025/01/23 7:38:19 ET]
Table 'Achird III' 6-max Seat #4 is the button
Seat 1: BrilliantDawn84 ($124.42 in chips) 
Seat 2: erpaye ($100 in chips) 
Seat 3: Pippa83 ($136.33 in chips) 
Seat 4: AlexEliseev7 ($100 in chips) 
Seat 5: nimburkx ($39.35 in chips) 
Seat 6: janarr5 ($121.30 in chips) 
nimburkx: posts small blind $0.50
janarr5: posts big blind $1
*** HOLE CARDS ***
BrilliantDawn84: folds 
erpaye: folds 
Pippa83: folds 
AlexEliseev7: folds 
nimburkx: raises $2 to $3
janarr5: calls $2
*** FLOP *** [3d 7s 6h]
nimburkx: checks 
janarr5: checks 
*** TURN *** [3d 7s 6h] [8h]
nimburkx: bets $5.70
janarr5: folds 
Uncalled bet ($5.70) returned to nimburkx
nimburkx collected $5.70 from pot
*** SUMMARY ***
Total pot $6 | Rake $0.30 
Board [3d 7s 6h 8h]
Seat 1: BrilliantDawn84 folded before Flop (didn't bet)
Seat 2: erpaye folded before Flop (didn't bet)
Seat 3: Pippa83 folded before Flop (didn't bet)
Seat 4: AlexEliseev7 (button) folded before Flop (didn't bet)
Seat 5: nimburkx (small blind) collected ($5.70)
Seat 6: janarr5 (big blind) folded on the Turn



PokerStars Hand #254513371785:  Hold'em No Limit ($0.50/$1.00 USD) - 2025/01/23 12:39:02 WET [2025/01/23 7:39:02 ET]
Table 'Achird III' 6-max Seat #5 is the button
Seat 1: BrilliantDawn84 ($124.42 in chips) 
Seat 2: erpaye ($100 in chips) 
Seat 3: Pippa83 ($136.33 in chips) 
Seat 4: AlexEliseev7 ($100 in chips) 
Seat 5: nimburkx ($42.05 in chips) 
Seat 6: janarr5 ($118.30 in chips) 
janarr5: posts small blind $0.50
BrilliantDawn84: posts big blind $1
*** HOLE CARDS ***
erpaye: raises $1.10 to $2.10
Pippa83: folds 
AlexEliseev7: folds 
nimburkx: folds 
janarr5: folds 
BrilliantDawn84: folds 
Uncalled bet ($1.10) returned to erpaye
erpaye collected $2.50 from pot
erpaye: doesn't show hand 
*** SUMMARY ***
Total pot $2.50 | Rake $0 
Seat 1: BrilliantDawn84 (big blind) folded before Flop
Seat 2: erpaye collected ($2.50)
Seat 3: Pippa83 folded before Flop (didn't bet)
Seat 4: AlexEliseev7 folded before Flop (didn't bet)
Seat 5: nimburkx (button) folded before Flop (didn't bet)
Seat 6: janarr5 (small blind) folded before Flop



PokerStars Hand #254513373540:  Hold'em No Limit ($0.50/$1.00 USD) - 2025/01/23 12:39:16 WET [2025/01/23 7:39:16 ET]
Table 'Achird III' 6-max Seat #6 is the button
Seat 1: BrilliantDawn84 ($123.42 in chips) 
Seat 2: erpaye ($101.50 in chips) 
Seat 3: Pippa83 ($136.33 in chips) 
Seat 4: AlexEliseev7 ($100 in chips) 
Seat 5: nimburkx ($42.05 in chips) 
Seat 6: janarr5 ($117.80 in chips) 
BrilliantDawn84: posts small blind $0.50
erpaye: posts big blind $1
*** HOLE CARDS ***
Pippa83: folds 
AlexEliseev7: raises $1.50 to $2.50
nimburkx: folds 
janarr5: folds 
BrilliantDawn84: folds 
erpaye: folds 
Uncalled bet ($1.50) returned to AlexEliseev7
AlexEliseev7 collected $2.50 from pot
AlexEliseev7: doesn't show hand 
*** SUMMARY ***
Total pot $2.50 | Rake $0 
Seat 1: BrilliantDawn84 (small blind) folded before Flop
Seat 2: erpaye (big blind) folded before Flop
Seat 3: Pippa83 folded before Flop (didn't bet)
Seat 4: AlexEliseev7 collected ($2.50)
Seat 5: nimburkx folded before Flop (didn't bet)
Seat 6: janarr5 (button) folded before Flop (didn't bet)



PokerStars Hand #254513376045:  Hold'em No Limit ($0.50/$1.00 USD) - 2025/01/23 12:39:35 WET [2025/01/23 7:39:35 ET]
Table 'Achird III' 6-max Seat #1 is the button
Seat 1: BrilliantDawn84 ($122.92 in chips) 
Seat 2: erpaye ($100.50 in chips) 
Seat 3: Pippa83 ($136.33 in chips) 
Seat 4: AlexEliseev7 ($101.50 in chips) 
Seat 5: nimburkx ($42.05 in chips) 
Seat 6: janarr5 ($117.80 in chips) 
erpaye: posts small blind $0.50
Pippa83: posts big blind $1
*** HOLE CARDS ***
AlexEliseev7: folds 
nimburkx: raises $2 to $3
janarr5: folds 
BrilliantDawn84: folds 
erpaye: folds 
Pippa83: folds 
Uncalled bet ($2) returned to nimburkx
nimburkx collected $2.50 from pot
*** SUMMARY ***
Total pot $2.50 | Rake $0 
Seat 1: BrilliantDawn84 (button) folded before Flop (didn't bet)
Seat 2: erpaye (small blind) folded before Flop
Seat 3: Pippa83 (big blind) folded before Flop
Seat 4: AlexEliseev7 folded before Flop (didn't bet)
Seat 5: nimburkx collected ($2.50)
Seat 6: janarr5 folded before Flop (didn't bet)



PokerStars Hand #254513378135:  Hold'em No Limit ($0.50/$1.00 USD) - 2025/01/23 12:39:51 WET [2025/01/23 7:39:51 ET]
Table 'Achird III' 6-max Seat #2 is the button
Seat 1: BrilliantDawn84 ($122.92 in chips) 
Seat 2: erpaye ($100 in chips) 
Seat 3: Pippa83 ($135.33 in chips) 
Seat 4: AlexEliseev7 ($101.50 in chips) 
Seat 5: nimburkx ($43.55 in chips) 
Seat 6: janarr5 ($117.80 in chips) 
Pippa83: posts small blind $0.50
AlexEliseev7: posts big blind $1
*** HOLE CARDS ***
nimburkx: folds 
janarr5: folds 
BrilliantDawn84: folds 
erpaye: raises $1 to $2
Pippa83: folds 
AlexEliseev7: raises $9 to $11
erpaye: raises $13 to $24
AlexEliseev7: raises $77.50 to $101.50 and is all-in
erpaye: calls $76 and is all-in
Uncalled bet ($1.50) returned to AlexEliseev7
AlexEliseev7 has timed out
*** FLOP *** [9d 9c 2c]
*** TURN *** [9d 9c 2c] [9s]
*** RIVER *** [9d 9c 2c 9s] [6c]
*** SHOW DOWN ***
AlexEliseev7: shows [Jd Js] (a full house, Nines full of Jacks)
erpaye: shows [Jh Jc] (a full house, Nines full of Jacks)
AlexEliseev7 collected $99 from pot
erpaye collected $99 from pot
*** SUMMARY ***
Total pot $200.50 | Rake $2.50 
Board [9d 9c 2c 9s 6c]
Seat 1: BrilliantDawn84 folded before Flop (didn't bet)
Seat 2: erpaye (button) showed [Jh Jc] and won ($99) with a full house, Nines full of Jacks
Seat 3: Pippa83 (small blind) folded before Flop
Seat 4: AlexEliseev7 (big blind) showed [Jd Js] and won ($99) with a full house, Nines full of Jacks
Seat 5: nimburkx folded before Flop (didn't bet)
Seat 6: janarr5 folded before Flop (didn't bet)



PokerStars Hand #254513391522:  Hold'em No Limit ($0.50/$1.00 USD) - 2025/01/23 12:41:35 WET [2025/01/23 7:41:35 ET]
Table 'Achird III' 6-max Seat #3 is the button
Seat 1: BrilliantDawn84 ($122.92 in chips) 
Seat 2: erpaye ($100 in chips) 
Seat 3: Pippa83 ($134.83 in chips) 
Seat 4: AlexEliseev7 ($100.50 in chips) 
Seat 5: nimburkx ($43.55 in chips) 
Seat 6: janarr5 ($117.80 in chips) 
AlexEliseev7: posts small blind $0.50
nimburkx: posts big blind $1
*** HOLE CARDS ***
janarr5: folds 
BrilliantDawn84: folds 
erpaye: folds 
Pippa83: raises $1.50 to $2.50
AlexEliseev7: folds 
nimburkx: folds 
Uncalled bet ($1.50) returned to Pippa83
Pippa83 collected $2.50 from pot
Pippa83: doesn't show hand 
*** SUMMARY ***
Total pot $2.50 | Rake $0 
Seat 1: BrilliantDawn84 folded before Flop (didn't bet)
Seat 2: erpaye folded before Flop (didn't bet)
Seat 3: Pippa83 (button) collected ($2.50)
Seat 4: AlexEliseev7 (small blind) folded before Flop
Seat 5: nimburkx (big blind) folded before Flop
Seat 6: janarr5 folded before Flop (didn't bet)



PokerStars Hand #254513393904:  Hold'em No Limit ($0.50/$1.00 USD) - 2025/01/23 12:41:53 WET [2025/01/23 7:41:53 ET]
Table 'Achird III' 6-max Seat #4 is the button
Seat 1: BrilliantDawn84 ($122.92 in chips) 
Seat 2: erpaye ($100 in chips) 
Seat 3: Pippa83 ($136.33 in chips) 
Seat 4: AlexEliseev7 ($100 in chips) 
Seat 5: nimburkx ($42.55 in chips) 
Seat 6: janarr5 ($117.80 in chips) 
nimburkx: posts small blind $0.50
janarr5: posts big blind $1
*** HOLE CARDS ***
BrilliantDawn84: folds 
erpaye: folds 
Pippa83: raises $1.50 to $2.50
AlexEliseev7: folds 
nimburkx: raises $5.50 to $8
janarr5: folds 
Pippa83: folds 
Uncalled bet ($5.50) returned to nimburkx
nimburkx collected $6 from pot
*** SUMMARY ***
Total pot $6 | Rake $0 
Seat 1: BrilliantDawn84 folded before Flop (didn't bet)
Seat 2: erpaye folded before Flop (didn't bet)
Seat 3: Pippa83 folded before Flop
Seat 4: AlexEliseev7 (button) folded before Flop (didn't bet)
Seat 5: nimburkx (small blind) collected ($6)
Seat 6: janarr5 (big blind) folded before Flop



PokerStars Hand #254513397660:  Hold'em No Limit ($0.50/$1.00 USD) - 2025/01/23 12:42:21 WET [2025/01/23 7:42:21 ET]
Table 'Achird III' 6-max Seat #5 is the button
Seat 1: BrilliantDawn84 ($122.92 in chips) 
Seat 2: erpaye ($100 in chips) 
Seat 3: Pippa83 ($133.83 in chips) 
Seat 4: AlexEliseev7 ($100 in chips) 
Seat 5: nimburkx ($46.05 in chips) 
Seat 6: janarr5 ($116.80 in chips) 
janarr5: posts small blind $0.50
BrilliantDawn84: posts big blind $1
*** HOLE CARDS ***
erpaye: folds 
Pippa83: folds 
AlexEliseev7: folds 
nimburkx: folds 
janarr5: raises $1.50 to $2.50
BrilliantDawn84: folds 
Uncalled bet ($1.50) returned to janarr5
janarr5 collected $2 from pot
janarr5: doesn't show hand 
*** SUMMARY ***
Total pot $2 | Rake $0 
Seat 1: BrilliantDawn84 (big blind) folded before Flop
Seat 2: erpaye folded before Flop (didn't bet)
Seat 3: Pippa83 folded before Flop (didn't bet)
Seat 4: AlexEliseev7 folded before Flop (didn't bet)
Seat 5: nimburkx (button) folded before Flop (didn't bet)
Seat 6: janarr5 (small blind) collected ($2)



PokerStars Hand #254513400422:  Hold'em No Limit ($0.50/$1.00 USD) - 2025/01/23 12:42:43 WET [2025/01/23 7:42:43 ET]
Table 'Achird III' 6-max Seat #6 is the button
Seat 1: BrilliantDawn84 ($121.92 in chips) 
Seat 2: erpaye ($100 in chips) 
Seat 3: Pippa83 ($133.83 in chips) 
Seat 4: AlexEliseev7 ($100 in chips) 
Seat 5: nimburkx ($46.05 in chips) 
Seat 6: janarr5 ($117.80 in chips) 
BrilliantDawn84: posts small blind $0.50
erpaye: posts big blind $1
*** HOLE CARDS ***
Pippa83: raises $1.20 to $2.20
AlexEliseev7: folds 
nimburkx: folds 
janarr5: folds 
BrilliantDawn84: folds 
erpaye: folds 
Uncalled bet ($1.20) returned to Pippa83
Pippa83 collected $2.50 from pot
Pippa83: doesn't show hand 
*** SUMMARY ***
Total pot $2.50 | Rake $0 
Seat 1: BrilliantDawn84 (small blind) folded before Flop
Seat 2: erpaye (big blind) folded before Flop
Seat 3: Pippa83 collected ($2.50)
Seat 4: AlexEliseev7 folded before Flop (didn't bet)
Seat 5: nimburkx folded before Flop (didn't bet)
Seat 6: janarr5 (button) folded before Flop (didn't bet)



PokerStars Hand #254513403000:  Hold'em No Limit ($0.50/$1.00 USD) - 2025/01/23 12:43:02 WET [2025/01/23 7:43:02 ET]
Table 'Achird III' 6-max Seat #1 is the button
Seat 1: BrilliantDawn84 ($121.42 in chips) 
Seat 2: erpaye ($100 in chips) 
Seat 3: Pippa83 ($135.33 in chips) 
Seat 4: AlexEliseev7 ($100 in chips) 
Seat 5: nimburkx ($46.05 in chips) 
Seat 6: janarr5 ($117.80 in chips) 
erpaye: posts small blind $0.50
Pippa83: posts big blind $1
*** HOLE CARDS ***
AlexEliseev7: folds 
nimburkx: raises $2 to $3
janarr5: folds 
BrilliantDawn84: folds 
erpaye: folds 
Pippa83: folds 
Uncalled bet ($2) returned to nimburkx
nimburkx collected $2.50 from pot
*** SUMMARY ***
Total pot $2.50 | Rake $0 
Seat 1: BrilliantDawn84 (button) folded before Flop (didn't bet)
Seat 2: erpaye (small blind) folded before Flop
Seat 3: Pippa83 (big blind) folded before Flop
Seat 4: AlexEliseev7 folded before Flop (didn't bet)
Seat 5: nimburkx collected ($2.50)
Seat 6: janarr5 folded before Flop (didn't bet)



PokerStars Hand #254513406118:  Hold'em No Limit ($0.50/$1.00 USD) - 2025/01/23 12:43:26 WET [2025/01/23 7:43:26 ET]
Table 'Achird III' 6-max Seat #2 is the button
Seat 1: BrilliantDawn84 ($121.42 in chips) 
Seat 2: erpaye ($100 in chips) 
Seat 3: Pippa83 ($134.33 in chips) 
Seat 4: AlexEliseev7 ($100 in chips) 
Seat 5: nimburkx ($47.55 in chips) 
Seat 6: janarr5 ($117.80 in chips) 
Pippa83: posts small blind $0.50
AlexEliseev7: posts big blind $1
*** HOLE CARDS ***
nimburkx: folds 
janarr5: folds 
BrilliantDawn84: folds 
erpaye: raises $1.30 to $2.30
Pippa83: folds 
AlexEliseev7: calls $1.30
*** FLOP *** [Ah 5d Qh]
AlexEliseev7: checks 
erpaye: checks 
*** TURN *** [Ah 5d Qh] [Ad]
AlexEliseev7: checks 
erpaye: checks 
*** RIVER *** [Ah 5d Qh Ad] [Qs]
AlexEliseev7: bets $3.78
erpaye: folds 
Uncalled bet ($3.78) returned to AlexEliseev7
AlexEliseev7 collected $4.84 from pot
AlexEliseev7: doesn't show hand 
*** SUMMARY ***
Total pot $5.10 | Rake $0.26 
Board [Ah 5d Qh Ad Qs]
Seat 1: BrilliantDawn84 folded before Flop (didn't bet)
Seat 2: erpaye (button) folded on the River
Seat 3: Pippa83 (small blind) folded before Flop
Seat 4: AlexEliseev7 (big blind) collected ($4.84)
Seat 5: nimburkx folded before Flop (didn't bet)
Seat 6: janarr5 folded before Flop (didn't bet)



PokerStars Hand #254513420982:  Hold'em No Limit ($0.50/$1.00 USD) - 2025/01/23 12:45:17 WET [2025/01/23 7:45:17 ET]
Table 'Achird III' 6-max Seat #3 is the button
Seat 1: BrilliantDawn84 ($121.42 in chips) 
Seat 2: erpaye ($100 in chips) 
Seat 3: Pippa83 ($133.83 in chips) 
Seat 4: AlexEliseev7 ($102.54 in chips) 
Seat 5: nimburkx ($47.55 in chips) 
Seat 6: janarr5 ($117.80 in chips) 
AlexEliseev7: posts small blind $0.50
nimburkx: posts big blind $1
*** HOLE CARDS ***
janarr5: raises $1.25 to $2.25
BrilliantDawn84: folds 
erpaye: folds 
Pippa83: folds 
AlexEliseev7: folds 
nimburkx: raises $6.25 to $8.50
janarr5: folds 
Uncalled bet ($6.25) returned to nimburkx
nimburkx collected $5 from pot
*** SUMMARY ***
Total pot $5 | Rake $0 
Seat 1: BrilliantDawn84 folded before Flop (didn't bet)
Seat 2: erpaye folded before Flop (didn't bet)
Seat 3: Pippa83 (button) folded before Flop (didn't bet)
Seat 4: AlexEliseev7 (small blind) folded before Flop
Seat 5: nimburkx (big blind) collected ($5)
Seat 6: janarr5 folded before Flop



PokerStars Hand #254513424262:  Hold'em No Limit ($0.50/$1.00 USD) - 2025/01/23 12:45:42 WET [2025/01/23 7:45:42 ET]
Table 'Achird III' 6-max Seat #4 is the button
Seat 1: BrilliantDawn84 ($121.42 in chips) 
Seat 2: erpaye ($100 in chips) 
Seat 3: Pippa83 ($133.83 in chips) 
Seat 4: AlexEliseev7 ($102.04 in chips) 
Seat 5: nimburkx ($50.30 in chips) 
Seat 6: janarr5 ($115.55 in chips) 
nimburkx: posts small blind $0.50
janarr5: posts big blind $1
*** HOLE CARDS ***
BrilliantDawn84: folds 
erpaye: folds 
Pippa83: folds 
AlexEliseev7: folds 
nimburkx: calls $0.50
janarr5: checks 
*** FLOP *** [Jh 7s Kh]
nimburkx: bets $1.90
janarr5: calls $1.90
*** TURN *** [Jh 7s Kh] [7d]
nimburkx: checks 
janarr5: checks 
*** RIVER *** [Jh 7s Kh 7d] [2h]
nimburkx: checks 
janarr5: checks 
*** SHOW DOWN ***
nimburkx: shows [8h Qd] (a pair of Sevens)
janarr5: shows [Js 3s] (two pair, Jacks and Sevens)
janarr5 collected $5.51 from pot
*** SUMMARY ***
Total pot $5.80 | Rake $0.29 
Board [Jh 7s Kh 7d 2h]
Seat 1: BrilliantDawn84 folded before Flop (didn't bet)
Seat 2: erpaye folded before Flop (didn't bet)
Seat 3: Pippa83 folded before Flop (didn't bet)
Seat 4: AlexEliseev7 (button) folded before Flop (didn't bet)
Seat 5: nimburkx (small blind) showed [8h Qd] and lost with a pair of Sevens
Seat 6: janarr5 (big blind) showed [Js 3s] and won ($5.51) with two pair, Jacks and Sevens



PokerStars Hand #254513428488:  Hold'em No Limit ($0.50/$1.00 USD) - 2025/01/23 12:46:12 WET [2025/01/23 7:46:12 ET]
Table 'Achird III' 6-max Seat #5 is the button
Seat 1: BrilliantDawn84 ($121.42 in chips) 
Seat 2: erpaye ($100 in chips) 
Seat 3: Pippa83 ($133.83 in chips) 
Seat 4: AlexEliseev7 ($102.04 in chips) 
Seat 5: nimburkx ($47.40 in chips) 
Seat 6: janarr5 ($118.16 in chips) 
janarr5: posts small blind $0.50
BrilliantDawn84: posts big blind $1
*** HOLE CARDS ***
erpaye: folds 
Pippa83: folds 
AlexEliseev7: folds 
nimburkx: folds 
janarr5: folds 
Uncalled bet ($0.50) returned to BrilliantDawn84
BrilliantDawn84 collected $1 from pot
BrilliantDawn84: doesn't show hand 
*** SUMMARY ***
Total pot $1 | Rake $0 
Seat 1: BrilliantDawn84 (big blind) collected ($1)
Seat 2: erpaye folded before Flop (didn't bet)
Seat 3: Pippa83 folded before Flop (didn't bet)
Seat 4: AlexEliseev7 folded before Flop (didn't bet)
Seat 5: nimburkx (button) folded before Flop (didn't bet)
Seat 6: janarr5 (small blind) folded before Flop



PokerStars Hand #254513430711:  Hold'em No Limit ($0.50/$1.00 USD) - 2025/01/23 12:46:29 WET [2025/01/23 7:46:29 ET]
Table 'Achird III' 6-max Seat #6 is the button
Seat 1: BrilliantDawn84 ($121.92 in chips) 
Seat 2: erpaye ($100 in chips) 
Seat 3: Pippa83 ($133.83 in chips) 
Seat 4: AlexEliseev7 ($102.04 in chips) 
Seat 5: nimburkx ($47.40 in chips) 
Seat 6: janarr5 ($117.66 in chips) 
BrilliantDawn84: posts small blind $0.50
erpaye: posts big blind $1
*** HOLE CARDS ***
Pippa83: raises $1.20 to $2.20
AlexEliseev7: folds 
nimburkx: folds 
janarr5: folds 
BrilliantDawn84: folds 
erpaye: folds 
Uncalled bet ($1.20) returned to Pippa83
Pippa83 collected $2.50 from pot
Pippa83: doesn't show hand 
*** SUMMARY ***
Total pot $2.50 | Rake $0 
Seat 1: BrilliantDawn84 (small blind) folded before Flop
Seat 2: erpaye (big blind) folded before Flop
Seat 3: Pippa83 collected ($2.50)
Seat 4: AlexEliseev7 folded before Flop (didn't bet)
Seat 5: nimburkx folded before Flop (didn't bet)
Seat 6: janarr5 (button) folded before Flop (didn't bet)



PokerStars Hand #254513432882:  Hold'em No Limit ($0.50/$1.00 USD) - 2025/01/23 12:46:45 WET [2025/01/23 7:46:45 ET]
Table 'Achird III' 6-max Seat #1 is the button
Seat 1: BrilliantDawn84 ($121.42 in chips) 
Seat 2: erpaye ($100 in chips) 
Seat 3: Pippa83 ($135.33 in chips) 
Seat 4: AlexEliseev7 ($102.04 in chips) 
Seat 5: nimburkx ($47.40 in chips) 
Seat 6: janarr5 ($117.66 in chips) 
erpaye: posts small blind $0.50
Pippa83: posts big blind $1
*** HOLE CARDS ***
AlexEliseev7: folds 
nimburkx: folds 
janarr5: folds 
BrilliantDawn84: raises $1.50 to $2.50
erpaye: folds 
Pippa83: calls $1.50
*** FLOP *** [6h Jc 8d]
Pippa83: checks 
BrilliantDawn84: bets $2.61
Pippa83: folds 
Uncalled bet ($2.61) returned to BrilliantDawn84
BrilliantDawn84 collected $5.22 from pot
BrilliantDawn84: doesn't show hand 
*** SUMMARY ***
Total pot $5.50 | Rake $0.28 
Board [6h Jc 8d]
Seat 1: BrilliantDawn84 (button) collected ($5.22)
Seat 2: erpaye (small blind) folded before Flop
Seat 3: Pippa83 (big blind) folded on the Flop
Seat 4: AlexEliseev7 folded before Flop (didn't bet)
Seat 5: nimburkx folded before Flop (didn't bet)
Seat 6: janarr5 folded before Flop (didn't bet)



PokerStars Hand #254513438873:  Hold'em No Limit ($0.50/$1.00 USD) - 2025/01/23 12:47:29 WET [2025/01/23 7:47:29 ET]
Table 'Achird III' 6-max Seat #2 is the button
Seat 1: BrilliantDawn84 ($124.14 in chips) 
Seat 2: erpaye ($100 in chips) 
Seat 3: Pippa83 ($132.83 in chips) 
Seat 4: AlexEliseev7 ($102.04 in chips) 
Seat 5: nimburkx ($47.40 in chips) 
Seat 6: janarr5 ($117.66 in chips) 
Pippa83: posts small blind $0.50
AlexEliseev7: posts big blind $1
*** HOLE CARDS ***
nimburkx: raises $2 to $3
janarr5: folds 
BrilliantDawn84: folds 
erpaye: folds 
Pippa83: folds 
AlexEliseev7: folds 
Uncalled bet ($2) returned to nimburkx
nimburkx collected $2.50 from pot
*** SUMMARY ***
Total pot $2.50 | Rake $0 
Seat 1: BrilliantDawn84 folded before Flop (didn't bet)
Seat 2: erpaye (button) folded before Flop (didn't bet)
Seat 3: Pippa83 (small blind) folded before Flop
Seat 4: AlexEliseev7 (big blind) folded before Flop
Seat 5: nimburkx collected ($2.50)
Seat 6: janarr5 folded before Flop (didn't bet)



PokerStars Hand #254513441936:  Hold'em No Limit ($0.50/$1.00 USD) - 2025/01/23 12:47:52 WET [2025/01/23 7:47:52 ET]
Table 'Achird III' 6-max Seat #3 is the button
Seat 1: BrilliantDawn84 ($124.14 in chips) 
Seat 2: erpaye ($100 in chips) 
Seat 3: Pippa83 ($132.33 in chips) 
Seat 4: AlexEliseev7 ($101.04 in chips) 
Seat 5: nimburkx ($48.90 in chips) 
Seat 6: janarr5 ($117.66 in chips) 
AlexEliseev7: posts small blind $0.50
nimburkx: posts big blind $1
*** HOLE CARDS ***
janarr5: folds 
BrilliantDawn84: folds 
erpaye: folds 
Pippa83: raises $1.50 to $2.50
AlexEliseev7: folds 
nimburkx: raises $5.50 to $8
Pippa83: folds 
Uncalled bet ($5.50) returned to nimburkx
nimburkx collected $5.50 from pot
*** SUMMARY ***
Total pot $5.50 | Rake $0 
Seat 1: BrilliantDawn84 folded before Flop (didn't bet)
Seat 2: erpaye folded before Flop (didn't bet)
Seat 3: Pippa83 (button) folded before Flop
Seat 4: AlexEliseev7 (small blind) folded before Flop
Seat 5: nimburkx (big blind) collected ($5.50)
Seat 6: janarr5 folded before Flop (didn't bet)



PokerStars Hand #254513445393:  Hold'em No Limit ($0.50/$1.00 USD) - 2025/01/23 12:48:18 WET [2025/01/23 7:48:18 ET]
Table 'Achird III' 6-max Seat #4 is the button
Seat 1: BrilliantDawn84 ($124.14 in chips) 
Seat 2: erpaye ($100 in chips) 
Seat 3: Pippa83 ($129.83 in chips) 
Seat 4: AlexEliseev7 ($100.54 in chips) 
Seat 5: nimburkx ($51.90 in chips) 
Seat 6: janarr5 ($117.66 in chips) 
nimburkx: posts small blind $0.50
janarr5: posts big blind $1
*** HOLE CARDS ***
BrilliantDawn84: folds 
erpaye: folds 
Pippa83: folds 
AlexEliseev7: folds 
nimburkx: raises $2 to $3
janarr5: calls $2
*** FLOP *** [8s Ad Td]
nimburkx: bets $2.85
janarr5: raises $9.15 to $12
nimburkx: folds 
Uncalled bet ($9.15) returned to janarr5
janarr5 collected $11.12 from pot
janarr5: doesn't show hand 
*** SUMMARY ***
Total pot $11.70 | Rake $0.58 
Board [8s Ad Td]
Seat 1: BrilliantDawn84 folded before Flop (didn't bet)
Seat 2: erpaye folded before Flop (didn't bet)
Seat 3: Pippa83 folded before Flop (didn't bet)
Seat 4: AlexEliseev7 (button) folded before Flop (didn't bet)
Seat 5: nimburkx (small blind) folded on the Flop
Seat 6: janarr5 (big blind) collected ($11.12)



PokerStars Hand #254513450540:  Hold'em No Limit ($0.50/$1.00 USD) - 2025/01/23 12:48:56 WET [2025/01/23 7:48:56 ET]
Table 'Achird III' 6-max Seat #5 is the button
Seat 1: BrilliantDawn84 ($124.14 in chips) 
Seat 2: erpaye ($100 in chips) 
Seat 3: Pippa83 ($129.83 in chips) 
Seat 4: AlexEliseev7 ($100.54 in chips) 
Seat 5: nimburkx ($46.05 in chips) 
Seat 6: janarr5 ($122.93 in chips) 
janarr5: posts small blind $0.50
BrilliantDawn84: posts big blind $1
*** HOLE CARDS ***
erpaye: folds 
Pippa83: folds 
AlexEliseev7: folds 
nimburkx: folds 
janarr5: raises $2 to $3
BrilliantDawn84: folds 
Uncalled bet ($2) returned to janarr5
janarr5 collected $2 from pot
janarr5: doesn't show hand 
*** SUMMARY ***
Total pot $2 | Rake $0 
Seat 1: BrilliantDawn84 (big blind) folded before Flop
Seat 2: erpaye folded before Flop (didn't bet)
Seat 3: Pippa83 folded before Flop (didn't bet)
Seat 4: AlexEliseev7 folded before Flop (didn't bet)
Seat 5: nimburkx (button) folded before Flop (didn't bet)
Seat 6: janarr5 (small blind) collected ($2)



PokerStars Hand #254513453735:  Hold'em No Limit ($0.50/$1.00 USD) - 2025/01/23 12:49:20 WET [2025/01/23 7:49:20 ET]
Table 'Achird III' 6-max Seat #6 is the button
Seat 1: BrilliantDawn84 ($123.14 in chips) 
Seat 2: erpaye ($100 in chips) 
Seat 3: Pippa83 ($129.83 in chips) 
Seat 4: AlexEliseev7 ($100.54 in chips) 
Seat 5: nimburkx ($46.05 in chips) 
Seat 6: janarr5 ($123.93 in chips) 
BrilliantDawn84: posts small blind $0.50
erpaye: posts big blind $1
*** HOLE CARDS ***
Pippa83: folds 
AlexEliseev7: folds 
nimburkx: folds 
janarr5: raises $1.50 to $2.50
BrilliantDawn84: folds 
erpaye: raises $10 to $12.50
janarr5: calls $10
*** FLOP *** [Tc Jd 7c]
erpaye: checks 
janarr5: bets $7.99
erpaye: calls $7.99
*** TURN *** [Tc Jd 7c] [9c]
erpaye: checks 
janarr5: bets $13.01
erpaye: calls $13.01
*** RIVER *** [Tc Jd 7c 9c] [4c]
erpaye: checks 
janarr5: checks 
*** SHOW DOWN ***
erpaye: shows [9d 9h] (three of a kind, Nines)
janarr5: mucks hand 
erpaye collected $65 from pot
*** SUMMARY ***
Total pot $67.50 | Rake $2.50 
Board [Tc Jd 7c 9c 4c]
Seat 1: BrilliantDawn84 (small blind) folded before Flop
Seat 2: erpaye (big blind) showed [9d 9h] and won ($65) with three of a kind, Nines
Seat 3: Pippa83 folded before Flop (didn't bet)
Seat 4: AlexEliseev7 folded before Flop (didn't bet)
Seat 5: nimburkx folded before Flop (didn't bet)
Seat 6: janarr5 (button) mucked



PokerStars Hand #254513466787:  Hold'em No Limit ($0.50/$1.00 USD) - 2025/01/23 12:50:55 WET [2025/01/23 7:50:55 ET]
Table 'Achird III' 6-max Seat #1 is the button
Seat 1: BrilliantDawn84 ($122.64 in chips) 
Seat 2: erpaye ($131.50 in chips) 
Seat 3: Pippa83 ($129.83 in chips) 
Seat 4: AlexEliseev7 ($100.54 in chips) 
Seat 5: nimburkx ($46.05 in chips) 
Seat 6: janarr5 ($100 in chips) 
erpaye: posts small blind $0.50
Pippa83: posts big blind $1
*** HOLE CARDS ***
AlexEliseev7: folds 
nimburkx: raises $2 to $3
janarr5: folds 
BrilliantDawn84: folds 
janarr5 leaves the table
erpaye: folds 
Pippa83: calls $2
*** FLOP *** [3h 6d 9d]
Pippa83: checks 
nimburkx: bets $6.18
Pippa83: folds 
Uncalled bet ($6.18) returned to nimburkx
nimburkx collected $6.18 from pot
*** SUMMARY ***
Total pot $6.50 | Rake $0.32 
Board [3h 6d 9d]
Seat 1: BrilliantDawn84 (button) folded before Flop (didn't bet)
Seat 2: erpaye (small blind) folded before Flop
Seat 3: Pippa83 (big blind) folded on the Flop
Seat 4: AlexEliseev7 folded before Flop (didn't bet)
Seat 5: nimburkx collected ($6.18)
Seat 6: janarr5 folded before Flop (didn't bet)



PokerStars Hand #254513471245:  Hold'em No Limit ($0.50/$1.00 USD) - 2025/01/23 12:51:28 WET [2025/01/23 7:51:28 ET]
Table 'Achird III' 6-max Seat #2 is the button
Seat 1: BrilliantDawn84 ($122.64 in chips) 
Seat 2: erpaye ($131 in chips) 
Seat 3: Pippa83 ($126.83 in chips) 
Seat 4: AlexEliseev7 ($100.54 in chips) 
Seat 5: nimburkx ($49.23 in chips) 
Pippa83: posts small blind $0.50
AlexEliseev7: posts big blind $1
*** HOLE CARDS ***
nimburkx: folds 
BrilliantDawn84: folds 
erpaye: folds 
ptolejmus joins the table at seat #6 
Pippa83: raises $2 to $3
AlexEliseev7: calls $2
*** FLOP *** [6h 5s 4c]
Pippa83: checks 
AlexEliseev7: bets $1.88
Pippa83: calls $1.88
*** TURN *** [6h 5s 4c] [Qd]
Pippa83: checks 
AlexEliseev7: checks 
*** RIVER *** [6h 5s 4c Qd] [Kc]
Pippa83: bets $2.32
AlexEliseev7: folds 
Uncalled bet ($2.32) returned to Pippa83
Pippa83 collected $9.27 from pot
Pippa83: doesn't show hand 
*** SUMMARY ***
Total pot $9.76 | Rake $0.49 
Board [6h 5s 4c Qd Kc]
Seat 1: BrilliantDawn84 folded before Flop (didn't bet)
Seat 2: erpaye (button) folded before Flop (didn't bet)
Seat 3: Pippa83 (small blind) collected ($9.27)
Seat 4: AlexEliseev7 (big blind) folded on the River
Seat 5: nimburkx folded before Flop (didn't bet)



PokerStars Hand #254513483082:  Hold'em No Limit ($0.50/$1.00 USD) - 2025/01/23 12:52:54 WET [2025/01/23 7:52:54 ET]
Table 'Achird III' 6-max Seat #3 is the button
Seat 6: ptolejmus ($10 in chips) is sitting out
Seat 1: BrilliantDawn84 ($122.64 in chips) 
Seat 2: erpaye ($131 in chips) 
Seat 3: Pippa83 ($131.22 in chips) 
Seat 4: AlexEliseev7 ($100 in chips) 
Seat 5: nimburkx ($49.23 in chips) 
AlexEliseev7: posts small blind $0.50
nimburkx: posts big blind $1
ptolejmus: sits out 
*** HOLE CARDS ***
BrilliantDawn84: folds 
erpaye: raises $1.10 to $2.10
Pippa83: folds 
AlexEliseev7: folds 
nimburkx: calls $1.10
*** FLOP *** [3s 8d Qc]
nimburkx: bets $4.46
erpaye: folds 
Uncalled bet ($4.46) returned to nimburkx
nimburkx collected $4.46 from pot
*** SUMMARY ***
Total pot $4.70 | Rake $0.24 
Board [3s 8d Qc]
Seat 6: ptolejmus
Seat 1: BrilliantDawn84 folded before Flop (didn't bet)
Seat 2: erpaye folded on the Flop
Seat 3: Pippa83 (button) folded before Flop (didn't bet)
Seat 4: AlexEliseev7 (small blind) folded before Flop
Seat 5: nimburkx (big blind) collected ($4.46)



PokerStars Hand #254513487052:  Hold'em No Limit ($0.50/$1.00 USD) - 2025/01/23 12:53:23 WET [2025/01/23 7:53:23 ET]
Table 'Achird III' 6-max Seat #4 is the button
Seat 1: BrilliantDawn84 ($122.64 in chips) 
Seat 2: erpaye ($128.90 in chips) 
Seat 3: Pippa83 ($131.22 in chips) 
Seat 4: AlexEliseev7 ($100 in chips) 
Seat 5: nimburkx ($51.59 in chips) 
Seat 6: ptolejmus ($10 in chips) 
nimburkx: posts small blind $0.50
ptolejmus: posts big blind $1
*** HOLE CARDS ***
BrilliantDawn84: folds 
erpaye: folds 
Pippa83: raises $1.50 to $2.50
AlexEliseev7: folds 
nimburkx: folds 
ptolejmus: folds 
Uncalled bet ($1.50) returned to Pippa83
Pippa83 collected $2.50 from pot
Pippa83: doesn't show hand 
*** SUMMARY ***
Total pot $2.50 | Rake $0 
Seat 1: BrilliantDawn84 folded before Flop (didn't bet)
Seat 2: erpaye folded before Flop (didn't bet)
Seat 3: Pippa83 collected ($2.50)
Seat 4: AlexEliseev7 (button) folded before Flop (didn't bet)
Seat 5: nimburkx (small blind) folded before Flop
Seat 6: ptolejmus (big blind) folded before Flop



PokerStars Hand #254513490515:  Hold'em No Limit ($0.50/$1.00 USD) - 2025/01/23 12:53:48 WET [2025/01/23 7:53:48 ET]
Table 'Achird III' 6-max Seat #5 is the button
Seat 1: BrilliantDawn84 ($122.64 in chips) 
Seat 2: erpaye ($128.90 in chips) 
Seat 3: Pippa83 ($132.72 in chips) 
Seat 4: AlexEliseev7 ($100 in chips) 
Seat 5: nimburkx ($51.09 in chips) 
Seat 6: ptolejmus ($10 in chips) 
ptolejmus: posts small blind $0.50
BrilliantDawn84: posts big blind $1
*** HOLE CARDS ***
erpaye: folds 
Pippa83: raises $1.20 to $2.20
AlexEliseev7: folds 
nimburkx: folds 
ptolejmus: folds 
BrilliantDawn84: folds 
Uncalled bet ($1.20) returned to Pippa83
Pippa83 collected $2.50 from pot
Pippa83: doesn't show hand 
*** SUMMARY ***
Total pot $2.50 | Rake $0 
Seat 1: BrilliantDawn84 (big blind) folded before Flop
Seat 2: erpaye folded before Flop (didn't bet)
Seat 3: Pippa83 collected ($2.50)
Seat 4: AlexEliseev7 folded before Flop (didn't bet)
Seat 5: nimburkx (button) folded before Flop (didn't bet)
Seat 6: ptolejmus (small blind) folded before Flop



PokerStars Hand #254513493153:  Hold'em No Limit ($0.50/$1.00 USD) - 2025/01/23 12:54:08 WET [2025/01/23 7:54:08 ET]
Table 'Achird III' 6-max Seat #6 is the button
Seat 1: BrilliantDawn84 ($121.64 in chips) 
Seat 2: erpaye ($128.90 in chips) 
Seat 3: Pippa83 ($134.22 in chips) 
Seat 4: AlexEliseev7 ($100 in chips) 
Seat 5: nimburkx ($51.09 in chips) 
Seat 6: ptolejmus ($10 in chips) 
BrilliantDawn84: posts small blind $0.50
erpaye: posts big blind $1
*** HOLE CARDS ***
Pippa83: folds 
AlexEliseev7: folds 
nimburkx: folds 
ptolejmus: folds 
BrilliantDawn84: folds 
Uncalled bet ($0.50) returned to erpaye
erpaye collected $1 from pot
erpaye: doesn't show hand 
*** SUMMARY ***
Total pot $1 | Rake $0 
Seat 1: BrilliantDawn84 (small blind) folded before Flop
Seat 2: erpaye (big blind) collected ($1)
Seat 3: Pippa83 folded before Flop (didn't bet)
Seat 4: AlexEliseev7 folded before Flop (didn't bet)
Seat 5: nimburkx folded before Flop (didn't bet)
Seat 6: ptolejmus (button) folded before Flop (didn't bet)



PokerStars Hand #254513495780:  Hold'em No Limit ($0.50/$1.00 USD) - 2025/01/23 12:54:27 WET [2025/01/23 7:54:27 ET]
Table 'Achird III' 6-max Seat #1 is the button
Seat 1: BrilliantDawn84 ($121.14 in chips) 
Seat 2: erpaye ($129.40 in chips) 
Seat 3: Pippa83 ($134.22 in chips) 
Seat 4: AlexEliseev7 ($100 in chips) 
Seat 5: nimburkx ($51.09 in chips) 
Seat 6: ptolejmus ($10 in chips) 
erpaye: posts small blind $0.50
Pippa83: posts big blind $1
*** HOLE CARDS ***
AlexEliseev7: folds 
nimburkx: folds 
ptolejmus: folds 
BrilliantDawn84: folds 
erpaye: folds 
Uncalled bet ($0.50) returned to Pippa83
Pippa83 collected $1 from pot
Pippa83: doesn't show hand 
*** SUMMARY ***
Total pot $1 | Rake $0 
Seat 1: BrilliantDawn84 (button) folded before Flop (didn't bet)
Seat 2: erpaye (small blind) folded before Flop
Seat 3: Pippa83 (big blind) collected ($1)
Seat 4: AlexEliseev7 folded before Flop (didn't bet)
Seat 5: nimburkx folded before Flop (didn't bet)
Seat 6: ptolejmus folded before Flop (didn't bet)



PokerStars Hand #254513497146:  Hold'em No Limit ($0.50/$1.00 USD) - 2025/01/23 12:54:38 WET [2025/01/23 7:54:38 ET]
Table 'Achird III' 6-max Seat #2 is the button
Seat 1: BrilliantDawn84 ($121.14 in chips) 
Seat 2: erpaye ($128.90 in chips) 
Seat 3: Pippa83 ($134.72 in chips) 
Seat 4: AlexEliseev7 ($100 in chips) 
Seat 5: nimburkx ($51.09 in chips) 
Seat 6: ptolejmus ($10 in chips) 
Pippa83: posts small blind $0.50
AlexEliseev7: posts big blind $1
*** HOLE CARDS ***
nimburkx: folds 
ptolejmus: folds 
BrilliantDawn84: raises $1.50 to $2.50
erpaye: folds 
Pippa83: folds 
AlexEliseev7: folds 
Uncalled bet ($1.50) returned to BrilliantDawn84
BrilliantDawn84 collected $2.50 from pot
BrilliantDawn84: doesn't show hand 
*** SUMMARY ***
Total pot $2.50 | Rake $0 
Seat 1: BrilliantDawn84 collected ($2.50)
Seat 2: erpaye (button) folded before Flop (didn't bet)
Seat 3: Pippa83 (small blind) folded before Flop
Seat 4: AlexEliseev7 (big blind) folded before Flop
Seat 5: nimburkx folded before Flop (didn't bet)
Seat 6: ptolejmus folded before Flop (didn't bet)



PokerStars Hand #254513500914:  Hold'em No Limit ($0.50/$1.00 USD) - 2025/01/23 12:55:06 WET [2025/01/23 7:55:06 ET]
Table 'Achird III' 6-max Seat #3 is the button
Seat 1: BrilliantDawn84 ($122.64 in chips) 
Seat 2: erpaye ($128.90 in chips) 
Seat 3: Pippa83 ($134.22 in chips) 
Seat 4: AlexEliseev7 ($100 in chips) 
Seat 5: nimburkx ($51.09 in chips) 
Seat 6: ptolejmus ($10 in chips) 
AlexEliseev7: posts small blind $0.50
nimburkx: posts big blind $1
*** HOLE CARDS ***
ptolejmus: folds 
BrilliantDawn84: folds 
erpaye: folds 
Pippa83: folds 
AlexEliseev7: folds 
Uncalled bet ($0.50) returned to nimburkx
nimburkx collected $1 from pot
*** SUMMARY ***
Total pot $1 | Rake $0 
Seat 1: BrilliantDawn84 folded before Flop (didn't bet)
Seat 2: erpaye folded before Flop (didn't bet)
Seat 3: Pippa83 (button) folded before Flop (didn't bet)
Seat 4: AlexEliseev7 (small blind) folded before Flop
Seat 5: nimburkx (big blind) collected ($1)
Seat 6: ptolejmus folded before Flop (didn't bet)



PokerStars Hand #254513502444:  Hold'em No Limit ($0.50/$1.00 USD) - 2025/01/23 12:55:19 WET [2025/01/23 7:55:19 ET]
Table 'Achird III' 6-max Seat #4 is the button
Seat 1: BrilliantDawn84 ($122.64 in chips) 
Seat 2: erpaye ($128.90 in chips) 
Seat 3: Pippa83 ($134.22 in chips) 
Seat 4: AlexEliseev7 ($100 in chips) 
Seat 5: nimburkx ($51.59 in chips) 
Seat 6: ptolejmus ($10 in chips) 
nimburkx: posts small blind $0.50
ptolejmus: posts big blind $1
*** HOLE CARDS ***
BrilliantDawn84: folds 
erpaye: folds 
Pippa83: folds 
AlexEliseev7: raises $1.50 to $2.50
nimburkx: folds 
ptolejmus: folds 
Uncalled bet ($1.50) returned to AlexEliseev7
AlexEliseev7 collected $2.50 from pot
AlexEliseev7: doesn't show hand 
*** SUMMARY ***
Total pot $2.50 | Rake $0 
Seat 1: BrilliantDawn84 folded before Flop (didn't bet)
Seat 2: erpaye folded before Flop (didn't bet)
Seat 3: Pippa83 folded before Flop (didn't bet)
Seat 4: AlexEliseev7 (button) collected ($2.50)
Seat 5: nimburkx (small blind) folded before Flop
Seat 6: ptolejmus (big blind) folded before Flop



PokerStars Hand #254513504977:  Hold'em No Limit ($0.50/$1.00 USD) - 2025/01/23 12:55:43 WET [2025/01/23 7:55:43 ET]
Table 'Achird III' 6-max Seat #5 is the button
Seat 1: BrilliantDawn84 ($122.64 in chips) 
Seat 2: erpaye ($128.90 in chips) 
Seat 3: Pippa83 ($134.22 in chips) 
Seat 4: AlexEliseev7 ($101.50 in chips) 
Seat 5: nimburkx ($51.09 in chips) 
Seat 6: ptolejmus ($10 in chips) 
ptolejmus: posts small blind $0.50
BrilliantDawn84: posts big blind $1
*** HOLE CARDS ***
erpaye: folds 
Pippa83: folds 
AlexEliseev7: folds 
nimburkx: raises $2 to $3
ptolejmus: folds 
BrilliantDawn84: folds 
Uncalled bet ($2) returned to nimburkx
nimburkx collected $2.50 from pot
*** SUMMARY ***
Total pot $2.50 | Rake $0 
Seat 1: BrilliantDawn84 (big blind) folded before Flop
Seat 2: erpaye folded before Flop (didn't bet)
Seat 3: Pippa83 folded before Flop (didn't bet)
Seat 4: AlexEliseev7 folded before Flop (didn't bet)
Seat 5: nimburkx (button) collected ($2.50)
Seat 6: ptolejmus (small blind) folded before Flop



PokerStars Hand #254513507390:  Hold'em No Limit ($0.50/$1.00 USD) - 2025/01/23 12:56:06 WET [2025/01/23 7:56:06 ET]
Table 'Achird III' 6-max Seat #6 is the button
Seat 1: BrilliantDawn84 ($121.64 in chips) 
Seat 2: erpaye ($128.90 in chips) 
Seat 3: Pippa83 ($134.22 in chips) 
Seat 4: AlexEliseev7 ($101.50 in chips) 
Seat 5: nimburkx ($52.59 in chips) 
Seat 6: ptolejmus ($10 in chips) 
BrilliantDawn84: posts small blind $0.50
erpaye: posts big blind $1
*** HOLE CARDS ***
Pippa83: folds 
AlexEliseev7: folds 
nimburkx: raises $2 to $3
ptolejmus: folds 
BrilliantDawn84: calls $2.50
erpaye: folds 
*** FLOP *** [7c 6s 8h]
BrilliantDawn84: checks 
nimburkx: bets $6.65
BrilliantDawn84: folds 
Uncalled bet ($6.65) returned to nimburkx
nimburkx collected $6.65 from pot
*** SUMMARY ***
Total pot $7 | Rake $0.35 
Board [7c 6s 8h]
Seat 1: BrilliantDawn84 (small blind) folded on the Flop
Seat 2: erpaye (big blind) folded before Flop
Seat 3: Pippa83 folded before Flop (didn't bet)
Seat 4: AlexEliseev7 folded before Flop (didn't bet)
Seat 5: nimburkx collected ($6.65)
Seat 6: ptolejmus (button) folded before Flop (didn't bet)



PokerStars Hand #254513511952:  Hold'em No Limit ($0.50/$1.00 USD) - 2025/01/23 12:56:48 WET [2025/01/23 7:56:48 ET]
Table 'Achird III' 6-max Seat #1 is the button
Seat 1: BrilliantDawn84 ($118.64 in chips) 
Seat 2: erpaye ($127.90 in chips) 
Seat 3: Pippa83 ($134.22 in chips) 
Seat 4: AlexEliseev7 ($101.50 in chips) 
Seat 5: nimburkx ($56.24 in chips) 
Seat 6: ptolejmus ($10 in chips) 
erpaye: posts small blind $0.50
Pippa83: posts big blind $1
*** HOLE CARDS ***
AlexEliseev7: folds 
nimburkx: raises $2 to $3
ptolejmus: folds 
BrilliantDawn84: folds 
erpaye: folds 
Pippa83: folds 
Uncalled bet ($2) returned to nimburkx
nimburkx collected $2.50 from pot
*** SUMMARY ***
Total pot $2.50 | Rake $0 
Seat 1: BrilliantDawn84 (button) folded before Flop (didn't bet)
Seat 2: erpaye (small blind) folded before Flop
Seat 3: Pippa83 (big blind) folded before Flop
Seat 4: AlexEliseev7 folded before Flop (didn't bet)
Seat 5: nimburkx collected ($2.50)
Seat 6: ptolejmus folded before Flop (didn't bet)



PokerStars Hand #254513514641:  Hold'em No Limit ($0.50/$1.00 USD) - 2025/01/23 12:57:13 WET [2025/01/23 7:57:13 ET]
Table 'Achird III' 6-max Seat #2 is the button
Seat 1: BrilliantDawn84 ($118.64 in chips) 
Seat 2: erpaye ($127.40 in chips) 
Seat 3: Pippa83 ($133.22 in chips) 
Seat 4: AlexEliseev7 ($101.50 in chips) 
Seat 5: nimburkx ($57.74 in chips) 
Seat 6: ptolejmus ($10 in chips) 
Pippa83: posts small blind $0.50
AlexEliseev7: posts big blind $1
*** HOLE CARDS ***
nimburkx: folds 
ptolejmus: raises $9 to $10 and is all-in
BrilliantDawn84: calls $10
erpaye: folds 
Pippa83: folds 
AlexEliseev7: folds 
*** FLOP *** [4h 3h Td]
*** TURN *** [4h 3h Td] [6d]
*** RIVER *** [4h 3h Td 6d] [Qc]
*** SHOW DOWN ***
ptolejmus: shows [Ac Qs] (a pair of Queens)
BrilliantDawn84: shows [8d 8h] (a pair of Eights)
ptolejmus collected $20.42 from pot
*** SUMMARY ***
Total pot $21.50 | Rake $1.08 
Board [4h 3h Td 6d Qc]
Seat 1: BrilliantDawn84 showed [8d 8h] and lost with a pair of Eights
Seat 2: erpaye (button) folded before Flop (didn't bet)
Seat 3: Pippa83 (small blind) folded before Flop
Seat 4: AlexEliseev7 (big blind) folded before Flop
Seat 5: nimburkx folded before Flop (didn't bet)
Seat 6: ptolejmus showed [Ac Qs] and won ($20.42) with a pair of Queens



PokerStars Hand #254513518659:  Hold'em No Limit ($0.50/$1.00 USD) - 2025/01/23 12:57:50 WET [2025/01/23 7:57:50 ET]
Table 'Achird III' 6-max Seat #3 is the button
Seat 1: BrilliantDawn84 ($108.64 in chips) 
Seat 2: erpaye ($127.40 in chips) 
Seat 3: Pippa83 ($132.72 in chips) 
Seat 4: AlexEliseev7 ($100.50 in chips) 
Seat 5: nimburkx ($57.74 in chips) 
Seat 6: ptolejmus ($20.42 in chips) 
AlexEliseev7: posts small blind $0.50
nimburkx: posts big blind $1
*** HOLE CARDS ***
ptolejmus: folds 
BrilliantDawn84: folds 
erpaye: folds 
Pippa83: folds 
AlexEliseev7: raises $2 to $3
nimburkx: raises $6 to $9
AlexEliseev7: raises $91.50 to $100.50 and is all-in
nimburkx: calls $48.74 and is all-in
Uncalled bet ($42.76) returned to AlexEliseev7
AlexEliseev7 has timed out
*** FLOP *** [8d 8h Td]
*** TURN *** [8d 8h Td] [6c]
*** RIVER *** [8d 8h Td 6c] [2d]
*** SHOW DOWN ***
AlexEliseev7: shows [Kc Ad] (a pair of Eights)
nimburkx: shows [Ac Qs] (a pair of Eights - lower kicker)
AlexEliseev7 collected $112.98 from pot
*** SUMMARY ***
Total pot $115.48 | Rake $2.50 
Board [8d 8h Td 6c 2d]
Seat 1: BrilliantDawn84 folded before Flop (didn't bet)
Seat 2: erpaye folded before Flop (didn't bet)
Seat 3: Pippa83 (button) folded before Flop (didn't bet)
Seat 4: AlexEliseev7 (small blind) showed [Kc Ad] and won ($112.98) with a pair of Eights
Seat 5: nimburkx (big blind) showed [Ac Qs] and lost with a pair of Eights
Seat 6: ptolejmus folded before Flop (didn't bet)



PokerStars Hand #254513523624:  Hold'em No Limit ($0.50/$1.00 USD) - 2025/01/23 12:58:37 WET [2025/01/23 7:58:37 ET]
Table 'Achird III' 6-max Seat #4 is the button
Seat 5: nimburkx ($0 in chips) is sitting out
Seat 1: BrilliantDawn84 ($108.64 in chips) 
Seat 2: erpaye ($127.40 in chips) 
Seat 3: Pippa83 ($132.72 in chips) 
Seat 4: AlexEliseev7 ($155.74 in chips) 
Seat 6: ptolejmus ($20.42 in chips) 
ptolejmus: posts small blind $0.50
BrilliantDawn84: posts big blind $1
*** HOLE CARDS ***
erpaye: raises $1.80 to $2.80
Pippa83: folds 
AlexEliseev7: folds 
nimburkx leaves the table
ptolejmus: folds 
BrilliantDawn84: calls $1.80
*** FLOP *** [Qs 6h 7h]
BrilliantDawn84: checks 
erpaye: bets $1.74
BrilliantDawn84: raises $4.64 to $6.38
erpaye: folds 
Uncalled bet ($4.64) returned to BrilliantDawn84
BrilliantDawn84 collected $9.10 from pot
BrilliantDawn84: doesn't show hand 
*** SUMMARY ***
Total pot $9.58 | Rake $0.48 
Board [Qs 6h 7h]
Seat 5: nimburkx
Seat 1: BrilliantDawn84 (big blind) collected ($9.10)
Seat 2: erpaye folded on the Flop
Seat 3: Pippa83 folded before Flop (didn't bet)
Seat 4: AlexEliseev7 (button) folded before Flop (didn't bet)
Seat 6: ptolejmus (small blind) folded before Flop



PokerStars Hand #254513527476:  Hold'em No Limit ($0.50/$1.00 USD) - 2025/01/23 12:59:13 WET [2025/01/23 7:59:13 ET]
Table 'Achird III' 6-max Seat #6 is the button
Seat 1: BrilliantDawn84 ($113.20 in chips) 
Seat 2: erpaye ($122.86 in chips) 
Seat 3: Pippa83 ($132.72 in chips) 
Seat 4: AlexEliseev7 ($155.74 in chips) 
Seat 6: ptolejmus ($19.92 in chips) 
BrilliantDawn84: posts small blind $0.50
erpaye: posts big blind $1
*** HOLE CARDS ***
Pippa83: folds 
AlexEliseev7: folds 
ptolejmus: folds 
BrilliantDawn84: folds 
Uncalled bet ($0.50) returned to erpaye
erpaye collected $1 from pot
erpaye: doesn't show hand 
*** SUMMARY ***
Total pot $1 | Rake $0 
Seat 1: BrilliantDawn84 (small blind) folded before Flop
Seat 2: erpaye (big blind) collected ($1)
Seat 3: Pippa83 folded before Flop (didn't bet)
Seat 4: AlexEliseev7 folded before Flop (didn't bet)
Seat 6: ptolejmus (button) folded before Flop (didn't bet)



PokerStars Hand #254513528491:  Hold'em No Limit ($0.50/$1.00 USD) - 2025/01/23 12:59:22 WET [2025/01/23 7:59:22 ET]
Table 'Achird III' 6-max Seat #2 is the button
Seat 3: Pippa83 ($132.72 in chips) is sitting out
Seat 4: AlexEliseev7 ($155.74 in chips) is sitting out
Seat 6: ptolejmus ($19.92 in chips) is sitting out
Seat 1: BrilliantDawn84 ($112.70 in chips) 
Seat 2: erpaye ($123.36 in chips) 
erpaye: posts small blind $0.50
Pippa83: is sitting out 
AlexEliseev7: is sitting out 
ptolejmus: is sitting out 
BrilliantDawn84: posts big blind $1
*** HOLE CARDS ***
erpaye: raises $1.20 to $2.20
AlexEliseev7 leaves the table
ptolejmus leaves the table
BrilliantDawn84: raises $4.40 to $6.60
erpaye: calls $4.40
*** FLOP *** [9d 4d Tc]
BrilliantDawn84: bets $5.27
erpaye: calls $5.27
*** TURN *** [9d 4d Tc] [4h]
BrilliantDawn84: bets $13.37
erpaye: folds 
Uncalled bet ($13.37) returned to BrilliantDawn84
BrilliantDawn84 collected $22.74 from pot
BrilliantDawn84: doesn't show hand 
*** SUMMARY ***
Total pot $23.74 | Rake $1 
Board [9d 4d Tc 4h]
Seat 3: Pippa83
Seat 4: AlexEliseev7
Seat 6: ptolejmus
Seat 1: BrilliantDawn84 (big blind) collected ($22.74)
Seat 2: erpaye (button) (small blind) folded on the Turn



PokerStars Hand #254513532233:  Hold'em No Limit ($0.50/$1.00 USD) - 2025/01/23 12:59:58 WET [2025/01/23 7:59:58 ET]
Table 'Achird III' 6-max Seat #1 is the button
Seat 3: Pippa83 ($132.72 in chips) is sitting out
Seat 1: BrilliantDawn84 ($123.57 in chips) 
Seat 2: erpaye ($111.49 in chips) 
BrilliantDawn84: posts small blind $0.50
erpaye: posts big blind $1
*** HOLE CARDS ***
BrilliantDawn84: folds 
Uncalled bet ($0.50) returned to erpaye
erpaye collected $1 from pot
erpaye: doesn't show hand 
*** SUMMARY ***
Total pot $1 | Rake $0 
Seat 3: Pippa83
Seat 1: BrilliantDawn84 (button) (small blind) folded before Flop
Seat 2: erpaye (big blind) collected ($1)



