PokerStars Hand #254522978201:  Hold'em No Limit ($0.50/$1.00 USD) - 2025/01/23 0:52:20 WET [2025/01/23 19:52:20 ET]
Table 'Izsak IV' 6-max Seat #6 is the button
Seat 1: Espada Fish ($100 in chips) 
Seat 2: ptolejmus ($22.23 in chips) 
Seat 3: Timonessb ($100 in chips) 
Seat 4: rao999 ($100 in chips) 
Seat 5: easy_sarcasm ($101.50 in chips) 
Seat 6: Amara2009 ($9.33 in chips) 
Espada Fish: posts small blind $0.50
ptolejmus: posts big blind $1
*** HOLE CARDS ***
Timonessb: folds 
rao999: folds 
easy_sarcasm: folds 
Amara2009: folds 
Espada Fish: folds 
Uncalled bet ($0.50) returned to ptolejmus
ptolejmus collected $1 from pot
*** SUMMARY ***
Total pot $1 | Rake $0 
Seat 1: Espada Fish (small blind) folded before Flop
Seat 2: ptolejmus (big blind) collected ($1)
Seat 3: Timonessb folded before Flop (didn't bet)
Seat 4: rao999 folded before Flop (didn't bet)
Seat 5: easy_sarcasm folded before Flop (didn't bet)
Seat 6: Amara2009 (button) folded before Flop (didn't bet)



PokerStars Hand #254522980454:  Hold'em No Limit ($0.50/$1.00 USD) - 2025/01/23 0:52:32 WET [2025/01/23 19:52:32 ET]
Table 'Izsak IV' 6-max Seat #1 is the button
Seat 1: Espada Fish ($100 in chips) 
Seat 2: ptolejmus ($22.73 in chips) 
Seat 3: Timonessb ($100 in chips) 
Seat 4: rao999 ($100 in chips) 
Seat 5: easy_sarcasm ($101.50 in chips) 
Seat 6: Amara2009 ($9.33 in chips) 
ptolejmus: posts small blind $0.50
Timonessb: posts big blind $1
*** HOLE CARDS ***
rao999: raises $1.50 to $2.50
easy_sarcasm: folds 
Amara2009: folds 
Espada Fish: raises $5.50 to $8
ptolejmus: folds 
Timonessb: folds 
rao999: folds 
Uncalled bet ($5.50) returned to Espada Fish
Espada Fish collected $6.50 from pot
Espada Fish: doesn't show hand 
*** SUMMARY ***
Total pot $6.50 | Rake $0 
Seat 1: Espada Fish (button) collected ($6.50)
Seat 2: ptolejmus (small blind) folded before Flop
Seat 3: Timonessb (big blind) folded before Flop
Seat 4: rao999 folded before Flop
Seat 5: easy_sarcasm folded before Flop (didn't bet)
Seat 6: Amara2009 folded before Flop (didn't bet)



PokerStars Hand #254522986488:  Hold'em No Limit ($0.50/$1.00 USD) - 2025/01/23 0:53:05 WET [2025/01/23 19:53:05 ET]
Table 'Izsak IV' 6-max Seat #2 is the button
Seat 1: Espada Fish ($104 in chips) 
Seat 2: ptolejmus ($22.23 in chips) 
Seat 3: Timonessb ($100 in chips) 
Seat 4: rao999 ($100 in chips) 
Seat 5: easy_sarcasm ($101.50 in chips) 
Seat 6: Amara2009 ($9.33 in chips) 
Timonessb: posts small blind $0.50
rao999: posts big blind $1
*** HOLE CARDS ***
easy_sarcasm: folds 
Amara2009: raises $8.33 to $9.33 and is all-in
Espada Fish: folds 
ptolejmus: folds 
Timonessb: folds 
rao999: folds 
Uncalled bet ($8.33) returned to Amara2009
Amara2009 collected $2.50 from pot
*** SUMMARY ***
Total pot $2.50 | Rake $0 
Seat 1: Espada Fish folded before Flop (didn't bet)
Seat 2: ptolejmus (button) folded before Flop (didn't bet)
Seat 3: Timonessb (small blind) folded before Flop
Seat 4: rao999 (big blind) folded before Flop
Seat 5: easy_sarcasm folded before Flop (didn't bet)
Seat 6: Amara2009 collected ($2.50)



PokerStars Hand #254522990999:  Hold'em No Limit ($0.50/$1.00 USD) - 2025/01/23 0:53:29 WET [2025/01/23 19:53:29 ET]
Table 'Izsak IV' 6-max Seat #3 is the button
Seat 1: Espada Fish ($104 in chips) 
Seat 2: ptolejmus ($22.23 in chips) 
Seat 3: Timonessb ($100 in chips) 
Seat 4: rao999 ($100 in chips) 
Seat 5: easy_sarcasm ($101.50 in chips) 
Seat 6: Amara2009 ($10.83 in chips) 
rao999: posts small blind $0.50
easy_sarcasm: posts big blind $1
*** HOLE CARDS ***
Amara2009: folds 
Espada Fish: raises $1.20 to $2.20
ptolejmus: folds 
Timonessb: folds 
rao999: folds 
easy_sarcasm: folds 
Uncalled bet ($1.20) returned to Espada Fish
Espada Fish collected $2.50 from pot
Espada Fish: doesn't show hand 
*** SUMMARY ***
Total pot $2.50 | Rake $0 
Seat 1: Espada Fish collected ($2.50)
Seat 2: ptolejmus folded before Flop (didn't bet)
Seat 3: Timonessb (button) folded before Flop (didn't bet)
Seat 4: rao999 (small blind) folded before Flop
Seat 5: easy_sarcasm (big blind) folded before Flop
Seat 6: Amara2009 folded before Flop (didn't bet)



PokerStars Hand #254522994311:  Hold'em No Limit ($0.50/$1.00 USD) - 2025/01/23 0:53:48 WET [2025/01/23 19:53:48 ET]
Table 'Izsak IV' 6-max Seat #4 is the button
Seat 1: Espada Fish ($105.50 in chips) 
Seat 2: ptolejmus ($22.23 in chips) 
Seat 3: Timonessb ($100 in chips) 
Seat 4: rao999 ($100 in chips) 
Seat 5: easy_sarcasm ($100.50 in chips) 
Seat 6: Amara2009 ($10.83 in chips) 
easy_sarcasm: posts small blind $0.50
Amara2009: posts big blind $1
*** HOLE CARDS ***
Espada Fish: folds 
ptolejmus: folds 
Timonessb: folds 
rao999: raises $1.50 to $2.50
easy_sarcasm: folds 
Amara2009: folds 
Uncalled bet ($1.50) returned to rao999
rao999 collected $2.50 from pot
rao999: doesn't show hand 
*** SUMMARY ***
Total pot $2.50 | Rake $0 
Seat 1: Espada Fish folded before Flop (didn't bet)
Seat 2: ptolejmus folded before Flop (didn't bet)
Seat 3: Timonessb folded before Flop (didn't bet)
Seat 4: rao999 (button) collected ($2.50)
Seat 5: easy_sarcasm (small blind) folded before Flop
Seat 6: Amara2009 (big blind) folded before Flop



PokerStars Hand #254522996978:  Hold'em No Limit ($0.50/$1.00 USD) - 2025/01/23 0:54:02 WET [2025/01/23 19:54:02 ET]
Table 'Izsak IV' 6-max Seat #5 is the button
Seat 1: Espada Fish ($105.50 in chips) 
Seat 2: ptolejmus ($22.23 in chips) 
Seat 3: Timonessb ($100 in chips) 
Seat 4: rao999 ($101.50 in chips) 
Seat 5: easy_sarcasm ($100 in chips) 
Seat 6: Amara2009 ($9.83 in chips) 
Amara2009: posts small blind $0.50
Espada Fish: posts big blind $1
*** HOLE CARDS ***
ptolejmus: raises $1 to $2
Timonessb: folds 
rao999: folds 
easy_sarcasm: folds 
Amara2009: folds 
Espada Fish: folds 
Uncalled bet ($1) returned to ptolejmus
ptolejmus collected $2.50 from pot
*** SUMMARY ***
Total pot $2.50 | Rake $0 
Seat 1: Espada Fish (big blind) folded before Flop
Seat 2: ptolejmus collected ($2.50)
Seat 3: Timonessb folded before Flop (didn't bet)
Seat 4: rao999 folded before Flop (didn't bet)
Seat 5: easy_sarcasm (button) folded before Flop (didn't bet)
Seat 6: Amara2009 (small blind) folded before Flop



PokerStars Hand #254522999551:  Hold'em No Limit ($0.50/$1.00 USD) - 2025/01/23 0:54:16 WET [2025/01/23 19:54:16 ET]
Table 'Izsak IV' 6-max Seat #6 is the button
Seat 1: Espada Fish ($104.50 in chips) 
Seat 2: ptolejmus ($23.73 in chips) 
Seat 3: Timonessb ($100 in chips) 
Seat 4: rao999 ($101.50 in chips) 
Seat 5: easy_sarcasm ($100 in chips) 
Seat 6: Amara2009 ($9.33 in chips) 
Espada Fish: posts small blind $0.50
ptolejmus: posts big blind $1
*** HOLE CARDS ***
Timonessb: folds 
rao999: folds 
easy_sarcasm: folds 
Amara2009: raises $8.33 to $9.33 and is all-in
Espada Fish: folds 
ptolejmus: folds 
Uncalled bet ($8.33) returned to Amara2009
Amara2009 collected $2.50 from pot
*** SUMMARY ***
Total pot $2.50 | Rake $0 
Seat 1: Espada Fish (small blind) folded before Flop
Seat 2: ptolejmus (big blind) folded before Flop
Seat 3: Timonessb folded before Flop (didn't bet)
Seat 4: rao999 folded before Flop (didn't bet)
Seat 5: easy_sarcasm folded before Flop (didn't bet)
Seat 6: Amara2009 (button) collected ($2.50)



PokerStars Hand #254523021600:  Hold'em No Limit ($0.50/$1.00 USD) - 2025/01/23 0:56:34 WET [2025/01/23 19:56:34 ET]
Table 'Izsak IV' 6-max Seat #4 is the button
Seat 1: Espada Fish ($104 in chips) 
Seat 2: ptolejmus ($22.23 in chips) 
Seat 3: Timonessb ($100 in chips) 
Seat 4: rao999 ($102.50 in chips) 
Seat 5: easy_sarcasm ($100 in chips) 
Seat 6: Amara2009 ($15.65 in chips) 
easy_sarcasm: posts small blind $0.50
Amara2009: posts big blind $1
*** HOLE CARDS ***
Espada Fish: folds 
ptolejmus: folds 
Timonessb: raises $1.30 to $2.30
rao999: folds 
easy_sarcasm: folds 
Amara2009: calls $1.30
*** FLOP *** [Jc Th Qs]
Amara2009: checks 
Timonessb: bets $1.60
Amara2009: calls $1.60
*** TURN *** [Jc Th Qs] [8c]
Amara2009: checks 
Timonessb: checks 
*** RIVER *** [Jc Th Qs 8c] [2h]
Amara2009: checks 
Timonessb: bets $5.28
Amara2009: folds 
Uncalled bet ($5.28) returned to Timonessb
Timonessb collected $7.88 from pot
*** SUMMARY ***
Total pot $8.30 | Rake $0.42 
Board [Jc Th Qs 8c 2h]
Seat 1: Espada Fish folded before Flop (didn't bet)
Seat 2: ptolejmus folded before Flop (didn't bet)
Seat 3: Timonessb collected ($7.88)
Seat 4: rao999 (button) folded before Flop (didn't bet)
Seat 5: easy_sarcasm (small blind) folded before Flop
Seat 6: Amara2009 (big blind) folded on the River



PokerStars Hand #254523028288:  Hold'em No Limit ($0.50/$1.00 USD) - 2025/01/23 0:57:19 WET [2025/01/23 19:57:19 ET]
Table 'Izsak IV' 6-max Seat #5 is the button
Seat 1: Espada Fish ($104 in chips) 
Seat 2: ptolejmus ($22.23 in chips) 
Seat 3: Timonessb ($103.98 in chips) 
Seat 4: rao999 ($102.50 in chips) 
Seat 5: easy_sarcasm ($100 in chips) 
Seat 6: Amara2009 ($11.75 in chips) 
Amara2009: posts small blind $0.50
Espada Fish: posts big blind $1
*** HOLE CARDS ***
ptolejmus: raises $1 to $2
Timonessb: folds 
rao999: folds 
easy_sarcasm: folds 
Amara2009: calls $1.50
Espada Fish: calls $1
*** FLOP *** [5d Ah Td]
Amara2009: checks 
Espada Fish: checks 
ptolejmus: bets $1.54
Amara2009: folds 
Espada Fish: folds 
Uncalled bet ($1.54) returned to ptolejmus
ptolejmus collected $5.70 from pot
*** SUMMARY ***
Total pot $6 | Rake $0.30 
Board [5d Ah Td]
Seat 1: Espada Fish (big blind) folded on the Flop
Seat 2: ptolejmus collected ($5.70)
Seat 3: Timonessb folded before Flop (didn't bet)
Seat 4: rao999 folded before Flop (didn't bet)
Seat 5: easy_sarcasm (button) folded before Flop (didn't bet)
Seat 6: Amara2009 (small blind) folded on the Flop



PokerStars Hand #254523033719:  Hold'em No Limit ($0.50/$1.00 USD) - 2025/01/23 0:57:55 WET [2025/01/23 19:57:55 ET]
Table 'Izsak IV' 6-max Seat #6 is the button
Seat 1: Espada Fish ($102 in chips) 
Seat 2: ptolejmus ($25.93 in chips) 
Seat 3: Timonessb ($103.98 in chips) 
Seat 4: rao999 ($102.50 in chips) 
Seat 5: easy_sarcasm ($100 in chips) 
Seat 6: Amara2009 ($9.75 in chips) 
Espada Fish: posts small blind $0.50
ptolejmus: posts big blind $1
*** HOLE CARDS ***
Timonessb: raises $1 to $2
rao999: folds 
easy_sarcasm: folds 
Amara2009: folds 
Espada Fish: folds 
ptolejmus: calls $1
*** FLOP *** [9h 6c 9d]
ptolejmus: checks 
Timonessb: checks 
*** TURN *** [9h 6c 9d] [4h]
ptolejmus: bets $3.21
Timonessb: raises $7.17 to $10.38
ptolejmus: folds 
Uncalled bet ($7.17) returned to Timonessb
Timonessb collected $10.37 from pot
Timonessb: doesn't show hand 
*** SUMMARY ***
Total pot $10.92 | Rake $0.55 
Board [9h 6c 9d 4h]
Seat 1: Espada Fish (small blind) folded before Flop
Seat 2: ptolejmus (big blind) folded on the Turn
Seat 3: Timonessb collected ($10.37)
Seat 4: rao999 folded before Flop (didn't bet)
Seat 5: easy_sarcasm folded before Flop (didn't bet)
Seat 6: Amara2009 (button) folded before Flop (didn't bet)



PokerStars Hand #254523044719:  Hold'em No Limit ($0.50/$1.00 USD) - 2025/01/23 0:59:09 WET [2025/01/23 19:59:09 ET]
Table 'Izsak IV' 6-max Seat #1 is the button
Seat 3: Timonessb ($109.14 in chips) is sitting out
Seat 1: Espada Fish ($101.50 in chips) 
Seat 2: ptolejmus ($20.72 in chips) 
Seat 4: rao999 ($102.50 in chips) 
Seat 5: easy_sarcasm ($100 in chips) 
Seat 6: Amara2009 ($9.75 in chips) 
ptolejmus: posts small blind $0.50
Timonessb: is sitting out 
rao999: posts big blind $1
*** HOLE CARDS ***
easy_sarcasm: folds 
Timonessb leaves the table
Amara2009: folds 
Espada Fish: folds 
ptolejmus: raises $1.75 to $2.75
rao999: folds 
Uncalled bet ($1.75) returned to ptolejmus
ptolejmus collected $2 from pot
*** SUMMARY ***
Total pot $2 | Rake $0 
Seat 3: Timonessb
Seat 1: Espada Fish (button) folded before Flop (didn't bet)
Seat 2: ptolejmus (small blind) collected ($2)
Seat 4: rao999 (big blind) folded before Flop
Seat 5: easy_sarcasm folded before Flop (didn't bet)
Seat 6: Amara2009 folded before Flop (didn't bet)



PokerStars Hand #254523049560:  Hold'em No Limit ($0.50/$1.00 USD) - 2025/01/23 0:59:42 WET [2025/01/23 19:59:42 ET]
Table 'Izsak IV' 6-max Seat #2 is the button
Seat 1: Espada Fish ($101.50 in chips) 
Seat 2: ptolejmus ($21.72 in chips) 
Seat 4: rao999 ($101.50 in chips) 
Seat 5: easy_sarcasm ($100 in chips) 
Seat 6: Amara2009 ($9.75 in chips) 
rao999: posts small blind $0.50
easy_sarcasm: posts big blind $1
*** HOLE CARDS ***
Amara2009: folds 
Espada Fish: folds 
ptolejmus: raises $1 to $2
rao999: folds 
easy_sarcasm: folds 
Uncalled bet ($1) returned to ptolejmus
ptolejmus collected $2.50 from pot
*** SUMMARY ***
Total pot $2.50 | Rake $0 
Seat 1: Espada Fish folded before Flop (didn't bet)
Seat 2: ptolejmus (button) collected ($2.50)
Seat 4: rao999 (small blind) folded before Flop
Seat 5: easy_sarcasm (big blind) folded before Flop
Seat 6: Amara2009 folded before Flop (didn't bet)



PokerStars Hand #254523051901:  Hold'em No Limit ($0.50/$1.00 USD) - 2025/01/23 0:59:57 WET [2025/01/23 19:59:57 ET]
Table 'Izsak IV' 6-max Seat #4 is the button
Seat 1: Espada Fish ($101.50 in chips) 
Seat 2: ptolejmus ($23.22 in chips) 
Seat 4: rao999 ($101 in chips) 
Seat 5: easy_sarcasm ($100 in chips) 
Seat 6: Amara2009 ($9.75 in chips) 
easy_sarcasm: posts small blind $0.50
Amara2009: posts big blind $1
*** HOLE CARDS ***
Espada Fish: folds 
Espada Fish leaves the table
ptolejmus: folds 
rao999: folds 
easy_sarcasm: raises $10 to $11
Amara2009: folds 
Uncalled bet ($10) returned to easy_sarcasm
easy_sarcasm collected $2 from pot
*** SUMMARY ***
Total pot $2 | Rake $0 
Seat 1: Espada Fish folded before Flop (didn't bet)
Seat 2: ptolejmus folded before Flop (didn't bet)
Seat 4: rao999 (button) folded before Flop (didn't bet)
Seat 5: easy_sarcasm (small blind) collected ($2)
Seat 6: Amara2009 (big blind) folded before Flop



PokerStars Hand #254523054462:  Hold'em No Limit ($0.50/$1.00 USD) - 2025/01/23 1:00:14 WET [2025/01/23 20:00:14 ET]
Table 'Izsak IV' 6-max Seat #5 is the button
Seat 2: ptolejmus ($23.22 in chips) 
Seat 4: rao999 ($101 in chips) 
Seat 5: easy_sarcasm ($101 in chips) 
Seat 6: Amara2009 ($8.75 in chips) 
Amara2009: posts small blind $0.50
ptolejmus: posts big blind $1
*** HOLE CARDS ***
rao999: folds 
easy_sarcasm: folds 
Amara2009: raises $1 to $2
ptolejmus: raises $7 to $9
BumHuntKing joins the table at seat #1 
Amara2009: calls $6.75 and is all-in
Uncalled bet ($0.25) returned to ptolejmus
SonGoku_Gods joins the table at seat #3 
*** FLOP *** [3c 9s 5h]
SonGoku_Gods is disconnected 
*** TURN *** [3c 9s 5h] [Qc]
*** RIVER *** [3c 9s 5h Qc] [2s]
*** SHOW DOWN ***
Amara2009: shows [Th Js] (high card Queen)
ptolejmus: shows [Qd Qh] (three of a kind, Queens)
ptolejmus collected $16.62 from pot
*** SUMMARY ***
Total pot $17.50 | Rake $0.88 
Board [3c 9s 5h Qc 2s]
Seat 2: ptolejmus (big blind) showed [Qd Qh] and won ($16.62) with three of a kind, Queens
Seat 4: rao999 folded before Flop (didn't bet)
Seat 5: easy_sarcasm (button) folded before Flop (didn't bet)
Seat 6: Amara2009 (small blind) showed [Th Js] and lost with high card Queen



PokerStars Hand #254523060785:  Hold'em No Limit ($0.50/$1.00 USD) - 2025/01/23 1:00:52 WET [2025/01/23 20:00:52 ET]
Table 'Izsak IV' 6-max Seat #2 is the button
Seat 1: BumHuntKing ($100 in chips) is sitting out
Seat 3: SonGoku_Gods ($47.24 in chips) is sitting out
Seat 6: Amara2009 ($0 in chips) is sitting out
Seat 2: ptolejmus ($31.09 in chips) 
Seat 4: rao999 ($101 in chips) 
Seat 5: easy_sarcasm ($101 in chips) 
rao999: posts small blind $0.50
easy_sarcasm: posts big blind $1
BumHuntKing: sits out 
*** HOLE CARDS ***
ptolejmus: folds 
Amara2009 is disconnected 
rao999: folds 
Uncalled bet ($0.50) returned to easy_sarcasm
easy_sarcasm collected $1 from pot
*** SUMMARY ***
Total pot $1 | Rake $0 
Seat 1: BumHuntKing
Seat 3: SonGoku_Gods
Seat 6: Amara2009
Seat 2: ptolejmus (button) folded before Flop (didn't bet)
Seat 4: rao999 (small blind) folded before Flop
Seat 5: easy_sarcasm (big blind) collected ($1)



PokerStars Hand #254523064396:  Hold'em No Limit ($0.50/$1.00 USD) - 2025/01/23 1:01:14 WET [2025/01/23 20:01:14 ET]
Table 'Izsak IV' 6-max Seat #4 is the button
Seat 6: Amara2009 ($0 in chips) is sitting out
Seat 1: BumHuntKing ($100 in chips) 
Seat 2: ptolejmus ($31.09 in chips) 
Seat 3: SonGoku_Gods ($47.24 in chips) 
Seat 4: rao999 ($100.50 in chips) 
Seat 5: easy_sarcasm ($101.50 in chips) 
easy_sarcasm: posts small blind $0.50
BumHuntKing: posts big blind $1
SonGoku_Gods: posts big blind $1
*** HOLE CARDS ***
ptolejmus: folds 
SonGoku_Gods: checks 
ptolejmus leaves the table
rao999: folds 
easy_sarcasm: folds 
nastja336 joins the table at seat #2 
BumHuntKing: checks 
*** FLOP *** [7s Kd Jd]
BumHuntKing: checks 
SonGoku_Gods: checks 
*** TURN *** [7s Kd Jd] [7c]
BumHuntKing: checks 
SonGoku_Gods: checks 
*** RIVER *** [7s Kd Jd 7c] [6h]
BumHuntKing: bets $1.78
SonGoku_Gods: calls $1.78
*** SHOW DOWN ***
BumHuntKing: shows [3d 4c] (a pair of Sevens)
SonGoku_Gods: shows [9c 9d] (two pair, Nines and Sevens)
SonGoku_Gods collected $5.76 from pot
*** SUMMARY ***
Total pot $6.06 | Rake $0.30 
Board [7s Kd Jd 7c 6h]
Seat 6: Amara2009
Seat 1: BumHuntKing (big blind) showed [3d 4c] and lost with a pair of Sevens
Seat 2: ptolejmus folded before Flop (didn't bet)
Seat 3: SonGoku_Gods showed [9c 9d] and won ($5.76) with two pair, Nines and Sevens
Seat 4: rao999 (button) folded before Flop (didn't bet)
Seat 5: easy_sarcasm (small blind) folded before Flop



PokerStars Hand #254523071243:  Hold'em No Limit ($0.50/$1.00 USD) - 2025/01/23 1:01:52 WET [2025/01/23 20:01:52 ET]
Table 'Izsak IV' 6-max Seat #5 is the button
Seat 6: Amara2009 ($0 in chips) is sitting out
Seat 1: BumHuntKing ($100 in chips) 
Seat 2: nastja336 ($100 in chips) 
Seat 3: SonGoku_Gods ($50.22 in chips) 
Seat 4: rao999 ($100.50 in chips) 
Seat 5: easy_sarcasm ($101 in chips) 
BumHuntKing: posts small blind $0.50
nastja336: posts big blind $1
*** HOLE CARDS ***
SonGoku_Gods: calls $1
rao999: folds 
easy_sarcasm: raises $3.50 to $4.50
BumHuntKing: folds 
nastja336: folds 
SonGoku_Gods: calls $3.50
*** FLOP *** [6h Js Kc]
SonGoku_Gods: checks 
easy_sarcasm: bets $4.50
SonGoku_Gods: folds 
Uncalled bet ($4.50) returned to easy_sarcasm
easy_sarcasm collected $9.98 from pot
*** SUMMARY ***
Total pot $10.50 | Rake $0.52 
Board [6h Js Kc]
Seat 6: Amara2009
Seat 1: BumHuntKing (small blind) folded before Flop
Seat 2: nastja336 (big blind) folded before Flop
Seat 3: SonGoku_Gods folded on the Flop
Seat 4: rao999 folded before Flop (didn't bet)
Seat 5: easy_sarcasm (button) collected ($9.98)



PokerStars Hand #254523077000:  Hold'em No Limit ($0.50/$1.00 USD) - 2025/01/23 1:02:23 WET [2025/01/23 20:02:23 ET]
Table 'Izsak IV' 6-max Seat #1 is the button
Seat 6: Amara2009 ($0 in chips) is sitting out
Seat 1: BumHuntKing ($100 in chips) 
Seat 2: nastja336 ($100 in chips) 
Seat 3: SonGoku_Gods ($45.72 in chips) 
Seat 4: rao999 ($100.50 in chips) 
Seat 5: easy_sarcasm ($106.48 in chips) 
nastja336: posts small blind $0.50
SonGoku_Gods: posts big blind $1
*** HOLE CARDS ***
rao999: folds 
easy_sarcasm: raises $2 to $3
BumHuntKing: folds 
nastja336: folds 
SonGoku_Gods: calls $2
*** FLOP *** [8h 3s Jh]
SonGoku_Gods: checks 
easy_sarcasm: bets $3.09
SonGoku_Gods: folds 
Uncalled bet ($3.09) returned to easy_sarcasm
easy_sarcasm collected $6.18 from pot
*** SUMMARY ***
Total pot $6.50 | Rake $0.32 
Board [8h 3s Jh]
Seat 6: Amara2009
Seat 1: BumHuntKing (button) folded before Flop (didn't bet)
Seat 2: nastja336 (small blind) folded before Flop
Seat 3: SonGoku_Gods (big blind) folded on the Flop
Seat 4: rao999 folded before Flop (didn't bet)
Seat 5: easy_sarcasm collected ($6.18)



PokerStars Hand #254523080125:  Hold'em No Limit ($0.50/$1.00 USD) - 2025/01/23 1:02:40 WET [2025/01/23 20:02:40 ET]
Table 'Izsak IV' 6-max Seat #2 is the button
Seat 6: Amara2009 ($0 in chips) is sitting out
Seat 1: BumHuntKing ($100 in chips) 
Seat 2: nastja336 ($100 in chips) 
Seat 3: SonGoku_Gods ($42.72 in chips) 
Seat 4: rao999 ($100.50 in chips) 
Seat 5: easy_sarcasm ($109.66 in chips) 
SonGoku_Gods: posts small blind $0.50
rao999: posts big blind $1
*** HOLE CARDS ***
easy_sarcasm: folds 
BumHuntKing: raises $1.20 to $2.20
nastja336: folds 
SonGoku_Gods: folds 
rao999: calls $1.20
*** FLOP *** [3d 2d 8s]
rao999: checks 
BumHuntKing: bets $1.54
rao999: calls $1.54
*** TURN *** [3d 2d 8s] [Jh]
rao999: checks 
BumHuntKing: checks 
*** RIVER *** [3d 2d 8s Jh] [7h]
rao999: checks 
BumHuntKing: bets $3.79
easy_sarcasm is disconnected 
rao999: raises $8.71 to $12.50
BumHuntKing: folds 
Uncalled bet ($8.71) returned to rao999
rao999 collected $14.78 from pot
rao999: doesn't show hand 
*** SUMMARY ***
Total pot $15.56 | Rake $0.78 
Board [3d 2d 8s Jh 7h]
Seat 6: Amara2009
Seat 1: BumHuntKing folded on the River
Seat 2: nastja336 (button) folded before Flop (didn't bet)
Seat 3: SonGoku_Gods (small blind) folded before Flop
Seat 4: rao999 (big blind) collected ($14.78)
Seat 5: easy_sarcasm folded before Flop (didn't bet)



PokerStars Hand #254523102829:  Hold'em No Limit ($0.50/$1.00 USD) - 2025/01/23 1:04:46 WET [2025/01/23 20:04:46 ET]
Table 'Izsak IV' 6-max Seat #3 is the button
Seat 5: easy_sarcasm ($109.66 in chips) is sitting out
Seat 6: Amara2009 ($0 in chips) is sitting out
Seat 1: BumHuntKing ($100 in chips) 
Seat 2: nastja336 ($100 in chips) 
Seat 3: SonGoku_Gods ($42.22 in chips) 
Seat 4: rao999 ($107.75 in chips) 
rao999: posts small blind $0.50
easy_sarcasm has timed out while disconnected
easy_sarcasm: is sitting out 
BumHuntKing: posts big blind $1
*** HOLE CARDS ***
nastja336: folds 
SonGoku_Gods: calls $1
rao999: folds 
BumHuntKing: checks 
*** FLOP *** [4c Jc Kh]
BumHuntKing: checks 
SonGoku_Gods: checks 
*** TURN *** [4c Jc Kh] [5d]
BumHuntKing: bets $1.78
SonGoku_Gods: calls $1.78
*** RIVER *** [4c Jc Kh 5d] [6c]
BumHuntKing: bets $4.32
SonGoku_Gods: folds 
Uncalled bet ($4.32) returned to BumHuntKing
BumHuntKing collected $5.76 from pot
BumHuntKing: doesn't show hand 
*** SUMMARY ***
Total pot $6.06 | Rake $0.30 
Board [4c Jc Kh 5d 6c]
Seat 5: easy_sarcasm
Seat 6: Amara2009
Seat 1: BumHuntKing (big blind) collected ($5.76)
Seat 2: nastja336 folded before Flop (didn't bet)
Seat 3: SonGoku_Gods (button) folded on the River
Seat 4: rao999 (small blind) folded before Flop



PokerStars Hand #254523114434:  Hold'em No Limit ($0.50/$1.00 USD) - 2025/01/23 1:05:51 WET [2025/01/23 20:05:51 ET]
Table 'Izsak IV' 6-max Seat #4 is the button
Seat 5: easy_sarcasm ($109.66 in chips) is sitting out
Seat 6: Amara2009 ($0 in chips) is sitting out
Seat 1: BumHuntKing ($102.98 in chips) 
Seat 2: nastja336 ($100 in chips) 
Seat 3: SonGoku_Gods ($39.44 in chips) 
Seat 4: rao999 ($107.25 in chips) 
BumHuntKing: posts small blind $0.50
nastja336: posts big blind $1
*** HOLE CARDS ***
SonGoku_Gods: folds 
rao999: folds 
BumHuntKing: folds 
Uncalled bet ($0.50) returned to nastja336
nastja336 collected $1 from pot
nastja336: doesn't show hand 
*** SUMMARY ***
Total pot $1 | Rake $0 
Seat 5: easy_sarcasm
Seat 6: Amara2009
Seat 1: BumHuntKing (small blind) folded before Flop
Seat 2: nastja336 (big blind) collected ($1)
Seat 3: SonGoku_Gods folded before Flop (didn't bet)
Seat 4: rao999 (button) folded before Flop (didn't bet)



PokerStars Hand #254523116136:  Hold'em No Limit ($0.50/$1.00 USD) - 2025/01/23 1:06:00 WET [2025/01/23 20:06:00 ET]
Table 'Izsak IV' 6-max Seat #1 is the button
Seat 6: Amara2009 ($0 in chips) is sitting out
Seat 1: BumHuntKing ($102.48 in chips) 
Seat 2: nastja336 ($100.50 in chips) 
Seat 3: SonGoku_Gods ($39.44 in chips) 
Seat 4: rao999 ($107.25 in chips) 
Seat 5: easy_sarcasm ($109.66 in chips) 
nastja336: posts small blind $0.50
SonGoku_Gods: posts big blind $1
easy_sarcasm: posts small & big blinds $1.50
*** HOLE CARDS ***
rao999: folds 
easy_sarcasm: raises $2 to $3
BumHuntKing: folds 
nastja336: folds 
SonGoku_Gods: calls $2
*** FLOP *** [7s Kc 2c]
SonGoku_Gods: checks 
easy_sarcasm: bets $3.39
SonGoku_Gods: folds 
Uncalled bet ($3.39) returned to easy_sarcasm
easy_sarcasm collected $6.65 from pot
*** SUMMARY ***
Total pot $7 | Rake $0.35 
Board [7s Kc 2c]
Seat 6: Amara2009
Seat 1: BumHuntKing (button) folded before Flop (didn't bet)
Seat 2: nastja336 (small blind) folded before Flop
Seat 3: SonGoku_Gods (big blind) folded on the Flop
Seat 4: rao999 folded before Flop (didn't bet)
Seat 5: easy_sarcasm collected ($6.65)



PokerStars Hand #254523122555:  Hold'em No Limit ($0.50/$1.00 USD) - 2025/01/23 1:06:36 WET [2025/01/23 20:06:36 ET]
Table 'Izsak IV' 6-max Seat #2 is the button
Seat 1: BumHuntKing ($102.48 in chips) 
Seat 2: nastja336 ($100 in chips) 
Seat 3: SonGoku_Gods ($36.44 in chips) 
Seat 4: rao999 ($107.25 in chips) 
Seat 5: easy_sarcasm ($112.81 in chips) 
Seat 6: Amara2009 ($10.42 in chips) 
SonGoku_Gods: posts small blind $0.50
rao999: posts big blind $1
Amara2009: posts small & big blinds $1.50
*** HOLE CARDS ***
easy_sarcasm: folds 
Amara2009: checks 
BumHuntKing: folds 
nastja336: folds 
SonGoku_Gods: raises $1 to $2
rao999: folds 
Amara2009: calls $1
*** FLOP *** [5d 8d 5s]
SonGoku_Gods: bets $2
Amara2009: folds 
Uncalled bet ($2) returned to SonGoku_Gods
SonGoku_Gods collected $5.22 from pot
*** SUMMARY ***
Total pot $5.50 | Rake $0.28 
Board [5d 8d 5s]
Seat 1: BumHuntKing folded before Flop (didn't bet)
Seat 2: nastja336 (button) folded before Flop (didn't bet)
Seat 3: SonGoku_Gods (small blind) collected ($5.22)
Seat 4: rao999 (big blind) folded before Flop
Seat 5: easy_sarcasm folded before Flop (didn't bet)
Seat 6: Amara2009 folded on the Flop



PokerStars Hand #254523127499:  Hold'em No Limit ($0.50/$1.00 USD) - 2025/01/23 1:07:04 WET [2025/01/23 20:07:04 ET]
Table 'Izsak IV' 6-max Seat #3 is the button
Seat 1: BumHuntKing ($102.48 in chips) 
Seat 2: nastja336 ($100 in chips) 
Seat 3: SonGoku_Gods ($39.66 in chips) 
Seat 4: rao999 ($106.25 in chips) 
Seat 5: easy_sarcasm ($112.81 in chips) 
Seat 6: Amara2009 ($7.92 in chips) 
rao999: posts small blind $0.50
easy_sarcasm: posts big blind $1
*** HOLE CARDS ***
Amara2009: calls $1
BumHuntKing: folds 
nastja336: folds 
SonGoku_Gods: calls $1
rao999: raises $5.50 to $6.50
easy_sarcasm: folds 
Amara2009: folds 
SonGoku_Gods: folds 
Uncalled bet ($5.50) returned to rao999
rao999 collected $4 from pot
rao999: doesn't show hand 
*** SUMMARY ***
Total pot $4 | Rake $0 
Seat 1: BumHuntKing folded before Flop (didn't bet)
Seat 2: nastja336 folded before Flop (didn't bet)
Seat 3: SonGoku_Gods (button) folded before Flop
Seat 4: rao999 (small blind) collected ($4)
Seat 5: easy_sarcasm (big blind) folded before Flop
Seat 6: Amara2009 folded before Flop



PokerStars Hand #254523133153:  Hold'em No Limit ($0.50/$1.00 USD) - 2025/01/23 1:07:36 WET [2025/01/23 20:07:36 ET]
Table 'Izsak IV' 6-max Seat #4 is the button
Seat 1: BumHuntKing ($102.48 in chips) 
Seat 2: nastja336 ($100 in chips) 
Seat 3: SonGoku_Gods ($38.66 in chips) 
Seat 4: rao999 ($109.25 in chips) 
Seat 5: easy_sarcasm ($111.81 in chips) 
Seat 6: Amara2009 ($6.92 in chips) 
easy_sarcasm: posts small blind $0.50
Amara2009: posts big blind $1
*** HOLE CARDS ***
BumHuntKing: raises $1.20 to $2.20
nastja336: folds 
SonGoku_Gods: calls $2.20
rao999: folds 
easy_sarcasm: folds 
Amara2009: calls $1.20
*** FLOP *** [Tc 9c Jh]
Amara2009: checks 
BumHuntKing: checks 
SonGoku_Gods: checks 
*** TURN *** [Tc 9c Jh] [4d]
Amara2009: checks 
BumHuntKing: checks 
SonGoku_Gods: checks 
*** RIVER *** [Tc 9c Jh 4d] [6h]
Amara2009: bets $4.72 and is all-in
BumHuntKing: folds 
SonGoku_Gods: folds 
Uncalled bet ($4.72) returned to Amara2009
Amara2009 collected $6.65 from pot
*** SUMMARY ***
Total pot $7.10 | Rake $0.45 
Board [Tc 9c Jh 4d 6h]
Seat 1: BumHuntKing folded on the River
Seat 2: nastja336 folded before Flop (didn't bet)
Seat 3: SonGoku_Gods folded on the River
Seat 4: rao999 (button) folded before Flop (didn't bet)
Seat 5: easy_sarcasm (small blind) folded before Flop
Seat 6: Amara2009 (big blind) collected ($6.65)



PokerStars Hand #254523143509:  Hold'em No Limit ($0.50/$1.00 USD) - 2025/01/23 1:08:33 WET [2025/01/23 20:08:33 ET]
Table 'Izsak IV' 6-max Seat #5 is the button
Seat 1: BumHuntKing ($100.28 in chips) 
Seat 2: nastja336 ($100 in chips) 
Seat 3: SonGoku_Gods ($36.46 in chips) 
Seat 4: rao999 ($109.25 in chips) 
Seat 5: easy_sarcasm ($111.31 in chips) 
Seat 6: Amara2009 ($11.37 in chips) 
Amara2009: posts small blind $0.50
BumHuntKing: posts big blind $1
*** HOLE CARDS ***
nastja336: folds 
SonGoku_Gods: calls $1
rao999: raises $2.50 to $3.50
easy_sarcasm: folds 
Amara2009: folds 
BumHuntKing: folds 
SonGoku_Gods: raises $32.96 to $36.46 and is all-in
rao999: folds 
Uncalled bet ($32.96) returned to SonGoku_Gods
SonGoku_Gods collected $8.50 from pot
*** SUMMARY ***
Total pot $8.50 | Rake $0 
Seat 1: BumHuntKing (big blind) folded before Flop
Seat 2: nastja336 folded before Flop (didn't bet)
Seat 3: SonGoku_Gods collected ($8.50)
Seat 4: rao999 folded before Flop
Seat 5: easy_sarcasm (button) folded before Flop (didn't bet)
Seat 6: Amara2009 (small blind) folded before Flop



PokerStars Hand #254523149461:  Hold'em No Limit ($0.50/$1.00 USD) - 2025/01/23 1:09:06 WET [2025/01/23 20:09:06 ET]
Table 'Izsak IV' 6-max Seat #6 is the button
Seat 1: BumHuntKing ($100 in chips) 
Seat 2: nastja336 ($100 in chips) 
Seat 3: SonGoku_Gods ($41.46 in chips) 
Seat 4: rao999 ($105.75 in chips) 
Seat 5: easy_sarcasm ($111.31 in chips) 
Seat 6: Amara2009 ($10.87 in chips) 
BumHuntKing: posts small blind $0.50
nastja336: posts big blind $1
*** HOLE CARDS ***
SonGoku_Gods: folds 
rao999: folds 
easy_sarcasm: folds 
Amara2009: folds 
BumHuntKing: folds 
Uncalled bet ($0.50) returned to nastja336
nastja336 collected $1 from pot
nastja336: doesn't show hand 
*** SUMMARY ***
Total pot $1 | Rake $0 
Seat 1: BumHuntKing (small blind) folded before Flop
Seat 2: nastja336 (big blind) collected ($1)
Seat 3: SonGoku_Gods folded before Flop (didn't bet)
Seat 4: rao999 folded before Flop (didn't bet)
Seat 5: easy_sarcasm folded before Flop (didn't bet)
Seat 6: Amara2009 (button) folded before Flop (didn't bet)



PokerStars Hand #254523151388:  Hold'em No Limit ($0.50/$1.00 USD) - 2025/01/23 1:09:17 WET [2025/01/23 20:09:17 ET]
Table 'Izsak IV' 6-max Seat #1 is the button
Seat 1: BumHuntKing ($100 in chips) 
Seat 2: nastja336 ($100.50 in chips) 
Seat 3: SonGoku_Gods ($41.46 in chips) 
Seat 4: rao999 ($105.75 in chips) 
Seat 5: easy_sarcasm ($111.31 in chips) 
Seat 6: Amara2009 ($10.87 in chips) 
nastja336: posts small blind $0.50
SonGoku_Gods: posts big blind $1
*** HOLE CARDS ***
rao999: folds 
easy_sarcasm: folds 
Amara2009: folds 
BumHuntKing: raises $1.50 to $2.50
nastja336: folds 
SonGoku_Gods: calls $1.50
*** FLOP *** [3c Jc Th]
SonGoku_Gods: checks 
BumHuntKing: bets $1.72
SonGoku_Gods: folds 
Uncalled bet ($1.72) returned to BumHuntKing
BumHuntKing collected $5.22 from pot
BumHuntKing: doesn't show hand 
*** SUMMARY ***
Total pot $5.50 | Rake $0.28 
Board [3c Jc Th]
Seat 1: BumHuntKing (button) collected ($5.22)
Seat 2: nastja336 (small blind) folded before Flop
Seat 3: SonGoku_Gods (big blind) folded on the Flop
Seat 4: rao999 folded before Flop (didn't bet)
Seat 5: easy_sarcasm folded before Flop (didn't bet)
Seat 6: Amara2009 folded before Flop (didn't bet)



PokerStars Hand #254523156960:  Hold'em No Limit ($0.50/$1.00 USD) - 2025/01/23 1:09:49 WET [2025/01/23 20:09:49 ET]
Table 'Izsak IV' 6-max Seat #2 is the button
Seat 1: BumHuntKing ($102.72 in chips) 
Seat 2: nastja336 ($100 in chips) 
Seat 3: SonGoku_Gods ($38.96 in chips) 
Seat 4: rao999 ($105.75 in chips) 
Seat 5: easy_sarcasm ($111.31 in chips) 
Seat 6: Amara2009 ($10.87 in chips) 
SonGoku_Gods: posts small blind $0.50
rao999: posts big blind $1
*** HOLE CARDS ***
easy_sarcasm: raises $2 to $3
Amara2009: folds 
BumHuntKing: folds 
nastja336: folds 
SonGoku_Gods: folds 
rao999: folds 
Uncalled bet ($2) returned to easy_sarcasm
easy_sarcasm collected $2.50 from pot
*** SUMMARY ***
Total pot $2.50 | Rake $0 
Seat 1: BumHuntKing folded before Flop (didn't bet)
Seat 2: nastja336 (button) folded before Flop (didn't bet)
Seat 3: SonGoku_Gods (small blind) folded before Flop
Seat 4: rao999 (big blind) folded before Flop
Seat 5: easy_sarcasm collected ($2.50)
Seat 6: Amara2009 folded before Flop (didn't bet)



PokerStars Hand #254523160900:  Hold'em No Limit ($0.50/$1.00 USD) - 2025/01/23 1:10:11 WET [2025/01/23 20:10:11 ET]
Table 'Izsak IV' 6-max Seat #3 is the button
Seat 1: BumHuntKing ($102.72 in chips) 
Seat 2: nastja336 ($100 in chips) 
Seat 3: SonGoku_Gods ($38.46 in chips) 
Seat 4: rao999 ($104.75 in chips) 
Seat 5: easy_sarcasm ($112.81 in chips) 
Seat 6: Amara2009 ($10.87 in chips) 
rao999: posts small blind $0.50
easy_sarcasm: posts big blind $1
*** HOLE CARDS ***
Amara2009: folds 
BumHuntKing: folds 
nastja336: folds 
SonGoku_Gods: folds 
rao999: folds 
Uncalled bet ($0.50) returned to easy_sarcasm
easy_sarcasm collected $1 from pot
*** SUMMARY ***
Total pot $1 | Rake $0 
Seat 1: BumHuntKing folded before Flop (didn't bet)
Seat 2: nastja336 folded before Flop (didn't bet)
Seat 3: SonGoku_Gods (button) folded before Flop (didn't bet)
Seat 4: rao999 (small blind) folded before Flop
Seat 5: easy_sarcasm (big blind) collected ($1)
Seat 6: Amara2009 folded before Flop (didn't bet)



PokerStars Hand #254523163915:  Hold'em No Limit ($0.50/$1.00 USD) - 2025/01/23 1:10:27 WET [2025/01/23 20:10:27 ET]
Table 'Izsak IV' 6-max Seat #4 is the button
Seat 1: BumHuntKing ($102.72 in chips) 
Seat 2: nastja336 ($100 in chips) 
Seat 3: SonGoku_Gods ($38.46 in chips) 
Seat 4: rao999 ($104.25 in chips) 
Seat 5: easy_sarcasm ($113.31 in chips) 
Seat 6: Amara2009 ($10.87 in chips) 
easy_sarcasm: posts small blind $0.50
Amara2009: posts big blind $1
*** HOLE CARDS ***
BumHuntKing: folds 
nastja336: raises $1.50 to $2.50
SonGoku_Gods: calls $2.50
rao999: folds 
easy_sarcasm: raises $11 to $13.50
Amara2009: folds 
nastja336: raises $13.50 to $27
SonGoku_Gods: raises $11.46 to $38.46 and is all-in
easy_sarcasm: folds 
nastja336: calls $11.46
*** FLOP *** [Qd As 7c]
*** TURN *** [Qd As 7c] [Jh]
*** RIVER *** [Qd As 7c Jh] [Qc]
*** SHOW DOWN ***
nastja336: shows [Ah Qs] (a full house, Queens full of Aces)
SonGoku_Gods: shows [3h 4h] (a pair of Queens)
nastja336 collected $88.92 from pot
*** SUMMARY ***
Total pot $91.42 | Rake $2.50 
Board [Qd As 7c Jh Qc]
Seat 1: BumHuntKing folded before Flop (didn't bet)
Seat 2: nastja336 showed [Ah Qs] and won ($88.92) with a full house, Queens full of Aces
Seat 3: SonGoku_Gods showed [3h 4h] and lost with a pair of Queens
Seat 4: rao999 (button) folded before Flop (didn't bet)
Seat 5: easy_sarcasm (small blind) folded before Flop
Seat 6: Amara2009 (big blind) folded before Flop



PokerStars Hand #254523172300:  Hold'em No Limit ($0.50/$1.00 USD) - 2025/01/23 1:11:15 WET [2025/01/23 20:11:15 ET]
Table 'Izsak IV' 6-max Seat #5 is the button
Seat 3: SonGoku_Gods ($0 in chips) is sitting out
Seat 1: BumHuntKing ($102.72 in chips) 
Seat 2: nastja336 ($150.46 in chips) 
Seat 4: rao999 ($104.25 in chips) 
Seat 5: easy_sarcasm ($100 in chips) 
Seat 6: Amara2009 ($9.87 in chips) 
Amara2009: posts small blind $0.50
BumHuntKing: posts big blind $1
*** HOLE CARDS ***
SonGoku_Gods is disconnected 
nastja336: raises $1.50 to $2.50
rao999: folds 
easy_sarcasm: folds 
Amara2009: folds 
BumHuntKing: calls $1.50
*** FLOP *** [8s 2d Jd]
BumHuntKing: checks 
nastja336: bets $2.61
BumHuntKing: calls $2.61
*** TURN *** [8s 2d Jd] [Ac]
BumHuntKing: checks 
nastja336: checks 
*** RIVER *** [8s 2d Jd Ac] [2s]
BumHuntKing: checks 
nastja336: bets $2.50
BumHuntKing: calls $2.50
*** SHOW DOWN ***
nastja336: shows [Jh Ks] (two pair, Jacks and Deuces)
BumHuntKing: shows [9s Js] (two pair, Jacks and Deuces)
BumHuntKing collected $7.47 from pot
nastja336 collected $7.46 from pot
*** SUMMARY ***
Total pot $15.72 | Rake $0.79 
Board [8s 2d Jd Ac 2s]
Seat 3: SonGoku_Gods
Seat 1: BumHuntKing (big blind) showed [9s Js] and won ($7.47) with two pair, Jacks and Deuces
Seat 2: nastja336 showed [Jh Ks] and won ($7.46) with two pair, Jacks and Deuces
Seat 4: rao999 folded before Flop (didn't bet)
Seat 5: easy_sarcasm (button) folded before Flop (didn't bet)
Seat 6: Amara2009 (small blind) folded before Flop



PokerStars Hand #254523180695:  Hold'em No Limit ($0.50/$1.00 USD) - 2025/01/23 1:12:04 WET [2025/01/23 20:12:04 ET]
Table 'Izsak IV' 6-max Seat #6 is the button
Seat 2: nastja336 ($150.31 in chips) is sitting out
Seat 3: SonGoku_Gods ($0 in chips) is sitting out
Seat 1: BumHuntKing ($102.58 in chips) 
Seat 4: rao999 ($104.25 in chips) 
Seat 5: easy_sarcasm ($100 in chips) 
Seat 6: Amara2009 ($9.37 in chips) 
BumHuntKing: posts small blind $0.50
rao999: posts big blind $1
*** HOLE CARDS ***
easy_sarcasm: folds 
nastja336 leaves the table
Amara2009: calls $1
BumHuntKing: raises $4 to $5
rao999: folds 
Amara2009: folds 
Uncalled bet ($4) returned to BumHuntKing
BumHuntKing collected $3 from pot
BumHuntKing: doesn't show hand 
*** SUMMARY ***
Total pot $3 | Rake $0 
Seat 2: nastja336
Seat 3: SonGoku_Gods
Seat 1: BumHuntKing (small blind) collected ($3)
Seat 4: rao999 (big blind) folded before Flop
Seat 5: easy_sarcasm folded before Flop (didn't bet)
Seat 6: Amara2009 (button) folded before Flop



PokerStars Hand #254523184108:  Hold'em No Limit ($0.50/$1.00 USD) - 2025/01/23 1:12:24 WET [2025/01/23 20:12:24 ET]
Table 'Izsak IV' 6-max Seat #1 is the button
Seat 3: SonGoku_Gods ($0 in chips) is sitting out
Seat 1: BumHuntKing ($104.58 in chips) 
Seat 4: rao999 ($103.25 in chips) 
Seat 5: easy_sarcasm ($100 in chips) 
Seat 6: Amara2009 ($8.37 in chips) 
rao999: posts small blind $0.50
easy_sarcasm: posts big blind $1
*** HOLE CARDS ***
Amara2009: folds 
BumHuntKing: raises $1.50 to $2.50
rao999: folds 
easy_sarcasm: calls $1.50
*** FLOP *** [7d 9d 3c]
easy_sarcasm: checks 
BumHuntKing: checks 
*** TURN *** [7d 9d 3c] [Ks]
BGS013 joins the table at seat #2 
easy_sarcasm: checks 
BumHuntKing: bets $1.72
easy_sarcasm: folds 
Uncalled bet ($1.72) returned to BumHuntKing
BumHuntKing collected $5.22 from pot
BumHuntKing: doesn't show hand 
*** SUMMARY ***
Total pot $5.50 | Rake $0.28 
Board [7d 9d 3c Ks]
Seat 3: SonGoku_Gods
Seat 1: BumHuntKing (button) collected ($5.22)
Seat 4: rao999 (small blind) folded before Flop
Seat 5: easy_sarcasm (big blind) folded on the Turn
Seat 6: Amara2009 folded before Flop (didn't bet)



PokerStars Hand #254523189866:  Hold'em No Limit ($0.50/$1.00 USD) - 2025/01/23 1:12:57 WET [2025/01/23 20:12:57 ET]
Table 'Izsak IV' 6-max Seat #4 is the button
Seat 2: BGS013 ($100 in chips) is sitting out
Seat 3: SonGoku_Gods ($0 in chips) is sitting out
Seat 1: BumHuntKing ($107.30 in chips) 
Seat 4: rao999 ($102.75 in chips) 
Seat 5: easy_sarcasm ($100 in chips) 
Seat 6: Amara2009 ($8.37 in chips) 
easy_sarcasm: posts small blind $0.50
Amara2009: posts big blind $1
BGS013: sits out 
*** HOLE CARDS ***
BumHuntKing: raises $1.20 to $2.20
rao999: folds 
easy_sarcasm: folds 
Amara2009: calls $1.20
*** FLOP *** [Th 5s Ah]
Amara2009: checks 
BumHuntKing: bets $1.17
Amara2009: folds 
Uncalled bet ($1.17) returned to BumHuntKing
BumHuntKing collected $4.66 from pot
BumHuntKing: doesn't show hand 
*** SUMMARY ***
Total pot $4.90 | Rake $0.24 
Board [Th 5s Ah]
Seat 2: BGS013
Seat 3: SonGoku_Gods
Seat 1: BumHuntKing collected ($4.66)
Seat 4: rao999 (button) folded before Flop (didn't bet)
Seat 5: easy_sarcasm (small blind) folded before Flop
Seat 6: Amara2009 (big blind) folded on the Flop



PokerStars Hand #254523194560:  Hold'em No Limit ($0.50/$1.00 USD) - 2025/01/23 1:13:25 WET [2025/01/23 20:13:25 ET]
Table 'Izsak IV' 6-max Seat #5 is the button
Seat 2: BGS013 ($100 in chips) is sitting out
Seat 3: SonGoku_Gods ($0 in chips) is sitting out
Seat 1: BumHuntKing ($109.76 in chips) 
Seat 4: rao999 ($102.75 in chips) 
Seat 5: easy_sarcasm ($100 in chips) 
Seat 6: Amara2009 ($6.17 in chips) 
Amara2009: posts small blind $0.50
BumHuntKing: posts big blind $1
BGS013: sits out 
*** HOLE CARDS ***
rao999: folds 
easy_sarcasm: folds 
Amara2009: raises $5.17 to $6.17 and is all-in
BumHuntKing: calls $5.17
*** FLOP *** [Th Qs Js]
*** TURN *** [Th Qs Js] [Ad]
*** RIVER *** [Th Qs Js Ad] [8d]
*** SHOW DOWN ***
Amara2009: shows [Ks 8c] (a straight, Ten to Ace)
BumHuntKing: shows [Tc As] (two pair, Aces and Tens)
Amara2009 collected $11.56 from pot
*** SUMMARY ***
Total pot $12.34 | Rake $0.78 
Board [Th Qs Js Ad 8d]
Seat 2: BGS013
Seat 3: SonGoku_Gods
Seat 1: BumHuntKing (big blind) showed [Tc As] and lost with two pair, Aces and Tens
Seat 4: rao999 folded before Flop (didn't bet)
Seat 5: easy_sarcasm (button) folded before Flop (didn't bet)
Seat 6: Amara2009 (small blind) showed [Ks 8c] and won ($11.56) with a straight, Ten to Ace



PokerStars Hand #254523198552:  Hold'em No Limit ($0.50/$1.00 USD) - 2025/01/23 1:13:48 WET [2025/01/23 20:13:48 ET]
Table 'Izsak IV' 6-max Seat #6 is the button
Seat 3: SonGoku_Gods ($0 in chips) is sitting out
Seat 1: BumHuntKing ($103.59 in chips) 
Seat 2: BGS013 ($100 in chips) 
Seat 4: rao999 ($102.75 in chips) 
Seat 5: easy_sarcasm ($100 in chips) 
Seat 6: Amara2009 ($11.56 in chips) 
BumHuntKing: posts small blind $0.50
BGS013: posts big blind $1
*** HOLE CARDS ***
rao999: raises $1.50 to $2.50
easy_sarcasm: folds 
Amara2009: folds 
BumHuntKing: folds 
BGS013: raises $8.50 to $11
rao999: folds 
Uncalled bet ($8.50) returned to BGS013
BGS013 collected $5.50 from pot
BGS013: doesn't show hand 
*** SUMMARY ***
Total pot $5.50 | Rake $0 
Seat 3: SonGoku_Gods
Seat 1: BumHuntKing (small blind) folded before Flop
Seat 2: BGS013 (big blind) collected ($5.50)
Seat 4: rao999 folded before Flop
Seat 5: easy_sarcasm folded before Flop (didn't bet)
Seat 6: Amara2009 (button) folded before Flop (didn't bet)



PokerStars Hand #254523204151:  Hold'em No Limit ($0.50/$1.00 USD) - 2025/01/23 1:14:20 WET [2025/01/23 20:14:20 ET]
Table 'Izsak IV' 6-max Seat #1 is the button
Seat 3: SonGoku_Gods ($0 in chips) is sitting out
Seat 1: BumHuntKing ($103.09 in chips) 
Seat 2: BGS013 ($103 in chips) 
Seat 4: rao999 ($100.25 in chips) 
Seat 5: easy_sarcasm ($100 in chips) 
Seat 6: Amara2009 ($11.56 in chips) 
BGS013: posts small blind $0.50
rao999: posts big blind $1
*** HOLE CARDS ***
easy_sarcasm: folds 
Amara2009: folds 
BumHuntKing: folds 
BGS013: raises $2 to $3
rao999: calls $2
*** FLOP *** [Qc Kh 3c]
BGS013: bets $1.48
rao999: calls $1.48
*** TURN *** [Qc Kh 3c] [Ac]
BGS013: checks 
rao999: bets $9.50
BGS013: folds 
Uncalled bet ($9.50) returned to rao999
rao999 collected $8.51 from pot
rao999: doesn't show hand 
*** SUMMARY ***
Total pot $8.96 | Rake $0.45 
Board [Qc Kh 3c Ac]
Seat 3: SonGoku_Gods
Seat 1: BumHuntKing (button) folded before Flop (didn't bet)
Seat 2: BGS013 (small blind) folded on the Turn
Seat 4: rao999 (big blind) collected ($8.51)
Seat 5: easy_sarcasm folded before Flop (didn't bet)
Seat 6: Amara2009 folded before Flop (didn't bet)



PokerStars Hand #254523210309:  Hold'em No Limit ($0.50/$1.00 USD) - 2025/01/23 1:14:55 WET [2025/01/23 20:14:55 ET]
Table 'Izsak IV' 6-max Seat #2 is the button
Seat 3: SonGoku_Gods ($0 in chips) is sitting out
Seat 1: BumHuntKing ($103.09 in chips) 
Seat 2: BGS013 ($100 in chips) 
Seat 4: rao999 ($104.28 in chips) 
Seat 5: easy_sarcasm ($100 in chips) 
Seat 6: Amara2009 ($11.56 in chips) 
rao999: posts small blind $0.50
easy_sarcasm: posts big blind $1
*** HOLE CARDS ***
Amara2009: folds 
BumHuntKing: folds 
BGS013: folds 
rao999: folds 
Uncalled bet ($0.50) returned to easy_sarcasm
easy_sarcasm collected $1 from pot
*** SUMMARY ***
Total pot $1 | Rake $0 
Seat 3: SonGoku_Gods
Seat 1: BumHuntKing folded before Flop (didn't bet)
Seat 2: BGS013 (button) folded before Flop (didn't bet)
Seat 4: rao999 (small blind) folded before Flop
Seat 5: easy_sarcasm (big blind) collected ($1)
Seat 6: Amara2009 folded before Flop (didn't bet)



PokerStars Hand #254523003609:  Hold'em No Limit ($0.50/$1.00 USD) - 2025/01/23 0:54:39 WET [2025/01/23 19:54:39 ET]
Table 'Izsak IV' 6-max Seat #1 is the button
Seat 1: Espada Fish ($104 in chips) 
Seat 2: ptolejmus ($22.73 in chips) 
Seat 3: Timonessb ($100 in chips) 
Seat 4: rao999 ($101.50 in chips) 
Seat 5: easy_sarcasm ($100 in chips) 
Seat 6: Amara2009 ($10.83 in chips) 
ptolejmus: posts small blind $0.50
Timonessb: posts big blind $1
*** HOLE CARDS ***
rao999: raises $1.50 to $2.50
easy_sarcasm: folds 
Amara2009: folds 
Espada Fish: folds 
ptolejmus: folds 
Timonessb: folds 
Uncalled bet ($1.50) returned to rao999
rao999 collected $2.50 from pot
rao999: doesn't show hand 
*** SUMMARY ***
Total pot $2.50 | Rake $0 
Seat 1: Espada Fish (button) folded before Flop (didn't bet)
Seat 2: ptolejmus (small blind) folded before Flop
Seat 3: Timonessb (big blind) folded before Flop
Seat 4: rao999 collected ($2.50)
Seat 5: easy_sarcasm folded before Flop (didn't bet)
Seat 6: Amara2009 folded before Flop (didn't bet)



PokerStars Hand #254523008365:  Hold'em No Limit ($0.50/$1.00 USD) - 2025/01/23 0:55:05 WET [2025/01/23 19:55:05 ET]
Table 'Izsak IV' 6-max Seat #2 is the button
Seat 1: Espada Fish ($104 in chips) 
Seat 2: ptolejmus ($22.23 in chips) 
Seat 3: Timonessb ($100 in chips) 
Seat 4: rao999 ($103 in chips) 
Seat 5: easy_sarcasm ($100 in chips) 
Seat 6: Amara2009 ($10.83 in chips) 
Timonessb: posts small blind $0.50
rao999: posts big blind $1
*** HOLE CARDS ***
easy_sarcasm: folds 
Amara2009: folds 
Espada Fish: folds 
ptolejmus: folds 
Timonessb: folds 
Uncalled bet ($0.50) returned to rao999
rao999 collected $1 from pot
rao999: doesn't show hand 
*** SUMMARY ***
Total pot $1 | Rake $0 
Seat 1: Espada Fish folded before Flop (didn't bet)
Seat 2: ptolejmus (button) folded before Flop (didn't bet)
Seat 3: Timonessb (small blind) folded before Flop
Seat 4: rao999 (big blind) collected ($1)
Seat 5: easy_sarcasm folded before Flop (didn't bet)
Seat 6: Amara2009 folded before Flop (didn't bet)



PokerStars Hand #254523011216:  Hold'em No Limit ($0.50/$1.00 USD) - 2025/01/23 0:55:22 WET [2025/01/23 19:55:22 ET]
Table 'Izsak IV' 6-max Seat #3 is the button
Seat 1: Espada Fish ($104 in chips) 
Seat 2: ptolejmus ($22.23 in chips) 
Seat 3: Timonessb ($100 in chips) 
Seat 4: rao999 ($103.50 in chips) 
Seat 5: easy_sarcasm ($100 in chips) 
Seat 6: Amara2009 ($10.83 in chips) 
rao999: posts small blind $0.50
easy_sarcasm: posts big blind $1
*** HOLE CARDS ***
Amara2009: calls $1
Espada Fish: folds 
ptolejmus: folds 
Timonessb: folds 
rao999: calls $0.50
easy_sarcasm: checks 
*** FLOP *** [As 8c 2d]
rao999: checks 
easy_sarcasm: checks 
Amara2009: checks 
*** TURN *** [As 8c 2d] [Td]
rao999: checks 
easy_sarcasm: bets $1
Amara2009: raises $2.43 to $3.43
rao999: folds 
easy_sarcasm: calls $2.43
*** RIVER *** [As 8c 2d Td] [Ks]
easy_sarcasm: checks 
Amara2009: bets $6.40 and is all-in
easy_sarcasm: folds 
Uncalled bet ($6.40) returned to Amara2009
Amara2009 collected $9.25 from pot
*** SUMMARY ***
Total pot $9.86 | Rake $0.61 
Board [As 8c 2d Td Ks]
Seat 1: Espada Fish folded before Flop (didn't bet)
Seat 2: ptolejmus folded before Flop (didn't bet)
Seat 3: Timonessb (button) folded before Flop (didn't bet)
Seat 4: rao999 (small blind) folded on the Turn
Seat 5: easy_sarcasm (big blind) folded on the River
Seat 6: Amara2009 collected ($9.25)



PokerStars Hand #254523301475:  Hold'em No Limit ($0.50/$1.00 USD) - 2025/01/23 1:23:37 WET [2025/01/23 20:23:37 ET]
Table 'Izsak IV' 6-max Seat #5 is the button
Seat 1: BumHuntKing ($109.32 in chips) 
Seat 2: BGS013 ($100 in chips) 
Seat 5: BoyLoc0 ($100 in chips) 
Seat 6: Amara2009 ($12.56 in chips) 
Amara2009: posts small blind $0.50
BumHuntKing: posts big blind $1
*** HOLE CARDS ***
BGS013: raises $1 to $2
BoyLoc0: folds 
Amara2009: calls $1.50
BumHuntKing: calls $1
*** FLOP *** [Jd Qc 9h]
Amara2009: checks 
BumHuntKing: checks 
BGS013: checks 
*** TURN *** [Jd Qc 9h] [Qh]
Amara2009: checks 
BumHuntKing: checks 
BGS013: bets $3.14
Amara2009: folds 
BumHuntKing: folds 
Uncalled bet ($3.14) returned to BGS013
BGS013 collected $5.70 from pot
BGS013: doesn't show hand 
*** SUMMARY ***
Total pot $6 | Rake $0.30 
Board [Jd Qc 9h Qh]
Seat 1: BumHuntKing (big blind) folded on the Turn
Seat 2: BGS013 collected ($5.70)
Seat 5: BoyLoc0 (button) folded before Flop (didn't bet)
Seat 6: Amara2009 (small blind) folded on the Turn



PokerStars Hand #254523307943:  Hold'em No Limit ($0.50/$1.00 USD) - 2025/01/23 1:24:14 WET [2025/01/23 20:24:14 ET]
Table 'Izsak IV' 6-max Seat #6 is the button
Seat 1: BumHuntKing ($107.32 in chips) 
Seat 2: BGS013 ($103.70 in chips) 
Seat 5: BoyLoc0 ($100 in chips) 
Seat 6: Amara2009 ($10.56 in chips) 
BumHuntKing: posts small blind $0.50
BGS013: posts big blind $1
*** HOLE CARDS ***
BoyLoc0: raises $1 to $2
Amara2009: folds 
BumHuntKing: raises $9 to $11
BGS013: folds 
BoyLoc0: folds 
Uncalled bet ($9) returned to BumHuntKing
BumHuntKing collected $5 from pot
BumHuntKing: doesn't show hand 
*** SUMMARY ***
Total pot $5 | Rake $0 
Seat 1: BumHuntKing (small blind) collected ($5)
Seat 2: BGS013 (big blind) folded before Flop
Seat 5: BoyLoc0 folded before Flop
Seat 6: Amara2009 (button) folded before Flop (didn't bet)



PokerStars Hand #254523311737:  Hold'em No Limit ($0.50/$1.00 USD) - 2025/01/23 1:24:37 WET [2025/01/23 20:24:37 ET]
Table 'Izsak IV' 6-max Seat #1 is the button
Seat 1: BumHuntKing ($110.32 in chips) 
Seat 2: BGS013 ($102.70 in chips) 
Seat 5: BoyLoc0 ($100 in chips) 
Seat 6: Amara2009 ($10.56 in chips) 
BGS013: posts small blind $0.50
BoyLoc0: posts big blind $1
*** HOLE CARDS ***
Amara2009: calls $1
BumHuntKing: raises $2.50 to $3.50
BGS013: folds 
BoyLoc0: folds 
Amara2009: raises $7.06 to $10.56 and is all-in
BumHuntKing: calls $7.06
*** FLOP *** [Qd Jd 7h]
halsinki1 joins the table at seat #3 
halsinki1 is disconnected 
monkeyboy273 joins the table at seat #4 
*** TURN *** [Qd Jd 7h] [5c]
monkeyboy273 is disconnected 
*** RIVER *** [Qd Jd 7h 5c] [4s]
*** SHOW DOWN ***
Amara2009: shows [Qs Js] (two pair, Queens and Jacks)
BumHuntKing: shows [Jc Qc] (two pair, Queens and Jacks)
Amara2009 collected $10.69 from pot
BumHuntKing collected $10.81 from pot
*** SUMMARY ***
Total pot $22.62 | Rake $1.12 
Board [Qd Jd 7h 5c 4s]
Seat 1: BumHuntKing (button) showed [Jc Qc] and won ($10.81) with two pair, Queens and Jacks
Seat 2: BGS013 (small blind) folded before Flop
Seat 5: BoyLoc0 (big blind) folded before Flop
Seat 6: Amara2009 showed [Qs Js] and won ($10.69) with two pair, Queens and Jacks



PokerStars Hand #254523317311:  Hold'em No Limit ($0.50/$1.00 USD) - 2025/01/23 1:25:09 WET [2025/01/23 20:25:09 ET]
Table 'Izsak IV' 6-max Seat #2 is the button
Seat 3: halsinki1 ($50.53 in chips) is sitting out
Seat 4: monkeyboy273 ($10 in chips) is sitting out
Seat 1: BumHuntKing ($110.57 in chips) 
Seat 2: BGS013 ($102.20 in chips) 
Seat 5: BoyLoc0 ($100 in chips) 
Seat 6: Amara2009 ($10.69 in chips) 
BoyLoc0: posts small blind $0.50
Amara2009: posts big blind $1
*** HOLE CARDS ***
BumHuntKing: folds 
BGS013: folds 
BoyLoc0: folds 
Uncalled bet ($0.50) returned to Amara2009
Amara2009 collected $1 from pot
*** SUMMARY ***
Total pot $1 | Rake $0 
Seat 3: halsinki1
Seat 4: monkeyboy273
Seat 1: BumHuntKing folded before Flop (didn't bet)
Seat 2: BGS013 (button) folded before Flop (didn't bet)
Seat 5: BoyLoc0 (small blind) folded before Flop
Seat 6: Amara2009 (big blind) collected ($1)



PokerStars Hand #254523322074:  Hold'em No Limit ($0.50/$1.00 USD) - 2025/01/23 1:25:36 WET [2025/01/23 20:25:36 ET]
Table 'Izsak IV' 6-max Seat #5 is the button
Seat 3: halsinki1 ($50.53 in chips) is sitting out
Seat 1: BumHuntKing ($110.57 in chips) 
Seat 2: BGS013 ($102.20 in chips) 
Seat 4: monkeyboy273 ($10 in chips) 
Seat 5: BoyLoc0 ($100 in chips) 
Seat 6: Amara2009 ($11.19 in chips) 
Amara2009: posts small blind $0.50
BumHuntKing: posts big blind $1
halsinki1: sits out 
monkeyboy273: posts big blind $1
*** HOLE CARDS ***
BGS013: folds 
monkeyboy273: checks 
BoyLoc0: raises $3 to $4
Amara2009: folds 
BumHuntKing: folds 
monkeyboy273: calls $3
*** FLOP *** [4d 2d 8d]
monkeyboy273: checks 
BoyLoc0: checks 
*** TURN *** [4d 2d 8d] [Qc]
monkeyboy273: checks 
BoyLoc0: bets $6.77
monkeyboy273: folds 
Uncalled bet ($6.77) returned to BoyLoc0
BoyLoc0 collected $9.02 from pot
BoyLoc0: doesn't show hand 
*** SUMMARY ***
Total pot $9.50 | Rake $0.48 
Board [4d 2d 8d Qc]
Seat 3: halsinki1
Seat 1: BumHuntKing (big blind) folded before Flop
Seat 2: BGS013 folded before Flop (didn't bet)
Seat 4: monkeyboy273 folded on the Turn
Seat 5: BoyLoc0 (button) collected ($9.02)
Seat 6: Amara2009 (small blind) folded before Flop



PokerStars Hand #254523331777:  Hold'em No Limit ($0.50/$1.00 USD) - 2025/01/23 1:26:31 WET [2025/01/23 20:26:31 ET]
Table 'Izsak IV' 6-max Seat #6 is the button
Seat 3: halsinki1 ($50.53 in chips) is sitting out
Seat 1: BumHuntKing ($109.57 in chips) 
Seat 2: BGS013 ($102.20 in chips) 
Seat 4: monkeyboy273 ($6 in chips) 
Seat 5: BoyLoc0 ($105.02 in chips) 
Seat 6: Amara2009 ($10.69 in chips) 
BumHuntKing: posts small blind $0.50
BGS013: posts big blind $1
halsinki1: sits out 
*** HOLE CARDS ***
monkeyboy273: calls $1
BoyLoc0: raises $5 to $6
Amara2009: folds 
BumHuntKing: folds 
BGS013: folds 
monkeyboy273: calls $5 and is all-in
*** FLOP *** [Ah 4c Ks]
*** TURN *** [Ah 4c Ks] [Kc]
*** RIVER *** [Ah 4c Ks Kc] [7h]
*** SHOW DOWN ***
monkeyboy273: shows [3s 6c] (a pair of Kings)
BoyLoc0: shows [Kd Jd] (three of a kind, Kings)
BoyLoc0 collected $12.82 from pot
*** SUMMARY ***
Total pot $13.50 | Rake $0.68 
Board [Ah 4c Ks Kc 7h]
Seat 3: halsinki1
Seat 1: BumHuntKing (small blind) folded before Flop
Seat 2: BGS013 (big blind) folded before Flop
Seat 4: monkeyboy273 showed [3s 6c] and lost with a pair of Kings
Seat 5: BoyLoc0 showed [Kd Jd] and won ($12.82) with three of a kind, Kings
Seat 6: Amara2009 (button) folded before Flop (didn't bet)



PokerStars Hand #254523339006:  Hold'em No Limit ($0.50/$1.00 USD) - 2025/01/23 1:27:13 WET [2025/01/23 20:27:13 ET]
Table 'Izsak IV' 6-max Seat #1 is the button
Seat 4: monkeyboy273 ($0 in chips) is sitting out
Seat 1: BumHuntKing ($109.07 in chips) 
Seat 2: BGS013 ($101.20 in chips) 
Seat 3: halsinki1 ($50.53 in chips) 
Seat 5: BoyLoc0 ($111.84 in chips) 
Seat 6: Amara2009 ($10.69 in chips) 
BGS013: posts small blind $0.50
halsinki1: posts big blind $1
*** HOLE CARDS ***
BoyLoc0: folds 
Amara2009: folds 
monkeyboy273 leaves the table
BumHuntKing: raises $1.50 to $2.50
BGS013: folds 
halsinki1: calls $1.50
*** FLOP *** [8c 4d Ah]
LeaveItYeah joins the table at seat #4 
halsinki1: bets $3
BumHuntKing: calls $3
*** TURN *** [8c 4d Ah] [8h]
halsinki1: bets $3
BumHuntKing: folds 
Uncalled bet ($3) returned to halsinki1
halsinki1 collected $10.92 from pot
*** SUMMARY ***
Total pot $11.50 | Rake $0.58 
Board [8c 4d Ah 8h]
Seat 4: monkeyboy273
Seat 1: BumHuntKing (button) folded on the Turn
Seat 2: BGS013 (small blind) folded before Flop
Seat 3: halsinki1 (big blind) collected ($10.92)
Seat 5: BoyLoc0 folded before Flop (didn't bet)
Seat 6: Amara2009 folded before Flop (didn't bet)



PokerStars Hand #254523345962:  Hold'em No Limit ($0.50/$1.00 USD) - 2025/01/23 1:27:52 WET [2025/01/23 20:27:52 ET]
Table 'Izsak IV' 6-max Seat #2 is the button
Seat 1: BumHuntKing ($103.57 in chips) 
Seat 2: BGS013 ($100.70 in chips) 
Seat 3: halsinki1 ($55.95 in chips) 
Seat 4: LeaveItYeah ($100 in chips) 
Seat 5: BoyLoc0 ($111.84 in chips) 
Seat 6: Amara2009 ($10.69 in chips) 
halsinki1: posts small blind $0.50
LeaveItYeah: posts big blind $1
*** HOLE CARDS ***
BoyLoc0: folds 
Amara2009: folds 
BumHuntKing: folds 
BGS013: folds 
halsinki1: calls $0.50
LeaveItYeah: folds 
LeaveItYeah leaves the table
halsinki1 collected $2 from pot
*** SUMMARY ***
Total pot $2 | Rake $0 
Seat 1: BumHuntKing folded before Flop (didn't bet)
Seat 2: BGS013 (button) folded before Flop (didn't bet)
Seat 3: halsinki1 (small blind) collected ($2)
Seat 4: LeaveItYeah (big blind) folded before Flop
Seat 5: BoyLoc0 folded before Flop (didn't bet)
Seat 6: Amara2009 folded before Flop (didn't bet)



PokerStars Hand #254523347815:  Hold'em No Limit ($0.50/$1.00 USD) - 2025/01/23 1:28:03 WET [2025/01/23 20:28:03 ET]
Table 'Izsak IV' 6-max Seat #3 is the button
Seat 1: BumHuntKing ($103.57 in chips) 
Seat 2: BGS013 ($100.70 in chips) 
Seat 3: halsinki1 ($56.95 in chips) 
Seat 5: BoyLoc0 ($111.84 in chips) 
Seat 6: Amara2009 ($10.69 in chips) 
BoyLoc0: posts small blind $0.50
Amara2009: posts big blind $1
*** HOLE CARDS ***
Timonessb joins the table at seat #4 
BumHuntKing: folds 
BGS013: folds 
halsinki1: folds 
BoyLoc0: calls $0.50
Amara2009: checks 
*** FLOP *** [5d 4d 7s]
BoyLoc0: checks 
Amara2009: bets $1.90
BoyLoc0: calls $1.90
*** TURN *** [5d 4d 7s] [6h]
BoyLoc0: checks 
Amara2009: bets $2.76
BoyLoc0: raises $8.27 to $11.03
Amara2009: calls $5.03 and is all-in
Uncalled bet ($3.24) returned to BoyLoc0
*** RIVER *** [5d 4d 7s 6h] [Js]
*** SHOW DOWN ***
BoyLoc0: shows [3h 5h] (a straight, Three to Seven)
Amara2009: shows [5s 8h] (a straight, Four to Eight)
Amara2009 collected $20.04 from pot
*** SUMMARY ***
Total pot $21.38 | Rake $1.34 
Board [5d 4d 7s 6h Js]
Seat 1: BumHuntKing folded before Flop (didn't bet)
Seat 2: BGS013 folded before Flop (didn't bet)
Seat 3: halsinki1 (button) folded before Flop (didn't bet)
Seat 5: BoyLoc0 (small blind) showed [3h 5h] and lost with a straight, Three to Seven
Seat 6: Amara2009 (big blind) showed [5s 8h] and won ($20.04) with a straight, Four to Eight



PokerStars Hand #254523355319:  Hold'em No Limit ($0.50/$1.00 USD) - 2025/01/23 1:28:46 WET [2025/01/23 20:28:46 ET]
Table 'Izsak IV' 6-max Seat #5 is the button
Seat 4: Timonessb ($109.14 in chips) is sitting out
Seat 1: BumHuntKing ($103.57 in chips) 
Seat 2: BGS013 ($100.70 in chips) 
Seat 3: halsinki1 ($56.95 in chips) 
Seat 5: BoyLoc0 ($101.15 in chips) 
Seat 6: Amara2009 ($20.04 in chips) 
Amara2009: posts small blind $0.50
BumHuntKing: posts big blind $1
Timonessb: sits out 
*** HOLE CARDS ***
BGS013: folds 
halsinki1: calls $1
BoyLoc0: folds 
Amara2009: raises $2 to $3
BumHuntKing: folds 
halsinki1: calls $2
*** FLOP *** [5h 8d Ah]
Amara2009: checks 
halsinki1: checks 
*** TURN *** [5h 8d Ah] [Jd]
Amara2009: bets $3.33
halsinki1: calls $3.33
*** RIVER *** [5h 8d Ah Jd] [9c]
Amara2009: bets $6.49
halsinki1: raises $8.51 to $15
Amara2009: calls $7.22 and is all-in
Uncalled bet ($1.29) returned to halsinki1
*** SHOW DOWN ***
halsinki1: shows [7s 6s] (a straight, Five to Nine)
Amara2009: shows [Ac Js] (two pair, Aces and Jacks)
halsinki1 collected $39.03 from pot
*** SUMMARY ***
Total pot $41.08 | Rake $2.05 
Board [5h 8d Ah Jd 9c]
Seat 4: Timonessb
Seat 1: BumHuntKing (big blind) folded before Flop
Seat 2: BGS013 folded before Flop (didn't bet)
Seat 3: halsinki1 showed [7s 6s] and won ($39.03) with a straight, Five to Nine
Seat 5: BoyLoc0 (button) folded before Flop (didn't bet)
Seat 6: Amara2009 (small blind) showed [Ac Js] and lost with two pair, Aces and Jacks



PokerStars Hand #254523364839:  Hold'em No Limit ($0.50/$1.00 USD) - 2025/01/23 1:29:41 WET [2025/01/23 20:29:41 ET]
Table 'Izsak IV' 6-max Seat #1 is the button
Seat 4: Timonessb ($109.14 in chips) is sitting out
Seat 6: Amara2009 ($0 in chips) is sitting out
Seat 1: BumHuntKing ($102.57 in chips) 
Seat 2: BGS013 ($100.70 in chips) 
Seat 3: halsinki1 ($75.94 in chips) 
Seat 5: BoyLoc0 ($101.15 in chips) 
BGS013: posts small blind $0.50
halsinki1: posts big blind $1
Timonessb: sits out 
*** HOLE CARDS ***
BoyLoc0: folds 
Amara2009 is disconnected 
BumHuntKing: raises $1.50 to $2.50
BGS013: raises $8.50 to $11
halsinki1: calls $10
BumHuntKing: folds 
*** FLOP *** [5s Tc 3d]
BGS013: bets $6.11
halsinki1: calls $6.11
*** TURN *** [5s Tc 3d] [8d]
BGS013: checks 
halsinki1: bets $10
BGS013: calls $10
*** RIVER *** [5s Tc 3d 8d] [Ad]
BGS013: checks 
halsinki1: bets $48.83 and is all-in
BGS013: calls $48.83
*** SHOW DOWN ***
halsinki1: shows [Qc Jd] (high card Ace)
BGS013: shows [9c 9d] (a pair of Nines)
BGS013 collected $153.38 from pot
*** SUMMARY ***
Total pot $154.38 | Rake $1 
Board [5s Tc 3d 8d Ad]
Seat 4: Timonessb
Seat 6: Amara2009
Seat 1: BumHuntKing (button) folded before Flop
Seat 2: BGS013 (small blind) showed [9c 9d] and won ($153.38) with a pair of Nines
Seat 3: halsinki1 (big blind) showed [Qc Jd] and lost with high card Ace
Seat 5: BoyLoc0 folded before Flop (didn't bet)



PokerStars Hand #254523377950:  Hold'em No Limit ($0.50/$1.00 USD) - 2025/01/23 1:30:55 WET [2025/01/23 20:30:55 ET]
Table 'Izsak IV' 6-max Seat #2 is the button
Seat 3: halsinki1 ($0 in chips) is sitting out
Seat 4: Timonessb ($109.14 in chips) is sitting out
Seat 6: Amara2009 ($0 in chips) is sitting out
Seat 1: BumHuntKing ($100.07 in chips) 
Seat 2: BGS013 ($178.14 in chips) 
Seat 5: BoyLoc0 ($101.15 in chips) 
BoyLoc0: posts small blind $0.50
BumHuntKing: posts big blind $1
*** HOLE CARDS ***
BGS013: raises $1.50 to $2.50
BoyLoc0: folds 
BumHuntKing: folds 
Uncalled bet ($1.50) returned to BGS013
BGS013 collected $2.50 from pot
BGS013: doesn't show hand 
*** SUMMARY ***
Total pot $2.50 | Rake $0 
Seat 3: halsinki1
Seat 4: Timonessb
Seat 6: Amara2009
Seat 1: BumHuntKing (big blind) folded before Flop
Seat 2: BGS013 (button) collected ($2.50)
Seat 5: BoyLoc0 (small blind) folded before Flop



PokerStars Hand #254523379715:  Hold'em No Limit ($0.50/$1.00 USD) - 2025/01/23 1:31:05 WET [2025/01/23 20:31:05 ET]
Table 'Izsak IV' 6-max Seat #5 is the button
Seat 3: halsinki1 ($0 in chips) is sitting out
Seat 4: Timonessb ($109.14 in chips) is sitting out
Seat 6: Amara2009 ($0 in chips) is sitting out
Seat 1: BumHuntKing ($100 in chips) 
Seat 2: BGS013 ($179.64 in chips) 
Seat 5: BoyLoc0 ($100.65 in chips) 
BumHuntKing: posts small blind $0.50
BGS013: posts big blind $1
Timonessb: sits out 
*** HOLE CARDS ***
BoyLoc0: folds 
halsinki1 is disconnected 
BumHuntKing: raises $2 to $3
BGS013: raises $6.50 to $9.50
BumHuntKing: folds 
Uncalled bet ($6.50) returned to BGS013
BGS013 collected $6 from pot
BGS013: doesn't show hand 
*** SUMMARY ***
Total pot $6 | Rake $0 
Seat 3: halsinki1
Seat 4: Timonessb
Seat 6: Amara2009
Seat 1: BumHuntKing (small blind) folded before Flop
Seat 2: BGS013 (big blind) collected ($6)
Seat 5: BoyLoc0 (button) folded before Flop (didn't bet)



PokerStars Hand #254523386553:  Hold'em No Limit ($0.50/$1.00 USD) - 2025/01/23 1:31:44 WET [2025/01/23 20:31:44 ET]
Table 'Izsak IV' 6-max Seat #1 is the button
Seat 3: halsinki1 ($0 in chips) is sitting out
Seat 6: Amara2009 ($0 in chips) is sitting out
Seat 1: BumHuntKing ($100 in chips) 
Seat 2: BGS013 ($182.64 in chips) 
Seat 4: Timonessb ($109.14 in chips) 
Seat 5: BoyLoc0 ($100.65 in chips) 
BGS013: posts small blind $0.50
Timonessb: posts big blind $1
*** HOLE CARDS ***
BoyLoc0: raises $1.50 to $2.50
BumHuntKing: folds 
BGS013: folds 
Timonessb: folds 
Uncalled bet ($1.50) returned to BoyLoc0
BoyLoc0 collected $2.50 from pot
BoyLoc0: doesn't show hand 
*** SUMMARY ***
Total pot $2.50 | Rake $0 
Seat 3: halsinki1
Seat 6: Amara2009
Seat 1: BumHuntKing (button) folded before Flop (didn't bet)
Seat 2: BGS013 (small blind) folded before Flop
Seat 4: Timonessb (big blind) folded before Flop
Seat 5: BoyLoc0 collected ($2.50)



PokerStars Hand #254523389525:  Hold'em No Limit ($0.50/$1.00 USD) - 2025/01/23 1:32:01 WET [2025/01/23 20:32:01 ET]
Table 'Izsak IV' 6-max Seat #2 is the button
Seat 3: halsinki1 ($0 in chips) is sitting out
Seat 6: Amara2009 ($0 in chips) is sitting out
Seat 1: BumHuntKing ($100 in chips) 
Seat 2: BGS013 ($182.14 in chips) 
Seat 4: Timonessb ($108.14 in chips) 
Seat 5: BoyLoc0 ($102.15 in chips) 
Timonessb: posts small blind $0.50
BoyLoc0: posts big blind $1
*** HOLE CARDS ***
BumHuntKing: raises $1.20 to $2.20
BGS013: folds 
Timonessb: folds 
BoyLoc0: calls $1.20
*** FLOP *** [5d 3h 7c]
BoyLoc0: checks 
BumHuntKing: checks 
*** TURN *** [5d 3h 7c] [9s]
BoyLoc0: checks 
halsinki1 is disconnected 
BumHuntKing: bets $1.54
BoyLoc0: calls $1.54
*** RIVER *** [5d 3h 7c 9s] [7h]
BoyLoc0: checks 
BumHuntKing: checks 
*** SHOW DOWN ***
BoyLoc0: shows [3c Ac] (two pair, Sevens and Threes)
BumHuntKing: mucks hand 
BoyLoc0 collected $7.58 from pot
*** SUMMARY ***
Total pot $7.98 | Rake $0.40 
Board [5d 3h 7c 9s 7h]
Seat 3: halsinki1
Seat 6: Amara2009
Seat 1: BumHuntKing mucked
Seat 2: BGS013 (button) folded before Flop (didn't bet)
Seat 4: Timonessb (small blind) folded before Flop
Seat 5: BoyLoc0 (big blind) showed [3c Ac] and won ($7.58) with two pair, Sevens and Threes



PokerStars Hand #254523397502:  Hold'em No Limit ($0.50/$1.00 USD) - 2025/01/23 1:32:46 WET [2025/01/23 20:32:46 ET]
Table 'Izsak IV' 6-max Seat #4 is the button
Seat 3: halsinki1 ($0 in chips) is sitting out
Seat 6: Amara2009 ($0 in chips) is sitting out
Seat 1: BumHuntKing ($100 in chips) 
Seat 2: BGS013 ($182.14 in chips) 
Seat 4: Timonessb ($107.64 in chips) 
Seat 5: BoyLoc0 ($105.99 in chips) 
BoyLoc0: posts small blind $0.50
BumHuntKing: posts big blind $1
*** HOLE CARDS ***
BGS013: folds 
Timonessb: folds 
BoyLoc0: folds 
Uncalled bet ($0.50) returned to BumHuntKing
BumHuntKing collected $1 from pot
BumHuntKing: doesn't show hand 
*** SUMMARY ***
Total pot $1 | Rake $0 
Seat 3: halsinki1
Seat 6: Amara2009
Seat 1: BumHuntKing (big blind) collected ($1)
Seat 2: BGS013 folded before Flop (didn't bet)
Seat 4: Timonessb (button) folded before Flop (didn't bet)
Seat 5: BoyLoc0 (small blind) folded before Flop



PokerStars Hand #254523398891:  Hold'em No Limit ($0.50/$1.00 USD) - 2025/01/23 1:32:54 WET [2025/01/23 20:32:54 ET]
Table 'Izsak IV' 6-max Seat #5 is the button
Seat 2: BGS013 ($182.14 in chips) is sitting out
Seat 3: halsinki1 ($0 in chips) is sitting out
Seat 6: Amara2009 ($0 in chips) is sitting out
Seat 1: BumHuntKing ($100.50 in chips) 
Seat 4: Timonessb ($107.64 in chips) 
Seat 5: BoyLoc0 ($105.49 in chips) 
BumHuntKing: posts small blind $0.50
BGS013: is sitting out 
Timonessb: posts big blind $1
*** HOLE CARDS ***
BoyLoc0: folds 
BumHuntKing: folds 
Uncalled bet ($0.50) returned to Timonessb
BGS013 leaves the table
Timonessb collected $1 from pot
Timonessb: doesn't show hand 
*** SUMMARY ***
Total pot $1 | Rake $0 
Seat 2: BGS013
Seat 3: halsinki1
Seat 6: Amara2009
Seat 1: BumHuntKing (small blind) folded before Flop
Seat 4: Timonessb (big blind) collected ($1)
Seat 5: BoyLoc0 (button) folded before Flop (didn't bet)



PokerStars Hand #254523400527:  Hold'em No Limit ($0.50/$1.00 USD) - 2025/01/23 1:33:03 WET [2025/01/23 20:33:03 ET]
Table 'Izsak IV' 6-max Seat #1 is the button
Seat 3: halsinki1 ($0 in chips) is sitting out
Seat 6: Amara2009 ($0 in chips) is sitting out
Seat 1: BumHuntKing ($100 in chips) 
Seat 4: Timonessb ($108.14 in chips) 
Seat 5: BoyLoc0 ($105.49 in chips) 
Timonessb: posts small blind $0.50
BoyLoc0: posts big blind $1
*** HOLE CARDS ***
BumHuntKing: raises $1.50 to $2.50
Timonessb: folds 
BoyLoc0: calls $1.50
*** FLOP *** [7h 4h 6s]
halsinki1 is disconnected 
BoyLoc0: bets $1.72
BumHuntKing: calls $1.72
*** TURN *** [7h 4h 6s] [2h]
BoyLoc0: bets $6.37
BumHuntKing: folds 
Uncalled bet ($6.37) returned to BoyLoc0
BoyLoc0 collected $8.49 from pot
BoyLoc0: doesn't show hand 
*** SUMMARY ***
Total pot $8.94 | Rake $0.45 
Board [7h 4h 6s 2h]
Seat 3: halsinki1
Seat 6: Amara2009
Seat 1: BumHuntKing (button) folded on the Turn
Seat 4: Timonessb (small blind) folded before Flop
Seat 5: BoyLoc0 (big blind) collected ($8.49)



PokerStars Hand #254523406366:  Hold'em No Limit ($0.50/$1.00 USD) - 2025/01/23 1:33:37 WET [2025/01/23 20:33:37 ET]
Table 'Izsak IV' 6-max Seat #4 is the button
Seat 3: halsinki1 ($0 in chips) is sitting out
Seat 6: Amara2009 ($0 in chips) is sitting out
Seat 1: BumHuntKing ($100 in chips) 
Seat 4: Timonessb ($107.64 in chips) 
Seat 5: BoyLoc0 ($109.76 in chips) 
BoyLoc0: posts small blind $0.50
BumHuntKing: posts big blind $1
*** HOLE CARDS ***
Timonessb: folds 
BoyLoc0: folds 
Uncalled bet ($0.50) returned to BumHuntKing
BumHuntKing collected $1 from pot
BumHuntKing: doesn't show hand 
*** SUMMARY ***
Total pot $1 | Rake $0 
Seat 3: halsinki1
Seat 6: Amara2009
Seat 1: BumHuntKing (big blind) collected ($1)
Seat 4: Timonessb (button) folded before Flop (didn't bet)
Seat 5: BoyLoc0 (small blind) folded before Flop



PokerStars Hand #254523407435:  Hold'em No Limit ($0.50/$1.00 USD) - 2025/01/23 1:33:43 WET [2025/01/23 20:33:43 ET]
Table 'Izsak IV' 6-max Seat #5 is the button
Seat 3: halsinki1 ($0 in chips) is sitting out
Seat 6: Amara2009 ($0 in chips) is sitting out
Seat 1: BumHuntKing ($100.50 in chips) 
Seat 4: Timonessb ($107.64 in chips) 
Seat 5: BoyLoc0 ($109.26 in chips) 
BumHuntKing: posts small blind $0.50
Timonessb: posts big blind $1
*** HOLE CARDS ***
BoyLoc0: folds 
BumHuntKing: folds 
Uncalled bet ($0.50) returned to Timonessb
BoyLoc0 leaves the table
Timonessb collected $1 from pot
halsinki1 leaves the table
Timonessb: doesn't show hand 
*** SUMMARY ***
Total pot $1 | Rake $0 
Seat 3: halsinki1
Seat 6: Amara2009
Seat 1: BumHuntKing (small blind) folded before Flop
Seat 4: Timonessb (big blind) collected ($1)
Seat 5: BoyLoc0 (button) folded before Flop (didn't bet)



