PokerStars Hand #254510451436:  Hold'em No Limit ($0.50/$1.00 USD) - 2025/01/23 3:39:15 WET [2025/01/22 22:39:15 ET]
Table 'Androgeos IV' 6-max Seat #3 is the button
Seat 1: tukeiron ($100 in chips) 
Seat 2: Manifestorr ($100 in chips) 
Seat 3: Rysiff ($102.70 in chips) 
Seat 4: babyb4rt ($48.34 in chips) 
Seat 5: 7bekon7 ($100 in chips) 
Seat 6: An1an1 ($100 in chips) 
babyb4rt: posts small blind $0.50
7bekon7: posts big blind $1
*** HOLE CARDS ***
An1an1: folds 
tukeiron: folds 
Manifestorr: raises $1.20 to $2.20
Rysiff: folds 
babyb4rt: folds 
7bekon7: calls $1.20
*** FLOP *** [2c Th 4d]
7bekon7: checks 
Manifestorr: bets $2.33
7bekon7: folds 
Uncalled bet ($2.33) returned to Manifestorr
Manifestorr collected $4.66 from pot
*** SUMMARY ***
Total pot $4.90 | Rake $0.24 
Board [2c Th 4d]
Seat 1: tukeiron folded before Flop (didn't bet)
Seat 2: Manifestorr collected ($4.66)
Seat 3: Rysiff (button) folded before Flop (didn't bet)
Seat 4: babyb4rt (small blind) folded before Flop
Seat 5: 7bekon7 (big blind) folded on the Flop
Seat 6: An1an1 folded before Flop (didn't bet)



PokerStars Hand #254510456001:  Hold'em No Limit ($0.50/$1.00 USD) - 2025/01/23 3:39:54 WET [2025/01/22 22:39:54 ET]
Table 'Androgeos IV' 6-max Seat #4 is the button
Seat 1: tukeiron ($100 in chips) 
Seat 2: Manifestorr ($102.46 in chips) 
Seat 3: Rysiff ($102.70 in chips) 
Seat 4: babyb4rt ($47.84 in chips) 
Seat 5: 7bekon7 ($100 in chips) 
Seat 6: An1an1 ($100 in chips) 
7bekon7: posts small blind $0.50
An1an1: posts big blind $1
*** HOLE CARDS ***
tukeiron: folds 
Manifestorr: folds 
Rysiff: raises $1.50 to $2.50
babyb4rt: calls $2.50
7bekon7: folds 
An1an1: folds 
*** FLOP *** [9h Qs 8h]
Rysiff: bets $4.94
babyb4rt: calls $4.94
*** TURN *** [9h Qs 8h] [3d]
Rysiff: bets $12.45
babyb4rt: raises $27.95 to $40.40 and is all-in
Rysiff: calls $27.95
*** RIVER *** [9h Qs 8h 3d] [3s]
*** SHOW DOWN ***
Rysiff: shows [Jc Tc] (a straight, Eight to Queen)
babyb4rt: shows [Ac Qc] (two pair, Queens and Threes)
Rysiff collected $94.68 from pot
*** SUMMARY ***
Total pot $97.18 | Rake $2.50 
Board [9h Qs 8h 3d 3s]
Seat 1: tukeiron folded before Flop (didn't bet)
Seat 2: Manifestorr folded before Flop (didn't bet)
Seat 3: Rysiff showed [Jc Tc] and won ($94.68) with a straight, Eight to Queen
Seat 4: babyb4rt (button) showed [Ac Qc] and lost with two pair, Queens and Threes
Seat 5: 7bekon7 (small blind) folded before Flop
Seat 6: An1an1 (big blind) folded before Flop



PokerStars Hand #254510462448:  Hold'em No Limit ($0.50/$1.00 USD) - 2025/01/23 3:40:48 WET [2025/01/22 22:40:48 ET]
Table 'Androgeos IV' 6-max Seat #5 is the button
Seat 4: babyb4rt ($0 in chips) is sitting out
Seat 1: tukeiron ($100 in chips) 
Seat 2: Manifestorr ($102.46 in chips) 
Seat 3: Rysiff ($149.54 in chips) 
Seat 5: 7bekon7 ($100 in chips) 
Seat 6: An1an1 ($100 in chips) 
An1an1: posts small blind $0.50
tukeiron: posts big blind $1
*** HOLE CARDS ***
Manifestorr: raises $1.20 to $2.20
Rysiff: raises $4.80 to $7
7bekon7: folds 
An1an1: folds 
tukeiron: folds 
Manifestorr: folds 
Uncalled bet ($4.80) returned to Rysiff
Rysiff collected $5.90 from pot
Rysiff: doesn't show hand 
*** SUMMARY ***
Total pot $5.90 | Rake $0 
Seat 4: babyb4rt
Seat 1: tukeiron (big blind) folded before Flop
Seat 2: Manifestorr folded before Flop
Seat 3: Rysiff collected ($5.90)
Seat 5: 7bekon7 (button) folded before Flop (didn't bet)
Seat 6: An1an1 (small blind) folded before Flop



PokerStars Hand #254510464396:  Hold'em No Limit ($0.50/$1.00 USD) - 2025/01/23 3:41:05 WET [2025/01/22 22:41:05 ET]
Table 'Androgeos IV' 6-max Seat #6 is the button
Seat 1: tukeiron ($100 in chips) is sitting out
Seat 3: Rysiff ($153.24 in chips) is sitting out
Seat 2: Manifestorr ($100.26 in chips) 
Seat 5: 7bekon7 ($100 in chips) 
Seat 6: An1an1 ($100 in chips) 
babyb4rt leaves the table
tukeiron has timed out
tukeiron: is sitting out 
Manifestorr: posts small blind $0.50
Rysiff: is sitting out 
7bekon7: posts big blind $1
*** HOLE CARDS ***
An1an1: raises $1.50 to $2.50
Rysiff leaves the table
Manifestorr: raises $8.50 to $11
7bekon7: folds 
An1an1: folds 
Uncalled bet ($8.50) returned to Manifestorr
Manifestorr collected $6 from pot
*** SUMMARY ***
Total pot $6 | Rake $0 
Seat 1: tukeiron
Seat 3: Rysiff
Seat 2: Manifestorr (small blind) collected ($6)
Seat 5: 7bekon7 (big blind) folded before Flop
Seat 6: An1an1 (button) folded before Flop



PokerStars Hand #254510467361:  Hold'em No Limit ($0.50/$1.00 USD) - 2025/01/23 3:41:30 WET [2025/01/22 22:41:30 ET]
Table 'Androgeos IV' 6-max Seat #5 is the button
Seat 1: tukeiron ($100 in chips) is sitting out
Seat 6: An1an1 ($100 in chips) is sitting out
Seat 2: Manifestorr ($103.76 in chips) 
Seat 5: 7bekon7 ($100 in chips) 
7bekon7: posts small blind $0.50
An1an1: is sitting out 
Manifestorr: posts big blind $1
*** HOLE CARDS ***
7bekon7: raises $2 to $3
Manifestorr: folds 
Uncalled bet ($2) returned to 7bekon7
7bekon7 collected $2 from pot
7bekon7: doesn't show hand 
*** SUMMARY ***
Total pot $2 | Rake $0 
Seat 1: tukeiron
Seat 6: An1an1
Seat 2: Manifestorr (big blind) folded before Flop
Seat 5: 7bekon7 (button) (small blind) collected ($2)



