PokerStars Hand #254511352092:  Hold'em No Limit ($0.50/$1.00 USD) - 2025/01/23 6:29:00 WET [2025/01/23 1:29:00 ET]
Table 'Kira III' 6-max Seat #6 is the button
Seat 1: avlee1 ($100.50 in chips) 
Seat 2: ptolejmus ($13.80 in chips) 
Seat 3: MoRsCeReBruM ($100 in chips) 
Seat 4: 7bekon7 ($100 in chips) 
Seat 6: Prior97 ($91.94 in chips) 
avlee1: posts small blind $0.50
ptolejmus: posts big blind $1
*** HOLE CARDS ***
MoRsCeReBruM has timed out
MoRsCeReBruM: folds 
7bekon7: folds 
Prior97: folds 
avlee1: raises $2 to $3
ptolejmus: folds 
Uncalled bet ($2) returned to avlee1
avlee1 collected $2 from pot
avlee1: doesn't show hand 
*** SUMMARY ***
Total pot $2 | Rake $0 
Seat 1: avlee1 (small blind) collected ($2)
Seat 2: ptolejmus (big blind) folded before Flop
Seat 3: MoRsCeReBruM folded before Flop (didn't bet)
Seat 4: 7bekon7 folded before Flop (didn't bet)
Seat 6: Prior97 (button) folded before Flop (didn't bet)



PokerStars Hand #254511353541:  Hold'em No Limit ($0.50/$1.00 USD) - 2025/01/23 6:29:19 WET [2025/01/23 1:29:19 ET]
Table 'Kira III' 6-max Seat #1 is the button
Seat 1: avlee1 ($101.50 in chips) 
Seat 2: ptolejmus ($12.80 in chips) 
Seat 3: MoRsCeReBruM ($100 in chips) 
Seat 4: 7bekon7 ($100 in chips) 
Seat 6: Prior97 ($91.94 in chips) 
ptolejmus: posts small blind $0.50
MoRsCeReBruM: posts big blind $1
*** HOLE CARDS ***
7bekon7: folds 
Prior97: folds 
avlee1: raises $1.50 to $2.50
ptolejmus: folds 
MoRsCeReBruM: calls $1.50
*** FLOP *** [3c 7c 6s]
MoRsCeReBruM: checks 
avlee1: bets $3.92
MoRsCeReBruM: folds 
Uncalled bet ($3.92) returned to avlee1
avlee1 collected $5.22 from pot
avlee1: doesn't show hand 
*** SUMMARY ***
Total pot $5.50 | Rake $0.28 
Board [3c 7c 6s]
Seat 1: avlee1 (button) collected ($5.22)
Seat 2: ptolejmus (small blind) folded before Flop
Seat 3: MoRsCeReBruM (big blind) folded on the Flop
Seat 4: 7bekon7 folded before Flop (didn't bet)
Seat 6: Prior97 folded before Flop (didn't bet)



PokerStars Hand #254511357756:  Hold'em No Limit ($0.50/$1.00 USD) - 2025/01/23 6:30:18 WET [2025/01/23 1:30:18 ET]
Table 'Kira III' 6-max Seat #2 is the button
Seat 1: avlee1 ($104.22 in chips) 
Seat 2: ptolejmus ($12.30 in chips) 
Seat 3: MoRsCeReBruM ($100 in chips) 
Seat 4: 7bekon7 ($100 in chips) 
Seat 6: Prior97 ($91.94 in chips) 
MoRsCeReBruM: posts small blind $0.50
7bekon7: posts big blind $1
*** HOLE CARDS ***
Prior97: folds 
avlee1: folds 
ptolejmus: folds 
MoRsCeReBruM: folds 
Uncalled bet ($0.50) returned to 7bekon7
7bekon7 collected $1 from pot
7bekon7: doesn't show hand 
*** SUMMARY ***
Total pot $1 | Rake $0 
Seat 1: avlee1 folded before Flop (didn't bet)
Seat 2: ptolejmus (button) folded before Flop (didn't bet)
Seat 3: MoRsCeReBruM (small blind) folded before Flop
Seat 4: 7bekon7 (big blind) collected ($1)
Seat 6: Prior97 folded before Flop (didn't bet)



PokerStars Hand #254511359544:  Hold'em No Limit ($0.50/$1.00 USD) - 2025/01/23 6:30:42 WET [2025/01/23 1:30:42 ET]
Table 'Kira III' 6-max Seat #3 is the button
Seat 1: avlee1 ($104.22 in chips) 
Seat 2: ptolejmus ($12.30 in chips) 
Seat 3: MoRsCeReBruM ($100 in chips) 
Seat 4: 7bekon7 ($100.50 in chips) 
Seat 6: Prior97 ($91.94 in chips) 
7bekon7: posts small blind $0.50
Prior97: posts big blind $1
*** HOLE CARDS ***
avlee1: folds 
ptolejmus: folds 
MoRsCeReBruM: folds 
7bekon7: folds 
Uncalled bet ($0.50) returned to Prior97
Prior97 collected $1 from pot
*** SUMMARY ***
Total pot $1 | Rake $0 
Seat 1: avlee1 folded before Flop (didn't bet)
Seat 2: ptolejmus folded before Flop (didn't bet)
Seat 3: MoRsCeReBruM (button) folded before Flop (didn't bet)
Seat 4: 7bekon7 (small blind) folded before Flop
Seat 6: Prior97 (big blind) collected ($1)



PokerStars Hand #254511360564:  Hold'em No Limit ($0.50/$1.00 USD) - 2025/01/23 6:30:57 WET [2025/01/23 1:30:57 ET]
Table 'Kira III' 6-max Seat #4 is the button
Seat 1: avlee1 ($104.22 in chips) 
Seat 2: ptolejmus ($12.30 in chips) 
Seat 3: MoRsCeReBruM ($100 in chips) 
Seat 4: 7bekon7 ($100 in chips) 
Seat 6: Prior97 ($92.44 in chips) 
Prior97: posts small blind $0.50
avlee1: posts big blind $1
*** HOLE CARDS ***
ptolejmus: folds 
MoRsCeReBruM: folds 
7bekon7: folds 
Prior97: calls $0.50
avlee1: raises $3 to $4
Prior97: folds 
Uncalled bet ($3) returned to avlee1
avlee1 collected $2 from pot
avlee1: doesn't show hand 
*** SUMMARY ***
Total pot $2 | Rake $0 
Seat 1: avlee1 (big blind) collected ($2)
Seat 2: ptolejmus folded before Flop (didn't bet)
Seat 3: MoRsCeReBruM folded before Flop (didn't bet)
Seat 4: 7bekon7 (button) folded before Flop (didn't bet)
Seat 6: Prior97 (small blind) folded before Flop



PokerStars Hand #254511362124:  Hold'em No Limit ($0.50/$1.00 USD) - 2025/01/23 6:31:18 WET [2025/01/23 1:31:18 ET]
Table 'Kira III' 6-max Seat #6 is the button
Seat 1: avlee1 ($105.22 in chips) 
Seat 2: ptolejmus ($12.30 in chips) 
Seat 3: MoRsCeReBruM ($100 in chips) 
Seat 4: 7bekon7 ($100 in chips) 
Seat 6: Prior97 ($91.44 in chips) 
avlee1: posts small blind $0.50
ptolejmus: posts big blind $1
*** HOLE CARDS ***
MoRsCeReBruM: folds 
7bekon7: folds 
Prior97: folds 
avlee1: folds 
Uncalled bet ($0.50) returned to ptolejmus
ptolejmus collected $1 from pot
*** SUMMARY ***
Total pot $1 | Rake $0 
Seat 1: avlee1 (small blind) folded before Flop
Seat 2: ptolejmus (big blind) collected ($1)
Seat 3: MoRsCeReBruM folded before Flop (didn't bet)
Seat 4: 7bekon7 folded before Flop (didn't bet)
Seat 6: Prior97 (button) folded before Flop (didn't bet)



PokerStars Hand #254511362817:  Hold'em No Limit ($0.50/$1.00 USD) - 2025/01/23 6:31:28 WET [2025/01/23 1:31:28 ET]
Table 'Kira III' 6-max Seat #1 is the button
Seat 1: avlee1 ($104.72 in chips) 
Seat 2: ptolejmus ($12.80 in chips) 
Seat 3: MoRsCeReBruM ($100 in chips) 
Seat 4: 7bekon7 ($100 in chips) 
Seat 6: Prior97 ($91.44 in chips) 
ptolejmus: posts small blind $0.50
MoRsCeReBruM: posts big blind $1
*** HOLE CARDS ***
7bekon7: folds 
Prior97: folds 
avlee1: folds 
ptolejmus: raises $1.50 to $2.50
MoRsCeReBruM: folds 
Uncalled bet ($1.50) returned to ptolejmus
ptolejmus collected $2 from pot
*** SUMMARY ***
Total pot $2 | Rake $0 
Seat 1: avlee1 (button) folded before Flop (didn't bet)
Seat 2: ptolejmus (small blind) collected ($2)
Seat 3: MoRsCeReBruM (big blind) folded before Flop
Seat 4: 7bekon7 folded before Flop (didn't bet)
Seat 6: Prior97 folded before Flop (didn't bet)



PokerStars Hand #254511364045:  Hold'em No Limit ($0.50/$1.00 USD) - 2025/01/23 6:31:45 WET [2025/01/23 1:31:45 ET]
Table 'Kira III' 6-max Seat #2 is the button
Seat 1: avlee1 ($104.72 in chips) 
Seat 2: ptolejmus ($13.80 in chips) 
Seat 3: MoRsCeReBruM ($100 in chips) 
Seat 4: 7bekon7 ($100 in chips) 
Seat 6: Prior97 ($91.44 in chips) 
MoRsCeReBruM: posts small blind $0.50
7bekon7: posts big blind $1
*** HOLE CARDS ***
Prior97: calls $1
avlee1: folds 
ptolejmus: raises $12.80 to $13.80 and is all-in
MoRsCeReBruM: folds 
7bekon7: folds 
Prior97: calls $12.80
*** FLOP *** [Js 9c 6c]
*** TURN *** [Js 9c 6c] [Ad]
*** RIVER *** [Js 9c 6c Ad] [6s]
*** SHOW DOWN ***
Prior97: shows [9s Qh] (two pair, Nines and Sixes)
ptolejmus: shows [Ac Kh] (two pair, Aces and Sixes)
ptolejmus collected $27.64 from pot
*** SUMMARY ***
Total pot $29.10 | Rake $1.46 
Board [Js 9c 6c Ad 6s]
Seat 1: avlee1 folded before Flop (didn't bet)
Seat 2: ptolejmus (button) showed [Ac Kh] and won ($27.64) with two pair, Aces and Sixes
Seat 3: MoRsCeReBruM (small blind) folded before Flop
Seat 4: 7bekon7 (big blind) folded before Flop
Seat 6: Prior97 showed [9s Qh] and lost with two pair, Nines and Sixes



PokerStars Hand #254511366523:  Hold'em No Limit ($0.50/$1.00 USD) - 2025/01/23 6:32:20 WET [2025/01/23 1:32:20 ET]
Table 'Kira III' 6-max Seat #3 is the button
Seat 1: avlee1 ($104.72 in chips) 
Seat 2: ptolejmus ($27.64 in chips) 
Seat 3: MoRsCeReBruM ($100 in chips) 
Seat 4: 7bekon7 ($100 in chips) 
Seat 6: Prior97 ($77.64 in chips) 
7bekon7: posts small blind $0.50
Prior97: posts big blind $1
*** HOLE CARDS ***
avlee1: folds 
ptolejmus: folds 
MoRsCeReBruM: raises $1.50 to $2.50
7bekon7: folds 
Prior97: folds 
Uncalled bet ($1.50) returned to MoRsCeReBruM
MoRsCeReBruM collected $2.50 from pot
MoRsCeReBruM: doesn't show hand 
*** SUMMARY ***
Total pot $2.50 | Rake $0 
Seat 1: avlee1 folded before Flop (didn't bet)
Seat 2: ptolejmus folded before Flop (didn't bet)
Seat 3: MoRsCeReBruM (button) collected ($2.50)
Seat 4: 7bekon7 (small blind) folded before Flop
Seat 6: Prior97 (big blind) folded before Flop



PokerStars Hand #254511368405:  Hold'em No Limit ($0.50/$1.00 USD) - 2025/01/23 6:32:46 WET [2025/01/23 1:32:46 ET]
Table 'Kira III' 6-max Seat #4 is the button
Seat 1: avlee1 ($104.72 in chips) is sitting out
Seat 2: ptolejmus ($27.64 in chips) is sitting out
Seat 3: MoRsCeReBruM ($101.50 in chips) 
Seat 4: 7bekon7 ($100 in chips) 
Seat 6: Prior97 ($76.64 in chips) 
Prior97: posts small blind $0.50
avlee1: is sitting out 
ptolejmus: is sitting out 
MoRsCeReBruM: posts big blind $1
*** HOLE CARDS ***
ptolejmus leaves the table
7bekon7: folds 
avlee1 leaves the table
Prior97: calls $0.50
MoRsCeReBruM: checks 
*** FLOP *** [Td 7d Qd]
Prior97: checks 
peak joker33 joins the table at seat #1 
MoRsCeReBruM: checks 
*** TURN *** [Td 7d Qd] [2c]
Prior97: checks 
CashfishT joins the table at seat #2 
MoRsCeReBruM: bets $1
Prior97: calls $1
*** RIVER *** [Td 7d Qd 2c] [Ac]
Prior97: checks 
MoRsCeReBruM: checks 
*** SHOW DOWN ***
Prior97: shows [Jd 8s] (high card Ace)
MoRsCeReBruM: shows [8h 7c] (a pair of Sevens)
MoRsCeReBruM collected $3.80 from pot
*** SUMMARY ***
Total pot $4 | Rake $0.20 
Board [Td 7d Qd 2c Ac]
Seat 1: avlee1
Seat 2: ptolejmus
Seat 3: MoRsCeReBruM (big blind) showed [8h 7c] and won ($3.80) with a pair of Sevens
Seat 4: 7bekon7 (button) folded before Flop (didn't bet)
Seat 6: Prior97 (small blind) showed [Jd 8s] and lost with high card Ace



PokerStars Hand #254511370787:  Hold'em No Limit ($0.50/$1.00 USD) - 2025/01/23 6:33:19 WET [2025/01/23 1:33:19 ET]
Table 'Kira III' 6-max Seat #6 is the button
Seat 1: peak joker33 ($100 in chips) is sitting out
Seat 2: CashfishT ($100 in chips) is sitting out
Seat 3: MoRsCeReBruM ($103.30 in chips) 
Seat 4: 7bekon7 ($100 in chips) 
Seat 6: Prior97 ($74.64 in chips) 
MoRsCeReBruM: posts small blind $0.50
7bekon7: posts big blind $1
*** HOLE CARDS ***
scott6991 joins the table at seat #5 
Prior97: calls $1
scott6991 is disconnected 
MoRsCeReBruM: folds 
7bekon7: raises $4 to $5
Prior97: calls $4
*** FLOP *** [5s Tc 4d]
7bekon7: bets $2.50
Prior97: folds 
Uncalled bet ($2.50) returned to 7bekon7
7bekon7 collected $9.98 from pot
7bekon7: doesn't show hand 
*** SUMMARY ***
Total pot $10.50 | Rake $0.52 
Board [5s Tc 4d]
Seat 1: peak joker33
Seat 2: CashfishT
Seat 3: MoRsCeReBruM (small blind) folded before Flop
Seat 4: 7bekon7 (big blind) collected ($9.98)
Seat 6: Prior97 (button) folded on the Flop



PokerStars Hand #254511372865:  Hold'em No Limit ($0.50/$1.00 USD) - 2025/01/23 6:33:47 WET [2025/01/23 1:33:47 ET]
Table 'Kira III' 6-max Seat #3 is the button
Seat 1: peak joker33 ($100 in chips) is sitting out
Seat 2: CashfishT ($100 in chips) is sitting out
Seat 3: MoRsCeReBruM ($102.80 in chips) 
Seat 4: 7bekon7 ($104.98 in chips) 
Seat 5: scott6991 ($61.65 in chips) 
Seat 6: Prior97 ($69.64 in chips) 
7bekon7: posts small blind $0.50
scott6991 is disconnected 
scott6991 is connected 
scott6991: posts big blind $1
peak joker33: sits out 
CashfishT: sits out 
*** HOLE CARDS ***
Prior97: calls $1
MoRsCeReBruM: folds 
7bekon7: folds 
scott6991: checks 
*** FLOP *** [7d 2c 6d]
scott6991: checks 
Prior97: checks 
*** TURN *** [7d 2c 6d] [Kc]
scott6991: checks 
Prior97: checks 
*** RIVER *** [7d 2c 6d Kc] [8s]
scott6991: checks 
Prior97: bets $5
scott6991: folds 
Uncalled bet ($5) returned to Prior97
Prior97 collected $2.38 from pot
*** SUMMARY ***
Total pot $2.50 | Rake $0.12 
Board [7d 2c 6d Kc 8s]
Seat 1: peak joker33
Seat 2: CashfishT
Seat 3: MoRsCeReBruM (button) folded before Flop (didn't bet)
Seat 4: 7bekon7 (small blind) folded before Flop
Seat 5: scott6991 (big blind) folded on the River
Seat 6: Prior97 collected ($2.38)



PokerStars Hand #254511375840:  Hold'em No Limit ($0.50/$1.00 USD) - 2025/01/23 6:34:28 WET [2025/01/23 1:34:28 ET]
Table 'Kira III' 6-max Seat #4 is the button
Seat 1: peak joker33 ($100 in chips) is sitting out
Seat 2: CashfishT ($100 in chips) is sitting out
Seat 3: MoRsCeReBruM ($102.80 in chips) 
Seat 4: 7bekon7 ($104.48 in chips) 
Seat 5: scott6991 ($60.65 in chips) 
Seat 6: Prior97 ($71.02 in chips) 
scott6991: posts small blind $0.50
Prior97: posts big blind $1
peak joker33: sits out 
CashfishT: sits out 
*** HOLE CARDS ***
MoRsCeReBruM: raises $1.20 to $2.20
7bekon7: calls $2.20
scott6991: raises $9.80 to $12
Prior97: folds 
MoRsCeReBruM: folds 
7bekon7: folds 
Uncalled bet ($9.80) returned to scott6991
scott6991 collected $7.60 from pot
*** SUMMARY ***
Total pot $7.60 | Rake $0 
Seat 1: peak joker33
Seat 2: CashfishT
Seat 3: MoRsCeReBruM folded before Flop
Seat 4: 7bekon7 (button) folded before Flop
Seat 5: scott6991 (small blind) collected ($7.60)
Seat 6: Prior97 (big blind) folded before Flop



PokerStars Hand #254511377942:  Hold'em No Limit ($0.50/$1.00 USD) - 2025/01/23 6:34:57 WET [2025/01/23 1:34:57 ET]
Table 'Kira III' 6-max Seat #5 is the button
Seat 2: CashfishT ($100 in chips) is sitting out
Seat 1: peak joker33 ($100 in chips) 
Seat 3: MoRsCeReBruM ($100.60 in chips) 
Seat 4: 7bekon7 ($102.28 in chips) 
Seat 5: scott6991 ($66.05 in chips) 
Seat 6: Prior97 ($70.02 in chips) 
Prior97: posts small blind $0.50
peak joker33: posts big blind $1
CashfishT: sits out 
*** HOLE CARDS ***
MoRsCeReBruM: folds 
7bekon7: folds 
scott6991: folds 
Prior97: folds 
Uncalled bet ($0.50) returned to peak joker33
peak joker33 collected $1 from pot
peak joker33: doesn't show hand 
*** SUMMARY ***
Total pot $1 | Rake $0 
Seat 2: CashfishT
Seat 1: peak joker33 (big blind) collected ($1)
Seat 3: MoRsCeReBruM folded before Flop (didn't bet)
Seat 4: 7bekon7 folded before Flop (didn't bet)
Seat 5: scott6991 (button) folded before Flop (didn't bet)
Seat 6: Prior97 (small blind) folded before Flop



PokerStars Hand #254511378921:  Hold'em No Limit ($0.50/$1.00 USD) - 2025/01/23 6:35:11 WET [2025/01/23 1:35:11 ET]
Table 'Kira III' 6-max Seat #6 is the button
Seat 1: peak joker33 ($100.50 in chips) 
Seat 2: CashfishT ($100 in chips) 
Seat 3: MoRsCeReBruM ($100.60 in chips) 
Seat 4: 7bekon7 ($102.28 in chips) 
Seat 5: scott6991 ($66.05 in chips) 
Seat 6: Prior97 ($69.52 in chips) 
peak joker33: posts small blind $0.50
CashfishT: posts big blind $1
*** HOLE CARDS ***
MoRsCeReBruM: folds 
7bekon7: raises $1.25 to $2.25
scott6991: folds 
Prior97: folds 
peak joker33: folds 
CashfishT: calls $1.25
*** FLOP *** [Jd 2s Qh]
scott6991 leaves the table
CashfishT: checks 
7bekon7: checks 
*** TURN *** [Jd 2s Qh] [4d]
MaRKiToScoK joins the table at seat #5 
CashfishT: checks 
7bekon7: checks 
*** RIVER *** [Jd 2s Qh 4d] [Td]
CashfishT: bets $5.94
7bekon7: raises $24.95 to $30.89
CashfishT: folds 
Uncalled bet ($24.95) returned to 7bekon7
7bekon7 collected $16.04 from pot
7bekon7: doesn't show hand 
*** SUMMARY ***
Total pot $16.88 | Rake $0.84 
Board [Jd 2s Qh 4d Td]
Seat 1: peak joker33 (small blind) folded before Flop
Seat 2: CashfishT (big blind) folded on the River
Seat 3: MoRsCeReBruM folded before Flop (didn't bet)
Seat 4: 7bekon7 collected ($16.04)
Seat 5: scott6991 folded before Flop (didn't bet)
Seat 6: Prior97 (button) folded before Flop (didn't bet)



PokerStars Hand #254511382600:  Hold'em No Limit ($0.50/$1.00 USD) - 2025/01/23 6:36:03 WET [2025/01/23 1:36:03 ET]
Table 'Kira III' 6-max Seat #1 is the button
Seat 4: 7bekon7 ($110.13 in chips) is sitting out
Seat 5: MaRKiToScoK ($100 in chips) is sitting out
Seat 1: peak joker33 ($100 in chips) 
Seat 2: CashfishT ($100 in chips) 
Seat 3: MoRsCeReBruM ($100.60 in chips) 
Seat 6: Prior97 ($69.52 in chips) 
CashfishT: posts small blind $0.50
MoRsCeReBruM: posts big blind $1
MaRKiToScoK: sits out 
*** HOLE CARDS ***
Prior97: calls $1
peak joker33: folds 
CashfishT: folds 
MoRsCeReBruM: checks 
*** FLOP *** [3s 8h Ah]
MoRsCeReBruM: checks 
Prior97: checks 
*** TURN *** [3s 8h Ah] [Tc]
MoRsCeReBruM: checks 
Prior97: checks 
*** RIVER *** [3s 8h Ah Tc] [9c]
MoRsCeReBruM: bets $1.79
Prior97: folds 
Uncalled bet ($1.79) returned to MoRsCeReBruM
MoRsCeReBruM collected $2.38 from pot
MoRsCeReBruM: doesn't show hand 
*** SUMMARY ***
Total pot $2.50 | Rake $0.12 
Board [3s 8h Ah Tc 9c]
Seat 4: 7bekon7
Seat 5: MaRKiToScoK
Seat 1: peak joker33 (button) folded before Flop (didn't bet)
Seat 2: CashfishT (small blind) folded before Flop
Seat 3: MoRsCeReBruM (big blind) collected ($2.38)
Seat 6: Prior97 folded on the River



PokerStars Hand #254511386957:  Hold'em No Limit ($0.50/$1.00 USD) - 2025/01/23 6:37:05 WET [2025/01/23 1:37:05 ET]
Table 'Kira III' 6-max Seat #2 is the button
Seat 4: 7bekon7 ($110.13 in chips) is sitting out
Seat 1: peak joker33 ($100 in chips) 
Seat 2: CashfishT ($100 in chips) 
Seat 3: MoRsCeReBruM ($101.98 in chips) 
Seat 5: MaRKiToScoK ($100 in chips) 
Seat 6: Prior97 ($68.52 in chips) 
MoRsCeReBruM: posts small blind $0.50
MaRKiToScoK: posts big blind $1
*** HOLE CARDS ***
Prior97: folds 
peak joker33: folds 
CashfishT: folds 
MoRsCeReBruM: folds 
Uncalled bet ($0.50) returned to MaRKiToScoK
MaRKiToScoK collected $1 from pot
*** SUMMARY ***
Total pot $1 | Rake $0 
Seat 4: 7bekon7
Seat 1: peak joker33 folded before Flop (didn't bet)
Seat 2: CashfishT (button) folded before Flop (didn't bet)
Seat 3: MoRsCeReBruM (small blind) folded before Flop
Seat 5: MaRKiToScoK (big blind) collected ($1)
Seat 6: Prior97 folded before Flop (didn't bet)



PokerStars Hand #254511387909:  Hold'em No Limit ($0.50/$1.00 USD) - 2025/01/23 6:37:18 WET [2025/01/23 1:37:18 ET]
Table 'Kira III' 6-max Seat #3 is the button
Seat 4: 7bekon7 ($110.13 in chips) is sitting out
Seat 1: peak joker33 ($100 in chips) 
Seat 2: CashfishT ($100 in chips) 
Seat 3: MoRsCeReBruM ($101.48 in chips) 
Seat 5: MaRKiToScoK ($100.50 in chips) 
Seat 6: Prior97 ($68.52 in chips) 
MaRKiToScoK: posts small blind $0.50
Prior97: posts big blind $1
*** HOLE CARDS ***
peak joker33: folds 
CashfishT: raises $1.20 to $2.20
MoRsCeReBruM: folds 
MaRKiToScoK: folds 
Prior97: folds 
Uncalled bet ($1.20) returned to CashfishT
CashfishT collected $2.50 from pot
CashfishT: doesn't show hand 
*** SUMMARY ***
Total pot $2.50 | Rake $0 
Seat 4: 7bekon7
Seat 1: peak joker33 folded before Flop (didn't bet)
Seat 2: CashfishT collected ($2.50)
Seat 3: MoRsCeReBruM (button) folded before Flop (didn't bet)
Seat 5: MaRKiToScoK (small blind) folded before Flop
Seat 6: Prior97 (big blind) folded before Flop



PokerStars Hand #254511389532:  Hold'em No Limit ($0.50/$1.00 USD) - 2025/01/23 6:37:41 WET [2025/01/23 1:37:41 ET]
Table 'Kira III' 6-max Seat #5 is the button
Seat 4: 7bekon7 ($110.13 in chips) is sitting out
Seat 1: peak joker33 ($100 in chips) 
Seat 2: CashfishT ($101.50 in chips) 
Seat 3: MoRsCeReBruM ($101.48 in chips) 
Seat 5: MaRKiToScoK ($100 in chips) 
Seat 6: Prior97 ($67.52 in chips) 
Prior97: posts small blind $0.50
peak joker33: posts big blind $1
*** HOLE CARDS ***
CashfishT: folds 
MoRsCeReBruM: folds 
MaRKiToScoK: folds 
Prior97: calls $0.50
peak joker33: raises $3.50 to $4.50
Prior97: calls $3.50
*** FLOP *** [6d 5c Qc]
Prior97: checks 
peak joker33: bets $2.82
Prior97: raises $3.82 to $6.64
peak joker33: folds 
Uncalled bet ($3.82) returned to Prior97
Prior97 collected $13.91 from pot
*** SUMMARY ***
Total pot $14.64 | Rake $0.73 
Board [6d 5c Qc]
Seat 4: 7bekon7
Seat 1: peak joker33 (big blind) folded on the Flop
Seat 2: CashfishT folded before Flop (didn't bet)
Seat 3: MoRsCeReBruM folded before Flop (didn't bet)
Seat 5: MaRKiToScoK (button) folded before Flop (didn't bet)
Seat 6: Prior97 (small blind) collected ($13.91)



PokerStars Hand #254511391385:  Hold'em No Limit ($0.50/$1.00 USD) - 2025/01/23 6:38:08 WET [2025/01/23 1:38:08 ET]
Table 'Kira III' 6-max Seat #6 is the button
Seat 4: 7bekon7 ($110.13 in chips) is sitting out
Seat 1: peak joker33 ($100 in chips) 
Seat 2: CashfishT ($101.50 in chips) 
Seat 3: MoRsCeReBruM ($101.48 in chips) 
Seat 5: MaRKiToScoK ($100 in chips) 
Seat 6: Prior97 ($74.11 in chips) 
peak joker33: posts small blind $0.50
CashfishT: posts big blind $1
*** HOLE CARDS ***
MoRsCeReBruM: folds 
MaRKiToScoK: folds 
Prior97: folds 
peak joker33: raises $2 to $3
CashfishT: folds 
Uncalled bet ($2) returned to peak joker33
peak joker33 collected $2 from pot
peak joker33: doesn't show hand 
*** SUMMARY ***
Total pot $2 | Rake $0 
Seat 4: 7bekon7
Seat 1: peak joker33 (small blind) collected ($2)
Seat 2: CashfishT (big blind) folded before Flop
Seat 3: MoRsCeReBruM folded before Flop (didn't bet)
Seat 5: MaRKiToScoK folded before Flop (didn't bet)
Seat 6: Prior97 (button) folded before Flop (didn't bet)



PokerStars Hand #254511392279:  Hold'em No Limit ($0.50/$1.00 USD) - 2025/01/23 6:38:20 WET [2025/01/23 1:38:20 ET]
Table 'Kira III' 6-max Seat #1 is the button
Seat 4: 7bekon7 ($110.13 in chips) is sitting out
Seat 1: peak joker33 ($101 in chips) 
Seat 2: CashfishT ($100.50 in chips) 
Seat 3: MoRsCeReBruM ($101.48 in chips) 
Seat 5: MaRKiToScoK ($100 in chips) 
Seat 6: Prior97 ($74.11 in chips) 
CashfishT: posts small blind $0.50
MoRsCeReBruM: posts big blind $1
*** HOLE CARDS ***
MaRKiToScoK: folds 
Prior97: folds 
peak joker33: raises $1.50 to $2.50
CashfishT: folds 
MoRsCeReBruM: folds 
Uncalled bet ($1.50) returned to peak joker33
peak joker33 collected $2.50 from pot
peak joker33: doesn't show hand 
*** SUMMARY ***
Total pot $2.50 | Rake $0 
Seat 4: 7bekon7
Seat 1: peak joker33 (button) collected ($2.50)
Seat 2: CashfishT (small blind) folded before Flop
Seat 3: MoRsCeReBruM (big blind) folded before Flop
Seat 5: MaRKiToScoK folded before Flop (didn't bet)
Seat 6: Prior97 folded before Flop (didn't bet)



PokerStars Hand #254511393720:  Hold'em No Limit ($0.50/$1.00 USD) - 2025/01/23 6:38:41 WET [2025/01/23 1:38:41 ET]
Table 'Kira III' 6-max Seat #2 is the button
Seat 4: 7bekon7 ($110.13 in chips) is sitting out
Seat 1: peak joker33 ($102.50 in chips) 
Seat 2: CashfishT ($100 in chips) 
Seat 3: MoRsCeReBruM ($100.48 in chips) 
Seat 5: MaRKiToScoK ($100 in chips) 
Seat 6: Prior97 ($74.11 in chips) 
MoRsCeReBruM: posts small blind $0.50
MaRKiToScoK: posts big blind $1
*** HOLE CARDS ***
Prior97: calls $1
peak joker33: folds 
CashfishT: folds 
MoRsCeReBruM: folds 
MaRKiToScoK: checks 
*** FLOP *** [Qs 4d Qh]
MaRKiToScoK: checks 
Prior97: checks 
*** TURN *** [Qs 4d Qh] [3d]
MaRKiToScoK: bets $1.78
Prior97: folds 
Uncalled bet ($1.78) returned to MaRKiToScoK
MaRKiToScoK collected $2.38 from pot
*** SUMMARY ***
Total pot $2.50 | Rake $0.12 
Board [Qs 4d Qh 3d]
Seat 4: 7bekon7
Seat 1: peak joker33 folded before Flop (didn't bet)
Seat 2: CashfishT (button) folded before Flop (didn't bet)
Seat 3: MoRsCeReBruM (small blind) folded before Flop
Seat 5: MaRKiToScoK (big blind) collected ($2.38)
Seat 6: Prior97 folded on the Turn



PokerStars Hand #254511395903:  Hold'em No Limit ($0.50/$1.00 USD) - 2025/01/23 6:39:13 WET [2025/01/23 1:39:13 ET]
Table 'Kira III' 6-max Seat #3 is the button
Seat 4: 7bekon7 ($110.13 in chips) is sitting out
Seat 1: peak joker33 ($102.50 in chips) 
Seat 2: CashfishT ($100 in chips) 
Seat 3: MoRsCeReBruM ($100 in chips) 
Seat 5: MaRKiToScoK ($101.38 in chips) 
Seat 6: Prior97 ($73.11 in chips) 
MaRKiToScoK: posts small blind $0.50
Prior97: posts big blind $1
*** HOLE CARDS ***
peak joker33: raises $1.50 to $2.50
CashfishT: folds 
MoRsCeReBruM: folds 
MaRKiToScoK: folds 
Prior97: folds 
Uncalled bet ($1.50) returned to peak joker33
peak joker33 collected $2.50 from pot
peak joker33: doesn't show hand 
*** SUMMARY ***
Total pot $2.50 | Rake $0 
Seat 4: 7bekon7
Seat 1: peak joker33 collected ($2.50)
Seat 2: CashfishT folded before Flop (didn't bet)
Seat 3: MoRsCeReBruM (button) folded before Flop (didn't bet)
Seat 5: MaRKiToScoK (small blind) folded before Flop
Seat 6: Prior97 (big blind) folded before Flop



PokerStars Hand #254511397625:  Hold'em No Limit ($0.50/$1.00 USD) - 2025/01/23 6:39:37 WET [2025/01/23 1:39:37 ET]
Table 'Kira III' 6-max Seat #5 is the button
Seat 4: 7bekon7 ($110.13 in chips) is sitting out
Seat 1: peak joker33 ($104 in chips) 
Seat 2: CashfishT ($100 in chips) 
Seat 3: MoRsCeReBruM ($100 in chips) 
Seat 5: MaRKiToScoK ($100.88 in chips) 
Seat 6: Prior97 ($72.11 in chips) 
Prior97: posts small blind $0.50
peak joker33: posts big blind $1
7bekon7: sits out 
*** HOLE CARDS ***
CashfishT: folds 
MoRsCeReBruM: raises $1.20 to $2.20
MaRKiToScoK: folds 
Prior97: folds 
peak joker33: folds 
Uncalled bet ($1.20) returned to MoRsCeReBruM
MoRsCeReBruM collected $2.50 from pot
MoRsCeReBruM: doesn't show hand 
*** SUMMARY ***
Total pot $2.50 | Rake $0 
Seat 4: 7bekon7
Seat 1: peak joker33 (big blind) folded before Flop
Seat 2: CashfishT folded before Flop (didn't bet)
Seat 3: MoRsCeReBruM collected ($2.50)
Seat 5: MaRKiToScoK (button) folded before Flop (didn't bet)
Seat 6: Prior97 (small blind) folded before Flop



PokerStars Hand #254511399285:  Hold'em No Limit ($0.50/$1.00 USD) - 2025/01/23 6:40:00 WET [2025/01/23 1:40:00 ET]
Table 'Kira III' 6-max Seat #6 is the button
Seat 4: 7bekon7 ($110.13 in chips) is sitting out
Seat 1: peak joker33 ($103 in chips) 
Seat 2: CashfishT ($100 in chips) 
Seat 3: MoRsCeReBruM ($101.50 in chips) 
Seat 5: MaRKiToScoK ($100.88 in chips) 
Seat 6: Prior97 ($71.61 in chips) 
peak joker33: posts small blind $0.50
CashfishT: posts big blind $1
7bekon7: sits out 
*** HOLE CARDS ***
MoRsCeReBruM: raises $1 to $2
MaRKiToScoK: folds 
Prior97: folds 
peak joker33: raises $8 to $10
CashfishT: folds 
MoRsCeReBruM: folds 
Uncalled bet ($8) returned to peak joker33
peak joker33 collected $5 from pot
peak joker33: doesn't show hand 
*** SUMMARY ***
Total pot $5 | Rake $0 
Seat 4: 7bekon7
Seat 1: peak joker33 (small blind) collected ($5)
Seat 2: CashfishT (big blind) folded before Flop
Seat 3: MoRsCeReBruM folded before Flop
Seat 5: MaRKiToScoK folded before Flop (didn't bet)
Seat 6: Prior97 (button) folded before Flop (didn't bet)



PokerStars Hand #254511401069:  Hold'em No Limit ($0.50/$1.00 USD) - 2025/01/23 6:40:26 WET [2025/01/23 1:40:26 ET]
Table 'Kira III' 6-max Seat #1 is the button
Seat 4: 7bekon7 ($110.13 in chips) is sitting out
Seat 1: peak joker33 ($106 in chips) 
Seat 2: CashfishT ($100 in chips) 
Seat 3: MoRsCeReBruM ($100 in chips) 
Seat 5: MaRKiToScoK ($100.88 in chips) 
Seat 6: Prior97 ($71.61 in chips) 
CashfishT: posts small blind $0.50
MoRsCeReBruM: posts big blind $1
7bekon7: sits out 
*** HOLE CARDS ***
MaRKiToScoK: folds 
Prior97: folds 
peak joker33: folds 
CashfishT: folds 
Uncalled bet ($0.50) returned to MoRsCeReBruM
MoRsCeReBruM collected $1 from pot
MoRsCeReBruM: doesn't show hand 
*** SUMMARY ***
Total pot $1 | Rake $0 
Seat 4: 7bekon7
Seat 1: peak joker33 (button) folded before Flop (didn't bet)
Seat 2: CashfishT (small blind) folded before Flop
Seat 3: MoRsCeReBruM (big blind) collected ($1)
Seat 5: MaRKiToScoK folded before Flop (didn't bet)
Seat 6: Prior97 folded before Flop (didn't bet)



PokerStars Hand #254511401934:  Hold'em No Limit ($0.50/$1.00 USD) - 2025/01/23 6:40:38 WET [2025/01/23 1:40:38 ET]
Table 'Kira III' 6-max Seat #2 is the button
Seat 1: peak joker33 ($106 in chips) 
Seat 2: CashfishT ($100 in chips) 
Seat 3: MoRsCeReBruM ($100.50 in chips) 
Seat 4: 7bekon7 ($110.13 in chips) 
Seat 5: MaRKiToScoK ($100.88 in chips) 
Seat 6: Prior97 ($71.61 in chips) 
MoRsCeReBruM: posts small blind $0.50
7bekon7: posts big blind $1
*** HOLE CARDS ***
MaRKiToScoK: folds 
Prior97: folds 
peak joker33: raises $1.50 to $2.50
CashfishT: folds 
MoRsCeReBruM: folds 
7bekon7: raises $5.50 to $8
peak joker33: raises $12 to $20
7bekon7: calls $12
*** FLOP *** [2d 4d Js]
7bekon7: checks 
peak joker33: bets $9.62
7bekon7: raises $14.43 to $24.05
peak joker33: calls $14.43
*** TURN *** [2d 4d Js] [7s]
7bekon7: checks 
peak joker33: checks 
*** RIVER *** [2d 4d Js 7s] [Ts]
7bekon7: checks 
peak joker33: checks 
*** SHOW DOWN ***
7bekon7: shows [Kd As] (high card Ace)
peak joker33: shows [Ad Ks] (high card Ace)
7bekon7 collected $43.05 from pot
peak joker33 collected $43.05 from pot
*** SUMMARY ***
Total pot $88.60 | Rake $2.50 
Board [2d 4d Js 7s Ts]
Seat 1: peak joker33 showed [Ad Ks] and won ($43.05) with high card Ace
Seat 2: CashfishT (button) folded before Flop (didn't bet)
Seat 3: MoRsCeReBruM (small blind) folded before Flop
Seat 4: 7bekon7 (big blind) showed [Kd As] and won ($43.05) with high card Ace
Seat 5: MaRKiToScoK folded before Flop (didn't bet)
Seat 6: Prior97 folded before Flop (didn't bet)



PokerStars Hand #254511410198:  Hold'em No Limit ($0.50/$1.00 USD) - 2025/01/23 6:42:34 WET [2025/01/23 1:42:34 ET]
Table 'Kira III' 6-max Seat #3 is the button
Seat 1: peak joker33 ($105 in chips) 
Seat 2: CashfishT ($100 in chips) 
Seat 3: MoRsCeReBruM ($100 in chips) 
Seat 4: 7bekon7 ($109.13 in chips) 
Seat 5: MaRKiToScoK ($100.88 in chips) 
Seat 6: Prior97 ($71.61 in chips) 
7bekon7: posts small blind $0.50
MaRKiToScoK: posts big blind $1
*** HOLE CARDS ***
Prior97: calls $1
peak joker33: folds 
CashfishT: folds 
MoRsCeReBruM: raises $2.50 to $3.50
7bekon7: folds 
MaRKiToScoK: folds 
Prior97: calls $2.50
*** FLOP *** [7c Ah 9c]
Prior97: checks 
MoRsCeReBruM: bets $5.50
Prior97: calls $5.50
*** TURN *** [7c Ah 9c] [3h]
Prior97: checks 
MoRsCeReBruM: bets $13.89
Prior97: folds 
Uncalled bet ($13.89) returned to MoRsCeReBruM
MoRsCeReBruM collected $18.52 from pot
MoRsCeReBruM: doesn't show hand 
*** SUMMARY ***
Total pot $19.50 | Rake $0.98 
Board [7c Ah 9c 3h]
Seat 1: peak joker33 folded before Flop (didn't bet)
Seat 2: CashfishT folded before Flop (didn't bet)
Seat 3: MoRsCeReBruM (button) collected ($18.52)
Seat 4: 7bekon7 (small blind) folded before Flop
Seat 5: MaRKiToScoK (big blind) folded before Flop
Seat 6: Prior97 folded on the Turn



PokerStars Hand #254511414243:  Hold'em No Limit ($0.50/$1.00 USD) - 2025/01/23 6:43:31 WET [2025/01/23 1:43:31 ET]
Table 'Kira III' 6-max Seat #4 is the button
Seat 1: peak joker33 ($105 in chips) 
Seat 2: CashfishT ($100 in chips) 
Seat 3: MoRsCeReBruM ($109.52 in chips) 
Seat 4: 7bekon7 ($108.63 in chips) 
Seat 5: MaRKiToScoK ($100 in chips) 
Seat 6: Prior97 ($62.61 in chips) 
MaRKiToScoK: posts small blind $0.50
Prior97: posts big blind $1
*** HOLE CARDS ***
peak joker33: raises $1.50 to $2.50
CashfishT: calls $2.50
MoRsCeReBruM: folds 
7bekon7: folds 
MaRKiToScoK: folds 
Prior97: folds 
*** FLOP *** [6h 4s Ks]
peak joker33: checks 
CashfishT: bets $2.04
peak joker33: raises $7.70 to $9.74
CashfishT: calls $7.70
*** TURN *** [6h 4s Ks] [Kc]
peak joker33: bets $18.51
CashfishT: folds 
Uncalled bet ($18.51) returned to peak joker33
peak joker33 collected $24.68 from pot
peak joker33: doesn't show hand 
*** SUMMARY ***
Total pot $25.98 | Rake $1.30 
Board [6h 4s Ks Kc]
Seat 1: peak joker33 collected ($24.68)
Seat 2: CashfishT folded on the Turn
Seat 3: MoRsCeReBruM folded before Flop (didn't bet)
Seat 4: 7bekon7 (button) folded before Flop (didn't bet)
Seat 5: MaRKiToScoK (small blind) folded before Flop
Seat 6: Prior97 (big blind) folded before Flop



PokerStars Hand #254511419867:  Hold'em No Limit ($0.50/$1.00 USD) - 2025/01/23 6:44:51 WET [2025/01/23 1:44:51 ET]
Table 'Kira III' 6-max Seat #5 is the button
Seat 1: peak joker33 ($117.44 in chips) 
Seat 2: CashfishT ($100 in chips) 
Seat 3: MoRsCeReBruM ($109.52 in chips) 
Seat 4: 7bekon7 ($108.63 in chips) 
Seat 5: MaRKiToScoK ($100 in chips) 
Seat 6: Prior97 ($61.61 in chips) 
Prior97: posts small blind $0.50
peak joker33: posts big blind $1
*** HOLE CARDS ***
CashfishT: folds 
MoRsCeReBruM: raises $1 to $2
7bekon7: folds 
MaRKiToScoK: calls $2
Prior97: folds 
peak joker33: raises $11 to $13
MoRsCeReBruM: folds 
MaRKiToScoK: folds 
Uncalled bet ($11) returned to peak joker33
peak joker33 collected $6.50 from pot
peak joker33: doesn't show hand 
*** SUMMARY ***
Total pot $6.50 | Rake $0 
Seat 1: peak joker33 (big blind) collected ($6.50)
Seat 2: CashfishT folded before Flop (didn't bet)
Seat 3: MoRsCeReBruM folded before Flop
Seat 4: 7bekon7 folded before Flop (didn't bet)
Seat 5: MaRKiToScoK (button) folded before Flop
Seat 6: Prior97 (small blind) folded before Flop



PokerStars Hand #254511423010:  Hold'em No Limit ($0.50/$1.00 USD) - 2025/01/23 6:45:36 WET [2025/01/23 1:45:36 ET]
Table 'Kira III' 6-max Seat #6 is the button
Seat 1: peak joker33 ($121.94 in chips) 
Seat 2: CashfishT ($100 in chips) 
Seat 3: MoRsCeReBruM ($107.52 in chips) 
Seat 4: 7bekon7 ($108.63 in chips) 
Seat 5: MaRKiToScoK ($100 in chips) 
Seat 6: Prior97 ($61.11 in chips) 
peak joker33: posts small blind $0.50
CashfishT: posts big blind $1
*** HOLE CARDS ***
MoRsCeReBruM: folds 
7bekon7: raises $1.25 to $2.25
MaRKiToScoK: folds 
Prior97: calls $2.25
peak joker33: folds 
CashfishT: raises $11.75 to $14
7bekon7: raises $11.75 to $25.75
Prior97: raises $35.36 to $61.11 and is all-in
CashfishT: raises $38.89 to $100 and is all-in
7bekon7: calls $74.25
*** FLOP *** [6c Qs 9d]
*** TURN *** [6c Qs 9d] [Ad]
*** RIVER *** [6c Qs 9d Ad] [2h]
*** SHOW DOWN ***
CashfishT: shows [Kd Kc] (a pair of Kings)
7bekon7: shows [As Ah] (three of a kind, Aces)
7bekon7 collected $77.78 from side pot
Prior97: shows [Jh Ac] (a pair of Aces)
7bekon7 collected $181.33 from main pot
*** SUMMARY ***
Total pot $261.61 Main pot $181.33. Side pot $77.78. | Rake $2.50 
Board [6c Qs 9d Ad 2h]
Seat 1: peak joker33 (small blind) folded before Flop
Seat 2: CashfishT (big blind) showed [Kd Kc] and lost with a pair of Kings
Seat 3: MoRsCeReBruM folded before Flop (didn't bet)
Seat 4: 7bekon7 showed [As Ah] and won ($259.11) with three of a kind, Aces
Seat 5: MaRKiToScoK folded before Flop (didn't bet)
Seat 6: Prior97 (button) showed [Jh Ac] and lost with a pair of Aces



PokerStars Hand #254511428260:  Hold'em No Limit ($0.50/$1.00 USD) - 2025/01/23 6:46:51 WET [2025/01/23 1:46:51 ET]
Table 'Kira III' 6-max Seat #1 is the button
Seat 6: Prior97 ($0 in chips) is sitting out
Seat 1: peak joker33 ($121.44 in chips) 
Seat 2: CashfishT ($100 in chips) 
Seat 3: MoRsCeReBruM ($107.52 in chips) 
Seat 4: 7bekon7 ($267.74 in chips) 
Seat 5: MaRKiToScoK ($100 in chips) 
CashfishT: posts small blind $0.50
MoRsCeReBruM: posts big blind $1
*** HOLE CARDS ***
7bekon7: raises $1.25 to $2.25
Prior97 is disconnected 
MaRKiToScoK: folds 
peak joker33: folds 
CashfishT: folds 
MoRsCeReBruM: folds 
Uncalled bet ($1.25) returned to 7bekon7
7bekon7 collected $2.50 from pot
7bekon7: doesn't show hand 
*** SUMMARY ***
Total pot $2.50 | Rake $0 
Seat 6: Prior97
Seat 1: peak joker33 (button) folded before Flop (didn't bet)
Seat 2: CashfishT (small blind) folded before Flop
Seat 3: MoRsCeReBruM (big blind) folded before Flop
Seat 4: 7bekon7 collected ($2.50)
Seat 5: MaRKiToScoK folded before Flop (didn't bet)



PokerStars Hand #254511429149:  Hold'em No Limit ($0.50/$1.00 USD) - 2025/01/23 6:47:05 WET [2025/01/23 1:47:05 ET]
Table 'Kira III' 6-max Seat #2 is the button
Seat 6: Prior97 ($0 in chips) is sitting out
Seat 1: peak joker33 ($121.44 in chips) 
Seat 2: CashfishT ($100 in chips) 
Seat 3: MoRsCeReBruM ($106.52 in chips) 
Seat 4: 7bekon7 ($269.24 in chips) 
Seat 5: MaRKiToScoK ($100 in chips) 
MoRsCeReBruM: posts small blind $0.50
7bekon7: posts big blind $1
*** HOLE CARDS ***
MaRKiToScoK: folds 
peak joker33: raises $1.50 to $2.50
CashfishT: folds 
MoRsCeReBruM: raises $8.50 to $11
7bekon7: folds 
peak joker33: calls $8.50
*** FLOP *** [6h 2s Qs]
MoRsCeReBruM: bets $7.21
peak joker33: calls $7.21
*** TURN *** [6h 2s Qs] [4h]
MoRsCeReBruM: checks 
peak joker33: checks 
*** RIVER *** [6h 2s Qs 4h] [Ah]
MoRsCeReBruM: bets $26.66
peak joker33: calls $26.66
*** SHOW DOWN ***
MoRsCeReBruM: shows [As 4s] (two pair, Aces and Fours)
peak joker33: mucks hand 
MoRsCeReBruM collected $88.24 from pot
*** SUMMARY ***
Total pot $90.74 | Rake $2.50 
Board [6h 2s Qs 4h Ah]
Seat 6: Prior97
Seat 1: peak joker33 mucked
Seat 2: CashfishT (button) folded before Flop (didn't bet)
Seat 3: MoRsCeReBruM (small blind) showed [As 4s] and won ($88.24) with two pair, Aces and Fours
Seat 4: 7bekon7 (big blind) folded before Flop
Seat 5: MaRKiToScoK folded before Flop (didn't bet)



PokerStars Hand #254511435529:  Hold'em No Limit ($0.50/$1.00 USD) - 2025/01/23 6:48:34 WET [2025/01/23 1:48:34 ET]
Table 'Kira III' 6-max Seat #3 is the button
Seat 5: MaRKiToScoK ($100 in chips) is sitting out
Seat 6: Prior97 ($0 in chips) is sitting out
Seat 1: peak joker33 ($100 in chips) 
Seat 2: CashfishT ($100 in chips) 
Seat 3: MoRsCeReBruM ($149.89 in chips) 
Seat 4: 7bekon7 ($268.24 in chips) 
7bekon7: posts small blind $0.50
MaRKiToScoK: is sitting out 
peak joker33: posts big blind $1
*** HOLE CARDS ***
CashfishT: folds 
MoRsCeReBruM: folds 
7bekon7: calls $0.50
peak joker33: checks 
*** FLOP *** [Th 5h 2d]
7bekon7: checks 
peak joker33: checks 
*** TURN *** [Th 5h 2d] [8s]
7bekon7: bets $1
MaRKiToScoK leaves the table
peak joker33: calls $1
*** RIVER *** [Th 5h 2d 8s] [4c]
7bekon7: bets $1.90
peak joker33: folds 
Uncalled bet ($1.90) returned to 7bekon7
7bekon7 collected $3.80 from pot
7bekon7: doesn't show hand 
*** SUMMARY ***
Total pot $4 | Rake $0.20 
Board [Th 5h 2d 8s 4c]
Seat 5: MaRKiToScoK
Seat 6: Prior97
Seat 1: peak joker33 (big blind) folded on the River
Seat 2: CashfishT folded before Flop (didn't bet)
Seat 3: MoRsCeReBruM (button) folded before Flop (didn't bet)
Seat 4: 7bekon7 (small blind) collected ($3.80)



PokerStars Hand #254511439332:  Hold'em No Limit ($0.50/$1.00 USD) - 2025/01/23 6:49:28 WET [2025/01/23 1:49:28 ET]
Table 'Kira III' 6-max Seat #4 is the button
Seat 6: Prior97 ($0 in chips) is sitting out
Seat 1: peak joker33 ($100 in chips) 
Seat 2: CashfishT ($100 in chips) 
Seat 3: MoRsCeReBruM ($149.89 in chips) 
Seat 4: 7bekon7 ($270.04 in chips) 
peak joker33: posts small blind $0.50
CashfishT: posts big blind $1
*** HOLE CARDS ***
MoRsCeReBruM has timed out
MoRsCeReBruM: folds 
7bekon7: raises $1.25 to $2.25
peak joker33: folds 
CashfishT: calls $1.25
*** FLOP *** [5s As 2s]
peak joker33 leaves the table
CashfishT: checks 
7bekon7: bets $1.19
CashfishT: folds 
Uncalled bet ($1.19) returned to 7bekon7
7bekon7 collected $4.75 from pot
7bekon7: doesn't show hand 
*** SUMMARY ***
Total pot $5 | Rake $0.25 
Board [5s As 2s]
Seat 6: Prior97
Seat 1: peak joker33 (small blind) folded before Flop
Seat 2: CashfishT (big blind) folded on the Flop
Seat 3: MoRsCeReBruM folded before Flop (didn't bet)
Seat 4: 7bekon7 (button) collected ($4.75)



PokerStars Hand #254511442421:  Hold'em No Limit ($0.50/$1.00 USD) - 2025/01/23 6:50:11 WET [2025/01/23 1:50:11 ET]
Table 'Kira III' 6-max Seat #3 is the button
Seat 4: 7bekon7 ($272.54 in chips) is sitting out
Seat 6: Prior97 ($0 in chips) is sitting out
Seat 2: CashfishT ($100 in chips) 
Seat 3: MoRsCeReBruM ($149.89 in chips) 
MoRsCeReBruM: posts small blind $0.50
7bekon7: is sitting out 
CashfishT: posts big blind $1
*** HOLE CARDS ***
7bekon7 leaves the table
MoRsCeReBruM: raises $1.20 to $2.20
CashfishT: raises $9.80 to $12
MoRsCeReBruM: folds 
Uncalled bet ($9.80) returned to CashfishT
CashfishT collected $4.40 from pot
CashfishT: doesn't show hand 
*** SUMMARY ***
Total pot $4.40 | Rake $0 
Seat 4: 7bekon7
Seat 6: Prior97
Seat 2: CashfishT (big blind) collected ($4.40)
Seat 3: MoRsCeReBruM (button) (small blind) folded before Flop



