PokerStars Hand #254521742978:  Hold'em No Limit ($0.50/$1.00 USD) - 2025/01/23 23:16:57 WET [2025/01/23 18:16:57 ET]
Table 'Ella III' 6-max Seat #6 is the button
Seat 2: M1k_DP ($100 in chips) 
Seat 5: Manifestorr ($100 in chips) 
Seat 6: nastja336 ($100 in chips) 
M1k_DP: posts small blind $0.50
Manifestorr: posts big blind $1
*** HOLE CARDS ***
nastja336: folds 
M1k_DP: raises $2 to $3
kel3vr4_23 joins the table at seat #3 
kel3vr4_23 is disconnected 
michasia joins the table at seat #4 
Lancer621 joins the table at seat #1 
Manifestorr: raises $6 to $9
M1k_DP: folds 
Uncalled bet ($6) returned to Manifestorr
Manifestorr collected $6 from pot
*** SUMMARY ***
Total pot $6 | Rake $0 
Seat 2: M1k_DP (small blind) folded before Flop
Seat 5: Manifestorr (big blind) collected ($6)
Seat 6: nastja336 (button) folded before Flop (didn't bet)



PokerStars Hand #254521750617:  Hold'em No Limit ($0.50/$1.00 USD) - 2025/01/23 23:17:28 WET [2025/01/23 18:17:28 ET]
Table 'Ella III' 6-max Seat #2 is the button
Seat 1: Lancer621 ($100 in chips) is sitting out
Seat 3: kel3vr4_23 ($10 in chips) is sitting out
Seat 4: michasia ($100 in chips) is sitting out
Seat 2: M1k_DP ($100 in chips) 
Seat 5: Manifestorr ($103 in chips) 
Seat 6: nastja336 ($100 in chips) 
Manifestorr: posts small blind $0.50
nastja336: posts big blind $1
Lancer621: sits out 
*** HOLE CARDS ***
M1k_DP: folds 
Manifestorr: folds 
Uncalled bet ($0.50) returned to nastja336
nastja336 collected $1 from pot
nastja336: doesn't show hand 
*** SUMMARY ***
Total pot $1 | Rake $0 
Seat 1: Lancer621
Seat 3: kel3vr4_23
Seat 4: michasia
Seat 2: M1k_DP (button) folded before Flop (didn't bet)
Seat 5: Manifestorr (small blind) folded before Flop
Seat 6: nastja336 (big blind) collected ($1)



PokerStars Hand #254521755050:  Hold'em No Limit ($0.50/$1.00 USD) - 2025/01/23 23:17:45 WET [2025/01/23 18:17:45 ET]
Table 'Ella III' 6-max Seat #5 is the button
Seat 3: kel3vr4_23 ($10 in chips) is sitting out
Seat 4: michasia ($100 in chips) is sitting out
Seat 1: Lancer621 ($100 in chips) 
Seat 2: M1k_DP ($100 in chips) 
Seat 5: Manifestorr ($102.50 in chips) 
Seat 6: nastja336 ($100.50 in chips) 
nastja336: posts small blind $0.50
Lancer621: posts big blind $1
kel3vr4_23: sits out 
michasia: sits out 
*** HOLE CARDS ***
M1k_DP: folds 
Manifestorr: raises $1.20 to $2.20
nastja336: folds 
Lancer621: calls $1.20
*** FLOP *** [Td 4d Jh]
Lancer621: checks 
Manifestorr: checks 
*** TURN *** [Td 4d Jh] [Jc]
Lancer621: checks 
Manifestorr: checks 
*** RIVER *** [Td 4d Jh Jc] [3d]
Lancer621: checks 
Manifestorr: checks 
*** SHOW DOWN ***
Lancer621: shows [8h 6c] (a pair of Jacks)
Manifestorr: shows [As Kh] (a pair of Jacks - Ace kicker)
Manifestorr collected $4.66 from pot
*** SUMMARY ***
Total pot $4.90 | Rake $0.24 
Board [Td 4d Jh Jc 3d]
Seat 3: kel3vr4_23
Seat 4: michasia
Seat 1: Lancer621 (big blind) showed [8h 6c] and lost with a pair of Jacks
Seat 2: M1k_DP folded before Flop (didn't bet)
Seat 5: Manifestorr (button) showed [As Kh] and won ($4.66) with a pair of Jacks
Seat 6: nastja336 (small blind) folded before Flop



PokerStars Hand #254521772279:  Hold'em No Limit ($0.50/$1.00 USD) - 2025/01/23 23:18:53 WET [2025/01/23 18:18:53 ET]
Table 'Ella III' 6-max Seat #6 is the button
Seat 3: kel3vr4_23 ($10 in chips) is sitting out
Seat 4: michasia ($100 in chips) is sitting out
Seat 1: Lancer621 ($97.80 in chips) 
Seat 2: M1k_DP ($100 in chips) 
Seat 5: Manifestorr ($104.96 in chips) 
Seat 6: nastja336 ($100 in chips) 
Lancer621: posts small blind $0.50
M1k_DP: posts big blind $1
kel3vr4_23: sits out 
michasia: sits out 
*** HOLE CARDS ***
Manifestorr: folds 
nastja336: folds 
Lancer621: raises $2 to $3
M1k_DP: folds 
Uncalled bet ($2) returned to Lancer621
Lancer621 collected $2 from pot
Lancer621: doesn't show hand 
*** SUMMARY ***
Total pot $2 | Rake $0 
Seat 3: kel3vr4_23
Seat 4: michasia
Seat 1: Lancer621 (small blind) collected ($2)
Seat 2: M1k_DP (big blind) folded before Flop
Seat 5: Manifestorr folded before Flop (didn't bet)
Seat 6: nastja336 (button) folded before Flop (didn't bet)



PokerStars Hand #254521778839:  Hold'em No Limit ($0.50/$1.00 USD) - 2025/01/23 23:19:19 WET [2025/01/23 18:19:19 ET]
Table 'Ella III' 6-max Seat #1 is the button
Seat 4: michasia ($100 in chips) is sitting out
Seat 1: Lancer621 ($98.80 in chips) 
Seat 2: M1k_DP ($100 in chips) 
Seat 3: kel3vr4_23 ($10 in chips) 
Seat 5: Manifestorr ($104.96 in chips) 
Seat 6: nastja336 ($100 in chips) 
M1k_DP: posts small blind $0.50
kel3vr4_23: posts big blind $1
michasia: sits out 
*** HOLE CARDS ***
Manifestorr: folds 
nastja336: raises $1.50 to $2.50
Lancer621: calls $2.50
M1k_DP: calls $2
kel3vr4_23: calls $1.50
*** FLOP *** [9c 5d 2d]
M1k_DP: checks 
kel3vr4_23: checks 
nastja336: checks 
Lancer621: bets $4.75
M1k_DP: calls $4.75
kel3vr4_23: folds 
nastja336: folds 
*** TURN *** [9c 5d 2d] [Jd]
M1k_DP: checks 
Lancer621: bets $9.26
M1k_DP: calls $9.26
*** RIVER *** [9c 5d 2d Jd] [Jh]
M1k_DP: checks 
Lancer621: bets $18.06
M1k_DP: calls $18.06
*** SHOW DOWN ***
Lancer621: shows [Kd 8d] (a flush, King high)
M1k_DP: mucks hand 
Lancer621 collected $71.64 from pot
*** SUMMARY ***
Total pot $74.14 | Rake $2.50 
Board [9c 5d 2d Jd Jh]
Seat 4: michasia
Seat 1: Lancer621 (button) showed [Kd 8d] and won ($71.64) with a flush, King high
Seat 2: M1k_DP (small blind) mucked
Seat 3: kel3vr4_23 (big blind) folded on the Flop
Seat 5: Manifestorr folded before Flop (didn't bet)
Seat 6: nastja336 folded on the Flop



PokerStars Hand #254521798679:  Hold'em No Limit ($0.50/$1.00 USD) - 2025/01/23 23:20:37 WET [2025/01/23 18:20:37 ET]
Table 'Ella III' 6-max Seat #2 is the button
Seat 1: Lancer621 ($135.87 in chips) 
Seat 2: M1k_DP ($100 in chips) 
Seat 3: kel3vr4_23 ($7.50 in chips) 
Seat 4: michasia ($100 in chips) 
Seat 5: Manifestorr ($104.96 in chips) 
Seat 6: nastja336 ($100 in chips) 
kel3vr4_23: posts small blind $0.50
michasia: posts big blind $1
*** HOLE CARDS ***
Manifestorr: raises $1.20 to $2.20
nastja336: folds 
Lancer621: folds 
M1k_DP: folds 
kel3vr4_23: folds 
michasia: calls $1.20
*** FLOP *** [7c Ac 9h]
michasia: checks 
Manifestorr: bets $1.54
michasia: calls $1.54
*** TURN *** [7c Ac 9h] [Ks]
michasia: checks 
Manifestorr: bets $10.23
michasia: folds 
Uncalled bet ($10.23) returned to Manifestorr
Manifestorr collected $7.58 from pot
*** SUMMARY ***
Total pot $7.98 | Rake $0.40 
Board [7c Ac 9h Ks]
Seat 1: Lancer621 folded before Flop (didn't bet)
Seat 2: M1k_DP (button) folded before Flop (didn't bet)
Seat 3: kel3vr4_23 (small blind) folded before Flop
Seat 4: michasia (big blind) folded on the Turn
Seat 5: Manifestorr collected ($7.58)
Seat 6: nastja336 folded before Flop (didn't bet)



PokerStars Hand #254521808300:  Hold'em No Limit ($0.50/$1.00 USD) - 2025/01/23 23:21:15 WET [2025/01/23 18:21:15 ET]
Table 'Ella III' 6-max Seat #3 is the button
Seat 1: Lancer621 ($135.87 in chips) 
Seat 2: M1k_DP ($100 in chips) 
Seat 3: kel3vr4_23 ($7 in chips) 
Seat 4: michasia ($100 in chips) 
Seat 5: Manifestorr ($108.80 in chips) 
Seat 6: nastja336 ($100 in chips) 
michasia: posts small blind $0.50
Manifestorr: posts big blind $1
*** HOLE CARDS ***
nastja336: folds 
Lancer621: folds 
M1k_DP: raises $1.25 to $2.25
kel3vr4_23: folds 
michasia: folds 
Manifestorr: folds 
Uncalled bet ($1.25) returned to M1k_DP
M1k_DP collected $2.50 from pot
M1k_DP: doesn't show hand 
*** SUMMARY ***
Total pot $2.50 | Rake $0 
Seat 1: Lancer621 folded before Flop (didn't bet)
Seat 2: M1k_DP collected ($2.50)
Seat 3: kel3vr4_23 (button) folded before Flop (didn't bet)
Seat 4: michasia (small blind) folded before Flop
Seat 5: Manifestorr (big blind) folded before Flop
Seat 6: nastja336 folded before Flop (didn't bet)



PokerStars Hand #254521812503:  Hold'em No Limit ($0.50/$1.00 USD) - 2025/01/23 23:21:31 WET [2025/01/23 18:21:31 ET]
Table 'Ella III' 6-max Seat #4 is the button
Seat 1: Lancer621 ($135.87 in chips) 
Seat 2: M1k_DP ($101.50 in chips) 
Seat 3: kel3vr4_23 ($7 in chips) 
Seat 4: michasia ($100 in chips) 
Seat 5: Manifestorr ($107.80 in chips) 
Seat 6: nastja336 ($100 in chips) 
Manifestorr: posts small blind $0.50
nastja336: posts big blind $1
*** HOLE CARDS ***
Lancer621: folds 
M1k_DP: folds 
kel3vr4_23: folds 
michasia: raises $1.80 to $2.80
Manifestorr: folds 
nastja336: folds 
Uncalled bet ($1.80) returned to michasia
michasia collected $2.50 from pot
michasia: doesn't show hand 
*** SUMMARY ***
Total pot $2.50 | Rake $0 
Seat 1: Lancer621 folded before Flop (didn't bet)
Seat 2: M1k_DP folded before Flop (didn't bet)
Seat 3: kel3vr4_23 folded before Flop (didn't bet)
Seat 4: michasia (button) collected ($2.50)
Seat 5: Manifestorr (small blind) folded before Flop
Seat 6: nastja336 (big blind) folded before Flop



PokerStars Hand #254521818989:  Hold'em No Limit ($0.50/$1.00 USD) - 2025/01/23 23:21:56 WET [2025/01/23 18:21:56 ET]
Table 'Ella III' 6-max Seat #5 is the button
Seat 1: Lancer621 ($135.87 in chips) 
Seat 2: M1k_DP ($101.50 in chips) 
Seat 3: kel3vr4_23 ($7 in chips) 
Seat 4: michasia ($101.50 in chips) 
Seat 5: Manifestorr ($107.30 in chips) 
Seat 6: nastja336 ($100 in chips) 
nastja336: posts small blind $0.50
Lancer621: posts big blind $1
*** HOLE CARDS ***
M1k_DP: folds 
kel3vr4_23: folds 
michasia: folds 
Manifestorr: raises $1.20 to $2.20
nastja336: folds 
Lancer621: calls $1.20
*** FLOP *** [6h Jd 9h]
Lancer621: bets $5
Manifestorr: folds 
Uncalled bet ($5) returned to Lancer621
Lancer621 collected $4.66 from pot
Lancer621: doesn't show hand 
*** SUMMARY ***
Total pot $4.90 | Rake $0.24 
Board [6h Jd 9h]
Seat 1: Lancer621 (big blind) collected ($4.66)
Seat 2: M1k_DP folded before Flop (didn't bet)
Seat 3: kel3vr4_23 folded before Flop (didn't bet)
Seat 4: michasia folded before Flop (didn't bet)
Seat 5: Manifestorr (button) folded on the Flop
Seat 6: nastja336 (small blind) folded before Flop



PokerStars Hand #254521825278:  Hold'em No Limit ($0.50/$1.00 USD) - 2025/01/23 23:22:22 WET [2025/01/23 18:22:22 ET]
Table 'Ella III' 6-max Seat #6 is the button
Seat 1: Lancer621 ($138.33 in chips) 
Seat 2: M1k_DP ($101.50 in chips) 
Seat 3: kel3vr4_23 ($7 in chips) 
Seat 4: michasia ($101.50 in chips) 
Seat 5: Manifestorr ($105.10 in chips) 
Seat 6: nastja336 ($100 in chips) 
Lancer621: posts small blind $0.50
M1k_DP: posts big blind $1
*** HOLE CARDS ***
kel3vr4_23: folds 
michasia: raises $1.60 to $2.60
Manifestorr: folds 
nastja336: folds 
Lancer621: folds 
M1k_DP: calls $1.60
*** FLOP *** [3h Ac 4d]
M1k_DP: checks 
michasia: checks 
*** TURN *** [3h Ac 4d] [Kd]
M1k_DP: checks 
michasia: checks 
*** RIVER *** [3h Ac 4d Kd] [Qd]
M1k_DP: bets $5.42
michasia: calls $5.42
*** SHOW DOWN ***
M1k_DP: shows [Jh Th] (a straight, Ten to Ace)
michasia: mucks hand 
M1k_DP collected $15.71 from pot
*** SUMMARY ***
Total pot $16.54 | Rake $0.83 
Board [3h Ac 4d Kd Qd]
Seat 1: Lancer621 (small blind) folded before Flop
Seat 2: M1k_DP (big blind) showed [Jh Th] and won ($15.71) with a straight, Ten to Ace
Seat 3: kel3vr4_23 folded before Flop (didn't bet)
Seat 4: michasia mucked
Seat 5: Manifestorr folded before Flop (didn't bet)
Seat 6: nastja336 (button) folded before Flop (didn't bet)



PokerStars Hand #254521836598:  Hold'em No Limit ($0.50/$1.00 USD) - 2025/01/23 23:23:06 WET [2025/01/23 18:23:06 ET]
Table 'Ella III' 6-max Seat #1 is the button
Seat 1: Lancer621 ($137.83 in chips) 
Seat 2: M1k_DP ($109.19 in chips) 
Seat 3: kel3vr4_23 ($7 in chips) 
Seat 4: michasia ($100 in chips) 
Seat 5: Manifestorr ($105.10 in chips) 
Seat 6: nastja336 ($100 in chips) 
M1k_DP: posts small blind $0.50
kel3vr4_23: posts big blind $1
*** HOLE CARDS ***
michasia: folds 
Manifestorr: folds 
nastja336: folds 
Lancer621: raises $5 to $6
M1k_DP: folds 
kel3vr4_23: raises $1 to $7 and is all-in
Lancer621: calls $1
*** FLOP *** [Tc 9c 4d]
*** TURN *** [Tc 9c 4d] [3s]
*** RIVER *** [Tc 9c 4d 3s] [8s]
*** SHOW DOWN ***
kel3vr4_23: shows [Th Kc] (a pair of Tens)
Lancer621: shows [As Ks] (high card Ace)
kel3vr4_23 collected $13.78 from pot
Lancer621 cashed out the hand for $10.14 | Cash Out Fee $0.21
*** SUMMARY ***
Total pot $14.50 | Rake $0.72 
Board [Tc 9c 4d 3s 8s]
Seat 1: Lancer621 (button) showed [As Ks] and lost with high card Ace (cashed out).
Seat 2: M1k_DP (small blind) folded before Flop
Seat 3: kel3vr4_23 (big blind) showed [Th Kc] and won ($13.78) with a pair of Tens
Seat 4: michasia folded before Flop (didn't bet)
Seat 5: Manifestorr folded before Flop (didn't bet)
Seat 6: nastja336 folded before Flop (didn't bet)



PokerStars Hand #254521844753:  Hold'em No Limit ($0.50/$1.00 USD) - 2025/01/23 23:23:39 WET [2025/01/23 18:23:39 ET]
Table 'Ella III' 6-max Seat #2 is the button
Seat 1: Lancer621 ($140.97 in chips) 
Seat 2: M1k_DP ($108.69 in chips) 
Seat 3: kel3vr4_23 ($13.78 in chips) 
Seat 4: michasia ($100 in chips) 
Seat 5: Manifestorr ($105.10 in chips) 
Seat 6: nastja336 ($100 in chips) 
kel3vr4_23: posts small blind $0.50
michasia: posts big blind $1
*** HOLE CARDS ***
Manifestorr: raises $1.20 to $2.20
nastja336: folds 
Lancer621: raises $3.80 to $6
M1k_DP: folds 
kel3vr4_23: folds 
michasia: folds 
Manifestorr: calls $3.80
*** FLOP *** [4c Td 5s]
Manifestorr: checks 
Lancer621: bets $12.82
Manifestorr: folds 
Uncalled bet ($12.82) returned to Lancer621
Lancer621 collected $12.82 from pot
Lancer621: doesn't show hand 
*** SUMMARY ***
Total pot $13.50 | Rake $0.68 
Board [4c Td 5s]
Seat 1: Lancer621 collected ($12.82)
Seat 2: M1k_DP (button) folded before Flop (didn't bet)
Seat 3: kel3vr4_23 (small blind) folded before Flop
Seat 4: michasia (big blind) folded before Flop
Seat 5: Manifestorr folded on the Flop
Seat 6: nastja336 folded before Flop (didn't bet)



PokerStars Hand #254521855016:  Hold'em No Limit ($0.50/$1.00 USD) - 2025/01/23 23:24:20 WET [2025/01/23 18:24:20 ET]
Table 'Ella III' 6-max Seat #3 is the button
Seat 1: Lancer621 ($147.79 in chips) 
Seat 2: M1k_DP ($108.69 in chips) 
Seat 3: kel3vr4_23 ($13.28 in chips) 
Seat 4: michasia ($100 in chips) 
Seat 5: Manifestorr ($100 in chips) 
Seat 6: nastja336 ($100 in chips) 
michasia: posts small blind $0.50
Manifestorr: posts big blind $1
*** HOLE CARDS ***
nastja336: raises $1.50 to $2.50
Lancer621: raises $4.50 to $7
M1k_DP: folds 
kel3vr4_23: folds 
michasia: folds 
Manifestorr: raises $13 to $20
nastja336: folds 
Lancer621: raises $127.79 to $147.79 and is all-in
Manifestorr: folds 
Uncalled bet ($127.79) returned to Lancer621
Lancer621 collected $43 from pot
Lancer621: doesn't show hand 
*** SUMMARY ***
Total pot $43 | Rake $0 
Seat 1: Lancer621 collected ($43)
Seat 2: M1k_DP folded before Flop (didn't bet)
Seat 3: kel3vr4_23 (button) folded before Flop (didn't bet)
Seat 4: michasia (small blind) folded before Flop
Seat 5: Manifestorr (big blind) folded before Flop
Seat 6: nastja336 folded before Flop



PokerStars Hand #254521863556:  Hold'em No Limit ($0.50/$1.00 USD) - 2025/01/23 23:24:54 WET [2025/01/23 18:24:54 ET]
Table 'Ella III' 6-max Seat #4 is the button
Seat 1: Lancer621 ($170.79 in chips) 
Seat 2: M1k_DP ($108.69 in chips) 
Seat 3: kel3vr4_23 ($13.28 in chips) 
Seat 4: michasia ($100 in chips) 
Seat 5: Manifestorr ($100 in chips) 
Seat 6: nastja336 ($100 in chips) 
Manifestorr: posts small blind $0.50
nastja336: posts big blind $1
*** HOLE CARDS ***
Lancer621: raises $1 to $2
M1k_DP: folds 
kel3vr4_23: folds 
michasia: folds 
Manifestorr: folds 
nastja336: calls $1
*** FLOP *** [Td Jd 6c]
nastja336: checks 
Lancer621: checks 
*** TURN *** [Td Jd 6c] [5d]
nastja336: checks 
Lancer621: checks 
*** RIVER *** [Td Jd 6c 5d] [7d]
nastja336: bets $2.14
Lancer621: folds 
Uncalled bet ($2.14) returned to nastja336
nastja336 collected $4.28 from pot
nastja336: doesn't show hand 
*** SUMMARY ***
Total pot $4.50 | Rake $0.22 
Board [Td Jd 6c 5d 7d]
Seat 1: Lancer621 folded on the River
Seat 2: M1k_DP folded before Flop (didn't bet)
Seat 3: kel3vr4_23 folded before Flop (didn't bet)
Seat 4: michasia (button) folded before Flop (didn't bet)
Seat 5: Manifestorr (small blind) folded before Flop
Seat 6: nastja336 (big blind) collected ($4.28)



PokerStars Hand #254521872149:  Hold'em No Limit ($0.50/$1.00 USD) - 2025/01/23 23:25:28 WET [2025/01/23 18:25:28 ET]
Table 'Ella III' 6-max Seat #5 is the button
Seat 1: Lancer621 ($168.79 in chips) 
Seat 2: M1k_DP ($108.69 in chips) 
Seat 3: kel3vr4_23 ($13.28 in chips) 
Seat 4: michasia ($100 in chips) 
Seat 5: Manifestorr ($100 in chips) 
Seat 6: nastja336 ($102.28 in chips) 
nastja336: posts small blind $0.50
Lancer621: posts big blind $1
*** HOLE CARDS ***
M1k_DP: folds 
kel3vr4_23: raises $1 to $2
michasia: folds 
Manifestorr: folds 
nastja336: folds 
Lancer621: calls $1
*** FLOP *** [Jh 8s 5d]
Lancer621: checks 
kel3vr4_23: bets $2
Lancer621: calls $2
*** TURN *** [Jh 8s 5d] [6s]
Lancer621: checks 
kel3vr4_23: checks 
*** RIVER *** [Jh 8s 5d 6s] [Th]
Lancer621: bets $8.08
kel3vr4_23: folds 
Uncalled bet ($8.08) returned to Lancer621
Lancer621 collected $8.08 from pot
Lancer621: doesn't show hand 
*** SUMMARY ***
Total pot $8.50 | Rake $0.42 
Board [Jh 8s 5d 6s Th]
Seat 1: Lancer621 (big blind) collected ($8.08)
Seat 2: M1k_DP folded before Flop (didn't bet)
Seat 3: kel3vr4_23 folded on the River
Seat 4: michasia folded before Flop (didn't bet)
Seat 5: Manifestorr (button) folded before Flop (didn't bet)
Seat 6: nastja336 (small blind) folded before Flop



PokerStars Hand #254521883794:  Hold'em No Limit ($0.50/$1.00 USD) - 2025/01/23 23:26:15 WET [2025/01/23 18:26:15 ET]
Table 'Ella III' 6-max Seat #6 is the button
Seat 1: Lancer621 ($172.87 in chips) 
Seat 2: M1k_DP ($108.69 in chips) 
Seat 3: kel3vr4_23 ($9.28 in chips) 
Seat 4: michasia ($100 in chips) 
Seat 5: Manifestorr ($100 in chips) 
Seat 6: nastja336 ($101.78 in chips) 
Lancer621: posts small blind $0.50
M1k_DP: posts big blind $1
*** HOLE CARDS ***
kel3vr4_23: folds 
michasia: raises $1.60 to $2.60
Manifestorr: folds 
nastja336: folds 
Lancer621: calls $2.10
M1k_DP: folds 
*** FLOP *** [Qd 6s 3h]
kel3vr4_23 leaves the table
Lancer621: checks 
michasia: bets $1.94
pr0tecto joins the table at seat #3 
Lancer621: calls $1.94
*** TURN *** [Qd 6s 3h] [5h]
Lancer621: checks 
michasia: checks 
*** RIVER *** [Qd 6s 3h 5h] [8d]
Lancer621: checks 
michasia: checks 
*** SHOW DOWN ***
Lancer621: shows [9c Kc] (high card King)
michasia: shows [6h 7h] (a pair of Sixes)
michasia collected $9.58 from pot
*** SUMMARY ***
Total pot $10.08 | Rake $0.50 
Board [Qd 6s 3h 5h 8d]
Seat 1: Lancer621 (small blind) showed [9c Kc] and lost with high card King
Seat 2: M1k_DP (big blind) folded before Flop
Seat 3: kel3vr4_23 folded before Flop (didn't bet)
Seat 4: michasia showed [6h 7h] and won ($9.58) with a pair of Sixes
Seat 5: Manifestorr folded before Flop (didn't bet)
Seat 6: nastja336 (button) folded before Flop (didn't bet)



PokerStars Hand #254521898538:  Hold'em No Limit ($0.50/$1.00 USD) - 2025/01/23 23:27:12 WET [2025/01/23 18:27:12 ET]
Table 'Ella III' 6-max Seat #1 is the button
Seat 1: Lancer621 ($168.33 in chips) 
Seat 2: M1k_DP ($107.69 in chips) 
Seat 3: pr0tecto ($100 in chips) 
Seat 4: michasia ($105.04 in chips) 
Seat 5: Manifestorr ($100 in chips) 
Seat 6: nastja336 ($101.78 in chips) 
M1k_DP: posts small blind $0.50
pr0tecto: posts big blind $1
*** HOLE CARDS ***
michasia: raises $1.60 to $2.60
Manifestorr: folds 
nastja336: folds 
Lancer621: folds 
M1k_DP: folds 
pr0tecto: folds 
Uncalled bet ($1.60) returned to michasia
michasia collected $2.50 from pot
michasia: doesn't show hand 
*** SUMMARY ***
Total pot $2.50 | Rake $0 
Seat 1: Lancer621 (button) folded before Flop (didn't bet)
Seat 2: M1k_DP (small blind) folded before Flop
Seat 3: pr0tecto (big blind) folded before Flop
Seat 4: michasia collected ($2.50)
Seat 5: Manifestorr folded before Flop (didn't bet)
Seat 6: nastja336 folded before Flop (didn't bet)



PokerStars Hand #254521903045:  Hold'em No Limit ($0.50/$1.00 USD) - 2025/01/23 23:27:30 WET [2025/01/23 18:27:30 ET]
Table 'Ella III' 6-max Seat #2 is the button
Seat 1: Lancer621 ($168.33 in chips) 
Seat 2: M1k_DP ($107.19 in chips) 
Seat 3: pr0tecto ($99 in chips) 
Seat 4: michasia ($106.54 in chips) 
Seat 5: Manifestorr ($100 in chips) 
Seat 6: nastja336 ($101.78 in chips) 
pr0tecto: posts small blind $0.50
michasia: posts big blind $1
*** HOLE CARDS ***
Manifestorr: raises $1.20 to $2.20
nastja336: raises $5.30 to $7.50
Lancer621: folds 
M1k_DP: folds 
pr0tecto: folds 
michasia: folds 
Manifestorr: calls $5.30
*** FLOP *** [2s 9s 3d]
Manifestorr: bets $7.84
nastja336: folds 
Uncalled bet ($7.84) returned to Manifestorr
Manifestorr collected $15.68 from pot
*** SUMMARY ***
Total pot $16.50 | Rake $0.82 
Board [2s 9s 3d]
Seat 1: Lancer621 folded before Flop (didn't bet)
Seat 2: M1k_DP (button) folded before Flop (didn't bet)
Seat 3: pr0tecto (small blind) folded before Flop
Seat 4: michasia (big blind) folded before Flop
Seat 5: Manifestorr collected ($15.68)
Seat 6: nastja336 folded on the Flop



PokerStars Hand #254521909787:  Hold'em No Limit ($0.50/$1.00 USD) - 2025/01/23 23:27:57 WET [2025/01/23 18:27:57 ET]
Table 'Ella III' 6-max Seat #3 is the button
Seat 1: Lancer621 ($168.33 in chips) 
Seat 2: M1k_DP ($107.19 in chips) 
Seat 3: pr0tecto ($100 in chips) 
Seat 4: michasia ($105.54 in chips) 
Seat 5: Manifestorr ($108.18 in chips) 
Seat 6: nastja336 ($100 in chips) 
michasia: posts small blind $0.50
Manifestorr: posts big blind $1
*** HOLE CARDS ***
nastja336: raises $1.50 to $2.50
Lancer621: folds 
M1k_DP: folds 
pr0tecto: folds 
michasia: folds 
Manifestorr: calls $1.50
*** FLOP *** [5c Kh Ks]
Manifestorr: checks 
nastja336: bets $1.72
Manifestorr: raises $3.78 to $5.50
nastja336: calls $3.78
*** TURN *** [5c Kh Ks] [5d]
Manifestorr: bets $12.26
nastja336: calls $12.26
*** RIVER *** [5c Kh Ks 5d] [Ts]
Manifestorr: checks 
nastja336: checks 
*** SHOW DOWN ***
Manifestorr: shows [7c 4c] (two pair, Kings and Fives)
nastja336: shows [7h 7d] (two pair, Kings and Sevens)
nastja336 collected $38.97 from pot
*** SUMMARY ***
Total pot $41.02 | Rake $2.05 
Board [5c Kh Ks 5d Ts]
Seat 1: Lancer621 folded before Flop (didn't bet)
Seat 2: M1k_DP folded before Flop (didn't bet)
Seat 3: pr0tecto (button) folded before Flop (didn't bet)
Seat 4: michasia (small blind) folded before Flop
Seat 5: Manifestorr (big blind) showed [7c 4c] and lost with two pair, Kings and Fives
Seat 6: nastja336 showed [7h 7d] and won ($38.97) with two pair, Kings and Sevens



PokerStars Hand #254521921133:  Hold'em No Limit ($0.50/$1.00 USD) - 2025/01/23 23:28:42 WET [2025/01/23 18:28:42 ET]
Table 'Ella III' 6-max Seat #4 is the button
Seat 1: Lancer621 ($168.33 in chips) 
Seat 2: M1k_DP ($107.19 in chips) 
Seat 3: pr0tecto ($100 in chips) 
Seat 4: michasia ($105.04 in chips) 
Seat 5: Manifestorr ($100 in chips) 
Seat 6: nastja336 ($118.71 in chips) 
Manifestorr: posts small blind $0.50
nastja336: posts big blind $1
*** HOLE CARDS ***
Lancer621: raises $6 to $7
M1k_DP: folds 
pr0tecto: folds 
michasia: folds 
Manifestorr: raises $7 to $14
nastja336: folds 
Lancer621: calls $7
*** FLOP *** [6c 4d Kh]
Manifestorr: checks 
Lancer621: checks 
*** TURN *** [6c 4d Kh] [2d]
Manifestorr: bets $34.44
Lancer621: folds 
Uncalled bet ($34.44) returned to Manifestorr
Manifestorr collected $27.55 from pot
*** SUMMARY ***
Total pot $29 | Rake $1.45 
Board [6c 4d Kh 2d]
Seat 1: Lancer621 folded on the Turn
Seat 2: M1k_DP folded before Flop (didn't bet)
Seat 3: pr0tecto folded before Flop (didn't bet)
Seat 4: michasia (button) folded before Flop (didn't bet)
Seat 5: Manifestorr (small blind) collected ($27.55)
Seat 6: nastja336 (big blind) folded before Flop



PokerStars Hand #254521933750:  Hold'em No Limit ($0.50/$1.00 USD) - 2025/01/23 23:29:32 WET [2025/01/23 18:29:32 ET]
Table 'Ella III' 6-max Seat #5 is the button
Seat 1: Lancer621 ($154.33 in chips) 
Seat 2: M1k_DP ($107.19 in chips) 
Seat 3: pr0tecto ($100 in chips) 
Seat 4: michasia ($105.04 in chips) 
Seat 5: Manifestorr ($113.55 in chips) 
Seat 6: nastja336 ($117.71 in chips) 
nastja336: posts small blind $0.50
Lancer621: posts big blind $1
*** HOLE CARDS ***
M1k_DP: raises $1.25 to $2.25
pr0tecto: folds 
michasia: folds 
Manifestorr: folds 
nastja336: folds 
Lancer621: calls $1.25
*** FLOP *** [8c Jc 2h]
Lancer621: bets $4.75
M1k_DP: raises $7.13 to $11.88
Lancer621: calls $7.13
*** TURN *** [8c Jc 2h] [2c]
Lancer621: checks 
M1k_DP: bets $19.88
Lancer621: folds 
Uncalled bet ($19.88) returned to M1k_DP
M1k_DP collected $27.32 from pot
M1k_DP: doesn't show hand 
*** SUMMARY ***
Total pot $28.76 | Rake $1.44 
Board [8c Jc 2h 2c]
Seat 1: Lancer621 (big blind) folded on the Turn
Seat 2: M1k_DP collected ($27.32)
Seat 3: pr0tecto folded before Flop (didn't bet)
Seat 4: michasia folded before Flop (didn't bet)
Seat 5: Manifestorr (button) folded before Flop (didn't bet)
Seat 6: nastja336 (small blind) folded before Flop



PokerStars Hand #254521982408:  Hold'em No Limit ($0.50/$1.00 USD) - 2025/01/23 23:32:49 WET [2025/01/23 18:32:49 ET]
Table 'Ella III' 6-max Seat #5 is the button
Seat 1: Lancer621 ($143.78 in chips) 
Seat 2: M1k_DP ($100 in chips) 
Seat 3: pr0tecto ($122 in chips) 
Seat 4: michasia ($105.04 in chips) 
Seat 5: Manifestorr ($112.05 in chips) 
Seat 6: nastja336 ($114.71 in chips) 
nastja336: posts small blind $0.50
Lancer621: posts big blind $1
*** HOLE CARDS ***
M1k_DP: folds 
pr0tecto: folds 
michasia: folds 
Manifestorr: folds 
nastja336: folds 
Uncalled bet ($0.50) returned to Lancer621
Lancer621 collected $1 from pot
Lancer621: doesn't show hand 
*** SUMMARY ***
Total pot $1 | Rake $0 
Seat 1: Lancer621 (big blind) collected ($1)
Seat 2: M1k_DP folded before Flop (didn't bet)
Seat 3: pr0tecto folded before Flop (didn't bet)
Seat 4: michasia folded before Flop (didn't bet)
Seat 5: Manifestorr (button) folded before Flop (didn't bet)
Seat 6: nastja336 (small blind) folded before Flop



PokerStars Hand #254521984532:  Hold'em No Limit ($0.50/$1.00 USD) - 2025/01/23 23:32:57 WET [2025/01/23 18:32:57 ET]
Table 'Ella III' 6-max Seat #6 is the button
Seat 1: Lancer621 ($144.28 in chips) 
Seat 2: M1k_DP ($100 in chips) 
Seat 3: pr0tecto ($122 in chips) 
Seat 4: michasia ($105.04 in chips) 
Seat 5: Manifestorr ($112.05 in chips) 
Seat 6: nastja336 ($114.21 in chips) 
Lancer621: posts small blind $0.50
M1k_DP: posts big blind $1
*** HOLE CARDS ***
pr0tecto: raises $1.10 to $2.10
michasia: raises $4.20 to $6.30
Manifestorr: folds 
nastja336: folds 
Lancer621: folds 
M1k_DP: folds 
pr0tecto: calls $4.20
*** FLOP *** [Jh Js 9d]
pr0tecto: checks 
michasia: bets $4.42
pr0tecto: folds 
Uncalled bet ($4.42) returned to michasia
michasia collected $13.40 from pot
michasia: doesn't show hand 
*** SUMMARY ***
Total pot $14.10 | Rake $0.70 
Board [Jh Js 9d]
Seat 1: Lancer621 (small blind) folded before Flop
Seat 2: M1k_DP (big blind) folded before Flop
Seat 3: pr0tecto folded on the Flop
Seat 4: michasia collected ($13.40)
Seat 5: Manifestorr folded before Flop (didn't bet)
Seat 6: nastja336 (button) folded before Flop (didn't bet)



PokerStars Hand #254521998040:  Hold'em No Limit ($0.50/$1.00 USD) - 2025/01/23 23:33:52 WET [2025/01/23 18:33:52 ET]
Table 'Ella III' 6-max Seat #1 is the button
Seat 1: Lancer621 ($143.78 in chips) 
Seat 2: M1k_DP ($100 in chips) 
Seat 3: pr0tecto ($115.70 in chips) 
Seat 4: michasia ($112.14 in chips) 
Seat 5: Manifestorr ($112.05 in chips) 
Seat 6: nastja336 ($114.21 in chips) 
M1k_DP: posts small blind $0.50
pr0tecto: posts big blind $1
*** HOLE CARDS ***
michasia: raises $1.60 to $2.60
Manifestorr: folds 
nastja336: folds 
Lancer621: folds 
M1k_DP: folds 
pr0tecto: folds 
Uncalled bet ($1.60) returned to michasia
michasia collected $2.50 from pot
michasia: doesn't show hand 
*** SUMMARY ***
Total pot $2.50 | Rake $0 
Seat 1: Lancer621 (button) folded before Flop (didn't bet)
Seat 2: M1k_DP (small blind) folded before Flop
Seat 3: pr0tecto (big blind) folded before Flop
Seat 4: michasia collected ($2.50)
Seat 5: Manifestorr folded before Flop (didn't bet)
Seat 6: nastja336 folded before Flop (didn't bet)



PokerStars Hand #254522003421:  Hold'em No Limit ($0.50/$1.00 USD) - 2025/01/23 23:34:14 WET [2025/01/23 18:34:14 ET]
Table 'Ella III' 6-max Seat #2 is the button
Seat 1: Lancer621 ($143.78 in chips) 
Seat 2: M1k_DP ($100 in chips) 
Seat 3: pr0tecto ($114.70 in chips) 
Seat 4: michasia ($113.64 in chips) 
Seat 5: Manifestorr ($112.05 in chips) 
Seat 6: nastja336 ($114.21 in chips) 
pr0tecto: posts small blind $0.50
michasia: posts big blind $1
*** HOLE CARDS ***
Manifestorr: folds 
nastja336: folds 
Lancer621: folds 
M1k_DP: raises $1.50 to $2.50
pr0tecto: raises $7.50 to $10
michasia: raises $13 to $23
M1k_DP: folds 
pr0tecto: folds 
Uncalled bet ($13) returned to michasia
michasia collected $22.50 from pot
michasia: doesn't show hand 
*** SUMMARY ***
Total pot $22.50 | Rake $0 
Seat 1: Lancer621 folded before Flop (didn't bet)
Seat 2: M1k_DP (button) folded before Flop
Seat 3: pr0tecto (small blind) folded before Flop
Seat 4: michasia (big blind) collected ($22.50)
Seat 5: Manifestorr folded before Flop (didn't bet)
Seat 6: nastja336 folded before Flop (didn't bet)



PokerStars Hand #254522010536:  Hold'em No Limit ($0.50/$1.00 USD) - 2025/01/23 23:34:43 WET [2025/01/23 18:34:43 ET]
Table 'Ella III' 6-max Seat #3 is the button
Seat 1: Lancer621 ($143.78 in chips) 
Seat 2: M1k_DP ($100 in chips) 
Seat 3: pr0tecto ($104.70 in chips) 
Seat 4: michasia ($126.14 in chips) 
Seat 5: Manifestorr ($112.05 in chips) 
Seat 6: nastja336 ($114.21 in chips) 
michasia: posts small blind $0.50
Manifestorr: posts big blind $1
*** HOLE CARDS ***
nastja336: folds 
Lancer621: folds 
M1k_DP: folds 
pr0tecto: raises $2 to $3
michasia: folds 
Manifestorr: calls $2
*** FLOP *** [Qc Jc Ts]
Manifestorr: checks 
pr0tecto: bets $3.15
Manifestorr: raises $8.85 to $12
pr0tecto: folds 
Uncalled bet ($8.85) returned to Manifestorr
Manifestorr collected $12.16 from pot
*** SUMMARY ***
Total pot $12.80 | Rake $0.64 
Board [Qc Jc Ts]
Seat 1: Lancer621 folded before Flop (didn't bet)
Seat 2: M1k_DP folded before Flop (didn't bet)
Seat 3: pr0tecto (button) folded on the Flop
Seat 4: michasia (small blind) folded before Flop
Seat 5: Manifestorr (big blind) collected ($12.16)
Seat 6: nastja336 folded before Flop (didn't bet)



PokerStars Hand #254522023585:  Hold'em No Limit ($0.50/$1.00 USD) - 2025/01/23 23:35:36 WET [2025/01/23 18:35:36 ET]
Table 'Ella III' 6-max Seat #4 is the button
Seat 1: Lancer621 ($143.78 in chips) 
Seat 2: M1k_DP ($100 in chips) 
Seat 3: pr0tecto ($100 in chips) 
Seat 4: michasia ($125.64 in chips) 
Seat 5: Manifestorr ($118.06 in chips) 
Seat 6: nastja336 ($114.21 in chips) 
Manifestorr: posts small blind $0.50
nastja336: posts big blind $1
*** HOLE CARDS ***
Lancer621: folds 
M1k_DP: raises $1.50 to $2.50
pr0tecto: folds 
michasia: folds 
Manifestorr: raises $8.50 to $11
nastja336: folds 
M1k_DP: calls $8.50
*** FLOP *** [Th 8d 7s]
Manifestorr: checks 
M1k_DP: bets $7.21
Manifestorr: calls $7.21
*** TURN *** [Th 8d 7s] [8s]
Manifestorr: checks 
M1k_DP: bets $17.78
Manifestorr: folds 
Uncalled bet ($17.78) returned to M1k_DP
M1k_DP collected $35.55 from pot
M1k_DP: doesn't show hand 
*** SUMMARY ***
Total pot $37.42 | Rake $1.87 
Board [Th 8d 7s 8s]
Seat 1: Lancer621 folded before Flop (didn't bet)
Seat 2: M1k_DP collected ($35.55)
Seat 3: pr0tecto folded before Flop (didn't bet)
Seat 4: michasia (button) folded before Flop (didn't bet)
Seat 5: Manifestorr (small blind) folded on the Turn
Seat 6: nastja336 (big blind) folded before Flop



PokerStars Hand #254522039981:  Hold'em No Limit ($0.50/$1.00 USD) - 2025/01/23 23:36:43 WET [2025/01/23 18:36:43 ET]
Table 'Ella III' 6-max Seat #5 is the button
Seat 1: Lancer621 ($143.78 in chips) 
Seat 2: M1k_DP ($117.34 in chips) 
Seat 3: pr0tecto ($100 in chips) 
Seat 4: michasia ($125.64 in chips) 
Seat 5: Manifestorr ($100 in chips) 
Seat 6: nastja336 ($113.21 in chips) 
nastja336: posts small blind $0.50
Lancer621: posts big blind $1
*** HOLE CARDS ***
M1k_DP: folds 
pr0tecto: raises $1.10 to $2.10
michasia: folds 
Manifestorr: raises $4.90 to $7
nastja336: raises $17 to $24
Lancer621: folds 
pr0tecto: folds 
Manifestorr: raises $76 to $100 and is all-in
nastja336: calls $76
*** FLOP *** [7h 2s Ad]
*** TURN *** [7h 2s Ad] [4d]
*** RIVER *** [7h 2s Ad 4d] [6s]
*** SHOW DOWN ***
nastja336: shows [Ah Kd] (a pair of Aces)
Manifestorr: shows [As Ac] (three of a kind, Aces)
Manifestorr collected $200.60 from pot
*** SUMMARY ***
Total pot $203.10 | Rake $2.50 
Board [7h 2s Ad 4d 6s]
Seat 1: Lancer621 (big blind) folded before Flop
Seat 2: M1k_DP folded before Flop (didn't bet)
Seat 3: pr0tecto folded before Flop
Seat 4: michasia folded before Flop (didn't bet)
Seat 5: Manifestorr (button) showed [As Ac] and won ($200.60) with three of a kind, Aces
Seat 6: nastja336 (small blind) showed [Ah Kd] and lost with a pair of Aces



PokerStars Hand #254522050647:  Hold'em No Limit ($0.50/$1.00 USD) - 2025/01/23 23:37:27 WET [2025/01/23 18:37:27 ET]
Table 'Ella III' 6-max Seat #6 is the button
Seat 1: Lancer621 ($142.78 in chips) 
Seat 2: M1k_DP ($117.34 in chips) 
Seat 3: pr0tecto ($100 in chips) 
Seat 4: michasia ($125.64 in chips) 
Seat 5: Manifestorr ($200.60 in chips) 
Seat 6: nastja336 ($100 in chips) 
Lancer621: posts small blind $0.50
M1k_DP: posts big blind $1
*** HOLE CARDS ***
pr0tecto: folds 
michasia: folds 
Manifestorr: folds 
nastja336: folds 
Lancer621: folds 
Uncalled bet ($0.50) returned to M1k_DP
M1k_DP collected $1 from pot
M1k_DP: doesn't show hand 
*** SUMMARY ***
Total pot $1 | Rake $0 
Seat 1: Lancer621 (small blind) folded before Flop
Seat 2: M1k_DP (big blind) collected ($1)
Seat 3: pr0tecto folded before Flop (didn't bet)
Seat 4: michasia folded before Flop (didn't bet)
Seat 5: Manifestorr folded before Flop (didn't bet)
Seat 6: nastja336 (button) folded before Flop (didn't bet)



PokerStars Hand #254522056039:  Hold'em No Limit ($0.50/$1.00 USD) - 2025/01/23 23:37:49 WET [2025/01/23 18:37:49 ET]
Table 'Ella III' 6-max Seat #1 is the button
Seat 1: Lancer621 ($142.28 in chips) 
Seat 2: M1k_DP ($117.84 in chips) 
Seat 3: pr0tecto ($100 in chips) 
Seat 4: michasia ($125.64 in chips) 
Seat 5: Manifestorr ($200.60 in chips) 
Seat 6: nastja336 ($100 in chips) 
M1k_DP: posts small blind $0.50
pr0tecto: posts big blind $1
*** HOLE CARDS ***
michasia: folds 
Manifestorr: folds 
nastja336: raises $1.50 to $2.50
Lancer621: folds 
M1k_DP: folds 
pr0tecto: folds 
Uncalled bet ($1.50) returned to nastja336
nastja336 collected $2.50 from pot
nastja336: doesn't show hand 
*** SUMMARY ***
Total pot $2.50 | Rake $0 
Seat 1: Lancer621 (button) folded before Flop (didn't bet)
Seat 2: M1k_DP (small blind) folded before Flop
Seat 3: pr0tecto (big blind) folded before Flop
Seat 4: michasia folded before Flop (didn't bet)
Seat 5: Manifestorr folded before Flop (didn't bet)
Seat 6: nastja336 collected ($2.50)



PokerStars Hand #254522064924:  Hold'em No Limit ($0.50/$1.00 USD) - 2025/01/23 23:38:25 WET [2025/01/23 18:38:25 ET]
Table 'Ella III' 6-max Seat #2 is the button
Seat 1: Lancer621 ($142.28 in chips) 
Seat 2: M1k_DP ($117.34 in chips) 
Seat 3: pr0tecto ($99 in chips) 
Seat 4: michasia ($125.64 in chips) 
Seat 5: Manifestorr ($200.60 in chips) 
Seat 6: nastja336 ($101.50 in chips) 
pr0tecto: posts small blind $0.50
michasia: posts big blind $1
*** HOLE CARDS ***
Manifestorr: folds 
nastja336: folds 
Lancer621: raises $3 to $4
M1k_DP: raises $10 to $14
pr0tecto: folds 
michasia: folds 
Lancer621: calls $10
*** FLOP *** [7h Qd Ac]
Lancer621: bets $1
M1k_DP: raises $14.50 to $15.50
Lancer621: calls $14.50
*** TURN *** [7h Qd Ac] [Kc]
Lancer621: bets $2
M1k_DP: raises $36.50 to $38.50
Lancer621: folds 
Uncalled bet ($36.50) returned to M1k_DP
M1k_DP collected $62 from pot
M1k_DP: doesn't show hand 
*** SUMMARY ***
Total pot $64.50 | Rake $2.50 
Board [7h Qd Ac Kc]
Seat 1: Lancer621 folded on the Turn
Seat 2: M1k_DP (button) collected ($62)
Seat 3: pr0tecto (small blind) folded before Flop
Seat 4: michasia (big blind) folded before Flop
Seat 5: Manifestorr folded before Flop (didn't bet)
Seat 6: nastja336 folded before Flop (didn't bet)



PokerStars Hand #254522083167:  Hold'em No Limit ($0.50/$1.00 USD) - 2025/01/23 23:39:41 WET [2025/01/23 18:39:41 ET]
Table 'Ella III' 6-max Seat #3 is the button
Seat 4: michasia ($124.64 in chips) is sitting out
Seat 1: Lancer621 ($110.78 in chips) 
Seat 2: M1k_DP ($147.84 in chips) 
Seat 3: pr0tecto ($100 in chips) 
Seat 5: Manifestorr ($200.60 in chips) 
Seat 6: nastja336 ($101.50 in chips) 
Manifestorr: posts small blind $0.50
nastja336: posts big blind $1
*** HOLE CARDS ***
Lancer621: calls $1
M1k_DP: folds 
pr0tecto: folds 
Manifestorr: folds 
nastja336: checks 
*** FLOP *** [4h Kc Js]
nastja336: checks 
Lancer621: bets $2
nastja336: calls $2
*** TURN *** [4h Kc Js] [Jc]
nastja336: checks 
Lancer621: bets $6
nastja336: calls $6
*** RIVER *** [4h Kc Js Jc] [Jd]
nastja336: checks 
Lancer621: checks 
*** SHOW DOWN ***
nastja336: shows [4c 3c] (a full house, Jacks full of Fours)
Lancer621: mucks hand 
nastja336 collected $17.58 from pot
*** SUMMARY ***
Total pot $18.50 | Rake $0.92 
Board [4h Kc Js Jc Jd]
Seat 4: michasia
Seat 1: Lancer621 mucked
Seat 2: M1k_DP folded before Flop (didn't bet)
Seat 3: pr0tecto (button) folded before Flop (didn't bet)
Seat 5: Manifestorr (small blind) folded before Flop
Seat 6: nastja336 (big blind) showed [4c 3c] and won ($17.58) with a full house, Jacks full of Fours



PokerStars Hand #254522093010:  Hold'em No Limit ($0.50/$1.00 USD) - 2025/01/23 23:40:23 WET [2025/01/23 18:40:23 ET]
Table 'Ella III' 6-max Seat #5 is the button
Seat 4: michasia ($124.64 in chips) is sitting out
Seat 1: Lancer621 ($101.78 in chips) 
Seat 2: M1k_DP ($147.84 in chips) 
Seat 3: pr0tecto ($100 in chips) 
Seat 5: Manifestorr ($200.10 in chips) 
Seat 6: nastja336 ($110.08 in chips) 
nastja336: posts small blind $0.50
Lancer621: posts big blind $1
*** HOLE CARDS ***
M1k_DP: folds 
pr0tecto: folds 
Manifestorr: folds 
nastja336: folds 
Uncalled bet ($0.50) returned to Lancer621
Lancer621 collected $1 from pot
Lancer621: doesn't show hand 
*** SUMMARY ***
Total pot $1 | Rake $0 
Seat 4: michasia
Seat 1: Lancer621 (big blind) collected ($1)
Seat 2: M1k_DP folded before Flop (didn't bet)
Seat 3: pr0tecto folded before Flop (didn't bet)
Seat 5: Manifestorr (button) folded before Flop (didn't bet)
Seat 6: nastja336 (small blind) folded before Flop



PokerStars Hand #254522095254:  Hold'em No Limit ($0.50/$1.00 USD) - 2025/01/23 23:40:32 WET [2025/01/23 18:40:32 ET]
Table 'Ella III' 6-max Seat #6 is the button
Seat 4: michasia ($124.64 in chips) is sitting out
Seat 1: Lancer621 ($102.28 in chips) 
Seat 2: M1k_DP ($147.84 in chips) 
Seat 3: pr0tecto ($100 in chips) 
Seat 5: Manifestorr ($200.10 in chips) 
Seat 6: nastja336 ($109.58 in chips) 
Lancer621: posts small blind $0.50
M1k_DP: posts big blind $1
*** HOLE CARDS ***
pr0tecto: folds 
Manifestorr: folds 
nastja336: raises $1.50 to $2.50
Lancer621: folds 
M1k_DP: folds 
Uncalled bet ($1.50) returned to nastja336
nastja336 collected $2.50 from pot
nastja336: doesn't show hand 
*** SUMMARY ***
Total pot $2.50 | Rake $0 
Seat 4: michasia
Seat 1: Lancer621 (small blind) folded before Flop
Seat 2: M1k_DP (big blind) folded before Flop
Seat 3: pr0tecto folded before Flop (didn't bet)
Seat 5: Manifestorr folded before Flop (didn't bet)
Seat 6: nastja336 (button) collected ($2.50)



PokerStars Hand #254522098255:  Hold'em No Limit ($0.50/$1.00 USD) - 2025/01/23 23:40:45 WET [2025/01/23 18:40:45 ET]
Table 'Ella III' 6-max Seat #1 is the button
Seat 4: michasia ($124.64 in chips) is sitting out
Seat 1: Lancer621 ($101.78 in chips) 
Seat 2: M1k_DP ($146.84 in chips) 
Seat 3: pr0tecto ($100 in chips) 
Seat 5: Manifestorr ($200.10 in chips) 
Seat 6: nastja336 ($111.08 in chips) 
M1k_DP: posts small blind $0.50
pr0tecto: posts big blind $1
*** HOLE CARDS ***
Manifestorr: folds 
nastja336: folds 
Lancer621: folds 
M1k_DP: raises $2 to $3
pr0tecto: folds 
Uncalled bet ($2) returned to M1k_DP
M1k_DP collected $2 from pot
M1k_DP: doesn't show hand 
*** SUMMARY ***
Total pot $2 | Rake $0 
Seat 4: michasia
Seat 1: Lancer621 (button) folded before Flop (didn't bet)
Seat 2: M1k_DP (small blind) collected ($2)
Seat 3: pr0tecto (big blind) folded before Flop
Seat 5: Manifestorr folded before Flop (didn't bet)
Seat 6: nastja336 folded before Flop (didn't bet)



PokerStars Hand #254522104817:  Hold'em No Limit ($0.50/$1.00 USD) - 2025/01/23 23:41:12 WET [2025/01/23 18:41:12 ET]
Table 'Ella III' 6-max Seat #2 is the button
Seat 4: michasia ($124.64 in chips) is sitting out
Seat 1: Lancer621 ($101.78 in chips) 
Seat 2: M1k_DP ($147.84 in chips) 
Seat 3: pr0tecto ($99 in chips) 
Seat 5: Manifestorr ($200.10 in chips) 
Seat 6: nastja336 ($111.08 in chips) 
pr0tecto: posts small blind $0.50
Manifestorr: posts big blind $1
*** HOLE CARDS ***
nastja336: folds 
Lancer621: folds 
M1k_DP: raises $1.50 to $2.50
pr0tecto: folds 
Manifestorr: folds 
Uncalled bet ($1.50) returned to M1k_DP
M1k_DP collected $2.50 from pot
M1k_DP: doesn't show hand 
*** SUMMARY ***
Total pot $2.50 | Rake $0 
Seat 4: michasia
Seat 1: Lancer621 folded before Flop (didn't bet)
Seat 2: M1k_DP (button) collected ($2.50)
Seat 3: pr0tecto (small blind) folded before Flop
Seat 5: Manifestorr (big blind) folded before Flop
Seat 6: nastja336 folded before Flop (didn't bet)



PokerStars Hand #254522108460:  Hold'em No Limit ($0.50/$1.00 USD) - 2025/01/23 23:41:27 WET [2025/01/23 18:41:27 ET]
Table 'Ella III' 6-max Seat #3 is the button
Seat 4: michasia ($124.64 in chips) is sitting out
Seat 1: Lancer621 ($101.78 in chips) 
Seat 2: M1k_DP ($149.34 in chips) 
Seat 3: pr0tecto ($100 in chips) 
Seat 5: Manifestorr ($199.10 in chips) 
Seat 6: nastja336 ($111.08 in chips) 
Manifestorr: posts small blind $0.50
nastja336: posts big blind $1
*** HOLE CARDS ***
Lancer621: raises $2 to $3
M1k_DP: folds 
pr0tecto: folds 
Manifestorr: folds 
nastja336: folds 
Uncalled bet ($2) returned to Lancer621
Lancer621 collected $2.50 from pot
Lancer621: doesn't show hand 
*** SUMMARY ***
Total pot $2.50 | Rake $0 
Seat 4: michasia
Seat 1: Lancer621 collected ($2.50)
Seat 2: M1k_DP folded before Flop (didn't bet)
Seat 3: pr0tecto (button) folded before Flop (didn't bet)
Seat 5: Manifestorr (small blind) folded before Flop
Seat 6: nastja336 (big blind) folded before Flop



PokerStars Hand #254522114086:  Hold'em No Limit ($0.50/$1.00 USD) - 2025/01/23 23:41:51 WET [2025/01/23 18:41:51 ET]
Table 'Ella III' 6-max Seat #5 is the button
Seat 4: michasia ($124.64 in chips) is sitting out
Seat 1: Lancer621 ($103.28 in chips) 
Seat 2: M1k_DP ($149.34 in chips) 
Seat 3: pr0tecto ($100 in chips) 
Seat 5: Manifestorr ($198.60 in chips) 
Seat 6: nastja336 ($110.08 in chips) 
nastja336: posts small blind $0.50
Lancer621: posts big blind $1
*** HOLE CARDS ***
M1k_DP: folds 
pr0tecto: folds 
Manifestorr: folds 
nastja336: folds 
Uncalled bet ($0.50) returned to Lancer621
Lancer621 collected $1 from pot
Lancer621: doesn't show hand 
*** SUMMARY ***
Total pot $1 | Rake $0 
Seat 4: michasia
Seat 1: Lancer621 (big blind) collected ($1)
Seat 2: M1k_DP folded before Flop (didn't bet)
Seat 3: pr0tecto folded before Flop (didn't bet)
Seat 5: Manifestorr (button) folded before Flop (didn't bet)
Seat 6: nastja336 (small blind) folded before Flop



PokerStars Hand #254522117618:  Hold'em No Limit ($0.50/$1.00 USD) - 2025/01/23 23:42:06 WET [2025/01/23 18:42:06 ET]
Table 'Ella III' 6-max Seat #6 is the button
Seat 4: michasia ($124.64 in chips) is sitting out
Seat 1: Lancer621 ($103.78 in chips) 
Seat 2: M1k_DP ($149.34 in chips) 
Seat 3: pr0tecto ($100 in chips) 
Seat 5: Manifestorr ($198.60 in chips) 
Seat 6: nastja336 ($109.58 in chips) 
Lancer621: posts small blind $0.50
M1k_DP: posts big blind $1
*** HOLE CARDS ***
pr0tecto: raises $1.10 to $2.10
Manifestorr: folds 
nastja336: folds 
Lancer621: folds 
M1k_DP: folds 
Uncalled bet ($1.10) returned to pr0tecto
pr0tecto collected $2.50 from pot
pr0tecto: doesn't show hand 
*** SUMMARY ***
Total pot $2.50 | Rake $0 
Seat 4: michasia
Seat 1: Lancer621 (small blind) folded before Flop
Seat 2: M1k_DP (big blind) folded before Flop
Seat 3: pr0tecto collected ($2.50)
Seat 5: Manifestorr folded before Flop (didn't bet)
Seat 6: nastja336 (button) folded before Flop (didn't bet)



PokerStars Hand #254522123558:  Hold'em No Limit ($0.50/$1.00 USD) - 2025/01/23 23:42:31 WET [2025/01/23 18:42:31 ET]
Table 'Ella III' 6-max Seat #1 is the button
Seat 4: michasia ($124.64 in chips) is sitting out
Seat 1: Lancer621 ($103.28 in chips) 
Seat 2: M1k_DP ($148.34 in chips) 
Seat 3: pr0tecto ($101.50 in chips) 
Seat 5: Manifestorr ($198.60 in chips) 
Seat 6: nastja336 ($109.58 in chips) 
M1k_DP: posts small blind $0.50
pr0tecto: posts big blind $1
*** HOLE CARDS ***
Manifestorr: folds 
nastja336: folds 
Lancer621: calls $1
M1k_DP: folds 
pr0tecto: checks 
*** FLOP *** [Ac 8s Ks]
pr0tecto: checks 
Lancer621: bets $1.19
pr0tecto: folds 
Uncalled bet ($1.19) returned to Lancer621
Lancer621 collected $2.38 from pot
Lancer621: doesn't show hand 
*** SUMMARY ***
Total pot $2.50 | Rake $0.12 
Board [Ac 8s Ks]
Seat 4: michasia
Seat 1: Lancer621 (button) collected ($2.38)
Seat 2: M1k_DP (small blind) folded before Flop
Seat 3: pr0tecto (big blind) folded on the Flop
Seat 5: Manifestorr folded before Flop (didn't bet)
Seat 6: nastja336 folded before Flop (didn't bet)



PokerStars Hand #254522130490:  Hold'em No Limit ($0.50/$1.00 USD) - 2025/01/23 23:43:01 WET [2025/01/23 18:43:01 ET]
Table 'Ella III' 6-max Seat #2 is the button
Seat 1: Lancer621 ($104.66 in chips) 
Seat 2: M1k_DP ($147.84 in chips) 
Seat 3: pr0tecto ($100.50 in chips) 
Seat 4: michasia ($124.64 in chips) 
Seat 5: Manifestorr ($198.60 in chips) 
Seat 6: nastja336 ($109.58 in chips) 
pr0tecto: posts small blind $0.50
michasia: posts big blind $1
*** HOLE CARDS ***
Manifestorr: folds 
nastja336: folds 
Lancer621: folds 
M1k_DP: folds 
pr0tecto: folds 
Uncalled bet ($0.50) returned to michasia
michasia collected $1 from pot
michasia: doesn't show hand 
*** SUMMARY ***
Total pot $1 | Rake $0 
Seat 1: Lancer621 folded before Flop (didn't bet)
Seat 2: M1k_DP (button) folded before Flop (didn't bet)
Seat 3: pr0tecto (small blind) folded before Flop
Seat 4: michasia (big blind) collected ($1)
Seat 5: Manifestorr folded before Flop (didn't bet)
Seat 6: nastja336 folded before Flop (didn't bet)



PokerStars Hand #254522134168:  Hold'em No Limit ($0.50/$1.00 USD) - 2025/01/23 23:43:16 WET [2025/01/23 18:43:16 ET]
Table 'Ella III' 6-max Seat #3 is the button
Seat 1: Lancer621 ($104.66 in chips) 
Seat 2: M1k_DP ($147.84 in chips) 
Seat 3: pr0tecto ($100 in chips) 
Seat 4: michasia ($125.14 in chips) 
Seat 5: Manifestorr ($198.60 in chips) 
Seat 6: nastja336 ($109.58 in chips) 
michasia: posts small blind $0.50
Manifestorr: posts big blind $1
*** HOLE CARDS ***
nastja336: folds 
Lancer621: folds 
M1k_DP: folds 
pr0tecto: folds 
michasia: folds 
Uncalled bet ($0.50) returned to Manifestorr
Manifestorr collected $1 from pot
*** SUMMARY ***
Total pot $1 | Rake $0 
Seat 1: Lancer621 folded before Flop (didn't bet)
Seat 2: M1k_DP folded before Flop (didn't bet)
Seat 3: pr0tecto (button) folded before Flop (didn't bet)
Seat 4: michasia (small blind) folded before Flop
Seat 5: Manifestorr (big blind) collected ($1)
Seat 6: nastja336 folded before Flop (didn't bet)



PokerStars Hand #254522139886:  Hold'em No Limit ($0.50/$1.00 USD) - 2025/01/23 23:43:40 WET [2025/01/23 18:43:40 ET]
Table 'Ella III' 6-max Seat #4 is the button
Seat 1: Lancer621 ($104.66 in chips) 
Seat 2: M1k_DP ($147.84 in chips) 
Seat 3: pr0tecto ($100 in chips) 
Seat 4: michasia ($124.64 in chips) 
Seat 5: Manifestorr ($199.10 in chips) 
Seat 6: nastja336 ($109.58 in chips) 
Manifestorr: posts small blind $0.50
nastja336: posts big blind $1
*** HOLE CARDS ***
Lancer621: raises $2 to $3
M1k_DP: folds 
pr0tecto: folds 
michasia: raises $6 to $9
Manifestorr: folds 
nastja336: folds 
Lancer621: calls $6
*** FLOP *** [3s 9h 8s]
Lancer621: checks 
michasia: bets $6.11
Lancer621: raises $30.74 to $36.85
michasia: raises $78.79 to $115.64 and is all-in
Lancer621: calls $58.81 and is all-in
Uncalled bet ($19.98) returned to michasia
*** TURN *** [3s 9h 8s] [4c]
*** RIVER *** [3s 9h 8s 4c] [Ah]
*** SHOW DOWN ***
Lancer621: shows [Qs Ts] (high card Ace)
michasia: shows [7d 7s] (a pair of Sevens)
michasia collected $208.32 from pot
Lancer621 cashed out the hand for $123.53 | Cash Out Fee $2.52
*** SUMMARY ***
Total pot $210.82 | Rake $2.50 
Board [3s 9h 8s 4c Ah]
Seat 1: Lancer621 showed [Qs Ts] and lost with high card Ace (cashed out).
Seat 2: M1k_DP folded before Flop (didn't bet)
Seat 3: pr0tecto folded before Flop (didn't bet)
Seat 4: michasia (button) showed [7d 7s] and won ($208.32) with a pair of Sevens
Seat 5: Manifestorr (small blind) folded before Flop
Seat 6: nastja336 (big blind) folded before Flop



PokerStars Hand #254522152680:  Hold'em No Limit ($0.50/$1.00 USD) - 2025/01/23 23:44:34 WET [2025/01/23 18:44:34 ET]
Table 'Ella III' 6-max Seat #5 is the button
Seat 1: Lancer621 ($123.53 in chips) 
Seat 2: M1k_DP ($147.84 in chips) 
Seat 3: pr0tecto ($100 in chips) 
Seat 4: michasia ($228.30 in chips) 
Seat 5: Manifestorr ($198.60 in chips) 
Seat 6: nastja336 ($108.58 in chips) 
nastja336: posts small blind $0.50
Lancer621: posts big blind $1
*** HOLE CARDS ***
M1k_DP: folds 
pr0tecto: folds 
michasia: raises $1.80 to $2.80
Manifestorr: folds 
nastja336: folds 
Lancer621: folds 
Uncalled bet ($1.80) returned to michasia
michasia collected $2.50 from pot
michasia: doesn't show hand 
*** SUMMARY ***
Total pot $2.50 | Rake $0 
Seat 1: Lancer621 (big blind) folded before Flop
Seat 2: M1k_DP folded before Flop (didn't bet)
Seat 3: pr0tecto folded before Flop (didn't bet)
Seat 4: michasia collected ($2.50)
Seat 5: Manifestorr (button) folded before Flop (didn't bet)
Seat 6: nastja336 (small blind) folded before Flop



PokerStars Hand #254522157149:  Hold'em No Limit ($0.50/$1.00 USD) - 2025/01/23 23:44:54 WET [2025/01/23 18:44:54 ET]
Table 'Ella III' 6-max Seat #6 is the button
Seat 1: Lancer621 ($122.53 in chips) 
Seat 2: M1k_DP ($147.84 in chips) 
Seat 3: pr0tecto ($100 in chips) 
Seat 4: michasia ($229.80 in chips) 
Seat 5: Manifestorr ($198.60 in chips) 
Seat 6: nastja336 ($108.08 in chips) 
Lancer621: posts small blind $0.50
M1k_DP: posts big blind $1
*** HOLE CARDS ***
pr0tecto: raises $1.10 to $2.10
michasia: folds 
Manifestorr: folds 
nastja336: folds 
Lancer621: folds 
M1k_DP: folds 
Uncalled bet ($1.10) returned to pr0tecto
pr0tecto collected $2.50 from pot
pr0tecto: doesn't show hand 
*** SUMMARY ***
Total pot $2.50 | Rake $0 
Seat 1: Lancer621 (small blind) folded before Flop
Seat 2: M1k_DP (big blind) folded before Flop
Seat 3: pr0tecto collected ($2.50)
Seat 4: michasia folded before Flop (didn't bet)
Seat 5: Manifestorr folded before Flop (didn't bet)
Seat 6: nastja336 (button) folded before Flop (didn't bet)



PokerStars Hand #254522163643:  Hold'em No Limit ($0.50/$1.00 USD) - 2025/01/23 23:45:22 WET [2025/01/23 18:45:22 ET]
Table 'Ella III' 6-max Seat #1 is the button
Seat 1: Lancer621 ($122.03 in chips) 
Seat 2: M1k_DP ($146.84 in chips) 
Seat 3: pr0tecto ($101.50 in chips) 
Seat 4: michasia ($229.80 in chips) 
Seat 5: Manifestorr ($198.60 in chips) 
Seat 6: nastja336 ($108.08 in chips) 
M1k_DP: posts small blind $0.50
pr0tecto: posts big blind $1
*** HOLE CARDS ***
michasia: folds 
Manifestorr: folds 
nastja336: folds 
Lancer621: calls $1
M1k_DP: calls $0.50
pr0tecto: checks 
*** FLOP *** [9c Tc Ad]
M1k_DP: checks 
pr0tecto: checks 
Lancer621: bets $5
M1k_DP: calls $5
pr0tecto: folds 
*** TURN *** [9c Tc Ad] [Jd]
M1k_DP: checks 
Lancer621: bets $13
M1k_DP: calls $13
*** RIVER *** [9c Tc Ad Jd] [9h]
M1k_DP: checks 
Lancer621: checks 
*** SHOW DOWN ***
M1k_DP: shows [5d Ac] (two pair, Aces and Nines)
Lancer621: mucks hand 
M1k_DP collected $37.05 from pot
*** SUMMARY ***
Total pot $39 | Rake $1.95 
Board [9c Tc Ad Jd 9h]
Seat 1: Lancer621 (button) mucked
Seat 2: M1k_DP (small blind) showed [5d Ac] and won ($37.05) with two pair, Aces and Nines
Seat 3: pr0tecto (big blind) folded on the Flop
Seat 4: michasia folded before Flop (didn't bet)
Seat 5: Manifestorr folded before Flop (didn't bet)
Seat 6: nastja336 folded before Flop (didn't bet)



PokerStars Hand #254522184155:  Hold'em No Limit ($0.50/$1.00 USD) - 2025/01/23 23:46:50 WET [2025/01/23 18:46:50 ET]
Table 'Ella III' 6-max Seat #2 is the button
Seat 1: Lancer621 ($103.03 in chips) 
Seat 2: M1k_DP ($164.89 in chips) 
Seat 3: pr0tecto ($100.50 in chips) 
Seat 4: michasia ($229.80 in chips) 
Seat 5: Manifestorr ($198.60 in chips) 
Seat 6: nastja336 ($108.08 in chips) 
pr0tecto: posts small blind $0.50
michasia: posts big blind $1
*** HOLE CARDS ***
Manifestorr: folds 
nastja336: folds 
Lancer621 has timed out
Lancer621: folds 
M1k_DP: folds 
pr0tecto: folds 
Uncalled bet ($0.50) returned to michasia
michasia collected $1 from pot
michasia: doesn't show hand 
*** SUMMARY ***
Total pot $1 | Rake $0 
Seat 1: Lancer621 folded before Flop (didn't bet)
Seat 2: M1k_DP (button) folded before Flop (didn't bet)
Seat 3: pr0tecto (small blind) folded before Flop
Seat 4: michasia (big blind) collected ($1)
Seat 5: Manifestorr folded before Flop (didn't bet)
Seat 6: nastja336 folded before Flop (didn't bet)



PokerStars Hand #254522188899:  Hold'em No Limit ($0.50/$1.00 USD) - 2025/01/23 23:47:10 WET [2025/01/23 18:47:10 ET]
Table 'Ella III' 6-max Seat #3 is the button
Seat 1: Lancer621 ($103.03 in chips) is sitting out
Seat 2: M1k_DP ($164.89 in chips) 
Seat 3: pr0tecto ($100 in chips) 
Seat 4: michasia ($230.30 in chips) 
Seat 5: Manifestorr ($198.60 in chips) 
Seat 6: nastja336 ($108.08 in chips) 
michasia: posts small blind $0.50
Manifestorr: posts big blind $1
*** HOLE CARDS ***
nastja336: folds 
M1k_DP: folds 
pr0tecto: raises $2 to $3
michasia: folds 
Manifestorr: calls $2
*** FLOP *** [8h 3d 7d]
Manifestorr: checks 
pr0tecto: checks 
*** TURN *** [8h 3d 7d] [4s]
Manifestorr: bets $8.34
pr0tecto: calls $8.34
*** RIVER *** [8h 3d 7d 4s] [Jh]
Manifestorr: bets $16.52
pr0tecto: folds 
Uncalled bet ($16.52) returned to Manifestorr
Manifestorr collected $22.02 from pot
*** SUMMARY ***
Total pot $23.18 | Rake $1.16 
Board [8h 3d 7d 4s Jh]
Seat 1: Lancer621
Seat 2: M1k_DP folded before Flop (didn't bet)
Seat 3: pr0tecto (button) folded on the River
Seat 4: michasia (small blind) folded before Flop
Seat 5: Manifestorr (big blind) collected ($22.02)
Seat 6: nastja336 folded before Flop (didn't bet)



PokerStars Hand #254522204842:  Hold'em No Limit ($0.50/$1.00 USD) - 2025/01/23 23:48:20 WET [2025/01/23 18:48:20 ET]
Table 'Ella III' 6-max Seat #4 is the button
Seat 1: Lancer621 ($103.03 in chips) 
Seat 2: M1k_DP ($164.89 in chips) 
Seat 3: pr0tecto ($100 in chips) 
Seat 4: michasia ($229.80 in chips) 
Seat 5: Manifestorr ($209.28 in chips) 
Seat 6: nastja336 ($108.08 in chips) 
Manifestorr: posts small blind $0.50
nastja336: posts big blind $1
*** HOLE CARDS ***
Lancer621: folds 
M1k_DP: folds 
pr0tecto: folds 
michasia: folds 
Manifestorr: raises $2 to $3
nastja336: calls $2
*** FLOP *** [2h Td Ad]
Manifestorr: bets $4.28
nastja336: calls $4.28
*** TURN *** [2h Td Ad] [Js]
Manifestorr: checks 
nastja336: checks 
*** RIVER *** [2h Td Ad Js] [Kh]
Manifestorr: bets $10.87
nastja336: folds 
Uncalled bet ($10.87) returned to Manifestorr
Manifestorr collected $13.83 from pot
*** SUMMARY ***
Total pot $14.56 | Rake $0.73 
Board [2h Td Ad Js Kh]
Seat 1: Lancer621 folded before Flop (didn't bet)
Seat 2: M1k_DP folded before Flop (didn't bet)
Seat 3: pr0tecto folded before Flop (didn't bet)
Seat 4: michasia (button) folded before Flop (didn't bet)
Seat 5: Manifestorr (small blind) collected ($13.83)
Seat 6: nastja336 (big blind) folded on the River



PokerStars Hand #254522216673:  Hold'em No Limit ($0.50/$1.00 USD) - 2025/01/23 23:49:12 WET [2025/01/23 18:49:12 ET]
Table 'Ella III' 6-max Seat #5 is the button
Seat 1: Lancer621 ($103.03 in chips) 
Seat 2: M1k_DP ($164.89 in chips) 
Seat 3: pr0tecto ($100 in chips) 
Seat 4: michasia ($229.80 in chips) 
Seat 5: Manifestorr ($215.83 in chips) 
Seat 6: nastja336 ($100.80 in chips) 
nastja336: posts small blind $0.50
Lancer621: posts big blind $1
*** HOLE CARDS ***
M1k_DP: folds 
pr0tecto: folds 
michasia: folds 
Manifestorr: raises $1.20 to $2.20
nastja336: raises $9.80 to $12
Lancer621: folds 
Manifestorr: folds 
Uncalled bet ($9.80) returned to nastja336
nastja336 collected $5.40 from pot
nastja336: doesn't show hand 
*** SUMMARY ***
Total pot $5.40 | Rake $0 
Seat 1: Lancer621 (big blind) folded before Flop
Seat 2: M1k_DP folded before Flop (didn't bet)
Seat 3: pr0tecto folded before Flop (didn't bet)
Seat 4: michasia folded before Flop (didn't bet)
Seat 5: Manifestorr (button) folded before Flop
Seat 6: nastja336 (small blind) collected ($5.40)



PokerStars Hand #254522221124:  Hold'em No Limit ($0.50/$1.00 USD) - 2025/01/23 23:49:31 WET [2025/01/23 18:49:31 ET]
Table 'Ella III' 6-max Seat #6 is the button
Seat 1: Lancer621 ($102.03 in chips) 
Seat 2: M1k_DP ($164.89 in chips) 
Seat 3: pr0tecto ($100 in chips) 
Seat 4: michasia ($229.80 in chips) 
Seat 5: Manifestorr ($213.63 in chips) 
Seat 6: nastja336 ($104 in chips) 
Lancer621: posts small blind $0.50
M1k_DP: posts big blind $1
*** HOLE CARDS ***
pr0tecto: folds 
michasia: folds 
Manifestorr: folds 
nastja336: folds 
Lancer621: folds 
Uncalled bet ($0.50) returned to M1k_DP
M1k_DP collected $1 from pot
M1k_DP: doesn't show hand 
*** SUMMARY ***
Total pot $1 | Rake $0 
Seat 1: Lancer621 (small blind) folded before Flop
Seat 2: M1k_DP (big blind) collected ($1)
Seat 3: pr0tecto folded before Flop (didn't bet)
Seat 4: michasia folded before Flop (didn't bet)
Seat 5: Manifestorr folded before Flop (didn't bet)
Seat 6: nastja336 (button) folded before Flop (didn't bet)



PokerStars Hand #254522223265:  Hold'em No Limit ($0.50/$1.00 USD) - 2025/01/23 23:49:41 WET [2025/01/23 18:49:41 ET]
Table 'Ella III' 6-max Seat #1 is the button
Seat 1: Lancer621 ($101.53 in chips) 
Seat 2: M1k_DP ($165.39 in chips) 
Seat 3: pr0tecto ($100 in chips) 
Seat 4: michasia ($229.80 in chips) 
Seat 5: Manifestorr ($213.63 in chips) 
Seat 6: nastja336 ($104 in chips) 
M1k_DP: posts small blind $0.50
pr0tecto: posts big blind $1
*** HOLE CARDS ***
michasia: folds 
Manifestorr: folds 
nastja336: folds 
Lancer621: raises $3 to $4
M1k_DP: folds 
pr0tecto: folds 
Uncalled bet ($3) returned to Lancer621
Lancer621 collected $2.50 from pot
Lancer621: doesn't show hand 
*** SUMMARY ***
Total pot $2.50 | Rake $0 
Seat 1: Lancer621 (button) collected ($2.50)
Seat 2: M1k_DP (small blind) folded before Flop
Seat 3: pr0tecto (big blind) folded before Flop
Seat 4: michasia folded before Flop (didn't bet)
Seat 5: Manifestorr folded before Flop (didn't bet)
Seat 6: nastja336 folded before Flop (didn't bet)



PokerStars Hand #254522228526:  Hold'em No Limit ($0.50/$1.00 USD) - 2025/01/23 23:50:04 WET [2025/01/23 18:50:04 ET]
Table 'Ella III' 6-max Seat #2 is the button
Seat 1: Lancer621 ($103.03 in chips) 
Seat 2: M1k_DP ($164.89 in chips) 
Seat 3: pr0tecto ($99 in chips) 
Seat 4: michasia ($229.80 in chips) 
Seat 5: Manifestorr ($213.63 in chips) 
Seat 6: nastja336 ($104 in chips) 
pr0tecto: posts small blind $0.50
michasia: posts big blind $1
*** HOLE CARDS ***
Manifestorr: folds 
nastja336: folds 
Lancer621: folds 
M1k_DP: raises $1.50 to $2.50
pr0tecto: raises $7.50 to $10
michasia: folds 
M1k_DP: calls $7.50
*** FLOP *** [Th 4h Jh]
pr0tecto: bets $10.17
M1k_DP: folds 
Uncalled bet ($10.17) returned to pr0tecto
pr0tecto collected $19.95 from pot
pr0tecto: doesn't show hand 
*** SUMMARY ***
Total pot $21 | Rake $1.05 
Board [Th 4h Jh]
Seat 1: Lancer621 folded before Flop (didn't bet)
Seat 2: M1k_DP (button) folded on the Flop
Seat 3: pr0tecto (small blind) collected ($19.95)
Seat 4: michasia (big blind) folded before Flop
Seat 5: Manifestorr folded before Flop (didn't bet)
Seat 6: nastja336 folded before Flop (didn't bet)



PokerStars Hand #254522239028:  Hold'em No Limit ($0.50/$1.00 USD) - 2025/01/23 23:50:50 WET [2025/01/23 18:50:50 ET]
Table 'Ella III' 6-max Seat #3 is the button
Seat 1: Lancer621 ($103.03 in chips) 
Seat 2: M1k_DP ($154.89 in chips) 
Seat 3: pr0tecto ($108.95 in chips) 
Seat 4: michasia ($228.80 in chips) 
Seat 5: Manifestorr ($213.63 in chips) 
Seat 6: nastja336 ($104 in chips) 
michasia: posts small blind $0.50
Manifestorr: posts big blind $1
*** HOLE CARDS ***
nastja336: folds 
Lancer621: folds 
M1k_DP: folds 
pr0tecto: folds 
michasia: raises $2 to $3
Manifestorr: raises $6 to $9
michasia: folds 
Uncalled bet ($6) returned to Manifestorr
Manifestorr collected $6 from pot
*** SUMMARY ***
Total pot $6 | Rake $0 
Seat 1: Lancer621 folded before Flop (didn't bet)
Seat 2: M1k_DP folded before Flop (didn't bet)
Seat 3: pr0tecto (button) folded before Flop (didn't bet)
Seat 4: michasia (small blind) folded before Flop
Seat 5: Manifestorr (big blind) collected ($6)
Seat 6: nastja336 folded before Flop (didn't bet)



PokerStars Hand #254522243651:  Hold'em No Limit ($0.50/$1.00 USD) - 2025/01/23 23:51:10 WET [2025/01/23 18:51:10 ET]
Table 'Ella III' 6-max Seat #4 is the button
Seat 1: Lancer621 ($103.03 in chips) 
Seat 2: M1k_DP ($154.89 in chips) 
Seat 3: pr0tecto ($108.95 in chips) 
Seat 4: michasia ($225.80 in chips) 
Seat 5: Manifestorr ($216.63 in chips) 
Seat 6: nastja336 ($104 in chips) 
Manifestorr: posts small blind $0.50
nastja336: posts big blind $1
*** HOLE CARDS ***
Lancer621: raises $6 to $7
M1k_DP: folds 
pr0tecto: folds 
michasia: folds 
Manifestorr: raises $15 to $22
nastja336: folds 
Lancer621: raises $15 to $37
Manifestorr: raises $179.63 to $216.63 and is all-in
Lancer621: calls $66.03 and is all-in
Uncalled bet ($113.60) returned to Manifestorr
*** FLOP *** [Ts Td 3d]
*** TURN *** [Ts Td 3d] [8d]
*** RIVER *** [Ts Td 3d 8d] [Ks]
*** SHOW DOWN ***
Manifestorr: shows [Ah Ac] (two pair, Aces and Tens)
Lancer621: shows [Jc Jh] (two pair, Jacks and Tens)
Manifestorr collected $204.56 from pot
Lancer621 cashed out the hand for $36.44 | Cash Out Fee $0.74
*** SUMMARY ***
Total pot $207.06 | Rake $2.50 
Board [Ts Td 3d 8d Ks]
Seat 1: Lancer621 showed [Jc Jh] and lost with two pair, Jacks and Tens (cashed out).
Seat 2: M1k_DP folded before Flop (didn't bet)
Seat 3: pr0tecto folded before Flop (didn't bet)
Seat 4: michasia (button) folded before Flop (didn't bet)
Seat 5: Manifestorr (small blind) showed [Ah Ac] and won ($204.56) with two pair, Aces and Tens
Seat 6: nastja336 (big blind) folded before Flop



PokerStars Hand #254522254711:  Hold'em No Limit ($0.50/$1.00 USD) - 2025/01/23 23:51:59 WET [2025/01/23 18:51:59 ET]
Table 'Ella III' 6-max Seat #5 is the button
Seat 1: Lancer621 ($36.44 in chips) 
Seat 2: M1k_DP ($154.89 in chips) 
Seat 3: pr0tecto ($108.95 in chips) 
Seat 4: michasia ($225.80 in chips) 
Seat 5: Manifestorr ($318.16 in chips) 
Seat 6: nastja336 ($103 in chips) 
nastja336: posts small blind $0.50
Lancer621: posts big blind $1
*** HOLE CARDS ***
M1k_DP: folds 
pr0tecto: raises $1.10 to $2.10
michasia: folds 
Manifestorr: folds 
nastja336: folds 
Lancer621: calls $1.10
*** FLOP *** [As Jc 5s]
Lancer621: bets $6
pr0tecto: raises $6 to $12
Lancer621: calls $6
*** TURN *** [As Jc 5s] [9d]
Lancer621: bets $6
pr0tecto: calls $6
*** RIVER *** [As Jc 5s 9d] [3h]
Lancer621: checks 
pr0tecto: checks 
*** SHOW DOWN ***
Lancer621: shows [2s Js] (a pair of Jacks)
pr0tecto: shows [4d Ad] (a pair of Aces)
pr0tecto collected $38.66 from pot
*** SUMMARY ***
Total pot $40.70 | Rake $2.04 
Board [As Jc 5s 9d 3h]
Seat 1: Lancer621 (big blind) showed [2s Js] and lost with a pair of Jacks
Seat 2: M1k_DP folded before Flop (didn't bet)
Seat 3: pr0tecto showed [4d Ad] and won ($38.66) with a pair of Aces
Seat 4: michasia folded before Flop (didn't bet)
Seat 5: Manifestorr (button) folded before Flop (didn't bet)
Seat 6: nastja336 (small blind) folded before Flop



PokerStars Hand #254522265602:  Hold'em No Limit ($0.50/$1.00 USD) - 2025/01/23 23:52:48 WET [2025/01/23 18:52:48 ET]
Table 'Ella III' 6-max Seat #6 is the button
Seat 1: Lancer621 ($16.34 in chips) 
Seat 2: M1k_DP ($154.89 in chips) 
Seat 3: pr0tecto ($127.51 in chips) 
Seat 4: michasia ($225.80 in chips) 
Seat 5: Manifestorr ($318.16 in chips) 
Seat 6: nastja336 ($102.50 in chips) 
Lancer621: posts small blind $0.50
M1k_DP: posts big blind $1
*** HOLE CARDS ***
pr0tecto: folds 
michasia: raises $1.60 to $2.60
Manifestorr: raises $6.40 to $9
nastja336: folds 
Lancer621: folds 
M1k_DP: folds 
michasia: calls $6.40
*** FLOP *** [Jd 9d 7c]
michasia: checks 
Manifestorr: checks 
*** TURN *** [Jd 9d 7c] [2s]
michasia: bets $12.35
Manifestorr: calls $12.35
*** RIVER *** [Jd 9d 7c 2s] [Td]
michasia: checks 
Manifestorr: checks 
*** SHOW DOWN ***
michasia: shows [4h 4d] (a pair of Fours)
Manifestorr: shows [Jh Ac] (a pair of Jacks)
Manifestorr collected $41.99 from pot
*** SUMMARY ***
Total pot $44.20 | Rake $2.21 
Board [Jd 9d 7c 2s Td]
Seat 1: Lancer621 (small blind) folded before Flop
Seat 2: M1k_DP (big blind) folded before Flop
Seat 3: pr0tecto folded before Flop (didn't bet)
Seat 4: michasia showed [4h 4d] and lost with a pair of Fours
Seat 5: Manifestorr showed [Jh Ac] and won ($41.99) with a pair of Jacks
Seat 6: nastja336 (button) folded before Flop (didn't bet)



PokerStars Hand #254522273643:  Hold'em No Limit ($0.50/$1.00 USD) - 2025/01/23 23:53:23 WET [2025/01/23 18:53:23 ET]
Table 'Ella III' 6-max Seat #1 is the button
Seat 1: Lancer621 ($15.84 in chips) 
Seat 2: M1k_DP ($153.89 in chips) 
Seat 3: pr0tecto ($127.51 in chips) 
Seat 4: michasia ($204.45 in chips) 
Seat 5: Manifestorr ($338.80 in chips) 
Seat 6: nastja336 ($102.50 in chips) 
M1k_DP: posts small blind $0.50
pr0tecto: posts big blind $1
*** HOLE CARDS ***
michasia: folds 
Manifestorr: folds 
nastja336: folds 
Lancer621: folds 
M1k_DP: folds 
Uncalled bet ($0.50) returned to pr0tecto
pr0tecto collected $1 from pot
pr0tecto: doesn't show hand 
*** SUMMARY ***
Total pot $1 | Rake $0 
Seat 1: Lancer621 (button) folded before Flop (didn't bet)
Seat 2: M1k_DP (small blind) folded before Flop
Seat 3: pr0tecto (big blind) collected ($1)
Seat 4: michasia folded before Flop (didn't bet)
Seat 5: Manifestorr folded before Flop (didn't bet)
Seat 6: nastja336 folded before Flop (didn't bet)



PokerStars Hand #254522275725:  Hold'em No Limit ($0.50/$1.00 USD) - 2025/01/23 23:53:33 WET [2025/01/23 18:53:33 ET]
Table 'Ella III' 6-max Seat #2 is the button
Seat 1: Lancer621 ($15.84 in chips) 
Seat 2: M1k_DP ($153.39 in chips) 
Seat 3: pr0tecto ($128.01 in chips) 
Seat 4: michasia ($204.45 in chips) 
Seat 5: Manifestorr ($338.80 in chips) 
Seat 6: nastja336 ($102.50 in chips) 
pr0tecto: posts small blind $0.50
michasia: posts big blind $1
*** HOLE CARDS ***
Manifestorr: raises $1.20 to $2.20
nastja336: folds 
Lancer621: folds 
M1k_DP: folds 
pr0tecto: calls $1.70
michasia: calls $1.20
*** FLOP *** [6s 3d 9s]
pr0tecto: checks 
michasia: checks 
Manifestorr: bets $3.14
pr0tecto: folds 
michasia: raises $6.28 to $9.42
Manifestorr: calls $6.28
*** TURN *** [6s 3d 9s] [Qs]
michasia: checks 
Manifestorr: bets $18.50
michasia: folds 
Uncalled bet ($18.50) returned to Manifestorr
Manifestorr collected $24.17 from pot
*** SUMMARY ***
Total pot $25.44 | Rake $1.27 
Board [6s 3d 9s Qs]
Seat 1: Lancer621 folded before Flop (didn't bet)
Seat 2: M1k_DP (button) folded before Flop (didn't bet)
Seat 3: pr0tecto (small blind) folded on the Flop
Seat 4: michasia (big blind) folded on the Turn
Seat 5: Manifestorr collected ($24.17)
Seat 6: nastja336 folded before Flop (didn't bet)



PokerStars Hand #254522288411:  Hold'em No Limit ($0.50/$1.00 USD) - 2025/01/23 23:54:30 WET [2025/01/23 18:54:30 ET]
Table 'Ella III' 6-max Seat #3 is the button
Seat 1: Lancer621 ($15.84 in chips) 
Seat 2: M1k_DP ($153.39 in chips) 
Seat 3: pr0tecto ($125.81 in chips) 
Seat 4: michasia ($192.83 in chips) 
Seat 5: Manifestorr ($351.35 in chips) 
Seat 6: nastja336 ($102.50 in chips) 
michasia: posts small blind $0.50
Manifestorr: posts big blind $1
*** HOLE CARDS ***
nastja336: folds 
Lancer621: folds 
M1k_DP: raises $1.25 to $2.25
pr0tecto: folds 
michasia: folds 
Manifestorr: folds 
Uncalled bet ($1.25) returned to M1k_DP
M1k_DP collected $2.50 from pot
M1k_DP: doesn't show hand 
*** SUMMARY ***
Total pot $2.50 | Rake $0 
Seat 1: Lancer621 folded before Flop (didn't bet)
Seat 2: M1k_DP collected ($2.50)
Seat 3: pr0tecto (button) folded before Flop (didn't bet)
Seat 4: michasia (small blind) folded before Flop
Seat 5: Manifestorr (big blind) folded before Flop
Seat 6: nastja336 folded before Flop (didn't bet)



PokerStars Hand #254522292152:  Hold'em No Limit ($0.50/$1.00 USD) - 2025/01/23 23:54:47 WET [2025/01/23 18:54:47 ET]
Table 'Ella III' 6-max Seat #4 is the button
Seat 1: Lancer621 ($15.84 in chips) 
Seat 2: M1k_DP ($154.89 in chips) 
Seat 3: pr0tecto ($125.81 in chips) 
Seat 4: michasia ($192.33 in chips) 
Seat 5: Manifestorr ($350.35 in chips) 
Seat 6: nastja336 ($102.50 in chips) 
Manifestorr: posts small blind $0.50
nastja336: posts big blind $1
*** HOLE CARDS ***
Lancer621: folds 
M1k_DP: folds 
pr0tecto: folds 
Lancer621 leaves the table
michasia: folds 
Manifestorr: folds 
Uncalled bet ($0.50) returned to nastja336
nastja336 collected $1 from pot
nastja336: doesn't show hand 
M1k_DP leaves the table
*** SUMMARY ***
Total pot $1 | Rake $0 
Seat 1: Lancer621 folded before Flop (didn't bet)
Seat 2: M1k_DP folded before Flop (didn't bet)
Seat 3: pr0tecto folded before Flop (didn't bet)
Seat 4: michasia (button) folded before Flop (didn't bet)
Seat 5: Manifestorr (small blind) folded before Flop
Seat 6: nastja336 (big blind) collected ($1)



