PokerStars Hand #254523737273:  Hold'em No Limit ($0.50/$1.00 USD) - 2025/01/23 2:07:50 WET [2025/01/23 21:07:50 ET]
Table 'Arkab IV' 6-max Seat #2 is the button
Seat 1: rao999 ($100 in chips) 
Seat 2: Melenya ($102.70 in chips) 
Seat 3: avlee1 ($100 in chips) 
Seat 4: S.Ovronnaz ($100 in chips) 
Seat 5: MrVern9177 ($201.30 in chips) 
Seat 6: Timonessb ($102.50 in chips) 
avlee1: posts small blind $0.50
S.Ovronnaz: posts big blind $1
*** HOLE CARDS ***
MrVern9177: folds 
Timonessb: folds 
rao999: folds 
Melenya: folds 
avlee1: folds 
Uncalled bet ($0.50) returned to S.Ovronnaz
S.Ovronnaz collected $1 from pot
S.Ovronnaz: doesn't show hand 
*** SUMMARY ***
Total pot $1 | Rake $0 
Seat 1: rao999 folded before Flop (didn't bet)
Seat 2: Melenya (button) folded before Flop (didn't bet)
Seat 3: avlee1 (small blind) folded before Flop
Seat 4: S.Ovronnaz (big blind) collected ($1)
Seat 5: MrVern9177 folded before Flop (didn't bet)
Seat 6: Timonessb folded before Flop (didn't bet)



PokerStars Hand #254523741289:  Hold'em No Limit ($0.50/$1.00 USD) - 2025/01/23 2:08:16 WET [2025/01/23 21:08:16 ET]
Table 'Arkab IV' 6-max Seat #3 is the button
Seat 1: rao999 ($100 in chips) 
Seat 2: Melenya ($102.70 in chips) 
Seat 3: avlee1 ($100 in chips) 
Seat 4: S.Ovronnaz ($100.50 in chips) 
Seat 5: MrVern9177 ($201.30 in chips) 
Seat 6: Timonessb ($102.50 in chips) 
S.Ovronnaz: posts small blind $0.50
MrVern9177: posts big blind $1
*** HOLE CARDS ***
Timonessb: raises $1.50 to $2.50
rao999: folds 
Melenya: folds 
avlee1: folds 
S.Ovronnaz: folds 
MrVern9177: calls $1.50
*** FLOP *** [6h Jd 2d]
MrVern9177: checks 
Timonessb: bets $4
MrVern9177: folds 
Uncalled bet ($4) returned to Timonessb
Timonessb collected $5.22 from pot
*** SUMMARY ***
Total pot $5.50 | Rake $0.28 
Board [6h Jd 2d]
Seat 1: rao999 folded before Flop (didn't bet)
Seat 2: Melenya folded before Flop (didn't bet)
Seat 3: avlee1 (button) folded before Flop (didn't bet)
Seat 4: S.Ovronnaz (small blind) folded before Flop
Seat 5: MrVern9177 (big blind) folded on the Flop
Seat 6: Timonessb collected ($5.22)



PokerStars Hand #254523744857:  Hold'em No Limit ($0.50/$1.00 USD) - 2025/01/23 2:08:38 WET [2025/01/23 21:08:38 ET]
Table 'Arkab IV' 6-max Seat #4 is the button
Seat 1: rao999 ($100 in chips) 
Seat 2: Melenya ($102.70 in chips) 
Seat 3: avlee1 ($100 in chips) 
Seat 4: S.Ovronnaz ($100 in chips) 
Seat 5: MrVern9177 ($198.80 in chips) 
Seat 6: Timonessb ($105.22 in chips) 
MrVern9177: posts small blind $0.50
Timonessb: posts big blind $1
*** HOLE CARDS ***
rao999: raises $1.50 to $2.50
Melenya: raises $5 to $7.50
avlee1: folds 
S.Ovronnaz: folds 
MrVern9177: folds 
Timonessb: folds 
rao999: folds 
Uncalled bet ($5) returned to Melenya
Melenya collected $6.50 from pot
Melenya: doesn't show hand 
*** SUMMARY ***
Total pot $6.50 | Rake $0 
Seat 1: rao999 folded before Flop
Seat 2: Melenya collected ($6.50)
Seat 3: avlee1 folded before Flop (didn't bet)
Seat 4: S.Ovronnaz (button) folded before Flop (didn't bet)
Seat 5: MrVern9177 (small blind) folded before Flop
Seat 6: Timonessb (big blind) folded before Flop



PokerStars Hand #254523749477:  Hold'em No Limit ($0.50/$1.00 USD) - 2025/01/23 2:09:07 WET [2025/01/23 21:09:07 ET]
Table 'Arkab IV' 6-max Seat #5 is the button
Seat 1: rao999 ($100 in chips) 
Seat 2: Melenya ($106.70 in chips) 
Seat 3: avlee1 ($100 in chips) 
Seat 4: S.Ovronnaz ($100 in chips) 
Seat 5: MrVern9177 ($198.30 in chips) 
Seat 6: Timonessb ($104.22 in chips) 
Timonessb: posts small blind $0.50
rao999: posts big blind $1
*** HOLE CARDS ***
Melenya: folds 
avlee1: folds 
S.Ovronnaz: folds 
MrVern9177: calls $1
Timonessb: folds 
rao999: checks 
*** FLOP *** [2c Jd 8s]
rao999: checks 
MrVern9177: bets $2
rao999: folds 
Uncalled bet ($2) returned to MrVern9177
MrVern9177 collected $2.38 from pot
*** SUMMARY ***
Total pot $2.50 | Rake $0.12 
Board [2c Jd 8s]
Seat 1: rao999 (big blind) folded on the Flop
Seat 2: Melenya folded before Flop (didn't bet)
Seat 3: avlee1 folded before Flop (didn't bet)
Seat 4: S.Ovronnaz folded before Flop (didn't bet)
Seat 5: MrVern9177 (button) collected ($2.38)
Seat 6: Timonessb (small blind) folded before Flop



PokerStars Hand #254523753606:  Hold'em No Limit ($0.50/$1.00 USD) - 2025/01/23 2:09:33 WET [2025/01/23 21:09:33 ET]
Table 'Arkab IV' 6-max Seat #6 is the button
Seat 1: rao999 ($100 in chips) 
Seat 2: Melenya ($106.70 in chips) 
Seat 3: avlee1 ($100 in chips) 
Seat 4: S.Ovronnaz ($100 in chips) 
Seat 5: MrVern9177 ($199.68 in chips) 
Seat 6: Timonessb ($103.72 in chips) 
rao999: posts small blind $0.50
Melenya: posts big blind $1
*** HOLE CARDS ***
avlee1: folds 
avlee1 leaves the table
S.Ovronnaz: folds 
MrVern9177: folds 
Timonessb: raises $1.50 to $2.50
rao999: folds 
KeR888 joins the table at seat #3 
Melenya: folds 
Uncalled bet ($1.50) returned to Timonessb
Timonessb collected $2.50 from pot
Timonessb: doesn't show hand 
*** SUMMARY ***
Total pot $2.50 | Rake $0 
Seat 1: rao999 (small blind) folded before Flop
Seat 2: Melenya (big blind) folded before Flop
Seat 3: avlee1 folded before Flop (didn't bet)
Seat 4: S.Ovronnaz folded before Flop (didn't bet)
Seat 5: MrVern9177 folded before Flop (didn't bet)
Seat 6: Timonessb (button) collected ($2.50)



PokerStars Hand #254523756877:  Hold'em No Limit ($0.50/$1.00 USD) - 2025/01/23 2:09:53 WET [2025/01/23 21:09:53 ET]
Table 'Arkab IV' 6-max Seat #1 is the button
Seat 1: rao999 ($100 in chips) 
Seat 2: Melenya ($105.70 in chips) 
Seat 3: KeR888 ($100 in chips) 
Seat 4: S.Ovronnaz ($100 in chips) 
Seat 5: MrVern9177 ($199.68 in chips) 
Seat 6: Timonessb ($105.22 in chips) 
Melenya: posts small blind $0.50
KeR888: posts big blind $1
*** HOLE CARDS ***
S.Ovronnaz: folds 
MrVern9177: folds 
Timonessb: raises $1.30 to $2.30
rao999: folds 
Melenya: folds 
KeR888: calls $1.30
*** FLOP *** [3d Tc 8d]
KeR888: checks 
Timonessb: checks 
*** TURN *** [3d Tc 8d] [Jh]
KeR888: checks 
Timonessb: checks 
*** RIVER *** [3d Tc 8d Jh] [6h]
KeR888: checks 
Timonessb: checks 
*** SHOW DOWN ***
KeR888: shows [4d 4s] (a pair of Fours)
Timonessb: mucks hand 
KeR888 collected $4.84 from pot
*** SUMMARY ***
Total pot $5.10 | Rake $0.26 
Board [3d Tc 8d Jh 6h]
Seat 1: rao999 (button) folded before Flop (didn't bet)
Seat 2: Melenya (small blind) folded before Flop
Seat 3: KeR888 (big blind) showed [4d 4s] and won ($4.84) with a pair of Fours
Seat 4: S.Ovronnaz folded before Flop (didn't bet)
Seat 5: MrVern9177 folded before Flop (didn't bet)
Seat 6: Timonessb mucked



PokerStars Hand #254523762376:  Hold'em No Limit ($0.50/$1.00 USD) - 2025/01/23 2:10:28 WET [2025/01/23 21:10:28 ET]
Table 'Arkab IV' 6-max Seat #2 is the button
Seat 1: rao999 ($100 in chips) 
Seat 2: Melenya ($105.20 in chips) 
Seat 3: KeR888 ($102.54 in chips) 
Seat 4: S.Ovronnaz ($100 in chips) 
Seat 5: MrVern9177 ($199.68 in chips) 
Seat 6: Timonessb ($102.92 in chips) 
KeR888: posts small blind $0.50
S.Ovronnaz: posts big blind $1
*** HOLE CARDS ***
MrVern9177: calls $1
Timonessb: folds 
rao999: raises $2.50 to $3.50
Melenya: folds 
KeR888: folds 
S.Ovronnaz: raises $10 to $13.50
MrVern9177: calls $12.50
rao999: folds 
*** FLOP *** [Ts 8s Ks]
S.Ovronnaz: checks 
MrVern9177: bets $5
S.Ovronnaz: calls $5
*** TURN *** [Ts 8s Ks] [6h]
S.Ovronnaz: checks 
MrVern9177: bets $10
S.Ovronnaz: folds 
Uncalled bet ($10) returned to MrVern9177
MrVern9177 collected $38.95 from pot
*** SUMMARY ***
Total pot $41 | Rake $2.05 
Board [Ts 8s Ks 6h]
Seat 1: rao999 folded before Flop
Seat 2: Melenya (button) folded before Flop (didn't bet)
Seat 3: KeR888 (small blind) folded before Flop
Seat 4: S.Ovronnaz (big blind) folded on the Turn
Seat 5: MrVern9177 collected ($38.95)
Seat 6: Timonessb folded before Flop (didn't bet)



PokerStars Hand #254523776407:  Hold'em No Limit ($0.50/$1.00 USD) - 2025/01/23 2:11:56 WET [2025/01/23 21:11:56 ET]
Table 'Arkab IV' 6-max Seat #3 is the button
Seat 1: rao999 ($100 in chips) 
Seat 2: Melenya ($105.20 in chips) 
Seat 3: KeR888 ($102.04 in chips) 
Seat 4: S.Ovronnaz ($100 in chips) 
Seat 5: MrVern9177 ($220.13 in chips) 
Seat 6: Timonessb ($102.92 in chips) 
S.Ovronnaz: posts small blind $0.50
MrVern9177: posts big blind $1
*** HOLE CARDS ***
Timonessb: folds 
rao999: folds 
Melenya: raises $1.30 to $2.30
KeR888: raises $5.20 to $7.50
S.Ovronnaz: folds 
MrVern9177: folds 
Melenya: folds 
Uncalled bet ($5.20) returned to KeR888
KeR888 collected $6.10 from pot
KeR888: doesn't show hand 
*** SUMMARY ***
Total pot $6.10 | Rake $0 
Seat 1: rao999 folded before Flop (didn't bet)
Seat 2: Melenya folded before Flop
Seat 3: KeR888 (button) collected ($6.10)
Seat 4: S.Ovronnaz (small blind) folded before Flop
Seat 5: MrVern9177 (big blind) folded before Flop
Seat 6: Timonessb folded before Flop (didn't bet)



PokerStars Hand #254523779141:  Hold'em No Limit ($0.50/$1.00 USD) - 2025/01/23 2:12:13 WET [2025/01/23 21:12:13 ET]
Table 'Arkab IV' 6-max Seat #4 is the button
Seat 1: rao999 ($100 in chips) 
Seat 2: Melenya ($102.90 in chips) 
Seat 3: KeR888 ($105.84 in chips) 
Seat 4: S.Ovronnaz ($100 in chips) 
Seat 5: MrVern9177 ($219.13 in chips) 
Seat 6: Timonessb ($102.92 in chips) 
MrVern9177: posts small blind $0.50
Timonessb: posts big blind $1
*** HOLE CARDS ***
rao999: folds 
Melenya: folds 
KeR888: folds 
S.Ovronnaz: raises $1.50 to $2.50
MrVern9177: calls $2
Timonessb: raises $12.50 to $15
S.Ovronnaz: folds 
MrVern9177: folds 
Uncalled bet ($12.50) returned to Timonessb
Timonessb collected $7.50 from pot
*** SUMMARY ***
Total pot $7.50 | Rake $0 
Seat 1: rao999 folded before Flop (didn't bet)
Seat 2: Melenya folded before Flop (didn't bet)
Seat 3: KeR888 folded before Flop (didn't bet)
Seat 4: S.Ovronnaz (button) folded before Flop
Seat 5: MrVern9177 (small blind) folded before Flop
Seat 6: Timonessb (big blind) collected ($7.50)



PokerStars Hand #254523784430:  Hold'em No Limit ($0.50/$1.00 USD) - 2025/01/23 2:12:46 WET [2025/01/23 21:12:46 ET]
Table 'Arkab IV' 6-max Seat #5 is the button
Seat 1: rao999 ($100 in chips) 
Seat 2: Melenya ($102.90 in chips) 
Seat 3: KeR888 ($105.84 in chips) 
Seat 4: S.Ovronnaz ($100 in chips) 
Seat 5: MrVern9177 ($216.63 in chips) 
Seat 6: Timonessb ($107.92 in chips) 
Timonessb: posts small blind $0.50
rao999: posts big blind $1
*** HOLE CARDS ***
Melenya: folds 
KeR888: folds 
S.Ovronnaz: raises $1.25 to $2.25
MrVern9177: folds 
Timonessb: folds 
rao999: folds 
Uncalled bet ($1.25) returned to S.Ovronnaz
S.Ovronnaz collected $2.50 from pot
S.Ovronnaz: doesn't show hand 
*** SUMMARY ***
Total pot $2.50 | Rake $0 
Seat 1: rao999 (big blind) folded before Flop
Seat 2: Melenya folded before Flop (didn't bet)
Seat 3: KeR888 folded before Flop (didn't bet)
Seat 4: S.Ovronnaz collected ($2.50)
Seat 5: MrVern9177 (button) folded before Flop (didn't bet)
Seat 6: Timonessb (small blind) folded before Flop



PokerStars Hand #254523786600:  Hold'em No Limit ($0.50/$1.00 USD) - 2025/01/23 2:13:00 WET [2025/01/23 21:13:00 ET]
Table 'Arkab IV' 6-max Seat #6 is the button
Seat 1: rao999 ($100 in chips) 
Seat 2: Melenya ($102.90 in chips) 
Seat 3: KeR888 ($105.84 in chips) 
Seat 4: S.Ovronnaz ($101.50 in chips) 
Seat 5: MrVern9177 ($216.63 in chips) 
Seat 6: Timonessb ($107.42 in chips) 
rao999: posts small blind $0.50
Melenya: posts big blind $1
*** HOLE CARDS ***
KeR888: folds 
S.Ovronnaz: folds 
MrVern9177: calls $1
Timonessb: raises $3 to $4
rao999: folds 
Melenya: folds 
MrVern9177: calls $3
*** FLOP *** [3s Kh 7h]
MrVern9177: checks 
Timonessb: bets $4.60
MrVern9177: raises $4.60 to $9.20
Timonessb: calls $4.60
*** TURN *** [3s Kh 7h] [5s]
MrVern9177: checks 
Timonessb: checks 
*** RIVER *** [3s Kh 7h 5s] [3d]
MrVern9177: bets $10
Timonessb: calls $10
*** SHOW DOWN ***
MrVern9177: shows [Kd Tc] (two pair, Kings and Threes)
Timonessb: mucks hand 
MrVern9177 collected $45.50 from pot
*** SUMMARY ***
Total pot $47.90 | Rake $2.40 
Board [3s Kh 7h 5s 3d]
Seat 1: rao999 (small blind) folded before Flop
Seat 2: Melenya (big blind) folded before Flop
Seat 3: KeR888 folded before Flop (didn't bet)
Seat 4: S.Ovronnaz folded before Flop (didn't bet)
Seat 5: MrVern9177 showed [Kd Tc] and won ($45.50) with two pair, Kings and Threes
Seat 6: Timonessb (button) mucked



PokerStars Hand #254523794698:  Hold'em No Limit ($0.50/$1.00 USD) - 2025/01/23 2:13:52 WET [2025/01/23 21:13:52 ET]
Table 'Arkab IV' 6-max Seat #1 is the button
Seat 1: rao999 ($100 in chips) 
Seat 2: Melenya ($101.90 in chips) 
Seat 3: KeR888 ($105.84 in chips) 
Seat 4: S.Ovronnaz ($101.50 in chips) 
Seat 5: MrVern9177 ($238.93 in chips) 
Seat 6: Timonessb ($100 in chips) 
Melenya: posts small blind $0.50
KeR888: posts big blind $1
*** HOLE CARDS ***
S.Ovronnaz: raises $1 to $2
MrVern9177: folds 
Timonessb: folds 
rao999: folds 
Melenya: folds 
KeR888: folds 
Uncalled bet ($1) returned to S.Ovronnaz
S.Ovronnaz collected $2.50 from pot
S.Ovronnaz: doesn't show hand 
*** SUMMARY ***
Total pot $2.50 | Rake $0 
Seat 1: rao999 (button) folded before Flop (didn't bet)
Seat 2: Melenya (small blind) folded before Flop
Seat 3: KeR888 (big blind) folded before Flop
Seat 4: S.Ovronnaz collected ($2.50)
Seat 5: MrVern9177 folded before Flop (didn't bet)
Seat 6: Timonessb folded before Flop (didn't bet)



PokerStars Hand #254523796740:  Hold'em No Limit ($0.50/$1.00 USD) - 2025/01/23 2:14:05 WET [2025/01/23 21:14:05 ET]
Table 'Arkab IV' 6-max Seat #2 is the button
Seat 1: rao999 ($100 in chips) 
Seat 2: Melenya ($101.40 in chips) 
Seat 3: KeR888 ($104.84 in chips) 
Seat 4: S.Ovronnaz ($103 in chips) 
Seat 5: MrVern9177 ($238.93 in chips) 
Seat 6: Timonessb ($100 in chips) 
KeR888: posts small blind $0.50
S.Ovronnaz: posts big blind $1
*** HOLE CARDS ***
MrVern9177: calls $1
Timonessb: folds 
rao999: folds 
Melenya: folds 
KeR888: calls $0.50
S.Ovronnaz: checks 
*** FLOP *** [8d 6s 2c]
KeR888: checks 
S.Ovronnaz: checks 
MrVern9177: bets $2
KeR888: folds 
S.Ovronnaz: folds 
Uncalled bet ($2) returned to MrVern9177
MrVern9177 collected $2.85 from pot
*** SUMMARY ***
Total pot $3 | Rake $0.15 
Board [8d 6s 2c]
Seat 1: rao999 folded before Flop (didn't bet)
Seat 2: Melenya (button) folded before Flop (didn't bet)
Seat 3: KeR888 (small blind) folded on the Flop
Seat 4: S.Ovronnaz (big blind) folded on the Flop
Seat 5: MrVern9177 collected ($2.85)
Seat 6: Timonessb folded before Flop (didn't bet)



PokerStars Hand #254523845478:  Hold'em No Limit ($0.50/$1.00 USD) - 2025/01/23 2:19:23 WET [2025/01/23 21:19:23 ET]
Table 'Arkab IV' 6-max Seat #4 is the button
Seat 1: rao999 ($100 in chips) 
Seat 2: Melenya ($116.66 in chips) 
Seat 3: KeR888 ($116.37 in chips) 
Seat 4: S.Ovronnaz ($100 in chips) 
Seat 5: Mr_Dick666 ($100 in chips) 
Mr_Dick666: posts small blind $0.50
rao999: posts big blind $1
*** HOLE CARDS ***
Melenya: folds 
KeR888: raises $1.50 to $2.50
S.Ovronnaz: folds 
Mr_Dick666: folds 
BumHuntKing joins the table at seat #6 
rao999: calls $1.50
*** FLOP *** [6d 4d 9s]
rao999: checks 
KeR888: bets $3.92
rao999: calls $3.92
*** TURN *** [6d 4d 9s] [Qd]
rao999: checks 
KeR888: bets $6.34
rao999: calls $6.34
*** RIVER *** [6d 4d 9s Qd] [3c]
rao999: checks 
KeR888: bets $18.54
rao999: folds 
Uncalled bet ($18.54) returned to KeR888
KeR888 collected $24.72 from pot
KeR888: doesn't show hand 
*** SUMMARY ***
Total pot $26.02 | Rake $1.30 
Board [6d 4d 9s Qd 3c]
Seat 1: rao999 (big blind) folded on the River
Seat 2: Melenya folded before Flop (didn't bet)
Seat 3: KeR888 collected ($24.72)
Seat 4: S.Ovronnaz (button) folded before Flop (didn't bet)
Seat 5: Mr_Dick666 (small blind) folded before Flop



PokerStars Hand #254523854017:  Hold'em No Limit ($0.50/$1.00 USD) - 2025/01/23 2:20:19 WET [2025/01/23 21:20:19 ET]
Table 'Arkab IV' 6-max Seat #5 is the button
Seat 2: Melenya ($116.66 in chips) is sitting out
Seat 3: KeR888 ($128.33 in chips) is sitting out
Seat 6: BumHuntKing ($100 in chips) is sitting out
Seat 1: rao999 ($100 in chips) 
Seat 4: S.Ovronnaz ($100 in chips) 
Seat 5: Mr_Dick666 ($100 in chips) 
rao999: posts small blind $0.50
Melenya: is sitting out 
KeR888: is sitting out 
S.Ovronnaz: posts big blind $1
*** HOLE CARDS ***
KeR888 leaves the table
Melenya leaves the table
Mr_Dick666: folds 
rao999: folds 
Uncalled bet ($0.50) returned to S.Ovronnaz
S.Ovronnaz collected $1 from pot
S.Ovronnaz: doesn't show hand 
*** SUMMARY ***
Total pot $1 | Rake $0 
Seat 2: Melenya
Seat 3: KeR888
Seat 6: BumHuntKing
Seat 1: rao999 (small blind) folded before Flop
Seat 4: S.Ovronnaz (big blind) collected ($1)
Seat 5: Mr_Dick666 (button) folded before Flop (didn't bet)



PokerStars Hand #254523856352:  Hold'em No Limit ($0.50/$1.00 USD) - 2025/01/23 2:20:35 WET [2025/01/23 21:20:35 ET]
Table 'Arkab IV' 6-max Seat #1 is the button
Seat 5: Mr_Dick666 ($100 in chips) is sitting out
Seat 1: rao999 ($100 in chips) 
Seat 4: S.Ovronnaz ($100.50 in chips) 
Seat 6: BumHuntKing ($100 in chips) 
S.Ovronnaz: posts small blind $0.50
Mr_Dick666: is sitting out 
BumHuntKing: posts big blind $1
*** HOLE CARDS ***
rao999: raises $1.50 to $2.50
S.Ovronnaz: folds 
BumHuntKing: folds 
Uncalled bet ($1.50) returned to rao999
rao999 collected $2.50 from pot
rao999: doesn't show hand 
*** SUMMARY ***
Total pot $2.50 | Rake $0 
Seat 5: Mr_Dick666
Seat 1: rao999 (button) collected ($2.50)
Seat 4: S.Ovronnaz (small blind) folded before Flop
Seat 6: BumHuntKing (big blind) folded before Flop



