PokerStars Hand #254522247238:  Hold'em No Limit ($0.50/$1.00 USD) - 2025/01/23 23:51:26 WET [2025/01/23 18:51:26 ET]
Table 'Pariana IV' 6-max Seat #6 is the button
Seat 4: I TAKE IT 85 ($100 in chips) is sitting out
Seat 1: BoyLoc0 ($100 in chips) 
Seat 3: Aleqseuka ($100 in chips) 
Seat 6: nikalas22 ($103.66 in chips) 
BoyLoc0: posts small blind $0.50
Aleqseuka: posts big blind $1
*** HOLE CARDS ***
nikalas22: folds 
BoyLoc0: folds 
Uncalled bet ($0.50) returned to Aleqseuka
Aleqseuka collected $1 from pot
Aleqseuka: doesn't show hand 
*** SUMMARY ***
Total pot $1 | Rake $0 
Seat 4: I TAKE IT 85
Seat 1: BoyLoc0 (small blind) folded before Flop
Seat 3: Aleqseuka (big blind) collected ($1)
Seat 6: nikalas22 (button) folded before Flop (didn't bet)



PokerStars Hand #254522249332:  Hold'em No Limit ($0.50/$1.00 USD) - 2025/01/23 23:51:35 WET [2025/01/23 18:51:35 ET]
Table 'Pariana IV' 6-max Seat #1 is the button
Seat 1: BoyLoc0 ($100 in chips) 
Seat 3: Aleqseuka ($100.50 in chips) 
Seat 4: I TAKE IT 85 ($100 in chips) 
Seat 6: nikalas22 ($103.66 in chips) 
Aleqseuka: posts small blind $0.50
I TAKE IT 85: posts big blind $1
*** HOLE CARDS ***
nikalas22: folds 
BoyLoc0: folds 
Aleqseuka: folds 
Uncalled bet ($0.50) returned to I TAKE IT 85
I TAKE IT 85 collected $1 from pot
I TAKE IT 85: doesn't show hand 
*** SUMMARY ***
Total pot $1 | Rake $0 
Seat 1: BoyLoc0 (button) folded before Flop (didn't bet)
Seat 3: Aleqseuka (small blind) folded before Flop
Seat 4: I TAKE IT 85 (big blind) collected ($1)
Seat 6: nikalas22 folded before Flop (didn't bet)



PokerStars Hand #254522251516:  Hold'em No Limit ($0.50/$1.00 USD) - 2025/01/23 23:51:45 WET [2025/01/23 18:51:45 ET]
Table 'Pariana IV' 6-max Seat #3 is the button
Seat 1: BoyLoc0 ($100 in chips) 
Seat 3: Aleqseuka ($100 in chips) 
Seat 4: I TAKE IT 85 ($100.50 in chips) 
Seat 6: nikalas22 ($103.66 in chips) 
I TAKE IT 85: posts small blind $0.50
nikalas22: posts big blind $1
*** HOLE CARDS ***
BoyLoc0: folds 
Aleqseuka: raises $1.50 to $2.50
I TAKE IT 85: folds 
nikalas22: calls $1.50
*** FLOP *** [Ts 3h 4h]
nikalas22: checks 
Aleqseuka: checks 
*** TURN *** [Ts 3h 4h] [Jh]
nikalas22: checks 
Unipoker11 joins the table at seat #5 
Aleqseuka: bets $3.45
nikalas22: calls $3.45
*** RIVER *** [Ts 3h 4h Jh] [9h]
nikalas22: checks 
Aleqseuka: bets $11.78
nikalas22: folds 
Uncalled bet ($11.78) returned to Aleqseuka
Aleqseuka collected $11.78 from pot
Aleqseuka: doesn't show hand 
*** SUMMARY ***
Total pot $12.40 | Rake $0.62 
Board [Ts 3h 4h Jh 9h]
Seat 1: BoyLoc0 folded before Flop (didn't bet)
Seat 3: Aleqseuka (button) collected ($11.78)
Seat 4: I TAKE IT 85 (small blind) folded before Flop
Seat 6: nikalas22 (big blind) folded on the River



PokerStars Hand #254522267055:  Hold'em No Limit ($0.50/$1.00 USD) - 2025/01/23 23:52:54 WET [2025/01/23 18:52:54 ET]
Table 'Pariana IV' 6-max Seat #4 is the button
Seat 5: Unipoker11 ($100 in chips) is sitting out
Seat 1: BoyLoc0 ($100 in chips) 
Seat 4: I TAKE IT 85 ($100 in chips) 
Seat 6: nikalas22 ($100 in chips) 
nikalas22: posts small blind $0.50
BoyLoc0: posts big blind $1
*** HOLE CARDS ***
I TAKE IT 85: folds 
nikalas22: folds 
Uncalled bet ($0.50) returned to BoyLoc0
BoyLoc0 collected $1 from pot
BoyLoc0: doesn't show hand 
*** SUMMARY ***
Total pot $1 | Rake $0 
Seat 5: Unipoker11
Seat 1: BoyLoc0 (big blind) collected ($1)
Seat 4: I TAKE IT 85 (button) folded before Flop (didn't bet)
Seat 6: nikalas22 (small blind) folded before Flop



PokerStars Hand #254522268848:  Hold'em No Limit ($0.50/$1.00 USD) - 2025/01/23 23:53:02 WET [2025/01/23 18:53:02 ET]
Table 'Pariana IV' 6-max Seat #6 is the button
Seat 5: Unipoker11 ($100 in chips) is sitting out
Seat 1: BoyLoc0 ($100.50 in chips) 
Seat 4: I TAKE IT 85 ($100 in chips) 
Seat 6: nikalas22 ($100 in chips) 
BoyLoc0: posts small blind $0.50
I TAKE IT 85: posts big blind $1
Unipoker11: sits out 
*** HOLE CARDS ***
nikalas22: raises $1.50 to $2.50
BoyLoc0: folds 
I TAKE IT 85: folds 
Uncalled bet ($1.50) returned to nikalas22
nikalas22 collected $2.50 from pot
nikalas22: doesn't show hand 
*** SUMMARY ***
Total pot $2.50 | Rake $0 
Seat 5: Unipoker11
Seat 1: BoyLoc0 (small blind) folded before Flop
Seat 4: I TAKE IT 85 (big blind) folded before Flop
Seat 6: nikalas22 (button) collected ($2.50)



PokerStars Hand #254522271586:  Hold'em No Limit ($0.50/$1.00 USD) - 2025/01/23 23:53:14 WET [2025/01/23 18:53:14 ET]
Table 'Pariana IV' 6-max Seat #1 is the button
Seat 1: BoyLoc0 ($100 in chips) 
Seat 4: I TAKE IT 85 ($100 in chips) 
Seat 5: Unipoker11 ($100 in chips) 
Seat 6: nikalas22 ($101.50 in chips) 
I TAKE IT 85: posts small blind $0.50
Unipoker11: posts big blind $1
*** HOLE CARDS ***
nikalas22: folds 
BoyLoc0: raises $1.50 to $2.50
I TAKE IT 85: folds 
Unipoker11: calls $1.50
*** FLOP *** [3h 2h 7s]
Unipoker11: checks 
BoyLoc0: checks 
*** TURN *** [3h 2h 7s] [Jd]
Unipoker11: bets $3.91
BoyLoc0: calls $3.91
*** RIVER *** [3h 2h 7s Jd] [3s]
Unipoker11: checks 
BoyLoc0: checks 
*** SHOW DOWN ***
Unipoker11: shows [5c As] (a pair of Threes)
BoyLoc0: shows [Ad 4d] (a pair of Threes)
Unipoker11 collected $6.33 from pot
BoyLoc0 collected $6.32 from pot
*** SUMMARY ***
Total pot $13.32 | Rake $0.67 
Board [3h 2h 7s Jd 3s]
Seat 1: BoyLoc0 (button) showed [Ad 4d] and won ($6.32) with a pair of Threes
Seat 4: I TAKE IT 85 (small blind) folded before Flop
Seat 5: Unipoker11 (big blind) showed [5c As] and won ($6.33) with a pair of Threes
Seat 6: nikalas22 folded before Flop (didn't bet)



PokerStars Hand #254522293025:  Hold'em No Limit ($0.50/$1.00 USD) - 2025/01/23 23:54:51 WET [2025/01/23 18:54:51 ET]
Table 'Pariana IV' 6-max Seat #4 is the button
Seat 1: BoyLoc0 ($100 in chips) 
Seat 4: I TAKE IT 85 ($100 in chips) 
Seat 5: Unipoker11 ($100 in chips) 
Seat 6: nikalas22 ($101.50 in chips) 
Unipoker11: posts small blind $0.50
nikalas22: posts big blind $1
*** HOLE CARDS ***
BoyLoc0: folds 
I TAKE IT 85: raises $1.05 to $2.05
Unipoker11: folds 
nikalas22: folds 
Uncalled bet ($1.05) returned to I TAKE IT 85
I TAKE IT 85 collected $2.50 from pot
I TAKE IT 85: doesn't show hand 
*** SUMMARY ***
Total pot $2.50 | Rake $0 
Seat 1: BoyLoc0 folded before Flop (didn't bet)
Seat 4: I TAKE IT 85 (button) collected ($2.50)
Seat 5: Unipoker11 (small blind) folded before Flop
Seat 6: nikalas22 (big blind) folded before Flop



PokerStars Hand #254522295964:  Hold'em No Limit ($0.50/$1.00 USD) - 2025/01/23 23:55:04 WET [2025/01/23 18:55:04 ET]
Table 'Pariana IV' 6-max Seat #5 is the button
Seat 1: BoyLoc0 ($100 in chips) 
Seat 4: I TAKE IT 85 ($101.50 in chips) 
Seat 5: Unipoker11 ($100 in chips) 
Seat 6: nikalas22 ($100.50 in chips) 
nikalas22: posts small blind $0.50
BoyLoc0: posts big blind $1
*** HOLE CARDS ***
I TAKE IT 85: raises $1.05 to $2.05
Unipoker11: folds 
nikalas22: folds 
BoyLoc0: calls $1.05
*** FLOP *** [As Qh 9d]
BoyLoc0: checks 
michasia joins the table at seat #3 
I TAKE IT 85: checks 
*** TURN *** [As Qh 9d] [Kh]
BoyLoc0: bets $3.28
I TAKE IT 85: calls $3.28
*** RIVER *** [As Qh 9d Kh] [5h]
BoyLoc0: bets $3.50
I TAKE IT 85: folds 
Uncalled bet ($3.50) returned to BoyLoc0
BoyLoc0 collected $10.60 from pot
BoyLoc0: doesn't show hand 
*** SUMMARY ***
Total pot $11.16 | Rake $0.56 
Board [As Qh 9d Kh 5h]
Seat 1: BoyLoc0 (big blind) collected ($10.60)
Seat 4: I TAKE IT 85 folded on the River
Seat 5: Unipoker11 (button) folded before Flop (didn't bet)
Seat 6: nikalas22 (small blind) folded before Flop



PokerStars Hand #254522307121:  Hold'em No Limit ($0.50/$1.00 USD) - 2025/01/23 23:56:07 WET [2025/01/23 18:56:07 ET]
Table 'Pariana IV' 6-max Seat #6 is the button
Seat 1: BoyLoc0 ($105.27 in chips) 
Seat 3: michasia ($100 in chips) 
Seat 4: I TAKE IT 85 ($100 in chips) 
Seat 5: Unipoker11 ($100 in chips) 
Seat 6: nikalas22 ($100 in chips) 
BoyLoc0: posts small blind $0.50
michasia: posts big blind $1
*** HOLE CARDS ***
I TAKE IT 85: raises $1.05 to $2.05
Unipoker11: folds 
nikalas22: folds 
BoyLoc0: folds 
michasia: folds 
Uncalled bet ($1.05) returned to I TAKE IT 85
I TAKE IT 85 collected $2.50 from pot
I TAKE IT 85: doesn't show hand 
*** SUMMARY ***
Total pot $2.50 | Rake $0 
Seat 1: BoyLoc0 (small blind) folded before Flop
Seat 3: michasia (big blind) folded before Flop
Seat 4: I TAKE IT 85 collected ($2.50)
Seat 5: Unipoker11 folded before Flop (didn't bet)
Seat 6: nikalas22 (button) folded before Flop (didn't bet)



PokerStars Hand #254522310651:  Hold'em No Limit ($0.50/$1.00 USD) - 2025/01/23 23:56:27 WET [2025/01/23 18:56:27 ET]
Table 'Pariana IV' 6-max Seat #1 is the button
Seat 1: BoyLoc0 ($104.77 in chips) 
Seat 3: michasia ($100 in chips) 
Seat 4: I TAKE IT 85 ($101.50 in chips) 
Seat 5: Unipoker11 ($100 in chips) 
Seat 6: nikalas22 ($100 in chips) 
michasia: posts small blind $0.50
I TAKE IT 85: posts big blind $1
*** HOLE CARDS ***
Unipoker11: folds 
nikalas22: folds 
BoyLoc0: folds 
michasia: folds 
Uncalled bet ($0.50) returned to I TAKE IT 85
I TAKE IT 85 collected $1 from pot
I TAKE IT 85: doesn't show hand 
*** SUMMARY ***
Total pot $1 | Rake $0 
Seat 1: BoyLoc0 (button) folded before Flop (didn't bet)
Seat 3: michasia (small blind) folded before Flop
Seat 4: I TAKE IT 85 (big blind) collected ($1)
Seat 5: Unipoker11 folded before Flop (didn't bet)
Seat 6: nikalas22 folded before Flop (didn't bet)



PokerStars Hand #254522313106:  Hold'em No Limit ($0.50/$1.00 USD) - 2025/01/23 23:56:41 WET [2025/01/23 18:56:41 ET]
Table 'Pariana IV' 6-max Seat #3 is the button
Seat 1: BoyLoc0 ($104.77 in chips) 
Seat 3: michasia ($100 in chips) 
Seat 4: I TAKE IT 85 ($102 in chips) 
Seat 5: Unipoker11 ($100 in chips) 
Seat 6: nikalas22 ($100 in chips) 
I TAKE IT 85: posts small blind $0.50
Unipoker11: posts big blind $1
*** HOLE CARDS ***
nikalas22: folds 
BoyLoc0: raises $1.50 to $2.50
michasia: folds 
I TAKE IT 85: folds 
Unipoker11: folds 
Uncalled bet ($1.50) returned to BoyLoc0
BoyLoc0 collected $2.50 from pot
BoyLoc0: doesn't show hand 
*** SUMMARY ***
Total pot $2.50 | Rake $0 
Seat 1: BoyLoc0 collected ($2.50)
Seat 3: michasia (button) folded before Flop (didn't bet)
Seat 4: I TAKE IT 85 (small blind) folded before Flop
Seat 5: Unipoker11 (big blind) folded before Flop
Seat 6: nikalas22 folded before Flop (didn't bet)



PokerStars Hand #254522317357:  Hold'em No Limit ($0.50/$1.00 USD) - 2025/01/23 23:57:05 WET [2025/01/23 18:57:05 ET]
Table 'Pariana IV' 6-max Seat #4 is the button
Seat 1: BoyLoc0 ($106.27 in chips) 
Seat 3: michasia ($100 in chips) 
Seat 4: I TAKE IT 85 ($101.50 in chips) 
Seat 5: Unipoker11 ($100 in chips) 
Seat 6: nikalas22 ($100 in chips) 
Unipoker11: posts small blind $0.50
nikalas22: posts big blind $1
*** HOLE CARDS ***
BoyLoc0: folds 
michasia: folds 
I TAKE IT 85: raises $1.05 to $2.05
Unipoker11: folds 
nikalas22: calls $1.05
*** FLOP *** [Tc Qs 4h]
nikalas22: checks 
I TAKE IT 85: bets $3.45
nikalas22: folds 
Uncalled bet ($3.45) returned to I TAKE IT 85
I TAKE IT 85 collected $4.37 from pot
I TAKE IT 85: doesn't show hand 
*** SUMMARY ***
Total pot $4.60 | Rake $0.23 
Board [Tc Qs 4h]
Seat 1: BoyLoc0 folded before Flop (didn't bet)
Seat 3: michasia folded before Flop (didn't bet)
Seat 4: I TAKE IT 85 (button) collected ($4.37)
Seat 5: Unipoker11 (small blind) folded before Flop
Seat 6: nikalas22 (big blind) folded on the Flop



PokerStars Hand #254522322808:  Hold'em No Limit ($0.50/$1.00 USD) - 2025/01/23 23:57:36 WET [2025/01/23 18:57:36 ET]
Table 'Pariana IV' 6-max Seat #5 is the button
Seat 1: BoyLoc0 ($106.27 in chips) 
Seat 3: michasia ($100 in chips) 
Seat 4: I TAKE IT 85 ($103.82 in chips) 
Seat 5: Unipoker11 ($100 in chips) 
Seat 6: nikalas22 ($100 in chips) 
nikalas22: posts small blind $0.50
BoyLoc0: posts big blind $1
*** HOLE CARDS ***
michasia: folds 
I TAKE IT 85: raises $1.05 to $2.05
Unipoker11: folds 
nikalas22: folds 
BoyLoc0: folds 
Uncalled bet ($1.05) returned to I TAKE IT 85
I TAKE IT 85 collected $2.50 from pot
I TAKE IT 85: doesn't show hand 
*** SUMMARY ***
Total pot $2.50 | Rake $0 
Seat 1: BoyLoc0 (big blind) folded before Flop
Seat 3: michasia folded before Flop (didn't bet)
Seat 4: I TAKE IT 85 collected ($2.50)
Seat 5: Unipoker11 (button) folded before Flop (didn't bet)
Seat 6: nikalas22 (small blind) folded before Flop



PokerStars Hand #254522325563:  Hold'em No Limit ($0.50/$1.00 USD) - 2025/01/23 23:57:52 WET [2025/01/23 18:57:52 ET]
Table 'Pariana IV' 6-max Seat #6 is the button
Seat 1: BoyLoc0 ($105.27 in chips) 
Seat 3: michasia ($100 in chips) 
Seat 4: I TAKE IT 85 ($105.32 in chips) 
Seat 5: Unipoker11 ($100 in chips) 
Seat 6: nikalas22 ($100 in chips) 
BoyLoc0: posts small blind $0.50
michasia: posts big blind $1
*** HOLE CARDS ***
I TAKE IT 85: folds 
Unipoker11: folds 
nikalas22: folds 
BoyLoc0: raises $2 to $3
michasia: raises $6 to $9
BoyLoc0: calls $6
*** FLOP *** [4h 3d 4s]
BoyLoc0: checks 
michasia: bets $5.64
BoyLoc0: calls $5.64
*** TURN *** [4h 3d 4s] [Ac]
BoyLoc0: checks 
michasia: checks 
*** RIVER *** [4h 3d 4s Ac] [Ts]
BoyLoc0: bets $9.18
michasia: calls $9.18
*** SHOW DOWN ***
BoyLoc0: shows [7d 5d] (a pair of Fours)
michasia: shows [Ad 6s] (two pair, Aces and Fours)
michasia collected $45.26 from pot
*** SUMMARY ***
Total pot $47.64 | Rake $2.38 
Board [4h 3d 4s Ac Ts]
Seat 1: BoyLoc0 (small blind) showed [7d 5d] and lost with a pair of Fours
Seat 3: michasia (big blind) showed [Ad 6s] and won ($45.26) with two pair, Aces and Fours
Seat 4: I TAKE IT 85 folded before Flop (didn't bet)
Seat 5: Unipoker11 folded before Flop (didn't bet)
Seat 6: nikalas22 (button) folded before Flop (didn't bet)



PokerStars Hand #254522334069:  Hold'em No Limit ($0.50/$1.00 USD) - 2025/01/23 23:58:42 WET [2025/01/23 18:58:42 ET]
Table 'Pariana IV' 6-max Seat #1 is the button
Seat 1: BoyLoc0 ($100 in chips) 
Seat 3: michasia ($121.44 in chips) 
Seat 4: I TAKE IT 85 ($105.32 in chips) 
Seat 5: Unipoker11 ($100 in chips) 
Seat 6: nikalas22 ($100 in chips) 
michasia: posts small blind $0.50
I TAKE IT 85: posts big blind $1
*** HOLE CARDS ***
Unipoker11: folds 
nikalas22: folds 
BoyLoc0: raises $1.50 to $2.50
michasia: folds 
I TAKE IT 85: folds 
Uncalled bet ($1.50) returned to BoyLoc0
BoyLoc0 collected $2.50 from pot
BoyLoc0: doesn't show hand 
*** SUMMARY ***
Total pot $2.50 | Rake $0 
Seat 1: BoyLoc0 (button) collected ($2.50)
Seat 3: michasia (small blind) folded before Flop
Seat 4: I TAKE IT 85 (big blind) folded before Flop
Seat 5: Unipoker11 folded before Flop (didn't bet)
Seat 6: nikalas22 folded before Flop (didn't bet)



PokerStars Hand #254522339246:  Hold'em No Limit ($0.50/$1.00 USD) - 2025/01/23 23:59:12 WET [2025/01/23 18:59:12 ET]
Table 'Pariana IV' 6-max Seat #3 is the button
Seat 1: BoyLoc0 ($101.50 in chips) 
Seat 3: michasia ($120.94 in chips) 
Seat 4: I TAKE IT 85 ($104.32 in chips) 
Seat 5: Unipoker11 ($100 in chips) 
Seat 6: nikalas22 ($100 in chips) 
I TAKE IT 85: posts small blind $0.50
Unipoker11: posts big blind $1
*** HOLE CARDS ***
nikalas22: folds 
BoyLoc0: folds 
michasia: raises $1.80 to $2.80
I TAKE IT 85: folds 
Unipoker11: folds 
Uncalled bet ($1.80) returned to michasia
michasia collected $2.50 from pot
michasia: doesn't show hand 
*** SUMMARY ***
Total pot $2.50 | Rake $0 
Seat 1: BoyLoc0 folded before Flop (didn't bet)
Seat 3: michasia (button) collected ($2.50)
Seat 4: I TAKE IT 85 (small blind) folded before Flop
Seat 5: Unipoker11 (big blind) folded before Flop
Seat 6: nikalas22 folded before Flop (didn't bet)



PokerStars Hand #254522341513:  Hold'em No Limit ($0.50/$1.00 USD) - 2025/01/23 23:59:25 WET [2025/01/23 18:59:25 ET]
Table 'Pariana IV' 6-max Seat #4 is the button
Seat 1: BoyLoc0 ($101.50 in chips) 
Seat 3: michasia ($122.44 in chips) 
Seat 4: I TAKE IT 85 ($103.82 in chips) 
Seat 5: Unipoker11 ($100 in chips) 
Seat 6: nikalas22 ($100 in chips) 
Unipoker11: posts small blind $0.50
nikalas22: posts big blind $1
*** HOLE CARDS ***
BoyLoc0: raises $1.50 to $2.50
michasia: folds 
I TAKE IT 85: folds 
Unipoker11: raises $8.50 to $11
nikalas22: folds 
BoyLoc0: folds 
Uncalled bet ($8.50) returned to Unipoker11
Unipoker11 collected $6 from pot
Unipoker11: doesn't show hand 
*** SUMMARY ***
Total pot $6 | Rake $0 
Seat 1: BoyLoc0 folded before Flop
Seat 3: michasia folded before Flop (didn't bet)
Seat 4: I TAKE IT 85 (button) folded before Flop (didn't bet)
Seat 5: Unipoker11 (small blind) collected ($6)
Seat 6: nikalas22 (big blind) folded before Flop



PokerStars Hand #254522347913:  Hold'em No Limit ($0.50/$1.00 USD) - 2025/01/23 0:00:01 WET [2025/01/23 19:00:01 ET]
Table 'Pariana IV' 6-max Seat #5 is the button
Seat 1: BoyLoc0 ($100 in chips) 
Seat 3: michasia ($122.44 in chips) 
Seat 4: I TAKE IT 85 ($103.82 in chips) 
Seat 5: Unipoker11 ($103.50 in chips) 
Seat 6: nikalas22 ($100 in chips) 
nikalas22: posts small blind $0.50
BoyLoc0: posts big blind $1
*** HOLE CARDS ***
michasia: folds 
I TAKE IT 85: raises $1.05 to $2.05
Unipoker11: folds 
nikalas22: folds 
BoyLoc0: folds 
Uncalled bet ($1.05) returned to I TAKE IT 85
I TAKE IT 85 collected $2.50 from pot
I TAKE IT 85: doesn't show hand 
*** SUMMARY ***
Total pot $2.50 | Rake $0 
Seat 1: BoyLoc0 (big blind) folded before Flop
Seat 3: michasia folded before Flop (didn't bet)
Seat 4: I TAKE IT 85 collected ($2.50)
Seat 5: Unipoker11 (button) folded before Flop (didn't bet)
Seat 6: nikalas22 (small blind) folded before Flop



PokerStars Hand #254522352117:  Hold'em No Limit ($0.50/$1.00 USD) - 2025/01/23 0:00:25 WET [2025/01/23 19:00:25 ET]
Table 'Pariana IV' 6-max Seat #6 is the button
Seat 1: BoyLoc0 ($100 in chips) 
Seat 3: michasia ($122.44 in chips) 
Seat 4: I TAKE IT 85 ($105.32 in chips) 
Seat 5: Unipoker11 ($103.50 in chips) 
Seat 6: nikalas22 ($100 in chips) 
BoyLoc0: posts small blind $0.50
michasia: posts big blind $1
*** HOLE CARDS ***
I TAKE IT 85: raises $1.05 to $2.05
Unipoker11: folds 
nikalas22: folds 
BoyLoc0: folds 
michasia: calls $1.05
*** FLOP *** [Ts 4d 5d]
michasia: checks 
I TAKE IT 85: checks 
*** TURN *** [Ts 4d 5d] [5c]
michasia: bets $2.91
I TAKE IT 85: calls $2.91
*** RIVER *** [Ts 4d 5d 5c] [3c]
michasia: bets $6.60
I TAKE IT 85: folds 
Uncalled bet ($6.60) returned to michasia
michasia collected $9.90 from pot
michasia: doesn't show hand 
*** SUMMARY ***
Total pot $10.42 | Rake $0.52 
Board [Ts 4d 5d 5c 3c]
Seat 1: BoyLoc0 (small blind) folded before Flop
Seat 3: michasia (big blind) collected ($9.90)
Seat 4: I TAKE IT 85 folded on the River
Seat 5: Unipoker11 folded before Flop (didn't bet)
Seat 6: nikalas22 (button) folded before Flop (didn't bet)



PokerStars Hand #254522362923:  Hold'em No Limit ($0.50/$1.00 USD) - 2025/01/23 0:01:21 WET [2025/01/23 19:01:21 ET]
Table 'Pariana IV' 6-max Seat #1 is the button
Seat 4: I TAKE IT 85 ($100.36 in chips) is sitting out
Seat 1: BoyLoc0 ($100 in chips) 
Seat 3: michasia ($127.38 in chips) 
Seat 5: Unipoker11 ($103.50 in chips) 
Seat 6: nikalas22 ($100 in chips) 
michasia: posts small blind $0.50
I TAKE IT 85: is sitting out 
Unipoker11: posts big blind $1
*** HOLE CARDS ***
I TAKE IT 85 leaves the table
nikalas22: folds 
BoyLoc0: raises $1.50 to $2.50
michasia: folds 
Unipoker11: calls $1.50
*** FLOP *** [3d 6s 9d]
michasia leaves the table
Unipoker11: checks 
BoyLoc0: checks 
*** TURN *** [3d 6s 9d] [7h]
Unipoker11: checks 
BoyLoc0: checks 
*** RIVER *** [3d 6s 9d 7h] [9s]
Unipoker11: checks 
BoyLoc0: checks 
*** SHOW DOWN ***
Unipoker11: shows [Ad Js] (a pair of Nines)
BoyLoc0: shows [Qh As] (a pair of Nines - Ace+Queen kicker)
BoyLoc0 collected $5.22 from pot
*** SUMMARY ***
Total pot $5.50 | Rake $0.28 
Board [3d 6s 9d 7h 9s]
Seat 4: I TAKE IT 85
Seat 1: BoyLoc0 (button) showed [Qh As] and won ($5.22) with a pair of Nines
Seat 3: michasia (small blind) folded before Flop
Seat 5: Unipoker11 (big blind) showed [Ad Js] and lost with a pair of Nines
Seat 6: nikalas22 folded before Flop (didn't bet)



PokerStars Hand #254522378073:  Hold'em No Limit ($0.50/$1.00 USD) - 2025/01/23 0:02:32 WET [2025/01/23 19:02:32 ET]
Table 'Pariana IV' 6-max Seat #5 is the button
Seat 1: BoyLoc0 ($102.72 in chips) 
Seat 5: Unipoker11 ($101 in chips) 
Seat 6: nikalas22 ($100 in chips) 
nikalas22: posts small blind $0.50
BoyLoc0: posts big blind $1
*** HOLE CARDS ***
Unipoker11: folds 
nikalas22: folds 
Uncalled bet ($0.50) returned to BoyLoc0
BoyLoc0 collected $1 from pot
BoyLoc0: doesn't show hand 
*** SUMMARY ***
Total pot $1 | Rake $0 
Seat 1: BoyLoc0 (big blind) collected ($1)
Seat 5: Unipoker11 (button) folded before Flop (didn't bet)
Seat 6: nikalas22 (small blind) folded before Flop



PokerStars Hand #254522381115:  Hold'em No Limit ($0.50/$1.00 USD) - 2025/01/23 0:02:47 WET [2025/01/23 19:02:47 ET]
Table 'Pariana IV' 6-max Seat #6 is the button
Seat 1: BoyLoc0 ($103.22 in chips) 
Seat 5: Unipoker11 ($101 in chips) 
Seat 6: nikalas22 ($100 in chips) 
BoyLoc0: posts small blind $0.50
Unipoker11: posts big blind $1
*** HOLE CARDS ***
nikalas22: raises $1.50 to $2.50
BoyLoc0: folds 
Unipoker11: folds 
Uncalled bet ($1.50) returned to nikalas22
nikalas22 collected $2.50 from pot
nikalas22: doesn't show hand 
*** SUMMARY ***
Total pot $2.50 | Rake $0 
Seat 1: BoyLoc0 (small blind) folded before Flop
Seat 5: Unipoker11 (big blind) folded before Flop
Seat 6: nikalas22 (button) collected ($2.50)



PokerStars Hand #254522384827:  Hold'em No Limit ($0.50/$1.00 USD) - 2025/01/23 0:03:04 WET [2025/01/23 19:03:04 ET]
Table 'Pariana IV' 6-max Seat #1 is the button
Seat 1: BoyLoc0 ($102.72 in chips) 
Seat 5: Unipoker11 ($100 in chips) 
Seat 6: nikalas22 ($101.50 in chips) 
Unipoker11: posts small blind $0.50
nikalas22: posts big blind $1
*** HOLE CARDS ***
BoyLoc0: folds 
Unipoker11: raises $2 to $3
nikalas22: calls $2
*** FLOP *** [2h Ks 4h]
Unipoker11: checks 
BoyLoc0 leaves the table
nikalas22: checks 
*** TURN *** [2h Ks 4h] [Qs]
Unipoker11: bets $4.27
nikalas22: folds 
Uncalled bet ($4.27) returned to Unipoker11
Unipoker11 collected $5.70 from pot
Unipoker11: doesn't show hand 
*** SUMMARY ***
Total pot $6 | Rake $0.30 
Board [2h Ks 4h Qs]
Seat 1: BoyLoc0 (button) folded before Flop (didn't bet)
Seat 5: Unipoker11 (small blind) collected ($5.70)
Seat 6: nikalas22 (big blind) folded on the Turn



