PokerStars Hand #254520967945:  Hold'em No Limit ($0.50/$1.00 USD) - 2025/01/23 22:27:02 WET [2025/01/23 17:27:02 ET]
Table 'Veniakaverin IV' 6-max Seat #6 is the button
Seat 2: erpaye ($100 in chips) 
Seat 3: M1k_DP ($100 in chips) 
Seat 6: nikalas22 ($132.93 in chips) 
erpaye: posts small blind $0.50
M1k_DP: posts big blind $1
*** HOLE CARDS ***
nikalas22: raises $1.50 to $2.50
erpaye: calls $2
M1k_DP: folds 
*** FLOP *** [7c Ah Qh]
erpaye: checks 
nikalas22: bets $4.28
erpaye: calls $4.28
*** TURN *** [7c Ah Qh] [Tc]
erpaye: checks 
nikalas22: bets $10.37
erpaye: folds 
Uncalled bet ($10.37) returned to nikalas22
nikalas22 collected $13.83 from pot
nikalas22: doesn't show hand 
*** SUMMARY ***
Total pot $14.56 | Rake $0.73 
Board [7c Ah Qh Tc]
Seat 2: erpaye (small blind) folded on the Turn
Seat 3: M1k_DP (big blind) folded before Flop
Seat 6: nikalas22 (button) collected ($13.83)



PokerStars Hand #254520984221:  Hold'em No Limit ($0.50/$1.00 USD) - 2025/01/23 22:28:00 WET [2025/01/23 17:28:00 ET]
Table 'Veniakaverin IV' 6-max Seat #2 is the button
Seat 2: erpaye ($100 in chips) 
Seat 3: M1k_DP ($100 in chips) 
Seat 6: nikalas22 ($139.98 in chips) 
M1k_DP: posts small blind $0.50
nikalas22: posts big blind $1
*** HOLE CARDS ***
erpaye: raises $1.20 to $2.20
M1k_DP: folds 
nikalas22: raises $9.80 to $12
erpaye: calls $9.80
*** FLOP *** [Qh 7h 8h]
nikalas22: checks 
erpaye: checks 
*** TURN *** [Qh 7h 8h] [5d]
nikalas22: checks 
erpaye: bets $12.22
nikalas22: calls $12.22
*** RIVER *** [Qh 7h 8h 5d] [4s]
nikalas22: checks 
erpaye: checks 
*** SHOW DOWN ***
nikalas22: shows [Js Jh] (a pair of Jacks)
erpaye: shows [Ac Ad] (a pair of Aces)
erpaye collected $47.94 from pot
*** SUMMARY ***
Total pot $48.94 | Rake $1 
Board [Qh 7h 8h 5d 4s]
Seat 2: erpaye (button) showed [Ac Ad] and won ($47.94) with a pair of Aces
Seat 3: M1k_DP (small blind) folded before Flop
Seat 6: nikalas22 (big blind) showed [Js Jh] and lost with a pair of Jacks



PokerStars Hand #254521003976:  Hold'em No Limit ($0.50/$1.00 USD) - 2025/01/23 22:29:10 WET [2025/01/23 17:29:10 ET]
Table 'Veniakaverin IV' 6-max Seat #3 is the button
Seat 2: erpaye ($123.72 in chips) 
Seat 3: M1k_DP ($100 in chips) 
Seat 6: nikalas22 ($115.76 in chips) 
nikalas22: posts small blind $0.50
erpaye: posts big blind $1
*** HOLE CARDS ***
M1k_DP: raises $1.50 to $2.50
nikalas22: folds 
erpaye: folds 
Uncalled bet ($1.50) returned to M1k_DP
M1k_DP collected $2.50 from pot
M1k_DP: doesn't show hand 
*** SUMMARY ***
Total pot $2.50 | Rake $0 
Seat 2: erpaye (big blind) folded before Flop
Seat 3: M1k_DP (button) collected ($2.50)
Seat 6: nikalas22 (small blind) folded before Flop



PokerStars Hand #254521007238:  Hold'em No Limit ($0.50/$1.00 USD) - 2025/01/23 22:29:22 WET [2025/01/23 17:29:22 ET]
Table 'Veniakaverin IV' 6-max Seat #2 is the button
Seat 3: M1k_DP ($101.50 in chips) is sitting out
Seat 2: erpaye ($122.72 in chips) 
Seat 6: nikalas22 ($115.26 in chips) 
erpaye: posts small blind $0.50
M1k_DP: is sitting out 
nikalas22: posts big blind $1
*** HOLE CARDS ***
M1k_DP leaves the table
erpaye: raises $1.20 to $2.20
nikalas22: folds 
Uncalled bet ($1.20) returned to erpaye
erpaye collected $2 from pot
erpaye: doesn't show hand 
*** SUMMARY ***
Total pot $2 | Rake $0 
Seat 3: M1k_DP
Seat 2: erpaye (button) (small blind) collected ($2)
Seat 6: nikalas22 (big blind) folded before Flop



PokerStars Hand #254521010287:  Hold'em No Limit ($0.50/$1.00 USD) - 2025/01/23 22:29:33 WET [2025/01/23 17:29:33 ET]
Table 'Veniakaverin IV' 6-max Seat #6 is the button
Seat 2: erpaye ($123.72 in chips) 
Seat 6: nikalas22 ($114.26 in chips) 
nikalas22: posts small blind $0.50
erpaye: posts big blind $1
*** HOLE CARDS ***
nikalas22: raises $1.50 to $2.50
erpaye: raises $8 to $10.50
nikalas22: calls $8
*** FLOP *** [2d 8s 9c]
erpaye: bets $12.49
nikalas22: calls $12.49
*** TURN *** [2d 8s 9c] [3s]
erpaye: bets $28.09
nikalas22: folds 
Uncalled bet ($28.09) returned to erpaye
erpaye collected $44.98 from pot
erpaye: doesn't show hand 
*** SUMMARY ***
Total pot $45.98 | Rake $1 
Board [2d 8s 9c 3s]
Seat 2: erpaye (big blind) collected ($44.98)
Seat 6: nikalas22 (button) (small blind) folded on the Turn



PokerStars Hand #254521252548:  Hold'em No Limit ($0.50/$1.00 USD) - 2025/01/23 22:44:10 WET [2025/01/23 17:44:10 ET]
Table 'Veniakaverin IV' 6-max Seat #1 is the button
Seat 1: wojts ($10 in chips) 
Seat 2: Mr_Dick666 ($100 in chips) 
Seat 3: M1k_DP ($101.50 in chips) 
Seat 6: nikalas22 ($100 in chips) 
Mr_Dick666: posts small blind $0.50
M1k_DP: posts big blind $1
*** HOLE CARDS ***
nikalas22: folds 
wojts: folds 
Mr_Dick666: raises $2 to $3
M1k_DP: raises $6 to $9
Mr_Dick666: folds 
Uncalled bet ($6) returned to M1k_DP
M1k_DP collected $6 from pot
M1k_DP: doesn't show hand 
*** SUMMARY ***
Total pot $6 | Rake $0 
Seat 1: wojts (button) folded before Flop (didn't bet)
Seat 2: Mr_Dick666 (small blind) folded before Flop
Seat 3: M1k_DP (big blind) collected ($6)
Seat 6: nikalas22 folded before Flop (didn't bet)



PokerStars Hand #254521256988:  Hold'em No Limit ($0.50/$1.00 USD) - 2025/01/23 22:44:26 WET [2025/01/23 17:44:26 ET]
Table 'Veniakaverin IV' 6-max Seat #2 is the button
Seat 1: wojts ($10 in chips) 
Seat 2: Mr_Dick666 ($100 in chips) 
Seat 3: M1k_DP ($104.50 in chips) 
Seat 6: nikalas22 ($100 in chips) 
M1k_DP: posts small blind $0.50
nikalas22: posts big blind $1
*** HOLE CARDS ***
wojts: raises $2 to $3
michasia joins the table at seat #5 
nastja336 joins the table at seat #4 
Mr_Dick666: folds 
M1k_DP: folds 
nikalas22: folds 
Uncalled bet ($2) returned to wojts
wojts collected $2.50 from pot
wojts: doesn't show hand 
*** SUMMARY ***
Total pot $2.50 | Rake $0 
Seat 1: wojts collected ($2.50)
Seat 2: Mr_Dick666 (button) folded before Flop (didn't bet)
Seat 3: M1k_DP (small blind) folded before Flop
Seat 6: nikalas22 (big blind) folded before Flop



PokerStars Hand #254521266279:  Hold'em No Limit ($0.50/$1.00 USD) - 2025/01/23 22:45:00 WET [2025/01/23 17:45:00 ET]
Table 'Veniakaverin IV' 6-max Seat #3 is the button
Seat 4: nastja336 ($100 in chips) is sitting out
Seat 5: michasia ($100 in chips) is sitting out
Seat 1: wojts ($11.50 in chips) 
Seat 2: Mr_Dick666 ($100 in chips) 
Seat 3: M1k_DP ($104 in chips) 
Seat 6: nikalas22 ($100 in chips) 
nikalas22: posts small blind $0.50
wojts: posts big blind $1
*** HOLE CARDS ***
Mr_Dick666: folds 
M1k_DP: raises $1 to $2
nikalas22: folds 
wojts: raises $9.50 to $11.50 and is all-in
M1k_DP: folds 
Uncalled bet ($9.50) returned to wojts
wojts collected $4.50 from pot
wojts: doesn't show hand 
*** SUMMARY ***
Total pot $4.50 | Rake $0 
Seat 4: nastja336
Seat 5: michasia
Seat 1: wojts (big blind) collected ($4.50)
Seat 2: Mr_Dick666 folded before Flop (didn't bet)
Seat 3: M1k_DP (button) folded before Flop
Seat 6: nikalas22 (small blind) folded before Flop



