PokerStars Hand #254517840690:  Hold'em No Limit ($0.50/$1.00 USD) - 2025/01/23 19:22:00 WET [2025/01/23 14:22:00 ET]
Table 'Veteraniya IV' 6-max Seat #6 is the button
Seat 1: MaikonAll ($100 in chips) 
Seat 2: EAroca ($100 in chips) 
Seat 3: jubilado1 ($102.50 in chips) 
Seat 4: AIien Hand ($106.78 in chips) 
Seat 6: RasA86 ($110.80 in chips) 
MaikonAll: posts small blind $0.50
EAroca: posts big blind $1
*** HOLE CARDS ***
jubilado1: raises $1 to $2
AIien Hand: folds 
RasA86: raises $5.50 to $7.50
MaikonAll: folds 
EAroca: folds 
jubilado1: calls $5.50
*** FLOP *** [6s 9s 5h]
jubilado1: checks 
RasA86: checks 
*** TURN *** [6s 9s 5h] [9c]
jubilado1: checks 
RasA86: checks 
*** RIVER *** [6s 9s 5h 9c] [8h]
jubilado1: checks 
RasA86: checks 
*** SHOW DOWN ***
jubilado1: shows [Tc Ac] (a pair of Nines)
RasA86: shows [Jh Ad] (a pair of Nines - Ace+Jack kicker)
RasA86 collected $15.68 from pot
*** SUMMARY ***
Total pot $16.50 | Rake $0.82 
Board [6s 9s 5h 9c 8h]
Seat 1: MaikonAll (small blind) folded before Flop
Seat 2: EAroca (big blind) folded before Flop
Seat 3: jubilado1 showed [Tc Ac] and lost with a pair of Nines
Seat 4: AIien Hand folded before Flop (didn't bet)
Seat 6: RasA86 (button) showed [Jh Ad] and won ($15.68) with a pair of Nines



PokerStars Hand #254517862243:  Hold'em No Limit ($0.50/$1.00 USD) - 2025/01/23 19:23:30 WET [2025/01/23 14:23:30 ET]
Table 'Veteraniya IV' 6-max Seat #1 is the button
Seat 1: MaikonAll ($100 in chips) 
Seat 2: EAroca ($100 in chips) 
Seat 3: jubilado1 ($100 in chips) 
Seat 4: AIien Hand ($106.78 in chips) 
Seat 6: RasA86 ($118.98 in chips) 
EAroca: posts small blind $0.50
jubilado1: posts big blind $1
*** HOLE CARDS ***
AIien Hand: folds 
RasA86: folds 
MaikonAll: folds 
EAroca: folds 
Uncalled bet ($0.50) returned to jubilado1
jubilado1 collected $1 from pot
jubilado1: doesn't show hand 
*** SUMMARY ***
Total pot $1 | Rake $0 
Seat 1: MaikonAll (button) folded before Flop (didn't bet)
Seat 2: EAroca (small blind) folded before Flop
Seat 3: jubilado1 (big blind) collected ($1)
Seat 4: AIien Hand folded before Flop (didn't bet)
Seat 6: RasA86 folded before Flop (didn't bet)



PokerStars Hand #254517867205:  Hold'em No Limit ($0.50/$1.00 USD) - 2025/01/23 19:23:51 WET [2025/01/23 14:23:51 ET]
Table 'Veteraniya IV' 6-max Seat #2 is the button
Seat 4: AIien Hand ($106.78 in chips) is sitting out
Seat 1: MaikonAll ($100 in chips) 
Seat 2: EAroca ($100 in chips) 
Seat 3: jubilado1 ($100.50 in chips) 
Seat 6: RasA86 ($118.98 in chips) 
jubilado1: posts small blind $0.50
AIien Hand: is sitting out 
RasA86: posts big blind $1
*** HOLE CARDS ***
MaikonAll: folds 
AIien Hand leaves the table
EAroca: raises $1.50 to $2.50
jubilado1: folds 
RasA86: calls $1.50
*** FLOP *** [2h Tc As]
RasA86: checks 
EAroca: checks 
*** TURN *** [2h Tc As] [Kh]
RasA86: checks 
EAroca: checks 
*** RIVER *** [2h Tc As Kh] [2c]
RasA86: checks 
EAroca: checks 
*** SHOW DOWN ***
RasA86: shows [5h 5d] (two pair, Fives and Deuces)
EAroca: shows [Th 9d] (two pair, Tens and Deuces)
EAroca collected $5.22 from pot
*** SUMMARY ***
Total pot $5.50 | Rake $0.28 
Board [2h Tc As Kh 2c]
Seat 4: AIien Hand
Seat 1: MaikonAll folded before Flop (didn't bet)
Seat 2: EAroca (button) showed [Th 9d] and won ($5.22) with two pair, Tens and Deuces
Seat 3: jubilado1 (small blind) folded before Flop
Seat 6: RasA86 (big blind) showed [5h 5d] and lost with two pair, Fives and Deuces



PokerStars Hand #254517895942:  Hold'em No Limit ($0.50/$1.00 USD) - 2025/01/23 19:25:50 WET [2025/01/23 14:25:50 ET]
Table 'Veteraniya IV' 6-max Seat #3 is the button
Seat 1: MaikonAll ($100 in chips) is sitting out
Seat 2: EAroca ($102.72 in chips) 
Seat 3: jubilado1 ($100 in chips) 
Seat 6: RasA86 ($116.48 in chips) 
RasA86: posts small blind $0.50
MaikonAll: is sitting out 
EAroca: posts big blind $1
*** HOLE CARDS ***
jubilado1: raises $1.50 to $2.50
MaikonAll leaves the table
RasA86: folds 
EAroca: folds 
Uncalled bet ($1.50) returned to jubilado1
jubilado1 collected $2.50 from pot
jubilado1: doesn't show hand 
*** SUMMARY ***
Total pot $2.50 | Rake $0 
Seat 1: MaikonAll
Seat 2: EAroca (big blind) folded before Flop
Seat 3: jubilado1 (button) collected ($2.50)
Seat 6: RasA86 (small blind) folded before Flop



PokerStars Hand #254517901463:  Hold'em No Limit ($0.50/$1.00 USD) - 2025/01/23 19:26:12 WET [2025/01/23 14:26:12 ET]
Table 'Veteraniya IV' 6-max Seat #6 is the button
Seat 2: EAroca ($101.72 in chips) 
Seat 3: jubilado1 ($101.50 in chips) 
Seat 6: RasA86 ($115.98 in chips) 
EAroca: posts small blind $0.50
jubilado1: posts big blind $1
*** HOLE CARDS ***
worker0k joins the table at seat #4 
RasA86: folds 
EAroca: folds 
Uncalled bet ($0.50) returned to jubilado1
jubilado1 collected $1 from pot
jubilado1: doesn't show hand 
*** SUMMARY ***
Total pot $1 | Rake $0 
Seat 2: EAroca (small blind) folded before Flop
Seat 3: jubilado1 (big blind) collected ($1)
Seat 6: RasA86 (button) folded before Flop (didn't bet)



PokerStars Hand #254517904724:  Hold'em No Limit ($0.50/$1.00 USD) - 2025/01/23 19:26:26 WET [2025/01/23 14:26:26 ET]
Table 'Veteraniya IV' 6-max Seat #2 is the button
Seat 2: EAroca ($101.22 in chips) 
Seat 3: jubilado1 ($102 in chips) 
Seat 4: worker0k ($100 in chips) 
Seat 6: RasA86 ($115.98 in chips) 
jubilado1: posts small blind $0.50
worker0k: posts big blind $1
*** HOLE CARDS ***
RasA86: folds 
EAroca: folds 
jubilado1: raises $2 to $3
worker0k: folds 
Uncalled bet ($2) returned to jubilado1
jubilado1 collected $2 from pot
jubilado1: doesn't show hand 
*** SUMMARY ***
Total pot $2 | Rake $0 
Seat 2: EAroca (button) folded before Flop (didn't bet)
Seat 3: jubilado1 (small blind) collected ($2)
Seat 4: worker0k (big blind) folded before Flop
Seat 6: RasA86 folded before Flop (didn't bet)



PokerStars Hand #254517907243:  Hold'em No Limit ($0.50/$1.00 USD) - 2025/01/23 19:26:37 WET [2025/01/23 14:26:37 ET]
Table 'Veteraniya IV' 6-max Seat #3 is the button
Seat 2: EAroca ($101.22 in chips) 
Seat 3: jubilado1 ($103 in chips) 
Seat 4: worker0k ($100 in chips) 
Seat 6: RasA86 ($115.98 in chips) 
worker0k: posts small blind $0.50
RasA86: posts big blind $1
*** HOLE CARDS ***
EAroca: folds 
jubilado1: raises $1.50 to $2.50
worker0k: folds 
RasA86: folds 
Uncalled bet ($1.50) returned to jubilado1
jubilado1 collected $2.50 from pot
jubilado1: doesn't show hand 
*** SUMMARY ***
Total pot $2.50 | Rake $0 
Seat 2: EAroca folded before Flop (didn't bet)
Seat 3: jubilado1 (button) collected ($2.50)
Seat 4: worker0k (small blind) folded before Flop
Seat 6: RasA86 (big blind) folded before Flop



PokerStars Hand #254517910838:  Hold'em No Limit ($0.50/$1.00 USD) - 2025/01/23 19:26:52 WET [2025/01/23 14:26:52 ET]
Table 'Veteraniya IV' 6-max Seat #4 is the button
Seat 2: EAroca ($101.22 in chips) 
Seat 3: jubilado1 ($104.50 in chips) 
Seat 4: worker0k ($100 in chips) 
Seat 6: RasA86 ($114.98 in chips) 
RasA86: posts small blind $0.50
EAroca: posts big blind $1
*** HOLE CARDS ***
jubilado1: folds 
worker0k: raises $1.30 to $2.30
RasA86: folds 
HATT3N joins the table at seat #5 
HATT3N is disconnected 
EAroca: calls $1.30
*** FLOP *** [4d 3d 9c]
EAroca: checks 
worker0k: bets $1.60
reiyser joins the table at seat #1 
EAroca: calls $1.60
*** TURN *** [4d 3d 9c] [Jd]
EAroca: checks 
worker0k: bets $3.94
EAroca: calls $3.94
*** RIVER *** [4d 3d 9c Jd] [Ad]
EAroca: bets $3.85
worker0k: folds 
Uncalled bet ($3.85) returned to EAroca
EAroca collected $15.37 from pot
EAroca: doesn't show hand 
*** SUMMARY ***
Total pot $16.18 | Rake $0.81 
Board [4d 3d 9c Jd Ad]
Seat 2: EAroca (big blind) collected ($15.37)
Seat 3: jubilado1 folded before Flop (didn't bet)
Seat 4: worker0k (button) folded on the River
Seat 6: RasA86 (small blind) folded before Flop



PokerStars Hand #254517932128:  Hold'em No Limit ($0.50/$1.00 USD) - 2025/01/23 19:28:18 WET [2025/01/23 14:28:18 ET]
Table 'Veteraniya IV' 6-max Seat #6 is the button
Seat 1: reiyser ($100 in chips) is sitting out
Seat 2: EAroca ($108.75 in chips) 
Seat 3: jubilado1 ($104.50 in chips) 
Seat 4: worker0k ($100 in chips) 
Seat 5: HATT3N ($40 in chips) 
Seat 6: RasA86 ($114.48 in chips) 
EAroca: posts small blind $0.50
jubilado1: posts big blind $1
HATT3N: posts big blind $1
*** HOLE CARDS ***
worker0k: folds 
HATT3N: checks 
RasA86: folds 
EAroca: folds 
jubilado1: checks 
*** FLOP *** [Ad 2s Kc]
jubilado1: checks 
HATT3N: checks 
*** TURN *** [Ad 2s Kc] [3d]
jubilado1: checks 
HATT3N: bets $1
jubilado1: folds 
Uncalled bet ($1) returned to HATT3N
HATT3N collected $2.38 from pot
*** SUMMARY ***
Total pot $2.50 | Rake $0.12 
Board [Ad 2s Kc 3d]
Seat 1: reiyser
Seat 2: EAroca (small blind) folded before Flop
Seat 3: jubilado1 (big blind) folded on the Turn
Seat 4: worker0k folded before Flop (didn't bet)
Seat 5: HATT3N collected ($2.38)
Seat 6: RasA86 (button) folded before Flop (didn't bet)



PokerStars Hand #254517942578:  Hold'em No Limit ($0.50/$1.00 USD) - 2025/01/23 19:29:01 WET [2025/01/23 14:29:01 ET]
Table 'Veteraniya IV' 6-max Seat #2 is the button
Seat 1: reiyser ($100 in chips) is sitting out
Seat 2: EAroca ($108.25 in chips) 
Seat 3: jubilado1 ($103.50 in chips) 
Seat 4: worker0k ($100 in chips) 
Seat 5: HATT3N ($41.38 in chips) 
Seat 6: RasA86 ($114.48 in chips) 
jubilado1: posts small blind $0.50
worker0k: posts big blind $1
reiyser: sits out 
*** HOLE CARDS ***
HATT3N: calls $1
RasA86: folds 
EAroca: folds 
jubilado1: raises $2.50 to $3.50
worker0k: calls $2.50
HATT3N: calls $2.50
*** FLOP *** [6c 4d 2s]
jubilado1: checks 
worker0k: checks 
HATT3N: bets $3
jubilado1: folds 
worker0k: calls $3
*** TURN *** [6c 4d 2s] [Qh]
worker0k: checks 
HATT3N: bets $5
worker0k: folds 
Uncalled bet ($5) returned to HATT3N
HATT3N collected $15.68 from pot
*** SUMMARY ***
Total pot $16.50 | Rake $0.82 
Board [6c 4d 2s Qh]
Seat 1: reiyser
Seat 2: EAroca (button) folded before Flop (didn't bet)
Seat 3: jubilado1 (small blind) folded on the Flop
Seat 4: worker0k (big blind) folded on the Turn
Seat 5: HATT3N collected ($15.68)
Seat 6: RasA86 folded before Flop (didn't bet)



PokerStars Hand #254517954976:  Hold'em No Limit ($0.50/$1.00 USD) - 2025/01/23 19:29:52 WET [2025/01/23 14:29:52 ET]
Table 'Veteraniya IV' 6-max Seat #3 is the button
Seat 1: reiyser ($100 in chips) is sitting out
Seat 2: EAroca ($108.25 in chips) 
Seat 3: jubilado1 ($100 in chips) 
Seat 4: worker0k ($100 in chips) 
Seat 5: HATT3N ($50.56 in chips) 
Seat 6: RasA86 ($114.48 in chips) 
worker0k: posts small blind $0.50
HATT3N: posts big blind $1
reiyser: sits out 
*** HOLE CARDS ***
RasA86: folds 
EAroca: folds 
jubilado1: raises $1.50 to $2.50
worker0k: folds 
HATT3N: calls $1.50
*** FLOP *** [Td Qd 4h]
HATT3N: checks 
jubilado1: bets $2.61
HATT3N: folds 
Uncalled bet ($2.61) returned to jubilado1
jubilado1 collected $5.22 from pot
jubilado1: doesn't show hand 
*** SUMMARY ***
Total pot $5.50 | Rake $0.28 
Board [Td Qd 4h]
Seat 1: reiyser
Seat 2: EAroca folded before Flop (didn't bet)
Seat 3: jubilado1 (button) collected ($5.22)
Seat 4: worker0k (small blind) folded before Flop
Seat 5: HATT3N (big blind) folded on the Flop
Seat 6: RasA86 folded before Flop (didn't bet)



PokerStars Hand #254517961236:  Hold'em No Limit ($0.50/$1.00 USD) - 2025/01/23 19:30:17 WET [2025/01/23 14:30:17 ET]
Table 'Veteraniya IV' 6-max Seat #4 is the button
Seat 1: reiyser ($100 in chips) is sitting out
Seat 2: EAroca ($108.25 in chips) 
Seat 3: jubilado1 ($102.72 in chips) 
Seat 4: worker0k ($100 in chips) 
Seat 5: HATT3N ($48.06 in chips) 
Seat 6: RasA86 ($114.48 in chips) 
HATT3N: posts small blind $0.50
RasA86: posts big blind $1
reiyser: sits out 
*** HOLE CARDS ***
EAroca: folds 
jubilado1: raises $1.30 to $2.30
worker0k: folds 
HATT3N: folds 
RasA86: folds 
Uncalled bet ($1.30) returned to jubilado1
jubilado1 collected $2.50 from pot
jubilado1: doesn't show hand 
*** SUMMARY ***
Total pot $2.50 | Rake $0 
Seat 1: reiyser
Seat 2: EAroca folded before Flop (didn't bet)
Seat 3: jubilado1 collected ($2.50)
Seat 4: worker0k (button) folded before Flop (didn't bet)
Seat 5: HATT3N (small blind) folded before Flop
Seat 6: RasA86 (big blind) folded before Flop



PokerStars Hand #254517966347:  Hold'em No Limit ($0.50/$1.00 USD) - 2025/01/23 19:30:38 WET [2025/01/23 14:30:38 ET]
Table 'Veteraniya IV' 6-max Seat #5 is the button
Seat 1: reiyser ($100 in chips) 
Seat 2: EAroca ($108.25 in chips) 
Seat 3: jubilado1 ($104.22 in chips) 
Seat 4: worker0k ($100 in chips) 
Seat 5: HATT3N ($47.56 in chips) 
Seat 6: RasA86 ($113.48 in chips) 
RasA86: posts small blind $0.50
reiyser: posts big blind $1
*** HOLE CARDS ***
EAroca: folds 
jubilado1: raises $1 to $2
worker0k: folds 
HATT3N: folds 
RasA86: raises $9 to $11
reiyser: folds 
jubilado1: calls $9
*** FLOP *** [4c Js 6c]
RasA86: bets $14.42
jubilado1: raises $15.88 to $30.30
RasA86: folds 
Uncalled bet ($15.88) returned to jubilado1
jubilado1 collected $49.34 from pot
jubilado1: doesn't show hand 
*** SUMMARY ***
Total pot $51.84 | Rake $2.50 
Board [4c Js 6c]
Seat 1: reiyser (big blind) folded before Flop
Seat 2: EAroca folded before Flop (didn't bet)
Seat 3: jubilado1 collected ($49.34)
Seat 4: worker0k folded before Flop (didn't bet)
Seat 5: HATT3N (button) folded before Flop (didn't bet)
Seat 6: RasA86 (small blind) folded on the Flop



PokerStars Hand #254517977552:  Hold'em No Limit ($0.50/$1.00 USD) - 2025/01/23 19:31:24 WET [2025/01/23 14:31:24 ET]
Table 'Veteraniya IV' 6-max Seat #6 is the button
Seat 1: reiyser ($100 in chips) 
Seat 2: EAroca ($108.25 in chips) 
Seat 3: jubilado1 ($128.14 in chips) 
Seat 4: worker0k ($100 in chips) 
Seat 5: HATT3N ($47.56 in chips) 
Seat 6: RasA86 ($100 in chips) 
reiyser: posts small blind $0.50
EAroca: posts big blind $1
*** HOLE CARDS ***
jubilado1: folds 
worker0k: folds 
HATT3N: folds 
RasA86: raises $1.50 to $2.50
reiyser: folds 
EAroca: calls $1.50
*** FLOP *** [3c Qs Ah]
EAroca: checks 
RasA86: bets $6.53
EAroca: calls $6.53
*** TURN *** [3c Qs Ah] [Ks]
EAroca: checks 
RasA86: bets $21.54
EAroca: calls $21.54
*** RIVER *** [3c Qs Ah Ks] [2h]
EAroca: checks 
RasA86: bets $69.43 and is all-in
EAroca: calls $69.43
*** SHOW DOWN ***
RasA86: shows [Ts Kh] (a pair of Kings)
EAroca: shows [Tc Jd] (a straight, Ten to Ace)
EAroca collected $198 from pot
*** SUMMARY ***
Total pot $200.50 | Rake $2.50 
Board [3c Qs Ah Ks 2h]
Seat 1: reiyser (small blind) folded before Flop
Seat 2: EAroca (big blind) showed [Tc Jd] and won ($198) with a straight, Ten to Ace
Seat 3: jubilado1 folded before Flop (didn't bet)
Seat 4: worker0k folded before Flop (didn't bet)
Seat 5: HATT3N folded before Flop (didn't bet)
Seat 6: RasA86 (button) showed [Ts Kh] and lost with a pair of Kings



PokerStars Hand #254518002950:  Hold'em No Limit ($0.50/$1.00 USD) - 2025/01/23 19:33:09 WET [2025/01/23 14:33:09 ET]
Table 'Veteraniya IV' 6-max Seat #1 is the button
Seat 1: reiyser ($100 in chips) 
Seat 2: EAroca ($206.25 in chips) 
Seat 3: jubilado1 ($128.14 in chips) 
Seat 4: worker0k ($100 in chips) 
Seat 5: HATT3N ($47.56 in chips) 
Seat 6: RasA86 ($100 in chips) 
EAroca: posts small blind $0.50
jubilado1: posts big blind $1
*** HOLE CARDS ***
worker0k: folds 
HATT3N: calls $1
RasA86: raises $3 to $4
reiyser: folds 
EAroca: folds 
jubilado1: folds 
HATT3N: calls $3
*** FLOP *** [5h 7s 7h]
HATT3N: checks 
RasA86: bets $2.25
HATT3N: raises $4.25 to $6.50
RasA86: raises $89.50 to $96 and is all-in
HATT3N: folds 
Uncalled bet ($89.50) returned to RasA86
RasA86 collected $21.38 from pot
*** SUMMARY ***
Total pot $22.50 | Rake $1.12 
Board [5h 7s 7h]
Seat 1: reiyser (button) folded before Flop (didn't bet)
Seat 2: EAroca (small blind) folded before Flop
Seat 3: jubilado1 (big blind) folded before Flop
Seat 4: worker0k folded before Flop (didn't bet)
Seat 5: HATT3N folded on the Flop
Seat 6: RasA86 collected ($21.38)



PokerStars Hand #254518018818:  Hold'em No Limit ($0.50/$1.00 USD) - 2025/01/23 19:34:14 WET [2025/01/23 14:34:14 ET]
Table 'Veteraniya IV' 6-max Seat #2 is the button
Seat 1: reiyser ($100 in chips) 
Seat 2: EAroca ($205.75 in chips) 
Seat 3: jubilado1 ($127.14 in chips) 
Seat 4: worker0k ($100 in chips) 
Seat 5: HATT3N ($37.06 in chips) 
Seat 6: RasA86 ($110.88 in chips) 
jubilado1: posts small blind $0.50
worker0k: posts big blind $1
*** HOLE CARDS ***
HATT3N: calls $1
RasA86: folds 
reiyser: raises $3 to $4
EAroca: folds 
jubilado1: folds 
worker0k: folds 
HATT3N: calls $3
*** FLOP *** [Th 5c 7s]
HATT3N: bets $1
reiyser: calls $1
*** TURN *** [Th 5c 7s] [Ts]
HATT3N: checks 
reiyser: checks 
*** RIVER *** [Th 5c 7s Ts] [Td]
HATT3N: bets $1
reiyser: calls $1
*** SHOW DOWN ***
HATT3N: shows [8d Ks] (three of a kind, Tens)
reiyser: shows [Ac 8c] (three of a kind, Tens - Ace kicker)
reiyser collected $12.82 from pot
*** SUMMARY ***
Total pot $13.50 | Rake $0.68 
Board [Th 5c 7s Ts Td]
Seat 1: reiyser showed [Ac 8c] and won ($12.82) with three of a kind, Tens
Seat 2: EAroca (button) folded before Flop (didn't bet)
Seat 3: jubilado1 (small blind) folded before Flop
Seat 4: worker0k (big blind) folded before Flop
Seat 5: HATT3N showed [8d Ks] and lost with three of a kind, Tens
Seat 6: RasA86 folded before Flop (didn't bet)



PokerStars Hand #254518030026:  Hold'em No Limit ($0.50/$1.00 USD) - 2025/01/23 19:35:00 WET [2025/01/23 14:35:00 ET]
Table 'Veteraniya IV' 6-max Seat #3 is the button
Seat 1: reiyser ($106.82 in chips) 
Seat 2: EAroca ($205.75 in chips) 
Seat 3: jubilado1 ($126.64 in chips) 
Seat 4: worker0k ($100 in chips) 
Seat 5: HATT3N ($31.06 in chips) 
Seat 6: RasA86 ($110.88 in chips) 
worker0k: posts small blind $0.50
HATT3N: posts big blind $1
*** HOLE CARDS ***
RasA86: folds 
reiyser: folds 
EAroca: folds 
jubilado1: raises $1.50 to $2.50
worker0k: folds 
HATT3N: calls $1.50
*** FLOP *** [7c Ts 4c]
HATT3N: bets $1
jubilado1: calls $1
*** TURN *** [7c Ts 4c] [Qd]
HATT3N: bets $2
jubilado1: folds 
Uncalled bet ($2) returned to HATT3N
HATT3N collected $7.12 from pot
*** SUMMARY ***
Total pot $7.50 | Rake $0.38 
Board [7c Ts 4c Qd]
Seat 1: reiyser folded before Flop (didn't bet)
Seat 2: EAroca folded before Flop (didn't bet)
Seat 3: jubilado1 (button) folded on the Turn
Seat 4: worker0k (small blind) folded before Flop
Seat 5: HATT3N (big blind) collected ($7.12)
Seat 6: RasA86 folded before Flop (didn't bet)



PokerStars Hand #254518043096:  Hold'em No Limit ($0.50/$1.00 USD) - 2025/01/23 19:35:52 WET [2025/01/23 14:35:52 ET]
Table 'Veteraniya IV' 6-max Seat #4 is the button
Seat 6: RasA86 ($110.88 in chips) is sitting out
Seat 1: reiyser ($106.82 in chips) 
Seat 2: EAroca ($205.75 in chips) 
Seat 3: jubilado1 ($123.14 in chips) 
Seat 4: worker0k ($100 in chips) 
Seat 5: HATT3N ($34.68 in chips) 
HATT3N: posts small blind $0.50
RasA86: is sitting out 
reiyser: posts big blind $1
*** HOLE CARDS ***
RasA86 leaves the table
EAroca: folds 
jubilado1: folds 
worker0k: folds 
HATT3N: calls $0.50
xcinaz joins the table at seat #6 
reiyser: checks 
*** FLOP *** [3d 7s 4h]
HATT3N: checks 
reiyser: bets $1
HATT3N: calls $1
*** TURN *** [3d 7s 4h] [Kh]
HATT3N: checks 
reiyser: bets $2.89
HATT3N: calls $2.89
*** RIVER *** [3d 7s 4h Kh] [4d]
HATT3N: checks 
reiyser: checks 
*** SHOW DOWN ***
HATT3N: shows [5s Tc] (a pair of Fours)
reiyser: mucks hand 
HATT3N collected $9.29 from pot
*** SUMMARY ***
Total pot $9.78 | Rake $0.49 
Board [3d 7s 4h Kh 4d]
Seat 6: RasA86
Seat 1: reiyser (big blind) mucked
Seat 2: EAroca folded before Flop (didn't bet)
Seat 3: jubilado1 folded before Flop (didn't bet)
Seat 4: worker0k (button) folded before Flop (didn't bet)
Seat 5: HATT3N (small blind) showed [5s Tc] and won ($9.29) with a pair of Fours



PokerStars Hand #254518055835:  Hold'em No Limit ($0.50/$1.00 USD) - 2025/01/23 19:36:43 WET [2025/01/23 14:36:43 ET]
Table 'Veteraniya IV' 6-max Seat #5 is the button
Seat 6: xcinaz ($100 in chips) is sitting out
Seat 1: reiyser ($101.93 in chips) 
Seat 2: EAroca ($205.75 in chips) 
Seat 3: jubilado1 ($123.14 in chips) 
Seat 4: worker0k ($100 in chips) 
Seat 5: HATT3N ($39.08 in chips) 
reiyser: posts small blind $0.50
EAroca: posts big blind $1
*** HOLE CARDS ***
jubilado1: folds 
worker0k: raises $1.30 to $2.30
HATT3N: calls $2.30
reiyser: folds 
EAroca: folds 
*** FLOP *** [As 3h 9c]
worker0k: bets $1.91
HATT3N: calls $1.91
*** TURN *** [As 3h 9c] [4d]
worker0k: checks 
HATT3N: bets $4
worker0k: calls $4
*** RIVER *** [As 3h 9c 4d] [Ks]
worker0k: checks 
HATT3N: bets $10.51
worker0k: calls $10.51
*** SHOW DOWN ***
HATT3N: shows [4s Kh] (two pair, Kings and Fours)
worker0k: mucks hand 
HATT3N collected $36.99 from pot
*** SUMMARY ***
Total pot $38.94 | Rake $1.95 
Board [As 3h 9c 4d Ks]
Seat 6: xcinaz
Seat 1: reiyser (small blind) folded before Flop
Seat 2: EAroca (big blind) folded before Flop
Seat 3: jubilado1 folded before Flop (didn't bet)
Seat 4: worker0k mucked
Seat 5: HATT3N (button) showed [4s Kh] and won ($36.99) with two pair, Kings and Fours



PokerStars Hand #254518075249:  Hold'em No Limit ($0.50/$1.00 USD) - 2025/01/23 19:38:01 WET [2025/01/23 14:38:01 ET]
Table 'Veteraniya IV' 6-max Seat #1 is the button
Seat 6: xcinaz ($100 in chips) is sitting out
Seat 1: reiyser ($101.43 in chips) 
Seat 2: EAroca ($204.75 in chips) 
Seat 3: jubilado1 ($123.14 in chips) 
Seat 4: worker0k ($100 in chips) 
Seat 5: HATT3N ($57.35 in chips) 
EAroca: posts small blind $0.50
jubilado1: posts big blind $1
xcinaz: sits out 
*** HOLE CARDS ***
worker0k: raises $1.30 to $2.30
HATT3N: calls $2.30
reiyser: calls $2.30
EAroca: raises $14.20 to $16.50
jubilado1: folds 
worker0k: folds 
HATT3N: calls $14.20
reiyser: folds 
*** FLOP *** [Jc Kc 8s]
EAroca: bets $188.25 and is all-in
HATT3N: folds [4h 4d]
Uncalled bet ($188.25) returned to EAroca
EAroca collected $36.67 from pot
EAroca: doesn't show hand 
*** SUMMARY ***
Total pot $38.60 | Rake $1.93 
Board [Jc Kc 8s]
Seat 6: xcinaz
Seat 1: reiyser (button) folded before Flop
Seat 2: EAroca (small blind) collected ($36.67)
Seat 3: jubilado1 (big blind) folded before Flop
Seat 4: worker0k folded before Flop
Seat 5: HATT3N folded on the Flop



PokerStars Hand #254518088466:  Hold'em No Limit ($0.50/$1.00 USD) - 2025/01/23 19:38:55 WET [2025/01/23 14:38:55 ET]
Table 'Veteraniya IV' 6-max Seat #2 is the button
Seat 6: xcinaz ($100 in chips) is sitting out
Seat 1: reiyser ($100 in chips) 
Seat 2: EAroca ($224.92 in chips) 
Seat 3: jubilado1 ($122.14 in chips) 
Seat 4: worker0k ($100 in chips) 
Seat 5: HATT3N ($40.85 in chips) 
jubilado1: posts small blind $0.50
worker0k: posts big blind $1
xcinaz: sits out 
*** HOLE CARDS ***
HATT3N: calls $1
reiyser: folds 
EAroca: raises $3 to $4
jubilado1: folds 
worker0k: folds 
HATT3N: calls $3
*** FLOP *** [Jc 6d Ac]
HATT3N: bets $2
EAroca: folds 
Uncalled bet ($2) returned to HATT3N
HATT3N collected $9.02 from pot
*** SUMMARY ***
Total pot $9.50 | Rake $0.48 
Board [Jc 6d Ac]
Seat 6: xcinaz
Seat 1: reiyser folded before Flop (didn't bet)
Seat 2: EAroca (button) folded on the Flop
Seat 3: jubilado1 (small blind) folded before Flop
Seat 4: worker0k (big blind) folded before Flop
Seat 5: HATT3N collected ($9.02)



PokerStars Hand #254518099603:  Hold'em No Limit ($0.50/$1.00 USD) - 2025/01/23 19:39:40 WET [2025/01/23 14:39:40 ET]
Table 'Veteraniya IV' 6-max Seat #3 is the button
Seat 6: xcinaz ($100 in chips) is sitting out
Seat 1: reiyser ($100 in chips) 
Seat 2: EAroca ($220.92 in chips) 
Seat 3: jubilado1 ($121.64 in chips) 
Seat 4: worker0k ($100 in chips) 
Seat 5: HATT3N ($45.87 in chips) 
worker0k: posts small blind $0.50
HATT3N: posts big blind $1
xcinaz: sits out 
*** HOLE CARDS ***
reiyser: raises $1.23 to $2.23
EAroca: folds 
jubilado1: raises $5.23 to $7.46
worker0k: folds 
HATT3N: folds 
reiyser: raises $15.04 to $22.50
jubilado1: folds 
Uncalled bet ($15.04) returned to reiyser
reiyser collected $16.42 from pot
reiyser: doesn't show hand 
*** SUMMARY ***
Total pot $16.42 | Rake $0 
Seat 6: xcinaz
Seat 1: reiyser collected ($16.42)
Seat 2: EAroca folded before Flop (didn't bet)
Seat 3: jubilado1 (button) folded before Flop
Seat 4: worker0k (small blind) folded before Flop
Seat 5: HATT3N (big blind) folded before Flop



PokerStars Hand #254518105275:  Hold'em No Limit ($0.50/$1.00 USD) - 2025/01/23 19:40:02 WET [2025/01/23 14:40:02 ET]
Table 'Veteraniya IV' 6-max Seat #4 is the button
Seat 1: reiyser ($108.96 in chips) 
Seat 2: EAroca ($220.92 in chips) 
Seat 3: jubilado1 ($114.18 in chips) 
Seat 4: worker0k ($100 in chips) 
Seat 5: HATT3N ($44.87 in chips) 
Seat 6: xcinaz ($100 in chips) 
HATT3N: posts small blind $0.50
xcinaz: posts big blind $1
*** HOLE CARDS ***
reiyser: folds 
EAroca: raises $2.50 to $3.50
jubilado1: folds 
worker0k: folds 
HATT3N: calls $3
xcinaz: folds 
*** FLOP *** [Tc 3c 6c]
HATT3N: bets $2
EAroca: folds 
Uncalled bet ($2) returned to HATT3N
HATT3N collected $7.60 from pot
*** SUMMARY ***
Total pot $8 | Rake $0.40 
Board [Tc 3c 6c]
Seat 1: reiyser folded before Flop (didn't bet)
Seat 2: EAroca folded on the Flop
Seat 3: jubilado1 folded before Flop (didn't bet)
Seat 4: worker0k (button) folded before Flop (didn't bet)
Seat 5: HATT3N (small blind) collected ($7.60)
Seat 6: xcinaz (big blind) folded before Flop



PokerStars Hand #254518113676:  Hold'em No Limit ($0.50/$1.00 USD) - 2025/01/23 19:40:36 WET [2025/01/23 14:40:36 ET]
Table 'Veteraniya IV' 6-max Seat #5 is the button
Seat 1: reiyser ($108.96 in chips) 
Seat 2: EAroca ($217.42 in chips) 
Seat 3: jubilado1 ($114.18 in chips) 
Seat 4: worker0k ($100 in chips) 
Seat 5: HATT3N ($48.97 in chips) 
Seat 6: xcinaz ($100 in chips) 
xcinaz: posts small blind $0.50
reiyser: posts big blind $1
*** HOLE CARDS ***
EAroca: folds 
jubilado1: folds 
worker0k: folds 
HATT3N: calls $1
xcinaz: calls $0.50
reiyser: checks 
*** FLOP *** [3c 4c Ks]
xcinaz: checks 
reiyser: checks 
HATT3N: bets $2.85
xcinaz: folds 
reiyser: calls $2.85
*** TURN *** [3c 4c Ks] [2h]
reiyser: checks 
HATT3N: bets $5
reiyser: calls $5
*** RIVER *** [3c 4c Ks 2h] [3h]
reiyser: checks 
HATT3N: bets $17.76
reiyser: raises $40.49 to $58.25
HATT3N: calls $22.36 and is all-in
Uncalled bet ($18.13) returned to reiyser
*** SHOW DOWN ***
reiyser: shows [6d 5h] (a straight, Deuce to Six)
HATT3N: shows [Kh 3s] (a full house, Threes full of Kings)
HATT3N collected $96.44 from pot
*** SUMMARY ***
Total pot $98.94 | Rake $2.50 
Board [3c 4c Ks 2h 3h]
Seat 1: reiyser (big blind) showed [6d 5h] and lost with a straight, Deuce to Six
Seat 2: EAroca folded before Flop (didn't bet)
Seat 3: jubilado1 folded before Flop (didn't bet)
Seat 4: worker0k folded before Flop (didn't bet)
Seat 5: HATT3N (button) showed [Kh 3s] and won ($96.44) with a full house, Threes full of Kings
Seat 6: xcinaz (small blind) folded on the Flop



PokerStars Hand #254518135176:  Hold'em No Limit ($0.50/$1.00 USD) - 2025/01/23 19:42:02 WET [2025/01/23 14:42:02 ET]
Table 'Veteraniya IV' 6-max Seat #6 is the button
Seat 1: reiyser ($100 in chips) 
Seat 2: EAroca ($217.42 in chips) 
Seat 3: jubilado1 ($114.18 in chips) 
Seat 4: worker0k ($100 in chips) 
Seat 5: HATT3N ($96.44 in chips) 
Seat 6: xcinaz ($100 in chips) 
reiyser: posts small blind $0.50
EAroca: posts big blind $1
*** HOLE CARDS ***
jubilado1: folds 
worker0k has timed out
worker0k: folds 
HATT3N: raises $1 to $2
xcinaz: folds 
reiyser: folds 
EAroca: calls $1
*** FLOP *** [Ah 9s 4h]
EAroca: checks 
HATT3N: bets $4.28
EAroca: folds 
Uncalled bet ($4.28) returned to HATT3N
HATT3N collected $4.28 from pot
*** SUMMARY ***
Total pot $4.50 | Rake $0.22 
Board [Ah 9s 4h]
Seat 1: reiyser (small blind) folded before Flop
Seat 2: EAroca (big blind) folded on the Flop
Seat 3: jubilado1 folded before Flop (didn't bet)
Seat 4: worker0k folded before Flop (didn't bet)
Seat 5: HATT3N collected ($4.28)
Seat 6: xcinaz (button) folded before Flop (didn't bet)



PokerStars Hand #254518149655:  Hold'em No Limit ($0.50/$1.00 USD) - 2025/01/23 19:42:58 WET [2025/01/23 14:42:58 ET]
Table 'Veteraniya IV' 6-max Seat #1 is the button
Seat 1: reiyser ($100 in chips) 
Seat 2: EAroca ($215.42 in chips) 
Seat 3: jubilado1 ($114.18 in chips) 
Seat 4: worker0k ($100 in chips) 
Seat 5: HATT3N ($98.72 in chips) 
Seat 6: xcinaz ($100 in chips) 
EAroca: posts small blind $0.50
jubilado1: posts big blind $1
*** HOLE CARDS ***
worker0k: folds 
HATT3N: calls $1
xcinaz: raises $3 to $4
reiyser: folds 
EAroca: raises $11 to $15
jubilado1: folds 
HATT3N: folds 
xcinaz: folds 
Uncalled bet ($11) returned to EAroca
EAroca collected $10 from pot
EAroca: doesn't show hand 
*** SUMMARY ***
Total pot $10 | Rake $0 
Seat 1: reiyser (button) folded before Flop (didn't bet)
Seat 2: EAroca (small blind) collected ($10)
Seat 3: jubilado1 (big blind) folded before Flop
Seat 4: worker0k folded before Flop (didn't bet)
Seat 5: HATT3N folded before Flop
Seat 6: xcinaz folded before Flop



PokerStars Hand #254518157640:  Hold'em No Limit ($0.50/$1.00 USD) - 2025/01/23 19:43:29 WET [2025/01/23 14:43:29 ET]
Table 'Veteraniya IV' 6-max Seat #2 is the button
Seat 1: reiyser ($100 in chips) 
Seat 2: EAroca ($221.42 in chips) 
Seat 3: jubilado1 ($113.18 in chips) 
Seat 4: worker0k ($100 in chips) 
Seat 5: HATT3N ($97.72 in chips) 
Seat 6: xcinaz ($100 in chips) 
jubilado1: posts small blind $0.50
worker0k: posts big blind $1
*** HOLE CARDS ***
HATT3N: raises $2 to $3
xcinaz: folds 
reiyser: raises $6 to $9
EAroca: folds 
jubilado1: folds 
worker0k: folds 
HATT3N: calls $6
*** FLOP *** [7h 9h Ad]
HATT3N: bets $3
reiyser: raises $10.80 to $13.80
HATT3N: calls $10.80
*** TURN *** [7h 9h Ad] [4d]
HATT3N: bets $5
reiyser: raises $72.20 to $77.20 and is all-in
HATT3N: folds [Kc Ks]
Uncalled bet ($72.20) returned to reiyser
reiyser collected $54.60 from pot
reiyser: doesn't show hand 
*** SUMMARY ***
Total pot $57.10 | Rake $2.50 
Board [7h 9h Ad 4d]
Seat 1: reiyser collected ($54.60)
Seat 2: EAroca (button) folded before Flop (didn't bet)
Seat 3: jubilado1 (small blind) folded before Flop
Seat 4: worker0k (big blind) folded before Flop
Seat 5: HATT3N folded on the Turn
Seat 6: xcinaz folded before Flop (didn't bet)



PokerStars Hand #254518177357:  Hold'em No Limit ($0.50/$1.00 USD) - 2025/01/23 19:44:46 WET [2025/01/23 14:44:46 ET]
Table 'Veteraniya IV' 6-max Seat #3 is the button
Seat 1: reiyser ($126.80 in chips) 
Seat 2: EAroca ($221.42 in chips) 
Seat 3: jubilado1 ($112.68 in chips) 
Seat 4: worker0k ($100 in chips) 
Seat 5: HATT3N ($69.92 in chips) 
Seat 6: xcinaz ($100 in chips) 
worker0k: posts small blind $0.50
HATT3N: posts big blind $1
*** HOLE CARDS ***
xcinaz: folds 
reiyser: folds 
EAroca: raises $2.50 to $3.50
jubilado1: raises $6 to $9.50
worker0k: folds 
HATT3N: calls $8.50
EAroca: calls $6
*** FLOP *** [Tc 4c 5d]
HATT3N: checks 
EAroca: checks 
jubilado1: checks 
*** TURN *** [Tc 4c 5d] [6c]
HATT3N: bets $8
EAroca: calls $8
jubilado1: calls $8
*** RIVER *** [Tc 4c 5d 6c] [3c]
HATT3N: bets $52.42 and is all-in
EAroca: folds 
jubilado1: folds 
Uncalled bet ($52.42) returned to HATT3N
HATT3N collected $50.50 from pot
*** SUMMARY ***
Total pot $53 | Rake $2.50 
Board [Tc 4c 5d 6c 3c]
Seat 1: reiyser folded before Flop (didn't bet)
Seat 2: EAroca folded on the River
Seat 3: jubilado1 (button) folded on the River
Seat 4: worker0k (small blind) folded before Flop
Seat 5: HATT3N (big blind) collected ($50.50)
Seat 6: xcinaz folded before Flop (didn't bet)



PokerStars Hand #254518213466:  Hold'em No Limit ($0.50/$1.00 USD) - 2025/01/23 19:47:04 WET [2025/01/23 14:47:04 ET]
Table 'Veteraniya IV' 6-max Seat #4 is the button
Seat 1: reiyser ($126.80 in chips) 
Seat 2: EAroca ($203.92 in chips) 
Seat 3: jubilado1 ($100 in chips) 
Seat 4: worker0k ($100 in chips) 
Seat 5: HATT3N ($102.92 in chips) 
Seat 6: xcinaz ($100 in chips) 
HATT3N: posts small blind $0.50
xcinaz: posts big blind $1
*** HOLE CARDS ***
reiyser: folds 
EAroca: raises $1.10 to $2.10
jubilado1: folds 
worker0k: folds 
HATT3N: calls $1.60
xcinaz: folds 
*** FLOP *** [7h 7c 5d]
HATT3N: checks 
EAroca: checks 
*** TURN *** [7h 7c 5d] [As]
HATT3N: bets $2
EAroca: folds 
Uncalled bet ($2) returned to HATT3N
HATT3N collected $4.94 from pot
*** SUMMARY ***
Total pot $5.20 | Rake $0.26 
Board [7h 7c 5d As]
Seat 1: reiyser folded before Flop (didn't bet)
Seat 2: EAroca folded on the Turn
Seat 3: jubilado1 folded before Flop (didn't bet)
Seat 4: worker0k (button) folded before Flop (didn't bet)
Seat 5: HATT3N (small blind) collected ($4.94)
Seat 6: xcinaz (big blind) folded before Flop



PokerStars Hand #254518231150:  Hold'em No Limit ($0.50/$1.00 USD) - 2025/01/23 19:48:12 WET [2025/01/23 14:48:12 ET]
Table 'Veteraniya IV' 6-max Seat #5 is the button
Seat 1: reiyser ($126.80 in chips) 
Seat 2: EAroca ($201.82 in chips) 
Seat 3: jubilado1 ($100 in chips) 
Seat 4: worker0k ($100 in chips) 
Seat 5: HATT3N ($105.76 in chips) 
Seat 6: xcinaz ($100 in chips) 
xcinaz: posts small blind $0.50
reiyser: posts big blind $1
*** HOLE CARDS ***
EAroca: folds 
jubilado1: folds 
worker0k: folds 
HATT3N: calls $1
xcinaz: folds 
reiyser: checks 
*** FLOP *** [Ah Kc Ac]
reiyser: checks 
HATT3N: bets $1
reiyser: calls $1
*** TURN *** [Ah Kc Ac] [Td]
reiyser: checks 
HATT3N: bets $1
reiyser: calls $1
*** RIVER *** [Ah Kc Ac Td] [2s]
reiyser: checks 
HATT3N: bets $6.18
reiyser: folds 
Uncalled bet ($6.18) returned to HATT3N
HATT3N collected $6.18 from pot
*** SUMMARY ***
Total pot $6.50 | Rake $0.32 
Board [Ah Kc Ac Td 2s]
Seat 1: reiyser (big blind) folded on the River
Seat 2: EAroca folded before Flop (didn't bet)
Seat 3: jubilado1 folded before Flop (didn't bet)
Seat 4: worker0k folded before Flop (didn't bet)
Seat 5: HATT3N (button) collected ($6.18)
Seat 6: xcinaz (small blind) folded before Flop



PokerStars Hand #254518249525:  Hold'em No Limit ($0.50/$1.00 USD) - 2025/01/23 19:49:22 WET [2025/01/23 14:49:22 ET]
Table 'Veteraniya IV' 6-max Seat #6 is the button
Seat 1: reiyser ($123.80 in chips) 
Seat 2: EAroca ($201.82 in chips) 
Seat 3: jubilado1 ($100 in chips) 
Seat 4: worker0k ($100 in chips) 
Seat 5: HATT3N ($108.94 in chips) 
Seat 6: xcinaz ($100 in chips) 
reiyser: posts small blind $0.50
EAroca: posts big blind $1
*** HOLE CARDS ***
jubilado1: folds 
worker0k: raises $2 to $3
HATT3N: calls $3
xcinaz: raises $8.50 to $11.50
reiyser: folds 
EAroca: folds 
worker0k: raises $13.50 to $25
HATT3N: folds 
xcinaz: folds 
Uncalled bet ($13.50) returned to worker0k
worker0k collected $27.50 from pot
*** SUMMARY ***
Total pot $27.50 | Rake $0 
Seat 1: reiyser (small blind) folded before Flop
Seat 2: EAroca (big blind) folded before Flop
Seat 3: jubilado1 folded before Flop (didn't bet)
Seat 4: worker0k collected ($27.50)
Seat 5: HATT3N folded before Flop
Seat 6: xcinaz (button) folded before Flop



PokerStars Hand #254518258493:  Hold'em No Limit ($0.50/$1.00 USD) - 2025/01/23 19:49:56 WET [2025/01/23 14:49:56 ET]
Table 'Veteraniya IV' 6-max Seat #1 is the button
Seat 1: reiyser ($123.30 in chips) 
Seat 2: EAroca ($200.82 in chips) 
Seat 3: jubilado1 ($100 in chips) 
Seat 4: worker0k ($116 in chips) 
Seat 5: HATT3N ($105.94 in chips) 
Seat 6: xcinaz ($100 in chips) 
EAroca: posts small blind $0.50
jubilado1: posts big blind $1
*** HOLE CARDS ***
worker0k: folds 
HATT3N: calls $1
xcinaz: folds 
reiyser: folds 
EAroca: folds 
jubilado1: checks 
*** FLOP *** [6h 6c 7c]
jubilado1: checks 
HATT3N: bets $1
jubilado1: folds 
Uncalled bet ($1) returned to HATT3N
HATT3N collected $2.38 from pot
*** SUMMARY ***
Total pot $2.50 | Rake $0.12 
Board [6h 6c 7c]
Seat 1: reiyser (button) folded before Flop (didn't bet)
Seat 2: EAroca (small blind) folded before Flop
Seat 3: jubilado1 (big blind) folded on the Flop
Seat 4: worker0k folded before Flop (didn't bet)
Seat 5: HATT3N collected ($2.38)
Seat 6: xcinaz folded before Flop (didn't bet)



PokerStars Hand #254518265143:  Hold'em No Limit ($0.50/$1.00 USD) - 2025/01/23 19:50:21 WET [2025/01/23 14:50:21 ET]
Table 'Veteraniya IV' 6-max Seat #2 is the button
Seat 1: reiyser ($123.30 in chips) 
Seat 2: EAroca ($200.32 in chips) 
Seat 3: jubilado1 ($100 in chips) 
Seat 4: worker0k ($116 in chips) 
Seat 5: HATT3N ($107.32 in chips) 
Seat 6: xcinaz ($100 in chips) 
jubilado1: posts small blind $0.50
worker0k: posts big blind $1
*** HOLE CARDS ***
HATT3N: calls $1
xcinaz: raises $3 to $4
reiyser: folds 
EAroca: raises $8 to $12
jubilado1: folds 
worker0k: raises $104 to $116 and is all-in
HATT3N: folds 
xcinaz: folds 
EAroca: folds 
Uncalled bet ($104) returned to worker0k
worker0k collected $29.50 from pot
*** SUMMARY ***
Total pot $29.50 | Rake $0 
Seat 1: reiyser folded before Flop (didn't bet)
Seat 2: EAroca (button) folded before Flop
Seat 3: jubilado1 (small blind) folded before Flop
Seat 4: worker0k (big blind) collected ($29.50)
Seat 5: HATT3N folded before Flop
Seat 6: xcinaz folded before Flop



PokerStars Hand #254518274387:  Hold'em No Limit ($0.50/$1.00 USD) - 2025/01/23 19:50:56 WET [2025/01/23 14:50:56 ET]
Table 'Veteraniya IV' 6-max Seat #3 is the button
Seat 1: reiyser ($123.30 in chips) 
Seat 2: EAroca ($188.32 in chips) 
Seat 3: jubilado1 ($100 in chips) 
Seat 4: worker0k ($133.50 in chips) 
Seat 5: HATT3N ($106.32 in chips) 
Seat 6: xcinaz ($100 in chips) 
worker0k: posts small blind $0.50
HATT3N: posts big blind $1
*** HOLE CARDS ***
xcinaz: folds 
reiyser: folds 
EAroca: folds 
jubilado1: raises $1.50 to $2.50
worker0k: folds 
HATT3N: calls $1.50
*** FLOP *** [8c 4h 5c]
HATT3N: checks 
jubilado1: checks 
*** TURN *** [8c 4h 5c] [2c]
HATT3N: bets $1
jubilado1: folds 
Uncalled bet ($1) returned to HATT3N
HATT3N collected $5.22 from pot
*** SUMMARY ***
Total pot $5.50 | Rake $0.28 
Board [8c 4h 5c 2c]
Seat 1: reiyser folded before Flop (didn't bet)
Seat 2: EAroca folded before Flop (didn't bet)
Seat 3: jubilado1 (button) folded on the Turn
Seat 4: worker0k (small blind) folded before Flop
Seat 5: HATT3N (big blind) collected ($5.22)
Seat 6: xcinaz folded before Flop (didn't bet)



PokerStars Hand #254518282050:  Hold'em No Limit ($0.50/$1.00 USD) - 2025/01/23 19:51:25 WET [2025/01/23 14:51:25 ET]
Table 'Veteraniya IV' 6-max Seat #4 is the button
Seat 1: reiyser ($123.30 in chips) 
Seat 2: EAroca ($188.32 in chips) 
Seat 3: jubilado1 ($100 in chips) 
Seat 4: worker0k ($133 in chips) 
Seat 5: HATT3N ($109.04 in chips) 
Seat 6: xcinaz ($100 in chips) 
HATT3N: posts small blind $0.50
xcinaz: posts big blind $1
*** HOLE CARDS ***
reiyser: raises $1.23 to $2.23
EAroca: folds 
jubilado1: folds 
worker0k: folds 
HATT3N: calls $1.73
xcinaz: folds 
*** FLOP *** [As 7h 6s]
HATT3N: checks 
reiyser: checks 
*** TURN *** [As 7h 6s] [5s]
HATT3N: checks 
reiyser: checks 
*** RIVER *** [As 7h 6s 5s] [Jc]
HATT3N: checks 
reiyser: bets $2.70
HATT3N: folds 
Uncalled bet ($2.70) returned to reiyser
reiyser collected $5.19 from pot
reiyser: doesn't show hand 
*** SUMMARY ***
Total pot $5.46 | Rake $0.27 
Board [As 7h 6s 5s Jc]
Seat 1: reiyser collected ($5.19)
Seat 2: EAroca folded before Flop (didn't bet)
Seat 3: jubilado1 folded before Flop (didn't bet)
Seat 4: worker0k (button) folded before Flop (didn't bet)
Seat 5: HATT3N (small blind) folded on the River
Seat 6: xcinaz (big blind) folded before Flop



PokerStars Hand #254518295756:  Hold'em No Limit ($0.50/$1.00 USD) - 2025/01/23 19:52:16 WET [2025/01/23 14:52:16 ET]
Table 'Veteraniya IV' 6-max Seat #5 is the button
Seat 1: reiyser ($126.26 in chips) 
Seat 2: EAroca ($188.32 in chips) 
Seat 3: jubilado1 ($100 in chips) 
Seat 4: worker0k ($133 in chips) 
Seat 5: HATT3N ($106.81 in chips) 
Seat 6: xcinaz ($100 in chips) 
xcinaz: posts small blind $0.50
reiyser: posts big blind $1
*** HOLE CARDS ***
EAroca: folds 
jubilado1: folds 
worker0k: folds 
HATT3N: calls $1
xcinaz: folds 
reiyser: checks 
*** FLOP *** [Qh 7c 9h]
reiyser: checks 
HATT3N: bets $1
reiyser: calls $1
*** TURN *** [Qh 7c 9h] [Kc]
reiyser: checks 
HATT3N: bets $1
reiyser: calls $1
*** RIVER *** [Qh 7c 9h Kc] [2s]
reiyser: checks 
HATT3N: bets $2
reiyser: calls $2
*** SHOW DOWN ***
HATT3N: shows [Qc 8h] (a pair of Queens)
reiyser: mucks hand 
HATT3N collected $9.98 from pot
*** SUMMARY ***
Total pot $10.50 | Rake $0.52 
Board [Qh 7c 9h Kc 2s]
Seat 1: reiyser (big blind) mucked
Seat 2: EAroca folded before Flop (didn't bet)
Seat 3: jubilado1 folded before Flop (didn't bet)
Seat 4: worker0k folded before Flop (didn't bet)
Seat 5: HATT3N (button) showed [Qc 8h] and won ($9.98) with a pair of Queens
Seat 6: xcinaz (small blind) folded before Flop



PokerStars Hand #254518312453:  Hold'em No Limit ($0.50/$1.00 USD) - 2025/01/23 19:53:19 WET [2025/01/23 14:53:19 ET]
Table 'Veteraniya IV' 6-max Seat #6 is the button
Seat 1: reiyser ($121.26 in chips) 
Seat 2: EAroca ($188.32 in chips) 
Seat 3: jubilado1 ($100 in chips) 
Seat 4: worker0k ($133 in chips) 
Seat 5: HATT3N ($111.79 in chips) 
Seat 6: xcinaz ($100 in chips) 
reiyser: posts small blind $0.50
EAroca: posts big blind $1
*** HOLE CARDS ***
jubilado1: folds 
worker0k: folds 
HATT3N: calls $1
xcinaz: raises $3 to $4
reiyser: raises $11 to $15
EAroca: folds 
HATT3N: folds 
xcinaz: folds 
Uncalled bet ($11) returned to reiyser
reiyser collected $10 from pot
reiyser: doesn't show hand 
*** SUMMARY ***
Total pot $10 | Rake $0 
Seat 1: reiyser (small blind) collected ($10)
Seat 2: EAroca (big blind) folded before Flop
Seat 3: jubilado1 folded before Flop (didn't bet)
Seat 4: worker0k folded before Flop (didn't bet)
Seat 5: HATT3N folded before Flop
Seat 6: xcinaz (button) folded before Flop



PokerStars Hand #254518319748:  Hold'em No Limit ($0.50/$1.00 USD) - 2025/01/23 19:53:45 WET [2025/01/23 14:53:45 ET]
Table 'Veteraniya IV' 6-max Seat #1 is the button
Seat 1: reiyser ($127.26 in chips) 
Seat 2: EAroca ($187.32 in chips) 
Seat 3: jubilado1 ($100 in chips) 
Seat 4: worker0k ($133 in chips) 
Seat 5: HATT3N ($110.79 in chips) 
Seat 6: xcinaz ($100 in chips) 
EAroca: posts small blind $0.50
jubilado1: posts big blind $1
*** HOLE CARDS ***
worker0k: folds 
HATT3N: calls $1
xcinaz: folds 
reiyser: folds 
EAroca: raises $6.50 to $7.50
jubilado1: folds 
HATT3N: folds 
Uncalled bet ($6.50) returned to EAroca
EAroca collected $3 from pot
EAroca: doesn't show hand 
*** SUMMARY ***
Total pot $3 | Rake $0 
Seat 1: reiyser (button) folded before Flop (didn't bet)
Seat 2: EAroca (small blind) collected ($3)
Seat 3: jubilado1 (big blind) folded before Flop
Seat 4: worker0k folded before Flop (didn't bet)
Seat 5: HATT3N folded before Flop
Seat 6: xcinaz folded before Flop (didn't bet)



PokerStars Hand #254518325502:  Hold'em No Limit ($0.50/$1.00 USD) - 2025/01/23 19:54:07 WET [2025/01/23 14:54:07 ET]
Table 'Veteraniya IV' 6-max Seat #2 is the button
Seat 1: reiyser ($127.26 in chips) 
Seat 2: EAroca ($189.32 in chips) 
Seat 3: jubilado1 ($100 in chips) 
Seat 4: worker0k ($133 in chips) 
Seat 5: HATT3N ($109.79 in chips) 
Seat 6: xcinaz ($100 in chips) 
jubilado1: posts small blind $0.50
worker0k: posts big blind $1
*** HOLE CARDS ***
HATT3N: calls $1
xcinaz: folds 
reiyser: raises $3 to $4
EAroca: raises $9 to $13
jubilado1: folds 
worker0k: folds 
HATT3N: folds 
reiyser: folds 
Uncalled bet ($9) returned to EAroca
EAroca collected $10.50 from pot
EAroca: doesn't show hand 
*** SUMMARY ***
Total pot $10.50 | Rake $0 
Seat 1: reiyser folded before Flop
Seat 2: EAroca (button) collected ($10.50)
Seat 3: jubilado1 (small blind) folded before Flop
Seat 4: worker0k (big blind) folded before Flop
Seat 5: HATT3N folded before Flop
Seat 6: xcinaz folded before Flop (didn't bet)



PokerStars Hand #254518333780:  Hold'em No Limit ($0.50/$1.00 USD) - 2025/01/23 19:54:37 WET [2025/01/23 14:54:37 ET]
Table 'Veteraniya IV' 6-max Seat #3 is the button
Seat 1: reiyser ($123.26 in chips) 
Seat 2: EAroca ($195.82 in chips) 
Seat 3: jubilado1 ($100 in chips) 
Seat 4: worker0k ($132 in chips) 
Seat 5: HATT3N ($108.79 in chips) 
Seat 6: xcinaz ($100 in chips) 
worker0k: posts small blind $0.50
HATT3N: posts big blind $1
*** HOLE CARDS ***
xcinaz: folds 
reiyser: folds 
EAroca: raises $1.30 to $2.30
jubilado1: folds 
worker0k: folds 
HATT3N: calls $1.30
*** FLOP *** [Qd 9d Kc]
HATT3N: bets $4.84
EAroca: folds 
Uncalled bet ($4.84) returned to HATT3N
HATT3N collected $4.84 from pot
*** SUMMARY ***
Total pot $5.10 | Rake $0.26 
Board [Qd 9d Kc]
Seat 1: reiyser folded before Flop (didn't bet)
Seat 2: EAroca folded on the Flop
Seat 3: jubilado1 (button) folded before Flop (didn't bet)
Seat 4: worker0k (small blind) folded before Flop
Seat 5: HATT3N (big blind) collected ($4.84)
Seat 6: xcinaz folded before Flop (didn't bet)



PokerStars Hand #254518342416:  Hold'em No Limit ($0.50/$1.00 USD) - 2025/01/23 19:55:09 WET [2025/01/23 14:55:09 ET]
Table 'Veteraniya IV' 6-max Seat #4 is the button
Seat 1: reiyser ($123.26 in chips) 
Seat 2: EAroca ($193.52 in chips) 
Seat 3: jubilado1 ($100 in chips) 
Seat 4: worker0k ($131.50 in chips) 
Seat 5: HATT3N ($111.33 in chips) 
Seat 6: xcinaz ($100 in chips) 
HATT3N: posts small blind $0.50
xcinaz: posts big blind $1
*** HOLE CARDS ***
reiyser: folds 
EAroca: raises $1.10 to $2.10
jubilado1: folds 
worker0k: raises $4.90 to $7
HATT3N: folds 
xcinaz: raises $93 to $100 and is all-in
EAroca: folds 
worker0k: folds 
Uncalled bet ($93) returned to xcinaz
xcinaz collected $16.60 from pot
xcinaz: doesn't show hand 
*** SUMMARY ***
Total pot $16.60 | Rake $0 
Seat 1: reiyser folded before Flop (didn't bet)
Seat 2: EAroca folded before Flop
Seat 3: jubilado1 folded before Flop (didn't bet)
Seat 4: worker0k (button) folded before Flop
Seat 5: HATT3N (small blind) folded before Flop
Seat 6: xcinaz (big blind) collected ($16.60)



PokerStars Hand #254518347473:  Hold'em No Limit ($0.50/$1.00 USD) - 2025/01/23 19:55:32 WET [2025/01/23 14:55:32 ET]
Table 'Veteraniya IV' 6-max Seat #5 is the button
Seat 1: reiyser ($123.26 in chips) 
Seat 2: EAroca ($191.42 in chips) 
Seat 3: jubilado1 ($100 in chips) 
Seat 4: worker0k ($124.50 in chips) 
Seat 5: HATT3N ($110.83 in chips) 
Seat 6: xcinaz ($109.60 in chips) 
xcinaz: posts small blind $0.50
reiyser: posts big blind $1
*** HOLE CARDS ***
EAroca: folds 
jubilado1: folds 
worker0k: folds 
HATT3N: calls $1
xcinaz: folds 
reiyser: raises $3 to $4
HATT3N: calls $3
*** FLOP *** [7s 6h 6c]
reiyser: checks 
HATT3N: bets $4
reiyser: folds 
Uncalled bet ($4) returned to HATT3N
HATT3N collected $8.08 from pot
*** SUMMARY ***
Total pot $8.50 | Rake $0.42 
Board [7s 6h 6c]
Seat 1: reiyser (big blind) folded on the Flop
Seat 2: EAroca folded before Flop (didn't bet)
Seat 3: jubilado1 folded before Flop (didn't bet)
Seat 4: worker0k folded before Flop (didn't bet)
Seat 5: HATT3N (button) collected ($8.08)
Seat 6: xcinaz (small blind) folded before Flop



PokerStars Hand #254518355291:  Hold'em No Limit ($0.50/$1.00 USD) - 2025/01/23 19:56:10 WET [2025/01/23 14:56:10 ET]
Table 'Veteraniya IV' 6-max Seat #6 is the button
Seat 1: reiyser ($119.26 in chips) 
Seat 2: EAroca ($191.42 in chips) 
Seat 3: jubilado1 ($100 in chips) 
Seat 4: worker0k ($124.50 in chips) 
Seat 5: HATT3N ($114.91 in chips) 
Seat 6: xcinaz ($109.10 in chips) 
reiyser: posts small blind $0.50
EAroca: posts big blind $1
*** HOLE CARDS ***
jubilado1: folds 
worker0k: folds 
HATT3N: calls $1
xcinaz: folds 
reiyser: raises $3 to $4
EAroca: raises $10 to $14
HATT3N: folds 
reiyser: calls $10
*** FLOP *** [9c 2d 2c]
reiyser: checks 
EAroca: bets $11.04
reiyser: folds 
Uncalled bet ($11.04) returned to EAroca
EAroca collected $27.55 from pot
EAroca: doesn't show hand 
*** SUMMARY ***
Total pot $29 | Rake $1.45 
Board [9c 2d 2c]
Seat 1: reiyser (small blind) folded on the Flop
Seat 2: EAroca (big blind) collected ($27.55)
Seat 3: jubilado1 folded before Flop (didn't bet)
Seat 4: worker0k folded before Flop (didn't bet)
Seat 5: HATT3N folded before Flop
Seat 6: xcinaz (button) folded before Flop (didn't bet)



PokerStars Hand #254518366610:  Hold'em No Limit ($0.50/$1.00 USD) - 2025/01/23 19:57:05 WET [2025/01/23 14:57:05 ET]
Table 'Veteraniya IV' 6-max Seat #1 is the button
Seat 1: reiyser ($105.26 in chips) 
Seat 2: EAroca ($204.97 in chips) 
Seat 3: jubilado1 ($100 in chips) 
Seat 4: worker0k ($124.50 in chips) 
Seat 5: HATT3N ($113.91 in chips) 
Seat 6: xcinaz ($109.10 in chips) 
EAroca: posts small blind $0.50
jubilado1: posts big blind $1
*** HOLE CARDS ***
worker0k: folds 
HATT3N: calls $1
xcinaz: folds 
reiyser: raises $3 to $4
EAroca: folds 
jubilado1: folds 
HATT3N: calls $3
*** FLOP *** [2h 2s Qh]
HATT3N: checks 
reiyser: checks 
*** TURN *** [2h 2s Qh] [Ks]
HATT3N: bets $2
reiyser: calls $2
*** RIVER *** [2h 2s Qh Ks] [5h]
HATT3N: checks 
reiyser: bets $3.72
HATT3N: calls $3.72
*** SHOW DOWN ***
reiyser: shows [Jh Jd] (two pair, Jacks and Deuces)
HATT3N: shows [Kd Ac] (two pair, Kings and Deuces)
HATT3N collected $19.89 from pot
*** SUMMARY ***
Total pot $20.94 | Rake $1.05 
Board [2h 2s Qh Ks 5h]
Seat 1: reiyser (button) showed [Jh Jd] and lost with two pair, Jacks and Deuces
Seat 2: EAroca (small blind) folded before Flop
Seat 3: jubilado1 (big blind) folded before Flop
Seat 4: worker0k folded before Flop (didn't bet)
Seat 5: HATT3N showed [Kd Ac] and won ($19.89) with two pair, Kings and Deuces
Seat 6: xcinaz folded before Flop (didn't bet)



PokerStars Hand #254518380359:  Hold'em No Limit ($0.50/$1.00 USD) - 2025/01/23 19:58:11 WET [2025/01/23 14:58:11 ET]
Table 'Veteraniya IV' 6-max Seat #2 is the button
Seat 1: reiyser ($100 in chips) 
Seat 2: EAroca ($204.47 in chips) 
Seat 3: jubilado1 ($100 in chips) 
Seat 4: worker0k ($124.50 in chips) 
Seat 5: HATT3N ($124.08 in chips) 
Seat 6: xcinaz ($109.10 in chips) 
jubilado1: posts small blind $0.50
worker0k: posts big blind $1
*** HOLE CARDS ***
HATT3N: calls $1
xcinaz: folds 
reiyser: raises $3 to $4
EAroca: folds 
jubilado1: folds 
worker0k: folds 
HATT3N: calls $3
*** FLOP *** [Qd 9h 7s]
HATT3N: checks 
reiyser: checks 
*** TURN *** [Qd 9h 7s] [7c]
HATT3N: bets $1
reiyser: raises $5.73 to $6.73
HATT3N: folds 
Uncalled bet ($5.73) returned to reiyser
reiyser collected $10.92 from pot
reiyser: doesn't show hand 
*** SUMMARY ***
Total pot $11.50 | Rake $0.58 
Board [Qd 9h 7s 7c]
Seat 1: reiyser collected ($10.92)
Seat 2: EAroca (button) folded before Flop (didn't bet)
Seat 3: jubilado1 (small blind) folded before Flop
Seat 4: worker0k (big blind) folded before Flop
Seat 5: HATT3N folded on the Turn
Seat 6: xcinaz folded before Flop (didn't bet)



PokerStars Hand #254518396178:  Hold'em No Limit ($0.50/$1.00 USD) - 2025/01/23 19:59:27 WET [2025/01/23 14:59:27 ET]
Table 'Veteraniya IV' 6-max Seat #3 is the button
Seat 1: reiyser ($105.92 in chips) 
Seat 2: EAroca ($204.47 in chips) 
Seat 3: jubilado1 ($100 in chips) 
Seat 4: worker0k ($123.50 in chips) 
Seat 5: HATT3N ($119.08 in chips) 
Seat 6: xcinaz ($109.10 in chips) 
worker0k: posts small blind $0.50
HATT3N: posts big blind $1
*** HOLE CARDS ***
xcinaz: folds 
reiyser: folds 
EAroca: folds 
jubilado1: raises $1.50 to $2.50
worker0k: folds 
HATT3N: calls $1.50
*** FLOP *** [2h 5c 6c]
HATT3N: checks 
jubilado1: checks 
*** TURN *** [2h 5c 6c] [8c]
HATT3N: bets $2
jubilado1: calls $2
*** RIVER *** [2h 5c 6c 8c] [Ac]
HATT3N: bets $2
jubilado1: calls $2
*** SHOW DOWN ***
HATT3N: shows [7d 4c] (a flush, Ace high)
jubilado1: shows [Tc Kh] (a flush, Ace high - Ten higher)
jubilado1 collected $12.82 from pot
*** SUMMARY ***
Total pot $13.50 | Rake $0.68 
Board [2h 5c 6c 8c Ac]
Seat 1: reiyser folded before Flop (didn't bet)
Seat 2: EAroca folded before Flop (didn't bet)
Seat 3: jubilado1 (button) showed [Tc Kh] and won ($12.82) with a flush, Ace high
Seat 4: worker0k (small blind) folded before Flop
Seat 5: HATT3N (big blind) showed [7d 4c] and lost with a flush, Ace high
Seat 6: xcinaz folded before Flop (didn't bet)



PokerStars Hand #254518528321:  Hold'em No Limit ($0.50/$1.00 USD) - 2025/01/23 20:07:43 WET [2025/01/23 15:07:43 ET]
Table 'Veteraniya IV' 6-max Seat #4 is the button
Seat 1: reiyser ($102.92 in chips) 
Seat 2: EAroca ($214.58 in chips) 
Seat 3: jubilado1 ($100 in chips) 
Seat 4: worker0k ($142 in chips) 
Seat 5: HATT3N ($102.94 in chips) 
Seat 6: xcinaz ($103.60 in chips) 
HATT3N: posts small blind $0.50
xcinaz: posts big blind $1
*** HOLE CARDS ***
reiyser: folds 
EAroca: folds 
jubilado1: raises $1 to $2
worker0k: calls $2
HATT3N: calls $1.50
xcinaz: folds 
*** FLOP *** [8d 4s Td]
HATT3N: checks 
jubilado1: checks 
worker0k: checks 
*** TURN *** [8d 4s Td] [3h]
HATT3N: checks 
jubilado1: checks 
worker0k: bets $1.66
HATT3N: calls $1.66
jubilado1: folds 
*** RIVER *** [8d 4s Td 3h] [3c]
HATT3N: bets $4.80
worker0k: folds 
Uncalled bet ($4.80) returned to HATT3N
HATT3N collected $9.80 from pot
*** SUMMARY ***
Total pot $10.32 | Rake $0.52 
Board [8d 4s Td 3h 3c]
Seat 1: reiyser folded before Flop (didn't bet)
Seat 2: EAroca folded before Flop (didn't bet)
Seat 3: jubilado1 folded on the Turn
Seat 4: worker0k (button) folded on the River
Seat 5: HATT3N (small blind) collected ($9.80)
Seat 6: xcinaz (big blind) folded before Flop



PokerStars Hand #254518556038:  Hold'em No Limit ($0.50/$1.00 USD) - 2025/01/23 20:09:19 WET [2025/01/23 15:09:19 ET]
Table 'Veteraniya IV' 6-max Seat #5 is the button
Seat 1: reiyser ($102.92 in chips) 
Seat 2: EAroca ($214.58 in chips) 
Seat 3: jubilado1 ($100 in chips) 
Seat 4: worker0k ($138.34 in chips) 
Seat 5: HATT3N ($109.08 in chips) 
Seat 6: xcinaz ($102.60 in chips) 
xcinaz: posts small blind $0.50
reiyser: posts big blind $1
*** HOLE CARDS ***
EAroca: folds 
jubilado1: raises $1 to $2
worker0k: folds 
HATT3N: calls $2
xcinaz: folds 
reiyser: calls $1
*** FLOP *** [4d 5d Jc]
reiyser: checks 
jubilado1: bets $2.47
HATT3N: calls $2.47
reiyser: raises $7.07 to $9.54
jubilado1: folds 
HATT3N: calls $7.07
*** TURN *** [4d 5d Jc] [7d]
reiyser: checks 
HATT3N: bets $10
reiyser: raises $24.26 to $34.26
HATT3N: folds 
Uncalled bet ($24.26) returned to reiyser
reiyser collected $45.65 from pot
reiyser: doesn't show hand 
*** SUMMARY ***
Total pot $48.05 | Rake $2.40 
Board [4d 5d Jc 7d]
Seat 1: reiyser (big blind) collected ($45.65)
Seat 2: EAroca folded before Flop (didn't bet)
Seat 3: jubilado1 folded on the Flop
Seat 4: worker0k folded before Flop (didn't bet)
Seat 5: HATT3N (button) folded on the Turn
Seat 6: xcinaz (small blind) folded before Flop



PokerStars Hand #254518578021:  Hold'em No Limit ($0.50/$1.00 USD) - 2025/01/23 20:10:35 WET [2025/01/23 15:10:35 ET]
Table 'Veteraniya IV' 6-max Seat #6 is the button
Seat 1: reiyser ($127.03 in chips) 
Seat 2: EAroca ($214.58 in chips) 
Seat 3: jubilado1 ($100 in chips) 
Seat 4: worker0k ($138.34 in chips) 
Seat 5: HATT3N ($87.54 in chips) 
Seat 6: xcinaz ($102.10 in chips) 
reiyser: posts small blind $0.50
EAroca: posts big blind $1
*** HOLE CARDS ***
jubilado1: folds 
worker0k: raises $1.30 to $2.30
HATT3N: calls $2.30
xcinaz: folds 
reiyser: folds 
EAroca: folds 
*** FLOP *** [Td As 7h]
worker0k: bets $2.90
HATT3N: calls $2.90
*** TURN *** [Td As 7h] [Qh]
worker0k: checks 
HATT3N: bets $11.30
worker0k: calls $11.30
*** RIVER *** [Td As 7h Qh] [Kd]
worker0k: checks 
HATT3N: checks 
*** SHOW DOWN ***
worker0k: shows [Ac Qc] (two pair, Aces and Queens)
HATT3N: mucks hand 
worker0k collected $32.78 from pot
*** SUMMARY ***
Total pot $34.50 | Rake $1.72 
Board [Td As 7h Qh Kd]
Seat 1: reiyser (small blind) folded before Flop
Seat 2: EAroca (big blind) folded before Flop
Seat 3: jubilado1 folded before Flop (didn't bet)
Seat 4: worker0k showed [Ac Qc] and won ($32.78) with two pair, Aces and Queens
Seat 5: HATT3N mucked
Seat 6: xcinaz (button) folded before Flop (didn't bet)



PokerStars Hand #254518594736:  Hold'em No Limit ($0.50/$1.00 USD) - 2025/01/23 20:11:32 WET [2025/01/23 15:11:32 ET]
Table 'Veteraniya IV' 6-max Seat #1 is the button
Seat 1: reiyser ($126.53 in chips) 
Seat 2: EAroca ($213.58 in chips) 
Seat 3: jubilado1 ($100 in chips) 
Seat 4: worker0k ($154.62 in chips) 
Seat 5: HATT3N ($71.04 in chips) 
Seat 6: xcinaz ($102.10 in chips) 
EAroca: posts small blind $0.50
jubilado1: posts big blind $1
*** HOLE CARDS ***
worker0k: folds 
HATT3N: calls $1
xcinaz: folds 
reiyser: folds 
EAroca: raises $4 to $5
jubilado1: raises $7 to $12
HATT3N: calls $11
EAroca: folds 
*** FLOP *** [3c 7h Qc]
jubilado1: checks 
HATT3N: bets $27.55
jubilado1: raises $60.45 to $88 and is all-in
HATT3N: calls $31.49 and is all-in
Uncalled bet ($28.96) returned to jubilado1
*** TURN *** [3c 7h Qc] [5d]
*** RIVER *** [3c 7h Qc 5d] [Ah]
*** SHOW DOWN ***
jubilado1: shows [9c Kc] (high card Ace)
HATT3N: shows [8c Jc] (high card Ace - lower kicker)
jubilado1 collected $144.58 from pot
*** SUMMARY ***
Total pot $147.08 | Rake $2.50 
Board [3c 7h Qc 5d Ah]
Seat 1: reiyser (button) folded before Flop (didn't bet)
Seat 2: EAroca (small blind) folded before Flop
Seat 3: jubilado1 (big blind) showed [9c Kc] and won ($144.58) with high card Ace
Seat 4: worker0k folded before Flop (didn't bet)
Seat 5: HATT3N showed [8c Jc] and lost with high card Ace
Seat 6: xcinaz folded before Flop (didn't bet)



PokerStars Hand #254518614779:  Hold'em No Limit ($0.50/$1.00 USD) - 2025/01/23 20:12:40 WET [2025/01/23 15:12:40 ET]
Table 'Veteraniya IV' 6-max Seat #2 is the button
Seat 5: HATT3N ($0 in chips) is sitting out
Seat 1: reiyser ($126.53 in chips) 
Seat 2: EAroca ($208.58 in chips) 
Seat 3: jubilado1 ($173.54 in chips) 
Seat 4: worker0k ($154.62 in chips) 
Seat 6: xcinaz ($102.10 in chips) 
jubilado1: posts small blind $0.50
worker0k: posts big blind $1
*** HOLE CARDS ***
xcinaz: folds 
reiyser: folds 
HATT3N leaves the table
EAroca: raises $1.50 to $2.50
jubilado1: folds 
worker0k: folds 
Uncalled bet ($1.50) returned to EAroca
EAroca collected $2.50 from pot
EAroca: doesn't show hand 
*** SUMMARY ***
Total pot $2.50 | Rake $0 
Seat 5: HATT3N
Seat 1: reiyser folded before Flop (didn't bet)
Seat 2: EAroca (button) collected ($2.50)
Seat 3: jubilado1 (small blind) folded before Flop
Seat 4: worker0k (big blind) folded before Flop
Seat 6: xcinaz folded before Flop (didn't bet)



PokerStars Hand #254518620316:  Hold'em No Limit ($0.50/$1.00 USD) - 2025/01/23 20:12:59 WET [2025/01/23 15:12:59 ET]
Table 'Veteraniya IV' 6-max Seat #3 is the button
Seat 1: reiyser ($126.53 in chips) 
Seat 2: EAroca ($210.08 in chips) 
Seat 3: jubilado1 ($173.04 in chips) 
Seat 4: worker0k ($153.62 in chips) 
Seat 6: xcinaz ($102.10 in chips) 
worker0k: posts small blind $0.50
xcinaz: posts big blind $1
*** HOLE CARDS ***
reiyser: folds 
EAroca: folds 
jubilado1: folds 
worker0k: raises $1.80 to $2.80
BoyLoc0 joins the table at seat #5 
xcinaz: calls $1.80
*** FLOP *** [4h 7c Qs]
worker0k: bets $1.76
xcinaz: calls $1.76
*** TURN *** [4h 7c Qs] [8d]
worker0k: bets $5.63
xcinaz: folds 
Uncalled bet ($5.63) returned to worker0k
worker0k collected $8.66 from pot
*** SUMMARY ***
Total pot $9.12 | Rake $0.46 
Board [4h 7c Qs 8d]
Seat 1: reiyser folded before Flop (didn't bet)
Seat 2: EAroca folded before Flop (didn't bet)
Seat 3: jubilado1 (button) folded before Flop (didn't bet)
Seat 4: worker0k (small blind) collected ($8.66)
Seat 6: xcinaz (big blind) folded on the Turn



PokerStars Hand #254518630478:  Hold'em No Limit ($0.50/$1.00 USD) - 2025/01/23 20:13:33 WET [2025/01/23 15:13:33 ET]
Table 'Veteraniya IV' 6-max Seat #4 is the button
Seat 1: reiyser ($126.53 in chips) is sitting out
Seat 2: EAroca ($210.08 in chips) is sitting out
Seat 5: BoyLoc0 ($100 in chips) is sitting out
Seat 3: jubilado1 ($173.04 in chips) 
Seat 4: worker0k ($157.72 in chips) 
Seat 6: xcinaz ($100 in chips) 
xcinaz: posts small blind $0.50
reiyser: is sitting out 
EAroca: is sitting out 
jubilado1: posts big blind $1
*** HOLE CARDS ***
EAroca leaves the table
worker0k: folds 
xcinaz: folds 
Uncalled bet ($0.50) returned to jubilado1
jubilado1 collected $1 from pot
jubilado1: doesn't show hand 
*** SUMMARY ***
Total pot $1 | Rake $0 
Seat 1: reiyser
Seat 2: EAroca
Seat 5: BoyLoc0
Seat 3: jubilado1 (big blind) collected ($1)
Seat 4: worker0k (button) folded before Flop (didn't bet)
Seat 6: xcinaz (small blind) folded before Flop



PokerStars Hand #254518633687:  Hold'em No Limit ($0.50/$1.00 USD) - 2025/01/23 20:13:45 WET [2025/01/23 15:13:45 ET]
Table 'Veteraniya IV' 6-max Seat #6 is the button
Seat 1: reiyser ($126.53 in chips) is sitting out
Seat 5: BoyLoc0 ($100 in chips) is sitting out
Seat 3: jubilado1 ($173.54 in chips) 
Seat 4: worker0k ($157.72 in chips) 
Seat 6: xcinaz ($100 in chips) 
jubilado1: posts small blind $0.50
worker0k: posts big blind $1
BoyLoc0: sits out 
*** HOLE CARDS ***
reiyser leaves the table
xcinaz: folds 
jubilado1: folds 
Uncalled bet ($0.50) returned to worker0k
worker0k collected $1 from pot
*** SUMMARY ***
Total pot $1 | Rake $0 
Seat 1: reiyser
Seat 5: BoyLoc0
Seat 3: jubilado1 (small blind) folded before Flop
Seat 4: worker0k (big blind) collected ($1)
Seat 6: xcinaz (button) folded before Flop (didn't bet)



PokerStars Hand #254518642107:  Hold'em No Limit ($0.50/$1.00 USD) - 2025/01/23 20:14:13 WET [2025/01/23 15:14:13 ET]
Table 'Veteraniya IV' 6-max Seat #2 is the button
Seat 2: UnderC@t ($100 in chips) 
Seat 3: jubilado1 ($173.04 in chips) 
Seat 5: BoyLoc0 ($100 in chips) 
jubilado1: posts small blind $0.50
BoyLoc0: posts big blind $1
*** HOLE CARDS ***
UnderC@t: folds 
jubilado1: raises $2 to $3
BoyLoc0: folds 
Uncalled bet ($2) returned to jubilado1
jubilado1 collected $2 from pot
jubilado1: doesn't show hand 
*** SUMMARY ***
Total pot $2 | Rake $0 
Seat 2: UnderC@t (button) folded before Flop (didn't bet)
Seat 3: jubilado1 (small blind) collected ($2)
Seat 5: BoyLoc0 (big blind) folded before Flop



PokerStars Hand #254518650661:  Hold'em No Limit ($0.50/$1.00 USD) - 2025/01/23 20:14:42 WET [2025/01/23 15:14:42 ET]
Table 'Veteraniya IV' 6-max Seat #3 is the button
Seat 2: UnderC@t ($100 in chips) 
Seat 3: jubilado1 ($174.04 in chips) 
Seat 5: BoyLoc0 ($100 in chips) 
BoyLoc0: posts small blind $0.50
UnderC@t: posts big blind $1
*** HOLE CARDS ***
jubilado1: raises $1.50 to $2.50
BoyLoc0: folds 
UnderC@t: calls $1.50
*** FLOP *** [2s Td Jc]
UnderC@t: checks 
jubilado1: checks 
*** TURN *** [2s Td Jc] [2h]
UnderC@t: bets $1.57
jubilado1: folds 
Uncalled bet ($1.57) returned to UnderC@t
UnderC@t collected $5.22 from pot
UnderC@t: doesn't show hand 
*** SUMMARY ***
Total pot $5.50 | Rake $0.28 
Board [2s Td Jc 2h]
Seat 2: UnderC@t (big blind) collected ($5.22)
Seat 3: jubilado1 (button) folded on the Turn
Seat 5: BoyLoc0 (small blind) folded before Flop



PokerStars Hand #254518712237:  Hold'em No Limit ($0.50/$1.00 USD) - 2025/01/23 20:18:09 WET [2025/01/23 15:18:09 ET]
Table 'Veteraniya IV' 6-max Seat #4 is the button
Seat 1: VahTang_89 ($100 in chips) 
Seat 2: blackclan7 ($102.20 in chips) 
Seat 3: Rezzonner ($100 in chips) 
Seat 4: peterfilia ($59.96 in chips) 
Seat 5: Gfoer ($100 in chips) 
Seat 6: Alinyr ($100 in chips) 
Gfoer: posts small blind $0.50
Alinyr: posts big blind $1
*** HOLE CARDS ***
VahTang_89: folds 
blackclan7: folds 
Rezzonner: raises $1.50 to $2.50
peterfilia: folds 
Gfoer: folds 
Alinyr: calls $1.50
*** FLOP *** [7s 5c 8d]
Alinyr: checks 
Rezzonner: checks 
*** TURN *** [7s 5c 8d] [4d]
Alinyr: bets $5.27
Rezzonner: folds 
Uncalled bet ($5.27) returned to Alinyr
Alinyr collected $5.22 from pot
Alinyr: doesn't show hand 
*** SUMMARY ***
Total pot $5.50 | Rake $0.28 
Board [7s 5c 8d 4d]
Seat 1: VahTang_89 folded before Flop (didn't bet)
Seat 2: blackclan7 folded before Flop (didn't bet)
Seat 3: Rezzonner folded on the Turn
Seat 4: peterfilia (button) folded before Flop (didn't bet)
Seat 5: Gfoer (small blind) folded before Flop
Seat 6: Alinyr (big blind) collected ($5.22)



PokerStars Hand #254518733058:  Hold'em No Limit ($0.50/$1.00 USD) - 2025/01/23 20:19:19 WET [2025/01/23 15:19:19 ET]
Table 'Veteraniya IV' 6-max Seat #5 is the button
Seat 1: VahTang_89 ($100 in chips) 
Seat 2: blackclan7 ($102.20 in chips) 
Seat 3: Rezzonner ($100 in chips) 
Seat 4: peterfilia ($59.96 in chips) 
Seat 5: Gfoer ($100 in chips) 
Seat 6: Alinyr ($102.72 in chips) 
Alinyr: posts small blind $0.50
VahTang_89: posts big blind $1
*** HOLE CARDS ***
blackclan7: folds 
Rezzonner: raises $1.50 to $2.50
peterfilia: folds 
Gfoer: raises $6 to $8.50
Alinyr: folds 
VahTang_89: folds 
Rezzonner: calls $6
*** FLOP *** [6h 4c Qs]
Rezzonner: checks 
Gfoer: bets $5.85
Rezzonner: calls $5.85
*** TURN *** [6h 4c Qs] [Qc]
Rezzonner: checks 
Gfoer: checks 
*** RIVER *** [6h 4c Qs Qc] [7s]
Rezzonner: checks 
Gfoer: bets $85.65 and is all-in
Rezzonner: folds 
Uncalled bet ($85.65) returned to Gfoer
Gfoer collected $28.69 from pot
Gfoer: doesn't show hand 
*** SUMMARY ***
Total pot $30.20 | Rake $1.51 
Board [6h 4c Qs Qc 7s]
Seat 1: VahTang_89 (big blind) folded before Flop
Seat 2: blackclan7 folded before Flop (didn't bet)
Seat 3: Rezzonner folded on the River
Seat 4: peterfilia folded before Flop (didn't bet)
Seat 5: Gfoer (button) collected ($28.69)
Seat 6: Alinyr (small blind) folded before Flop



PokerStars Hand #254518770377:  Hold'em No Limit ($0.50/$1.00 USD) - 2025/01/23 20:21:25 WET [2025/01/23 15:21:25 ET]
Table 'Veteraniya IV' 6-max Seat #6 is the button
Seat 1: VahTang_89 ($100 in chips) 
Seat 2: blackclan7 ($102.20 in chips) 
Seat 3: Rezzonner ($100 in chips) 
Seat 4: peterfilia ($59.96 in chips) 
Seat 5: Gfoer ($114.34 in chips) 
Seat 6: Alinyr ($102.22 in chips) 
VahTang_89: posts small blind $0.50
blackclan7: posts big blind $1
*** HOLE CARDS ***
Rezzonner: raises $1.50 to $2.50
peterfilia: folds 
Gfoer: folds 
Alinyr: folds 
VahTang_89: folds 
blackclan7: calls $1.50
*** FLOP *** [Qd Kh 5d]
blackclan7: checks 
Rezzonner: bets $2.61
blackclan7: folds 
Uncalled bet ($2.61) returned to Rezzonner
Rezzonner collected $5.22 from pot
Rezzonner: doesn't show hand 
*** SUMMARY ***
Total pot $5.50 | Rake $0.28 
Board [Qd Kh 5d]
Seat 1: VahTang_89 (small blind) folded before Flop
Seat 2: blackclan7 (big blind) folded on the Flop
Seat 3: Rezzonner collected ($5.22)
Seat 4: peterfilia folded before Flop (didn't bet)
Seat 5: Gfoer folded before Flop (didn't bet)
Seat 6: Alinyr (button) folded before Flop (didn't bet)



PokerStars Hand #254518779456:  Hold'em No Limit ($0.50/$1.00 USD) - 2025/01/23 20:21:56 WET [2025/01/23 15:21:56 ET]
Table 'Veteraniya IV' 6-max Seat #1 is the button
Seat 1: VahTang_89 ($100 in chips) 
Seat 2: blackclan7 ($100 in chips) 
Seat 3: Rezzonner ($102.72 in chips) 
Seat 4: peterfilia ($59.96 in chips) 
Seat 5: Gfoer ($114.34 in chips) 
Seat 6: Alinyr ($102.22 in chips) 
blackclan7: posts small blind $0.50
Rezzonner: posts big blind $1
*** HOLE CARDS ***
peterfilia: folds 
Gfoer: folds 
Alinyr: raises $1.28 to $2.28
VahTang_89: folds 
blackclan7: folds 
Rezzonner: raises $7.22 to $9.50
Alinyr: folds 
Uncalled bet ($7.22) returned to Rezzonner
Rezzonner collected $5.06 from pot
Rezzonner: doesn't show hand 
*** SUMMARY ***
Total pot $5.06 | Rake $0 
Seat 1: VahTang_89 (button) folded before Flop (didn't bet)
Seat 2: blackclan7 (small blind) folded before Flop
Seat 3: Rezzonner (big blind) collected ($5.06)
Seat 4: peterfilia folded before Flop (didn't bet)
Seat 5: Gfoer folded before Flop (didn't bet)
Seat 6: Alinyr folded before Flop



PokerStars Hand #254518789183:  Hold'em No Limit ($0.50/$1.00 USD) - 2025/01/23 20:22:28 WET [2025/01/23 15:22:28 ET]
Table 'Veteraniya IV' 6-max Seat #2 is the button
Seat 1: VahTang_89 ($100 in chips) 
Seat 2: blackclan7 ($100 in chips) 
Seat 3: Rezzonner ($105.50 in chips) 
Seat 4: peterfilia ($59.96 in chips) 
Seat 5: Gfoer ($114.34 in chips) 
Seat 6: Alinyr ($100 in chips) 
Rezzonner: posts small blind $0.50
peterfilia: posts big blind $1
*** HOLE CARDS ***
Gfoer: folds 
Alinyr: folds 
VahTang_89: raises $1.20 to $2.20
blackclan7: raises $5.31 to $7.51
Rezzonner: folds 
peterfilia: calls $6.51
VahTang_89: folds 
*** FLOP *** [2h Kc 2d]
peterfilia: checks 
blackclan7: bets $5.55
peterfilia: folds 
Uncalled bet ($5.55) returned to blackclan7
blackclan7 collected $16.83 from pot
blackclan7: doesn't show hand 
*** SUMMARY ***
Total pot $17.72 | Rake $0.89 
Board [2h Kc 2d]
Seat 1: VahTang_89 folded before Flop
Seat 2: blackclan7 (button) collected ($16.83)
Seat 3: Rezzonner (small blind) folded before Flop
Seat 4: peterfilia (big blind) folded on the Flop
Seat 5: Gfoer folded before Flop (didn't bet)
Seat 6: Alinyr folded before Flop (didn't bet)



PokerStars Hand #254518806748:  Hold'em No Limit ($0.50/$1.00 USD) - 2025/01/23 20:23:28 WET [2025/01/23 15:23:28 ET]
Table 'Veteraniya IV' 6-max Seat #3 is the button
Seat 1: VahTang_89 ($100 in chips) 
Seat 2: blackclan7 ($109.32 in chips) 
Seat 3: Rezzonner ($105 in chips) 
Seat 4: peterfilia ($52.45 in chips) 
Seat 5: Gfoer ($114.34 in chips) 
Seat 6: Alinyr ($100 in chips) 
peterfilia: posts small blind $0.50
Gfoer: posts big blind $1
*** HOLE CARDS ***
Alinyr: folds 
VahTang_89: folds 
blackclan7: folds 
Rezzonner: folds 
peterfilia: calls $0.50
Gfoer: checks 
*** FLOP *** [Qh Ks Js]
peterfilia: checks 
Gfoer: bets $2.13
peterfilia: calls $2.13
*** TURN *** [Qh Ks Js] [8h]
peterfilia: checks 
Gfoer: bets $11.83
peterfilia: folds 
Uncalled bet ($11.83) returned to Gfoer
Gfoer collected $5.95 from pot
Gfoer: doesn't show hand 
*** SUMMARY ***
Total pot $6.26 | Rake $0.31 
Board [Qh Ks Js 8h]
Seat 1: VahTang_89 folded before Flop (didn't bet)
Seat 2: blackclan7 folded before Flop (didn't bet)
Seat 3: Rezzonner (button) folded before Flop (didn't bet)
Seat 4: peterfilia (small blind) folded on the Turn
Seat 5: Gfoer (big blind) collected ($5.95)
Seat 6: Alinyr folded before Flop (didn't bet)



PokerStars Hand #254518817790:  Hold'em No Limit ($0.50/$1.00 USD) - 2025/01/23 20:24:04 WET [2025/01/23 15:24:04 ET]
Table 'Veteraniya IV' 6-max Seat #4 is the button
Seat 1: VahTang_89 ($100 in chips) 
Seat 2: blackclan7 ($109.32 in chips) 
Seat 3: Rezzonner ($105 in chips) 
Seat 4: peterfilia ($49.32 in chips) 
Seat 5: Gfoer ($117.16 in chips) 
Seat 6: Alinyr ($100 in chips) 
Gfoer: posts small blind $0.50
Alinyr: posts big blind $1
*** HOLE CARDS ***
VahTang_89: folds 
blackclan7: folds 
Rezzonner: folds 
peterfilia: folds 
Gfoer: folds 
Uncalled bet ($0.50) returned to Alinyr
Alinyr collected $1 from pot
Alinyr: doesn't show hand 
*** SUMMARY ***
Total pot $1 | Rake $0 
Seat 1: VahTang_89 folded before Flop (didn't bet)
Seat 2: blackclan7 folded before Flop (didn't bet)
Seat 3: Rezzonner folded before Flop (didn't bet)
Seat 4: peterfilia (button) folded before Flop (didn't bet)
Seat 5: Gfoer (small blind) folded before Flop
Seat 6: Alinyr (big blind) collected ($1)



PokerStars Hand #254518822976:  Hold'em No Limit ($0.50/$1.00 USD) - 2025/01/23 20:24:22 WET [2025/01/23 15:24:22 ET]
Table 'Veteraniya IV' 6-max Seat #5 is the button
Seat 1: VahTang_89 ($100 in chips) is sitting out
Seat 2: blackclan7 ($109.32 in chips) is sitting out
Seat 3: Rezzonner ($105 in chips) 
Seat 4: peterfilia ($49.32 in chips) 
Seat 5: Gfoer ($116.66 in chips) 
Seat 6: Alinyr ($100.50 in chips) 
Alinyr: posts small blind $0.50
VahTang_89: is sitting out 
blackclan7: is sitting out 
Rezzonner: posts big blind $1
*** HOLE CARDS ***
peterfilia: raises $2 to $3
Gfoer: folds 
Alinyr: folds 
Rezzonner: folds 
Uncalled bet ($2) returned to peterfilia
VahTang_89 leaves the table
peterfilia collected $2.50 from pot
*** SUMMARY ***
Total pot $2.50 | Rake $0 
Seat 1: VahTang_89
Seat 2: blackclan7
Seat 3: Rezzonner (big blind) folded before Flop
Seat 4: peterfilia collected ($2.50)
Seat 5: Gfoer (button) folded before Flop (didn't bet)
Seat 6: Alinyr (small blind) folded before Flop



PokerStars Hand #254518825616:  Hold'em No Limit ($0.50/$1.00 USD) - 2025/01/23 20:24:31 WET [2025/01/23 15:24:31 ET]
Table 'Veteraniya IV' 6-max Seat #6 is the button
Seat 2: blackclan7 ($109.32 in chips) is sitting out
Seat 3: Rezzonner ($104 in chips) 
Seat 4: peterfilia ($50.82 in chips) 
Seat 5: Gfoer ($116.66 in chips) 
Seat 6: Alinyr ($100 in chips) 
Rezzonner: posts small blind $0.50
peterfilia: posts big blind $1
*** HOLE CARDS ***
Gfoer: folds 
Alinyr: raises $1.50 to $2.50
xcinaz joins the table at seat #1 
blackclan7 leaves the table
Rezzonner: folds 
peterfilia: folds 
Uncalled bet ($1.50) returned to Alinyr
Alinyr collected $2.50 from pot
Alinyr: doesn't show hand 
JUANS2 joins the table at seat #2 
*** SUMMARY ***
Total pot $2.50 | Rake $0 
Seat 2: blackclan7
Seat 3: Rezzonner (small blind) folded before Flop
Seat 4: peterfilia (big blind) folded before Flop
Seat 5: Gfoer folded before Flop (didn't bet)
Seat 6: Alinyr (button) collected ($2.50)



PokerStars Hand #254518829588:  Hold'em No Limit ($0.50/$1.00 USD) - 2025/01/23 20:24:44 WET [2025/01/23 15:24:44 ET]
Table 'Veteraniya IV' 6-max Seat #3 is the button
Seat 1: xcinaz ($100 in chips) is sitting out
Seat 2: JUANS2 ($100 in chips) is sitting out
Seat 5: Gfoer ($116.66 in chips) is sitting out
Seat 3: Rezzonner ($103.50 in chips) 
Seat 4: peterfilia ($49.82 in chips) 
Seat 6: Alinyr ($101.50 in chips) 
peterfilia: posts small blind $0.50
Gfoer: is sitting out 
Alinyr: posts big blind $1
xcinaz: sits out 
JUANS2: sits out 
*** HOLE CARDS ***
Gfoer leaves the table
Rezzonner: folds 
peterfilia: folds 
Uncalled bet ($0.50) returned to Alinyr
Alinyr collected $1 from pot
Alinyr: doesn't show hand 
*** SUMMARY ***
Total pot $1 | Rake $0 
Seat 1: xcinaz
Seat 2: JUANS2
Seat 5: Gfoer
Seat 3: Rezzonner (button) folded before Flop (didn't bet)
Seat 4: peterfilia (small blind) folded before Flop
Seat 6: Alinyr (big blind) collected ($1)



PokerStars Hand #254518831929:  Hold'em No Limit ($0.50/$1.00 USD) - 2025/01/23 20:24:52 WET [2025/01/23 15:24:52 ET]
Table 'Veteraniya IV' 6-max Seat #4 is the button
Seat 2: JUANS2 ($100 in chips) is sitting out
Seat 1: xcinaz ($100 in chips) 
Seat 3: Rezzonner ($103.50 in chips) 
Seat 4: peterfilia ($49.32 in chips) 
Seat 6: Alinyr ($102 in chips) 
Alinyr: posts small blind $0.50
xcinaz: posts big blind $1
JUANS2: sits out 
*** HOLE CARDS ***
Coops777789 joins the table at seat #5 
Rezzonner: folds 
peterfilia: raises $2 to $3
Alinyr: folds 
xcinaz: calls $2
*** FLOP *** [Jc 8d 9d]
xcinaz: checks 
peterfilia: checks 
*** TURN *** [Jc 8d 9d] [4d]
xcinaz: checks 
peterfilia: checks 
*** RIVER *** [Jc 8d 9d 4d] [9h]
xcinaz: bets $4.63
peterfilia: folds 
Uncalled bet ($4.63) returned to xcinaz
xcinaz collected $6.18 from pot
xcinaz: doesn't show hand 
*** SUMMARY ***
Total pot $6.50 | Rake $0.32 
Board [Jc 8d 9d 4d 9h]
Seat 2: JUANS2
Seat 1: xcinaz (big blind) collected ($6.18)
Seat 3: Rezzonner folded before Flop (didn't bet)
Seat 4: peterfilia (button) folded on the River
Seat 6: Alinyr (small blind) folded before Flop



PokerStars Hand #254518851944:  Hold'em No Limit ($0.50/$1.00 USD) - 2025/01/23 20:26:00 WET [2025/01/23 15:26:00 ET]
Table 'Veteraniya IV' 6-max Seat #6 is the button
Seat 5: Coops777789 ($100 in chips) is sitting out
Seat 1: xcinaz ($103.18 in chips) 
Seat 2: JUANS2 ($100 in chips) 
Seat 3: Rezzonner ($103.50 in chips) 
Seat 4: peterfilia ($46.32 in chips) 
Seat 6: Alinyr ($101.50 in chips) 
xcinaz: posts small blind $0.50
JUANS2: posts big blind $1
Coops777789: sits out 
*** HOLE CARDS ***
Rezzonner: folds 
peterfilia: folds 
Alinyr: folds 
xcinaz: raises $2 to $3
JUANS2: folds 
Uncalled bet ($2) returned to xcinaz
xcinaz collected $2 from pot
xcinaz: doesn't show hand 
*** SUMMARY ***
Total pot $2 | Rake $0 
Seat 5: Coops777789
Seat 1: xcinaz (small blind) collected ($2)
Seat 2: JUANS2 (big blind) folded before Flop
Seat 3: Rezzonner folded before Flop (didn't bet)
Seat 4: peterfilia folded before Flop (didn't bet)
Seat 6: Alinyr (button) folded before Flop (didn't bet)



PokerStars Hand #254518857649:  Hold'em No Limit ($0.50/$1.00 USD) - 2025/01/23 20:26:19 WET [2025/01/23 15:26:19 ET]
Table 'Veteraniya IV' 6-max Seat #1 is the button
Seat 5: Coops777789 ($100 in chips) is sitting out
Seat 1: xcinaz ($104.18 in chips) 
Seat 2: JUANS2 ($100 in chips) 
Seat 3: Rezzonner ($103.50 in chips) 
Seat 4: peterfilia ($46.32 in chips) 
Seat 6: Alinyr ($101.50 in chips) 
JUANS2: posts small blind $0.50
Rezzonner: posts big blind $1
Coops777789: sits out 
*** HOLE CARDS ***
peterfilia: raises $2 to $3
Alinyr: folds 
xcinaz: folds 
JUANS2: folds 
Rezzonner: folds 
Uncalled bet ($2) returned to peterfilia
peterfilia collected $2.50 from pot
*** SUMMARY ***
Total pot $2.50 | Rake $0 
Seat 5: Coops777789
Seat 1: xcinaz (button) folded before Flop (didn't bet)
Seat 2: JUANS2 (small blind) folded before Flop
Seat 3: Rezzonner (big blind) folded before Flop
Seat 4: peterfilia collected ($2.50)
Seat 6: Alinyr folded before Flop (didn't bet)



PokerStars Hand #254518862536:  Hold'em No Limit ($0.50/$1.00 USD) - 2025/01/23 20:26:36 WET [2025/01/23 15:26:36 ET]
Table 'Veteraniya IV' 6-max Seat #2 is the button
Seat 5: Coops777789 ($100 in chips) is sitting out
Seat 1: xcinaz ($104.18 in chips) 
Seat 2: JUANS2 ($100 in chips) 
Seat 3: Rezzonner ($102.50 in chips) 
Seat 4: peterfilia ($47.82 in chips) 
Seat 6: Alinyr ($101.50 in chips) 
Rezzonner: posts small blind $0.50
peterfilia: posts big blind $1
Coops777789: sits out 
*** HOLE CARDS ***
Alinyr: folds 
xcinaz: folds 
JUANS2: raises $1.50 to $2.50
Rezzonner: folds 
peterfilia: folds 
Uncalled bet ($1.50) returned to JUANS2
JUANS2 collected $2.50 from pot
JUANS2: doesn't show hand 
*** SUMMARY ***
Total pot $2.50 | Rake $0 
Seat 5: Coops777789
Seat 1: xcinaz folded before Flop (didn't bet)
Seat 2: JUANS2 (button) collected ($2.50)
Seat 3: Rezzonner (small blind) folded before Flop
Seat 4: peterfilia (big blind) folded before Flop
Seat 6: Alinyr folded before Flop (didn't bet)



PokerStars Hand #254518868632:  Hold'em No Limit ($0.50/$1.00 USD) - 2025/01/23 20:26:56 WET [2025/01/23 15:26:56 ET]
Table 'Veteraniya IV' 6-max Seat #3 is the button
Seat 1: xcinaz ($104.18 in chips) 
Seat 2: JUANS2 ($101.50 in chips) 
Seat 3: Rezzonner ($102 in chips) 
Seat 4: peterfilia ($46.82 in chips) 
Seat 5: Coops777789 ($100 in chips) 
Seat 6: Alinyr ($101.50 in chips) 
peterfilia: posts small blind $0.50
Coops777789: posts big blind $1
*** HOLE CARDS ***
Alinyr: folds 
xcinaz: folds 
JUANS2: folds 
Rezzonner: folds 
peterfilia: calls $0.50
Coops777789: raises $2 to $3
peterfilia: calls $2
*** FLOP *** [Jc 9c 3s]
peterfilia: checks 
Coops777789: bets $4.50
peterfilia: calls $4.50
*** TURN *** [Jc 9c 3s] [Ah]
peterfilia: checks 
Coops777789: bets $11.26
peterfilia: raises $11.26 to $22.52
Coops777789: calls $11.26
*** RIVER *** [Jc 9c 3s Ah] [Jd]
peterfilia: bets $16.80 and is all-in
Coops777789: calls $16.80
*** SHOW DOWN ***
peterfilia: shows [Jh Ad] (a full house, Jacks full of Aces)
Coops777789: shows [As 5s] (two pair, Aces and Jacks)
peterfilia collected $91.14 from pot
*** SUMMARY ***
Total pot $93.64 | Rake $2.50 
Board [Jc 9c 3s Ah Jd]
Seat 1: xcinaz folded before Flop (didn't bet)
Seat 2: JUANS2 folded before Flop (didn't bet)
Seat 3: Rezzonner (button) folded before Flop (didn't bet)
Seat 4: peterfilia (small blind) showed [Jh Ad] and won ($91.14) with a full house, Jacks full of Aces
Seat 5: Coops777789 (big blind) showed [As 5s] and lost with two pair, Aces and Jacks
Seat 6: Alinyr folded before Flop (didn't bet)



PokerStars Hand #254518884422:  Hold'em No Limit ($0.50/$1.00 USD) - 2025/01/23 20:27:50 WET [2025/01/23 15:27:50 ET]
Table 'Veteraniya IV' 6-max Seat #4 is the button
Seat 6: Alinyr ($101.50 in chips) is sitting out
Seat 1: xcinaz ($104.18 in chips) 
Seat 2: JUANS2 ($101.50 in chips) 
Seat 3: Rezzonner ($102 in chips) 
Seat 4: peterfilia ($91.14 in chips) 
Seat 5: Coops777789 ($53.18 in chips) 
Coops777789: posts small blind $0.50
Alinyr: is sitting out 
xcinaz: posts big blind $1
*** HOLE CARDS ***
JUANS2: folds 
Alinyr leaves the table
Rezzonner: folds 
peterfilia: folds 
YeeesMan joins the table at seat #6 
Coops777789: folds 
Uncalled bet ($0.50) returned to xcinaz
xcinaz collected $1 from pot
xcinaz: doesn't show hand 
*** SUMMARY ***
Total pot $1 | Rake $0 
Seat 6: Alinyr
Seat 1: xcinaz (big blind) collected ($1)
Seat 2: JUANS2 folded before Flop (didn't bet)
Seat 3: Rezzonner folded before Flop (didn't bet)
Seat 4: peterfilia (button) folded before Flop (didn't bet)
Seat 5: Coops777789 (small blind) folded before Flop



PokerStars Hand #254518890408:  Hold'em No Limit ($0.50/$1.00 USD) - 2025/01/23 20:28:10 WET [2025/01/23 15:28:10 ET]
Table 'Veteraniya IV' 6-max Seat #5 is the button
Seat 6: YeeesMan ($100 in chips) is sitting out
Seat 1: xcinaz ($104.68 in chips) 
Seat 2: JUANS2 ($101.50 in chips) 
Seat 3: Rezzonner ($102 in chips) 
Seat 4: peterfilia ($91.14 in chips) 
Seat 5: Coops777789 ($52.68 in chips) 
xcinaz: posts small blind $0.50
JUANS2: posts big blind $1
*** HOLE CARDS ***
Rezzonner: folds 
peterfilia: folds 
Coops777789: raises $1.61 to $2.61
xcinaz: folds 
JUANS2: folds 
Uncalled bet ($1.61) returned to Coops777789
Coops777789 collected $2.50 from pot
*** SUMMARY ***
Total pot $2.50 | Rake $0 
Seat 6: YeeesMan
Seat 1: xcinaz (small blind) folded before Flop
Seat 2: JUANS2 (big blind) folded before Flop
Seat 3: Rezzonner folded before Flop (didn't bet)
Seat 4: peterfilia folded before Flop (didn't bet)
Seat 5: Coops777789 (button) collected ($2.50)



PokerStars Hand #254518895982:  Hold'em No Limit ($0.50/$1.00 USD) - 2025/01/23 20:28:29 WET [2025/01/23 15:28:29 ET]
Table 'Veteraniya IV' 6-max Seat #1 is the button
Seat 6: YeeesMan ($100 in chips) is sitting out
Seat 1: xcinaz ($104.18 in chips) 
Seat 2: JUANS2 ($100.50 in chips) 
Seat 3: Rezzonner ($102 in chips) 
Seat 4: peterfilia ($91.14 in chips) 
Seat 5: Coops777789 ($54.18 in chips) 
JUANS2: posts small blind $0.50
Rezzonner: posts big blind $1
YeeesMan: sits out 
*** HOLE CARDS ***
peterfilia: raises $2 to $3
Coops777789: calls $3
xcinaz: calls $3
JUANS2: folds 
Rezzonner: folds 
*** FLOP *** [Js 8c 4d]
peterfilia: checks 
Coops777789: checks 
xcinaz: checks 
*** TURN *** [Js 8c 4d] [Qs]
peterfilia: checks 
Coops777789: bets $7.88
xcinaz: folds 
peterfilia: calls $7.88
*** RIVER *** [Js 8c 4d Qs] [9d]
peterfilia: bets $12.48
Coops777789: raises $30.82 to $43.30 and is all-in
peterfilia: folds 
Uncalled bet ($30.82) returned to Coops777789
Coops777789 collected $48.72 from pot
*** SUMMARY ***
Total pot $51.22 | Rake $2.50 
Board [Js 8c 4d Qs 9d]
Seat 6: YeeesMan
Seat 1: xcinaz (button) folded on the Turn
Seat 2: JUANS2 (small blind) folded before Flop
Seat 3: Rezzonner (big blind) folded before Flop
Seat 4: peterfilia folded on the River
Seat 5: Coops777789 collected ($48.72)



PokerStars Hand #254518913715:  Hold'em No Limit ($0.50/$1.00 USD) - 2025/01/23 20:29:29 WET [2025/01/23 15:29:29 ET]
Table 'Veteraniya IV' 6-max Seat #2 is the button
Seat 6: YeeesMan ($100 in chips) is sitting out
Seat 1: xcinaz ($101.18 in chips) 
Seat 2: JUANS2 ($100 in chips) 
Seat 3: Rezzonner ($101 in chips) 
Seat 4: peterfilia ($67.78 in chips) 
Seat 5: Coops777789 ($79.54 in chips) 
Rezzonner: posts small blind $0.50
peterfilia: posts big blind $1
YeeesMan: sits out 
*** HOLE CARDS ***
Coops777789: folds 
xcinaz: folds 
JUANS2: folds 
Rezzonner: folds 
Uncalled bet ($0.50) returned to peterfilia
peterfilia collected $1 from pot
*** SUMMARY ***
Total pot $1 | Rake $0 
Seat 6: YeeesMan
Seat 1: xcinaz folded before Flop (didn't bet)
Seat 2: JUANS2 (button) folded before Flop (didn't bet)
Seat 3: Rezzonner (small blind) folded before Flop
Seat 4: peterfilia (big blind) collected ($1)
Seat 5: Coops777789 folded before Flop (didn't bet)



PokerStars Hand #254518919002:  Hold'em No Limit ($0.50/$1.00 USD) - 2025/01/23 20:29:47 WET [2025/01/23 15:29:47 ET]
Table 'Veteraniya IV' 6-max Seat #3 is the button
Seat 6: YeeesMan ($100 in chips) is sitting out
Seat 1: xcinaz ($101.18 in chips) 
Seat 2: JUANS2 ($100 in chips) 
Seat 3: Rezzonner ($100.50 in chips) 
Seat 4: peterfilia ($68.28 in chips) 
Seat 5: Coops777789 ($79.54 in chips) 
peterfilia: posts small blind $0.50
Coops777789: posts big blind $1
YeeesMan: sits out 
*** HOLE CARDS ***
xcinaz: folds 
JUANS2: folds 
Rezzonner: folds 
peterfilia: raises $2 to $3
Coops777789: calls $2
*** FLOP *** [8d Jc Jd]
peterfilia: bets $5.70
Coops777789: calls $5.70
*** TURN *** [8d Jc Jd] [3d]
peterfilia: checks 
Coops777789: bets $13.06
peterfilia: calls $13.06
*** RIVER *** [8d Jc Jd 3d] [Qs]
peterfilia: checks 
Coops777789: bets $53
peterfilia: calls $46.52 and is all-in
Uncalled bet ($6.48) returned to Coops777789
*** SHOW DOWN ***
Coops777789: shows [Ah 5s] (a pair of Jacks)
peterfilia: shows [Ad 6c] (a pair of Jacks)
peterfilia collected $67.03 from pot
Coops777789 collected $67.03 from pot
*** SUMMARY ***
Total pot $136.56 | Rake $2.50 
Board [8d Jc Jd 3d Qs]
Seat 6: YeeesMan
Seat 1: xcinaz folded before Flop (didn't bet)
Seat 2: JUANS2 folded before Flop (didn't bet)
Seat 3: Rezzonner (button) folded before Flop (didn't bet)
Seat 4: peterfilia (small blind) showed [Ad 6c] and won ($67.03) with a pair of Jacks
Seat 5: Coops777789 (big blind) showed [Ah 5s] and won ($67.03) with a pair of Jacks



PokerStars Hand #254518933182:  Hold'em No Limit ($0.50/$1.00 USD) - 2025/01/23 20:30:35 WET [2025/01/23 15:30:35 ET]
Table 'Veteraniya IV' 6-max Seat #4 is the button
Seat 1: xcinaz ($101.18 in chips) 
Seat 2: JUANS2 ($100 in chips) 
Seat 3: Rezzonner ($100.50 in chips) 
Seat 4: peterfilia ($67.03 in chips) 
Seat 5: Coops777789 ($78.29 in chips) 
Seat 6: YeeesMan ($100 in chips) 
Coops777789: posts small blind $0.50
YeeesMan: posts big blind $1
*** HOLE CARDS ***
xcinaz: folds 
JUANS2: folds 
Rezzonner: folds 
peterfilia: calls $1
Coops777789: calls $0.50
YeeesMan: checks 
*** FLOP *** [3h Qs Kh]
Coops777789: checks 
YeeesMan: checks 
peterfilia: checks 
*** TURN *** [3h Qs Kh] [Js]
Coops777789: checks 
YeeesMan: bets $2.14
peterfilia: calls $2.14
Coops777789: folds 
*** RIVER *** [3h Qs Kh Js] [8h]
YeeesMan: checks 
peterfilia: bets $3.46
YeeesMan: calls $3.46
*** SHOW DOWN ***
peterfilia: shows [Ks 5h] (a pair of Kings)
YeeesMan: mucks hand 
peterfilia collected $13.49 from pot
*** SUMMARY ***
Total pot $14.20 | Rake $0.71 
Board [3h Qs Kh Js 8h]
Seat 1: xcinaz folded before Flop (didn't bet)
Seat 2: JUANS2 folded before Flop (didn't bet)
Seat 3: Rezzonner folded before Flop (didn't bet)
Seat 4: peterfilia (button) showed [Ks 5h] and won ($13.49) with a pair of Kings
Seat 5: Coops777789 (small blind) folded on the Turn
Seat 6: YeeesMan (big blind) mucked



PokerStars Hand #254518951790:  Hold'em No Limit ($0.50/$1.00 USD) - 2025/01/23 20:31:37 WET [2025/01/23 15:31:37 ET]
Table 'Veteraniya IV' 6-max Seat #5 is the button
Seat 1: xcinaz ($101.18 in chips) 
Seat 2: JUANS2 ($100 in chips) 
Seat 3: Rezzonner ($100.50 in chips) 
Seat 4: peterfilia ($73.92 in chips) 
Seat 5: Coops777789 ($77.29 in chips) 
Seat 6: YeeesMan ($100 in chips) 
YeeesMan: posts small blind $0.50
xcinaz: posts big blind $1
*** HOLE CARDS ***
JUANS2: folds 
Rezzonner: folds 
peterfilia: raises $2 to $3
Coops777789: calls $3
YeeesMan: folds 
xcinaz: folds 
*** FLOP *** [Jh 5h 3d]
peterfilia: checks 
Coops777789: bets $5.62
peterfilia: calls $5.62
*** TURN *** [Jh 5h 3d] [Ts]
peterfilia: checks 
Coops777789: checks 
*** RIVER *** [Jh 5h 3d Ts] [6h]
peterfilia: bets $8.90
Coops777789: folds 
Uncalled bet ($8.90) returned to peterfilia
peterfilia collected $17.80 from pot
*** SUMMARY ***
Total pot $18.74 | Rake $0.94 
Board [Jh 5h 3d Ts 6h]
Seat 1: xcinaz (big blind) folded before Flop
Seat 2: JUANS2 folded before Flop (didn't bet)
Seat 3: Rezzonner folded before Flop (didn't bet)
Seat 4: peterfilia collected ($17.80)
Seat 5: Coops777789 (button) folded on the River
Seat 6: YeeesMan (small blind) folded before Flop



PokerStars Hand #254518963980:  Hold'em No Limit ($0.50/$1.00 USD) - 2025/01/23 20:32:18 WET [2025/01/23 15:32:18 ET]
Table 'Veteraniya IV' 6-max Seat #6 is the button
Seat 1: xcinaz ($100.18 in chips) 
Seat 2: JUANS2 ($100 in chips) 
Seat 3: Rezzonner ($100.50 in chips) 
Seat 4: peterfilia ($83.10 in chips) 
Seat 5: Coops777789 ($68.67 in chips) 
Seat 6: YeeesMan ($100 in chips) 
xcinaz: posts small blind $0.50
JUANS2: posts big blind $1
*** HOLE CARDS ***
Rezzonner: folds 
peterfilia: raises $2 to $3
Coops777789: folds 
YeeesMan: folds 
xcinaz: folds 
JUANS2: folds 
Uncalled bet ($2) returned to peterfilia
peterfilia collected $2.50 from pot
*** SUMMARY ***
Total pot $2.50 | Rake $0 
Seat 1: xcinaz (small blind) folded before Flop
Seat 2: JUANS2 (big blind) folded before Flop
Seat 3: Rezzonner folded before Flop (didn't bet)
Seat 4: peterfilia collected ($2.50)
Seat 5: Coops777789 folded before Flop (didn't bet)
Seat 6: YeeesMan (button) folded before Flop (didn't bet)



PokerStars Hand #254518968301:  Hold'em No Limit ($0.50/$1.00 USD) - 2025/01/23 20:32:33 WET [2025/01/23 15:32:33 ET]
Table 'Veteraniya IV' 6-max Seat #1 is the button
Seat 1: xcinaz ($100 in chips) 
Seat 2: JUANS2 ($100 in chips) 
Seat 3: Rezzonner ($100.50 in chips) 
Seat 4: peterfilia ($84.60 in chips) 
Seat 5: Coops777789 ($68.67 in chips) 
Seat 6: YeeesMan ($100 in chips) 
JUANS2: posts small blind $0.50
Rezzonner: posts big blind $1
*** HOLE CARDS ***
peterfilia: folds 
Coops777789: folds 
YeeesMan: folds 
xcinaz: folds 
JUANS2: raises $2 to $3
Rezzonner: calls $2
*** FLOP *** [3d 8s Jd]
JUANS2: checks 
Rezzonner: bets $2.85
JUANS2: calls $2.85
*** TURN *** [3d 8s Jd] [7d]
JUANS2: checks 
Rezzonner: bets $8.34
JUANS2: calls $8.34
*** RIVER *** [3d 8s Jd 7d] [2c]
JUANS2: checks 
Rezzonner: bets $24.26
JUANS2: folds 
Uncalled bet ($24.26) returned to Rezzonner
Rezzonner collected $26.96 from pot
Rezzonner: doesn't show hand 
*** SUMMARY ***
Total pot $28.38 | Rake $1.42 
Board [3d 8s Jd 7d 2c]
Seat 1: xcinaz (button) folded before Flop (didn't bet)
Seat 2: JUANS2 (small blind) folded on the River
Seat 3: Rezzonner (big blind) collected ($26.96)
Seat 4: peterfilia folded before Flop (didn't bet)
Seat 5: Coops777789 folded before Flop (didn't bet)
Seat 6: YeeesMan folded before Flop (didn't bet)



PokerStars Hand #254519006629:  Hold'em No Limit ($0.50/$1.00 USD) - 2025/01/23 20:34:42 WET [2025/01/23 15:34:42 ET]
Table 'Veteraniya IV' 6-max Seat #2 is the button
Seat 1: xcinaz ($100 in chips) 
Seat 2: JUANS2 ($100 in chips) 
Seat 3: Rezzonner ($113.27 in chips) 
Seat 4: peterfilia ($84.60 in chips) 
Seat 5: Coops777789 ($68.67 in chips) 
Seat 6: YeeesMan ($100 in chips) 
Rezzonner: posts small blind $0.50
peterfilia: posts big blind $1
*** HOLE CARDS ***
Coops777789: folds 
YeeesMan: folds 
xcinaz: raises $1.20 to $2.20
JUANS2: raises $5.30 to $7.50
Rezzonner: folds 
peterfilia: calls $6.50
xcinaz: raises $92.50 to $100 and is all-in
JUANS2: folds 
peterfilia: folds 
Uncalled bet ($92.50) returned to xcinaz
xcinaz collected $23 from pot
xcinaz: doesn't show hand 
*** SUMMARY ***
Total pot $23 | Rake $0 
Seat 1: xcinaz collected ($23)
Seat 2: JUANS2 (button) folded before Flop
Seat 3: Rezzonner (small blind) folded before Flop
Seat 4: peterfilia (big blind) folded before Flop
Seat 5: Coops777789 folded before Flop (didn't bet)
Seat 6: YeeesMan folded before Flop (didn't bet)



PokerStars Hand #254519016811:  Hold'em No Limit ($0.50/$1.00 USD) - 2025/01/23 20:35:16 WET [2025/01/23 15:35:16 ET]
Table 'Veteraniya IV' 6-max Seat #3 is the button
Seat 1: xcinaz ($115.50 in chips) 
Seat 2: JUANS2 ($100 in chips) 
Seat 3: Rezzonner ($112.77 in chips) 
Seat 4: peterfilia ($77.10 in chips) 
Seat 5: Coops777789 ($68.67 in chips) 
Seat 6: YeeesMan ($100 in chips) 
peterfilia: posts small blind $0.50
Coops777789: posts big blind $1
*** HOLE CARDS ***
YeeesMan: folds 
xcinaz: folds 
JUANS2: folds 
Rezzonner: folds 
peterfilia: calls $0.50
Coops777789: raises $8 to $9
peterfilia: calls $8
*** FLOP *** [5s 7s 8s]
peterfilia: checks 
Coops777789: bets $13.51
peterfilia: folds 
Uncalled bet ($13.51) returned to Coops777789
Coops777789 collected $17.10 from pot
*** SUMMARY ***
Total pot $18 | Rake $0.90 
Board [5s 7s 8s]
Seat 1: xcinaz folded before Flop (didn't bet)
Seat 2: JUANS2 folded before Flop (didn't bet)
Seat 3: Rezzonner (button) folded before Flop (didn't bet)
Seat 4: peterfilia (small blind) folded on the Flop
Seat 5: Coops777789 (big blind) collected ($17.10)
Seat 6: YeeesMan folded before Flop (didn't bet)



PokerStars Hand #254519023849:  Hold'em No Limit ($0.50/$1.00 USD) - 2025/01/23 20:35:40 WET [2025/01/23 15:35:40 ET]
Table 'Veteraniya IV' 6-max Seat #4 is the button
Seat 1: xcinaz ($115.50 in chips) 
Seat 2: JUANS2 ($100 in chips) 
Seat 3: Rezzonner ($112.77 in chips) 
Seat 4: peterfilia ($68.10 in chips) 
Seat 5: Coops777789 ($76.77 in chips) 
Seat 6: YeeesMan ($100 in chips) 
Coops777789: posts small blind $0.50
YeeesMan: posts big blind $1
*** HOLE CARDS ***
xcinaz: folds 
JUANS2: folds 
Rezzonner: folds 
peterfilia: folds 
Coops777789: raises $1 to $2
YeeesMan: calls $1
*** FLOP *** [5s 9c Ks]
Coops777789: bets $3
YeeesMan: raises $7 to $10
Coops777789: folds 
Uncalled bet ($7) returned to YeeesMan
YeeesMan collected $9.50 from pot
YeeesMan: doesn't show hand 
*** SUMMARY ***
Total pot $10 | Rake $0.50 
Board [5s 9c Ks]
Seat 1: xcinaz folded before Flop (didn't bet)
Seat 2: JUANS2 folded before Flop (didn't bet)
Seat 3: Rezzonner folded before Flop (didn't bet)
Seat 4: peterfilia (button) folded before Flop (didn't bet)
Seat 5: Coops777789 (small blind) folded on the Flop
Seat 6: YeeesMan (big blind) collected ($9.50)



PokerStars Hand #254519036764:  Hold'em No Limit ($0.50/$1.00 USD) - 2025/01/23 20:36:23 WET [2025/01/23 15:36:23 ET]
Table 'Veteraniya IV' 6-max Seat #5 is the button
Seat 1: xcinaz ($115.50 in chips) 
Seat 2: JUANS2 ($100 in chips) 
Seat 3: Rezzonner ($112.77 in chips) 
Seat 4: peterfilia ($68.10 in chips) 
Seat 5: Coops777789 ($71.77 in chips) 
Seat 6: YeeesMan ($104.50 in chips) 
YeeesMan: posts small blind $0.50
xcinaz: posts big blind $1
*** HOLE CARDS ***
JUANS2: folds 
Rezzonner: raises $1.50 to $2.50
peterfilia: folds 
Coops777789: raises $6.50 to $9
YeeesMan: folds 
xcinaz: folds 
Rezzonner: folds 
Uncalled bet ($6.50) returned to Coops777789
Coops777789 collected $6.50 from pot
*** SUMMARY ***
Total pot $6.50 | Rake $0 
Seat 1: xcinaz (big blind) folded before Flop
Seat 2: JUANS2 folded before Flop (didn't bet)
Seat 3: Rezzonner folded before Flop
Seat 4: peterfilia folded before Flop (didn't bet)
Seat 5: Coops777789 (button) collected ($6.50)
Seat 6: YeeesMan (small blind) folded before Flop



PokerStars Hand #254519041381:  Hold'em No Limit ($0.50/$1.00 USD) - 2025/01/23 20:36:39 WET [2025/01/23 15:36:39 ET]
Table 'Veteraniya IV' 6-max Seat #6 is the button
Seat 1: xcinaz ($114.50 in chips) 
Seat 2: JUANS2 ($100 in chips) 
Seat 3: Rezzonner ($110.27 in chips) 
Seat 4: peterfilia ($68.10 in chips) 
Seat 5: Coops777789 ($75.77 in chips) 
Seat 6: YeeesMan ($104 in chips) 
xcinaz: posts small blind $0.50
JUANS2: posts big blind $1
*** HOLE CARDS ***
Rezzonner: folds 
peterfilia: raises $2 to $3
Coops777789: folds 
YeeesMan: raises $6 to $9
xcinaz: folds 
JUANS2: folds 
peterfilia: calls $6
*** FLOP *** [5c 6c 2h]
peterfilia: checks 
YeeesMan: bets $10.04
peterfilia: folds 
Uncalled bet ($10.04) returned to YeeesMan
YeeesMan collected $18.52 from pot
YeeesMan: doesn't show hand 
*** SUMMARY ***
Total pot $19.50 | Rake $0.98 
Board [5c 6c 2h]
Seat 1: xcinaz (small blind) folded before Flop
Seat 2: JUANS2 (big blind) folded before Flop
Seat 3: Rezzonner folded before Flop (didn't bet)
Seat 4: peterfilia folded on the Flop
Seat 5: Coops777789 folded before Flop (didn't bet)
Seat 6: YeeesMan (button) collected ($18.52)



PokerStars Hand #254519053464:  Hold'em No Limit ($0.50/$1.00 USD) - 2025/01/23 20:37:19 WET [2025/01/23 15:37:19 ET]
Table 'Veteraniya IV' 6-max Seat #1 is the button
Seat 1: xcinaz ($114 in chips) 
Seat 2: JUANS2 ($100 in chips) 
Seat 3: Rezzonner ($110.27 in chips) 
Seat 4: peterfilia ($59.10 in chips) 
Seat 5: Coops777789 ($75.77 in chips) 
Seat 6: YeeesMan ($113.52 in chips) 
JUANS2: posts small blind $0.50
Rezzonner: posts big blind $1
*** HOLE CARDS ***
peterfilia: raises $2 to $3
Coops777789: folds 
YeeesMan: folds 
xcinaz: raises $5 to $8
JUANS2: folds 
Rezzonner: folds 
peterfilia: calls $5
*** FLOP *** [3d Ts 2h]
peterfilia: checks 
xcinaz: bets $14.13
peterfilia: calls $14.13
*** TURN *** [3d Ts 2h] [Ac]
peterfilia: bets $21.74
xcinaz: folds 
Uncalled bet ($21.74) returned to peterfilia
peterfilia collected $43.47 from pot
*** SUMMARY ***
Total pot $45.76 | Rake $2.29 
Board [3d Ts 2h Ac]
Seat 1: xcinaz (button) folded on the Turn
Seat 2: JUANS2 (small blind) folded before Flop
Seat 3: Rezzonner (big blind) folded before Flop
Seat 4: peterfilia collected ($43.47)
Seat 5: Coops777789 folded before Flop (didn't bet)
Seat 6: YeeesMan folded before Flop (didn't bet)



PokerStars Hand #254519074721:  Hold'em No Limit ($0.50/$1.00 USD) - 2025/01/23 20:38:31 WET [2025/01/23 15:38:31 ET]
Table 'Veteraniya IV' 6-max Seat #2 is the button
Seat 1: xcinaz ($100 in chips) 
Seat 2: JUANS2 ($100 in chips) 
Seat 3: Rezzonner ($109.27 in chips) 
Seat 4: peterfilia ($80.44 in chips) 
Seat 5: Coops777789 ($75.77 in chips) 
Seat 6: YeeesMan ($113.52 in chips) 
Rezzonner: posts small blind $0.50
peterfilia: posts big blind $1
*** HOLE CARDS ***
Coops777789: folds 
YeeesMan: folds 
xcinaz: folds 
JUANS2: raises $1.50 to $2.50
Rezzonner: folds 
peterfilia: calls $1.50
*** FLOP *** [Jc 2c 5c]
peterfilia: checks 
JUANS2: checks 
*** TURN *** [Jc 2c 5c] [Ad]
peterfilia: checks 
JUANS2: bets $1.72
peterfilia: folds 
Uncalled bet ($1.72) returned to JUANS2
JUANS2 collected $5.22 from pot
JUANS2: doesn't show hand 
*** SUMMARY ***
Total pot $5.50 | Rake $0.28 
Board [Jc 2c 5c Ad]
Seat 1: xcinaz folded before Flop (didn't bet)
Seat 2: JUANS2 (button) collected ($5.22)
Seat 3: Rezzonner (small blind) folded before Flop
Seat 4: peterfilia (big blind) folded on the Turn
Seat 5: Coops777789 folded before Flop (didn't bet)
Seat 6: YeeesMan folded before Flop (didn't bet)



PokerStars Hand #254519086046:  Hold'em No Limit ($0.50/$1.00 USD) - 2025/01/23 20:39:10 WET [2025/01/23 15:39:10 ET]
Table 'Veteraniya IV' 6-max Seat #3 is the button
Seat 1: xcinaz ($100 in chips) 
Seat 2: JUANS2 ($102.72 in chips) 
Seat 3: Rezzonner ($108.77 in chips) 
Seat 4: peterfilia ($77.94 in chips) 
Seat 5: Coops777789 ($75.77 in chips) 
Seat 6: YeeesMan ($113.52 in chips) 
peterfilia: posts small blind $0.50
Coops777789: posts big blind $1
*** HOLE CARDS ***
YeeesMan: folds 
xcinaz: folds 
JUANS2: folds 
Rezzonner: folds 
peterfilia: folds 
Uncalled bet ($0.50) returned to Coops777789
Coops777789 collected $1 from pot
*** SUMMARY ***
Total pot $1 | Rake $0 
Seat 1: xcinaz folded before Flop (didn't bet)
Seat 2: JUANS2 folded before Flop (didn't bet)
Seat 3: Rezzonner (button) folded before Flop (didn't bet)
Seat 4: peterfilia (small blind) folded before Flop
Seat 5: Coops777789 (big blind) collected ($1)
Seat 6: YeeesMan folded before Flop (didn't bet)



PokerStars Hand #254519090195:  Hold'em No Limit ($0.50/$1.00 USD) - 2025/01/23 20:39:24 WET [2025/01/23 15:39:24 ET]
Table 'Veteraniya IV' 6-max Seat #4 is the button
Seat 1: xcinaz ($100 in chips) 
Seat 2: JUANS2 ($102.72 in chips) 
Seat 3: Rezzonner ($108.77 in chips) 
Seat 4: peterfilia ($77.44 in chips) 
Seat 5: Coops777789 ($76.27 in chips) 
Seat 6: YeeesMan ($113.52 in chips) 
Coops777789: posts small blind $0.50
YeeesMan: posts big blind $1
*** HOLE CARDS ***
xcinaz: folds 
JUANS2: folds 
Rezzonner: folds 
peterfilia: calls $1
Coops777789: raises $4 to $5
YeeesMan: folds 
peterfilia: folds 
Uncalled bet ($4) returned to Coops777789
Coops777789 collected $3 from pot
*** SUMMARY ***
Total pot $3 | Rake $0 
Seat 1: xcinaz folded before Flop (didn't bet)
Seat 2: JUANS2 folded before Flop (didn't bet)
Seat 3: Rezzonner folded before Flop (didn't bet)
Seat 4: peterfilia (button) folded before Flop
Seat 5: Coops777789 (small blind) collected ($3)
Seat 6: YeeesMan (big blind) folded before Flop



PokerStars Hand #254519098185:  Hold'em No Limit ($0.50/$1.00 USD) - 2025/01/23 20:39:51 WET [2025/01/23 15:39:51 ET]
Table 'Veteraniya IV' 6-max Seat #5 is the button
Seat 1: xcinaz ($100 in chips) 
Seat 2: JUANS2 ($102.72 in chips) 
Seat 3: Rezzonner ($108.77 in chips) 
Seat 4: peterfilia ($76.44 in chips) 
Seat 5: Coops777789 ($78.27 in chips) 
Seat 6: YeeesMan ($112.52 in chips) 
YeeesMan: posts small blind $0.50
xcinaz: posts big blind $1
*** HOLE CARDS ***
JUANS2: folds 
Rezzonner: folds 
peterfilia: raises $2 to $3
Coops777789: folds 
YeeesMan: folds 
xcinaz: folds 
Uncalled bet ($2) returned to peterfilia
peterfilia collected $2.50 from pot
*** SUMMARY ***
Total pot $2.50 | Rake $0 
Seat 1: xcinaz (big blind) folded before Flop
Seat 2: JUANS2 folded before Flop (didn't bet)
Seat 3: Rezzonner folded before Flop (didn't bet)
Seat 4: peterfilia collected ($2.50)
Seat 5: Coops777789 (button) folded before Flop (didn't bet)
Seat 6: YeeesMan (small blind) folded before Flop



PokerStars Hand #254519102720:  Hold'em No Limit ($0.50/$1.00 USD) - 2025/01/23 20:40:06 WET [2025/01/23 15:40:06 ET]
Table 'Veteraniya IV' 6-max Seat #6 is the button
Seat 1: xcinaz ($100 in chips) 
Seat 2: JUANS2 ($102.72 in chips) 
Seat 3: Rezzonner ($108.77 in chips) 
Seat 4: peterfilia ($77.94 in chips) 
Seat 5: Coops777789 ($78.27 in chips) 
Seat 6: YeeesMan ($112.02 in chips) 
xcinaz: posts small blind $0.50
JUANS2: posts big blind $1
*** HOLE CARDS ***
Rezzonner: folds 
peterfilia: folds 
Coops777789: folds 
YeeesMan: folds 
xcinaz: folds 
Uncalled bet ($0.50) returned to JUANS2
JUANS2 collected $1 from pot
JUANS2: doesn't show hand 
*** SUMMARY ***
Total pot $1 | Rake $0 
Seat 1: xcinaz (small blind) folded before Flop
Seat 2: JUANS2 (big blind) collected ($1)
Seat 3: Rezzonner folded before Flop (didn't bet)
Seat 4: peterfilia folded before Flop (didn't bet)
Seat 5: Coops777789 folded before Flop (didn't bet)
Seat 6: YeeesMan (button) folded before Flop (didn't bet)



PokerStars Hand #254519107286:  Hold'em No Limit ($0.50/$1.00 USD) - 2025/01/23 20:40:22 WET [2025/01/23 15:40:22 ET]
Table 'Veteraniya IV' 6-max Seat #1 is the button
Seat 1: xcinaz ($100 in chips) 
Seat 2: JUANS2 ($103.22 in chips) 
Seat 3: Rezzonner ($108.77 in chips) 
Seat 4: peterfilia ($77.94 in chips) 
Seat 5: Coops777789 ($78.27 in chips) 
Seat 6: YeeesMan ($112.02 in chips) 
JUANS2: posts small blind $0.50
Rezzonner: posts big blind $1
*** HOLE CARDS ***
peterfilia: folds 
Coops777789: folds 
YeeesMan: raises $1.50 to $2.50
xcinaz: raises $5.50 to $8
JUANS2: folds 
Rezzonner: folds 
YeeesMan: folds 
Uncalled bet ($5.50) returned to xcinaz
xcinaz collected $6.50 from pot
xcinaz: doesn't show hand 
*** SUMMARY ***
Total pot $6.50 | Rake $0 
Seat 1: xcinaz (button) collected ($6.50)
Seat 2: JUANS2 (small blind) folded before Flop
Seat 3: Rezzonner (big blind) folded before Flop
Seat 4: peterfilia folded before Flop (didn't bet)
Seat 5: Coops777789 folded before Flop (didn't bet)
Seat 6: YeeesMan folded before Flop



PokerStars Hand #254519117127:  Hold'em No Limit ($0.50/$1.00 USD) - 2025/01/23 20:40:55 WET [2025/01/23 15:40:55 ET]
Table 'Veteraniya IV' 6-max Seat #2 is the button
Seat 1: xcinaz ($104 in chips) 
Seat 2: JUANS2 ($102.72 in chips) 
Seat 3: Rezzonner ($107.77 in chips) 
Seat 4: peterfilia ($77.94 in chips) 
Seat 5: Coops777789 ($78.27 in chips) 
Seat 6: YeeesMan ($109.52 in chips) 
Rezzonner: posts small blind $0.50
peterfilia: posts big blind $1
*** HOLE CARDS ***
Coops777789: folds 
YeeesMan: folds 
xcinaz: folds 
JUANS2: folds 
Rezzonner: raises $2 to $3
peterfilia: folds 
Uncalled bet ($2) returned to Rezzonner
Rezzonner collected $2 from pot
Rezzonner: doesn't show hand 
*** SUMMARY ***
Total pot $2 | Rake $0 
Seat 1: xcinaz folded before Flop (didn't bet)
Seat 2: JUANS2 (button) folded before Flop (didn't bet)
Seat 3: Rezzonner (small blind) collected ($2)
Seat 4: peterfilia (big blind) folded before Flop
Seat 5: Coops777789 folded before Flop (didn't bet)
Seat 6: YeeesMan folded before Flop (didn't bet)



PokerStars Hand #254519120406:  Hold'em No Limit ($0.50/$1.00 USD) - 2025/01/23 20:41:06 WET [2025/01/23 15:41:06 ET]
Table 'Veteraniya IV' 6-max Seat #3 is the button
Seat 1: xcinaz ($104 in chips) 
Seat 2: JUANS2 ($102.72 in chips) 
Seat 3: Rezzonner ($108.77 in chips) 
Seat 4: peterfilia ($76.94 in chips) 
Seat 5: Coops777789 ($78.27 in chips) 
Seat 6: YeeesMan ($109.52 in chips) 
peterfilia: posts small blind $0.50
Coops777789: posts big blind $1
*** HOLE CARDS ***
YeeesMan: folds 
xcinaz: folds 
JUANS2: raises $1.50 to $2.50
Rezzonner: folds 
peterfilia: calls $2
Coops777789: folds 
*** FLOP *** [7s 6h 9s]
peterfilia: checks 
JUANS2: bets $2.85
peterfilia: calls $2.85
*** TURN *** [7s 6h 9s] [Js]
peterfilia: checks 
JUANS2: bets $8.34
peterfilia: calls $8.34
*** RIVER *** [7s 6h 9s Js] [Jd]
peterfilia: bets $13.48
JUANS2: calls $13.48
*** SHOW DOWN ***
peterfilia: shows [8d 7d] (two pair, Jacks and Sevens)
JUANS2: shows [Jc Qs] (three of a kind, Jacks)
JUANS2 collected $52.84 from pot
*** SUMMARY ***
Total pot $55.34 | Rake $2.50 
Board [7s 6h 9s Js Jd]
Seat 1: xcinaz folded before Flop (didn't bet)
Seat 2: JUANS2 showed [Jc Qs] and won ($52.84) with three of a kind, Jacks
Seat 3: Rezzonner (button) folded before Flop (didn't bet)
Seat 4: peterfilia (small blind) showed [8d 7d] and lost with two pair, Jacks and Sevens
Seat 5: Coops777789 (big blind) folded before Flop
Seat 6: YeeesMan folded before Flop (didn't bet)



PokerStars Hand #254519136176:  Hold'em No Limit ($0.50/$1.00 USD) - 2025/01/23 20:41:59 WET [2025/01/23 15:41:59 ET]
Table 'Veteraniya IV' 6-max Seat #4 is the button
Seat 1: xcinaz ($104 in chips) 
Seat 2: JUANS2 ($128.39 in chips) 
Seat 3: Rezzonner ($108.77 in chips) 
Seat 4: peterfilia ($49.77 in chips) 
Seat 5: Coops777789 ($77.27 in chips) 
Seat 6: YeeesMan ($109.52 in chips) 
Coops777789: posts small blind $0.50
YeeesMan: posts big blind $1
*** HOLE CARDS ***
xcinaz: raises $1 to $2
JUANS2: folds 
Rezzonner: folds 
peterfilia: folds 
peterfilia leaves the table
Coops777789: folds 
GuigaMan joins the table at seat #4 
YeeesMan: calls $1
*** FLOP *** [3s 4s 7s]
YeeesMan: checks 
xcinaz: bets $1.07
YeeesMan: folds 
Uncalled bet ($1.07) returned to xcinaz
xcinaz collected $4.28 from pot
xcinaz: doesn't show hand 
*** SUMMARY ***
Total pot $4.50 | Rake $0.22 
Board [3s 4s 7s]
Seat 1: xcinaz collected ($4.28)
Seat 2: JUANS2 folded before Flop (didn't bet)
Seat 3: Rezzonner folded before Flop (didn't bet)
Seat 4: peterfilia (button) folded before Flop (didn't bet)
Seat 5: Coops777789 (small blind) folded before Flop
Seat 6: YeeesMan (big blind) folded on the Flop



PokerStars Hand #254519147635:  Hold'em No Limit ($0.50/$1.00 USD) - 2025/01/23 20:42:37 WET [2025/01/23 15:42:37 ET]
Table 'Veteraniya IV' 6-max Seat #5 is the button
Seat 4: GuigaMan ($100 in chips) is sitting out
Seat 1: xcinaz ($106.28 in chips) 
Seat 2: JUANS2 ($128.39 in chips) 
Seat 3: Rezzonner ($108.77 in chips) 
Seat 5: Coops777789 ($76.77 in chips) 
Seat 6: YeeesMan ($107.52 in chips) 
YeeesMan: posts small blind $0.50
xcinaz: posts big blind $1
GuigaMan: sits out 
*** HOLE CARDS ***
JUANS2: raises $1.20 to $2.20
Rezzonner: folds 
Coops777789: folds 
YeeesMan: folds 
xcinaz: folds 
Uncalled bet ($1.20) returned to JUANS2
JUANS2 collected $2.50 from pot
JUANS2: doesn't show hand 
*** SUMMARY ***
Total pot $2.50 | Rake $0 
Seat 4: GuigaMan
Seat 1: xcinaz (big blind) folded before Flop
Seat 2: JUANS2 collected ($2.50)
Seat 3: Rezzonner folded before Flop (didn't bet)
Seat 5: Coops777789 (button) folded before Flop (didn't bet)
Seat 6: YeeesMan (small blind) folded before Flop



PokerStars Hand #254519154268:  Hold'em No Limit ($0.50/$1.00 USD) - 2025/01/23 20:43:00 WET [2025/01/23 15:43:00 ET]
Table 'Veteraniya IV' 6-max Seat #6 is the button
Seat 4: GuigaMan ($100 in chips) is sitting out
Seat 1: xcinaz ($105.28 in chips) 
Seat 2: JUANS2 ($129.89 in chips) 
Seat 3: Rezzonner ($108.77 in chips) 
Seat 5: Coops777789 ($76.77 in chips) 
Seat 6: YeeesMan ($107.02 in chips) 
xcinaz: posts small blind $0.50
JUANS2: posts big blind $1
GuigaMan: sits out 
*** HOLE CARDS ***
Rezzonner: folds 
Coops777789: folds 
YeeesMan: folds 
xcinaz: raises $2 to $3
JUANS2: calls $2
*** FLOP *** [Jc 4s Ac]
Rezzonner leaves the table
xcinaz: bets $4.85
JUANS2: folds 
Uncalled bet ($4.85) returned to xcinaz
xcinaz collected $5.70 from pot
xcinaz: doesn't show hand 
*** SUMMARY ***
Total pot $6 | Rake $0.30 
Board [Jc 4s Ac]
Seat 4: GuigaMan
Seat 1: xcinaz (small blind) collected ($5.70)
Seat 2: JUANS2 (big blind) folded on the Flop
Seat 3: Rezzonner folded before Flop (didn't bet)
Seat 5: Coops777789 folded before Flop (didn't bet)
Seat 6: YeeesMan (button) folded before Flop (didn't bet)



PokerStars Hand #254519173036:  Hold'em No Limit ($0.50/$1.00 USD) - 2025/01/23 20:44:03 WET [2025/01/23 15:44:03 ET]
Table 'Veteraniya IV' 6-max Seat #1 is the button
Seat 1: xcinaz ($107.98 in chips) 
Seat 2: JUANS2 ($126.89 in chips) 
Seat 4: GuigaMan ($100 in chips) 
Seat 5: Coops777789 ($76.77 in chips) 
Seat 6: YeeesMan ($107.02 in chips) 
JUANS2: posts small blind $0.50
GuigaMan: posts big blind $1
*** HOLE CARDS ***
Coops777789: folds 
YeeesMan: raises $1.50 to $2.50
xcinaz: folds 
JUANS2: folds 
GuigaMan: folds 
Uncalled bet ($1.50) returned to YeeesMan
YeeesMan collected $2.50 from pot
YeeesMan: doesn't show hand 
*** SUMMARY ***
Total pot $2.50 | Rake $0 
Seat 1: xcinaz (button) folded before Flop (didn't bet)
Seat 2: JUANS2 (small blind) folded before Flop
Seat 4: GuigaMan (big blind) folded before Flop
Seat 5: Coops777789 folded before Flop (didn't bet)
Seat 6: YeeesMan collected ($2.50)



PokerStars Hand #254519179385:  Hold'em No Limit ($0.50/$1.00 USD) - 2025/01/23 20:44:25 WET [2025/01/23 15:44:25 ET]
Table 'Veteraniya IV' 6-max Seat #2 is the button
Seat 1: xcinaz ($107.98 in chips) 
Seat 2: JUANS2 ($126.39 in chips) 
Seat 4: GuigaMan ($100 in chips) 
Seat 5: Coops777789 ($76.77 in chips) 
Seat 6: YeeesMan ($108.52 in chips) 
GuigaMan: posts small blind $0.50
Coops777789: posts big blind $1
*** HOLE CARDS ***
YeeesMan: folds 
xcinaz: folds 
JUANS2: folds 
GuigaMan: raises $2 to $3
erpaye joins the table at seat #3 
Coops777789: raises $9 to $12
GuigaMan: folds 
Uncalled bet ($9) returned to Coops777789
Coops777789 collected $6 from pot
*** SUMMARY ***
Total pot $6 | Rake $0 
Seat 1: xcinaz folded before Flop (didn't bet)
Seat 2: JUANS2 (button) folded before Flop (didn't bet)
Seat 4: GuigaMan (small blind) folded before Flop
Seat 5: Coops777789 (big blind) collected ($6)
Seat 6: YeeesMan folded before Flop (didn't bet)



PokerStars Hand #254519188801:  Hold'em No Limit ($0.50/$1.00 USD) - 2025/01/23 20:44:56 WET [2025/01/23 15:44:56 ET]
Table 'Veteraniya IV' 6-max Seat #4 is the button
Seat 3: erpaye ($100 in chips) is sitting out
Seat 1: xcinaz ($107.98 in chips) 
Seat 2: JUANS2 ($126.39 in chips) 
Seat 4: GuigaMan ($100 in chips) 
Seat 5: Coops777789 ($79.77 in chips) 
Seat 6: YeeesMan ($108.52 in chips) 
Coops777789: posts small blind $0.50
YeeesMan: posts big blind $1
erpaye: sits out 
*** HOLE CARDS ***
xcinaz: folds 
JUANS2: folds 
GuigaMan: raises $1.50 to $2.50
Coops777789: folds 
YeeesMan: calls $1.50
*** FLOP *** [8s 2d 6h]
YeeesMan: checks 
GuigaMan: checks 
*** TURN *** [8s 2d 6h] [4s]
YeeesMan: bets $7.83
GuigaMan: calls $7.83
*** RIVER *** [8s 2d 6h 4s] [7c]
YeeesMan: checks 
GuigaMan: bets $15.08
YeeesMan: calls $15.08
*** SHOW DOWN ***
GuigaMan: shows [5c Qc] (a straight, Four to Eight)
YeeesMan: mucks hand 
GuigaMan collected $48.82 from pot
*** SUMMARY ***
Total pot $51.32 | Rake $2.50 
Board [8s 2d 6h 4s 7c]
Seat 3: erpaye
Seat 1: xcinaz folded before Flop (didn't bet)
Seat 2: JUANS2 folded before Flop (didn't bet)
Seat 4: GuigaMan (button) showed [5c Qc] and won ($48.82) with a straight, Four to Eight
Seat 5: Coops777789 (small blind) folded before Flop
Seat 6: YeeesMan (big blind) mucked



PokerStars Hand #254519207998:  Hold'em No Limit ($0.50/$1.00 USD) - 2025/01/23 20:46:00 WET [2025/01/23 15:46:00 ET]
Table 'Veteraniya IV' 6-max Seat #5 is the button
Seat 3: erpaye ($100 in chips) is sitting out
Seat 1: xcinaz ($107.98 in chips) 
Seat 2: JUANS2 ($126.39 in chips) 
Seat 4: GuigaMan ($123.41 in chips) 
Seat 5: Coops777789 ($79.27 in chips) 
Seat 6: YeeesMan ($100 in chips) 
YeeesMan: posts small blind $0.50
xcinaz: posts big blind $1
erpaye: sits out 
*** HOLE CARDS ***
JUANS2: raises $1.50 to $2.50
GuigaMan: folds 
Coops777789: folds 
YeeesMan: folds 
xcinaz: folds 
Uncalled bet ($1.50) returned to JUANS2
JUANS2 collected $2.50 from pot
JUANS2: doesn't show hand 
*** SUMMARY ***
Total pot $2.50 | Rake $0 
Seat 3: erpaye
Seat 1: xcinaz (big blind) folded before Flop
Seat 2: JUANS2 collected ($2.50)
Seat 4: GuigaMan folded before Flop (didn't bet)
Seat 5: Coops777789 (button) folded before Flop (didn't bet)
Seat 6: YeeesMan (small blind) folded before Flop



PokerStars Hand #254519212568:  Hold'em No Limit ($0.50/$1.00 USD) - 2025/01/23 20:46:15 WET [2025/01/23 15:46:15 ET]
Table 'Veteraniya IV' 6-max Seat #6 is the button
Seat 3: erpaye ($100 in chips) is sitting out
Seat 1: xcinaz ($106.98 in chips) 
Seat 2: JUANS2 ($127.89 in chips) 
Seat 4: GuigaMan ($123.41 in chips) 
Seat 5: Coops777789 ($79.27 in chips) 
Seat 6: YeeesMan ($100 in chips) 
xcinaz: posts small blind $0.50
JUANS2: posts big blind $1
erpaye: sits out 
*** HOLE CARDS ***
GuigaMan: folds 
Coops777789: raises $2 to $3
YeeesMan: folds 
xcinaz: folds 
JUANS2: folds 
Uncalled bet ($2) returned to Coops777789
Coops777789 collected $2.50 from pot
*** SUMMARY ***
Total pot $2.50 | Rake $0 
Seat 3: erpaye
Seat 1: xcinaz (small blind) folded before Flop
Seat 2: JUANS2 (big blind) folded before Flop
Seat 4: GuigaMan folded before Flop (didn't bet)
Seat 5: Coops777789 collected ($2.50)
Seat 6: YeeesMan (button) folded before Flop (didn't bet)



PokerStars Hand #254519216947:  Hold'em No Limit ($0.50/$1.00 USD) - 2025/01/23 20:46:30 WET [2025/01/23 15:46:30 ET]
Table 'Veteraniya IV' 6-max Seat #1 is the button
Seat 1: xcinaz ($106.48 in chips) 
Seat 2: JUANS2 ($126.89 in chips) 
Seat 3: erpaye ($100 in chips) 
Seat 4: GuigaMan ($123.41 in chips) 
Seat 5: Coops777789 ($80.77 in chips) 
Seat 6: YeeesMan ($100 in chips) 
JUANS2: posts small blind $0.50
erpaye: posts big blind $1
*** HOLE CARDS ***
GuigaMan: folds 
Coops777789: folds 
YeeesMan: folds 
xcinaz: folds 
JUANS2: raises $2 to $3
erpaye: raises $7.50 to $10.50
JUANS2: raises $12.50 to $23
erpaye: raises $77 to $100 and is all-in
JUANS2: folds 
Uncalled bet ($77) returned to erpaye
erpaye collected $46 from pot
erpaye: doesn't show hand 
*** SUMMARY ***
Total pot $46 | Rake $0 
Seat 1: xcinaz (button) folded before Flop (didn't bet)
Seat 2: JUANS2 (small blind) folded before Flop
Seat 3: erpaye (big blind) collected ($46)
Seat 4: GuigaMan folded before Flop (didn't bet)
Seat 5: Coops777789 folded before Flop (didn't bet)
Seat 6: YeeesMan folded before Flop (didn't bet)



PokerStars Hand #254519239431:  Hold'em No Limit ($0.50/$1.00 USD) - 2025/01/23 20:47:46 WET [2025/01/23 15:47:46 ET]
Table 'Veteraniya IV' 6-max Seat #2 is the button
Seat 1: xcinaz ($106.48 in chips) 
Seat 2: JUANS2 ($103.89 in chips) 
Seat 3: erpaye ($123 in chips) 
Seat 4: GuigaMan ($123.41 in chips) 
Seat 5: Coops777789 ($80.77 in chips) 
Seat 6: YeeesMan ($100 in chips) 
erpaye: posts small blind $0.50
GuigaMan: posts big blind $1
*** HOLE CARDS ***
Coops777789: folds 
YeeesMan: folds 
xcinaz: raises $1.20 to $2.20
JUANS2: folds 
erpaye: raises $7.70 to $9.90
GuigaMan: folds 
xcinaz: calls $7.70
*** FLOP *** [Ad Td 3h]
erpaye: checks 
xcinaz: checks 
*** TURN *** [Ad Td 3h] [Ts]
erpaye: checks 
xcinaz: checks 
*** RIVER *** [Ad Td 3h Ts] [3d]
erpaye: bets $18.32
xcinaz: folds 
Uncalled bet ($18.32) returned to erpaye
erpaye collected $19.76 from pot
erpaye: doesn't show hand 
*** SUMMARY ***
Total pot $20.80 | Rake $1.04 
Board [Ad Td 3h Ts 3d]
Seat 1: xcinaz folded on the River
Seat 2: JUANS2 (button) folded before Flop (didn't bet)
Seat 3: erpaye (small blind) collected ($19.76)
Seat 4: GuigaMan (big blind) folded before Flop
Seat 5: Coops777789 folded before Flop (didn't bet)
Seat 6: YeeesMan folded before Flop (didn't bet)



PokerStars Hand #254519267643:  Hold'em No Limit ($0.50/$1.00 USD) - 2025/01/23 20:49:20 WET [2025/01/23 15:49:20 ET]
Table 'Veteraniya IV' 6-max Seat #3 is the button
Seat 1: xcinaz ($100 in chips) 
Seat 2: JUANS2 ($103.89 in chips) 
Seat 3: erpaye ($132.86 in chips) 
Seat 4: GuigaMan ($122.41 in chips) 
Seat 5: Coops777789 ($80.77 in chips) 
Seat 6: YeeesMan ($100 in chips) 
GuigaMan: posts small blind $0.50
Coops777789: posts big blind $1
*** HOLE CARDS ***
YeeesMan: folds 
xcinaz: folds 
JUANS2: folds 
erpaye: folds 
GuigaMan: raises $2 to $3
Coops777789: raises $9 to $12
GuigaMan: folds 
Uncalled bet ($9) returned to Coops777789
Coops777789 collected $6 from pot
*** SUMMARY ***
Total pot $6 | Rake $0 
Seat 1: xcinaz folded before Flop (didn't bet)
Seat 2: JUANS2 folded before Flop (didn't bet)
Seat 3: erpaye (button) folded before Flop (didn't bet)
Seat 4: GuigaMan (small blind) folded before Flop
Seat 5: Coops777789 (big blind) collected ($6)
Seat 6: YeeesMan folded before Flop (didn't bet)



PokerStars Hand #254519278023:  Hold'em No Limit ($0.50/$1.00 USD) - 2025/01/23 20:49:53 WET [2025/01/23 15:49:53 ET]
Table 'Veteraniya IV' 6-max Seat #4 is the button
Seat 1: xcinaz ($100 in chips) 
Seat 2: JUANS2 ($103.89 in chips) 
Seat 3: erpaye ($132.86 in chips) 
Seat 4: GuigaMan ($119.41 in chips) 
Seat 5: Coops777789 ($83.77 in chips) 
Seat 6: YeeesMan ($100 in chips) 
Coops777789: posts small blind $0.50
YeeesMan: posts big blind $1
*** HOLE CARDS ***
xcinaz: folds 
JUANS2: folds 
erpaye: raises $1.10 to $2.10
GuigaMan: raises $3.90 to $6
Coops777789: folds 
YeeesMan: folds 
erpaye: folds 
Uncalled bet ($3.90) returned to GuigaMan
GuigaMan collected $5.70 from pot
*** SUMMARY ***
Total pot $5.70 | Rake $0 
Seat 1: xcinaz folded before Flop (didn't bet)
Seat 2: JUANS2 folded before Flop (didn't bet)
Seat 3: erpaye folded before Flop
Seat 4: GuigaMan (button) collected ($5.70)
Seat 5: Coops777789 (small blind) folded before Flop
Seat 6: YeeesMan (big blind) folded before Flop



PokerStars Hand #254519287491:  Hold'em No Limit ($0.50/$1.00 USD) - 2025/01/23 20:50:25 WET [2025/01/23 15:50:25 ET]
Table 'Veteraniya IV' 6-max Seat #5 is the button
Seat 1: xcinaz ($100 in chips) 
Seat 2: JUANS2 ($103.89 in chips) 
Seat 3: erpaye ($130.76 in chips) 
Seat 4: GuigaMan ($123.01 in chips) 
Seat 5: Coops777789 ($83.27 in chips) 
Seat 6: YeeesMan ($100 in chips) 
YeeesMan: posts small blind $0.50
xcinaz: posts big blind $1
*** HOLE CARDS ***
JUANS2: folds 
erpaye: folds 
GuigaMan: folds 
Coops777789: folds 
YeeesMan: folds 
Uncalled bet ($0.50) returned to xcinaz
xcinaz collected $1 from pot
xcinaz: doesn't show hand 
*** SUMMARY ***
Total pot $1 | Rake $0 
Seat 1: xcinaz (big blind) collected ($1)
Seat 2: JUANS2 folded before Flop (didn't bet)
Seat 3: erpaye folded before Flop (didn't bet)
Seat 4: GuigaMan folded before Flop (didn't bet)
Seat 5: Coops777789 (button) folded before Flop (didn't bet)
Seat 6: YeeesMan (small blind) folded before Flop



PokerStars Hand #254519297827:  Hold'em No Limit ($0.50/$1.00 USD) - 2025/01/23 20:51:00 WET [2025/01/23 15:51:00 ET]
Table 'Veteraniya IV' 6-max Seat #6 is the button
Seat 1: xcinaz ($100.50 in chips) 
Seat 2: JUANS2 ($103.89 in chips) 
Seat 3: erpaye ($130.76 in chips) 
Seat 4: GuigaMan ($123.01 in chips) 
Seat 5: Coops777789 ($83.27 in chips) 
Seat 6: YeeesMan ($100 in chips) 
xcinaz: posts small blind $0.50
JUANS2: posts big blind $1
*** HOLE CARDS ***
erpaye: folds 
GuigaMan: raises $1.20 to $2.20
Coops777789: folds 
YeeesMan: folds 
xcinaz: folds 
JUANS2: folds 
Uncalled bet ($1.20) returned to GuigaMan
GuigaMan collected $2.50 from pot
*** SUMMARY ***
Total pot $2.50 | Rake $0 
Seat 1: xcinaz (small blind) folded before Flop
Seat 2: JUANS2 (big blind) folded before Flop
Seat 3: erpaye folded before Flop (didn't bet)
Seat 4: GuigaMan collected ($2.50)
Seat 5: Coops777789 folded before Flop (didn't bet)
Seat 6: YeeesMan (button) folded before Flop (didn't bet)



PokerStars Hand #254519307507:  Hold'em No Limit ($0.50/$1.00 USD) - 2025/01/23 20:51:32 WET [2025/01/23 15:51:32 ET]
Table 'Veteraniya IV' 6-max Seat #1 is the button
Seat 1: xcinaz ($100 in chips) 
Seat 2: JUANS2 ($102.89 in chips) 
Seat 3: erpaye ($130.76 in chips) 
Seat 4: GuigaMan ($124.51 in chips) 
Seat 5: Coops777789 ($83.27 in chips) 
Seat 6: YeeesMan ($100 in chips) 
JUANS2: posts small blind $0.50
erpaye: posts big blind $1
*** HOLE CARDS ***
GuigaMan: raises $1.20 to $2.20
Coops777789: folds 
YeeesMan: folds 
xcinaz: raises $5.80 to $8
JUANS2: folds 
erpaye: folds 
GuigaMan: calls $5.80
*** FLOP *** [5c 8h Jh]
GuigaMan: checks 
xcinaz: bets $4.16
GuigaMan: folds 
Uncalled bet ($4.16) returned to xcinaz
xcinaz collected $16.62 from pot
xcinaz: doesn't show hand 
*** SUMMARY ***
Total pot $17.50 | Rake $0.88 
Board [5c 8h Jh]
Seat 1: xcinaz (button) collected ($16.62)
Seat 2: JUANS2 (small blind) folded before Flop
Seat 3: erpaye (big blind) folded before Flop
Seat 4: GuigaMan folded on the Flop
Seat 5: Coops777789 folded before Flop (didn't bet)
Seat 6: YeeesMan folded before Flop (didn't bet)



PokerStars Hand #254519324890:  Hold'em No Limit ($0.50/$1.00 USD) - 2025/01/23 20:52:30 WET [2025/01/23 15:52:30 ET]
Table 'Veteraniya IV' 6-max Seat #2 is the button
Seat 1: xcinaz ($108.62 in chips) 
Seat 2: JUANS2 ($102.39 in chips) 
Seat 3: erpaye ($129.76 in chips) 
Seat 4: GuigaMan ($116.51 in chips) 
Seat 5: Coops777789 ($83.27 in chips) 
Seat 6: YeeesMan ($100 in chips) 
erpaye: posts small blind $0.50
GuigaMan: posts big blind $1
*** HOLE CARDS ***
Coops777789: folds 
YeeesMan: folds 
xcinaz: folds 
JUANS2: folds 
erpaye: raises $1.50 to $2.50
GuigaMan: calls $1.50
*** FLOP *** [Ah 4c 6h]
erpaye: checks 
GuigaMan: bets $3.56
erpaye: folds 
Uncalled bet ($3.56) returned to GuigaMan
GuigaMan collected $4.75 from pot
*** SUMMARY ***
Total pot $5 | Rake $0.25 
Board [Ah 4c 6h]
Seat 1: xcinaz folded before Flop (didn't bet)
Seat 2: JUANS2 (button) folded before Flop (didn't bet)
Seat 3: erpaye (small blind) folded on the Flop
Seat 4: GuigaMan (big blind) collected ($4.75)
Seat 5: Coops777789 folded before Flop (didn't bet)
Seat 6: YeeesMan folded before Flop (didn't bet)



PokerStars Hand #254519336827:  Hold'em No Limit ($0.50/$1.00 USD) - 2025/01/23 20:53:09 WET [2025/01/23 15:53:09 ET]
Table 'Veteraniya IV' 6-max Seat #3 is the button
Seat 1: xcinaz ($108.62 in chips) 
Seat 2: JUANS2 ($102.39 in chips) 
Seat 3: erpaye ($127.26 in chips) 
Seat 4: GuigaMan ($118.76 in chips) 
Seat 5: Coops777789 ($83.27 in chips) 
Seat 6: YeeesMan ($100 in chips) 
GuigaMan: posts small blind $0.50
Coops777789: posts big blind $1
*** HOLE CARDS ***
YeeesMan: raises $1.50 to $2.50
xcinaz: folds 
JUANS2: folds 
erpaye: folds 
GuigaMan: folds 
Coops777789: folds 
Uncalled bet ($1.50) returned to YeeesMan
YeeesMan collected $2.50 from pot
YeeesMan: doesn't show hand 
*** SUMMARY ***
Total pot $2.50 | Rake $0 
Seat 1: xcinaz folded before Flop (didn't bet)
Seat 2: JUANS2 folded before Flop (didn't bet)
Seat 3: erpaye (button) folded before Flop (didn't bet)
Seat 4: GuigaMan (small blind) folded before Flop
Seat 5: Coops777789 (big blind) folded before Flop
Seat 6: YeeesMan collected ($2.50)



PokerStars Hand #254519345722:  Hold'em No Limit ($0.50/$1.00 USD) - 2025/01/23 20:53:39 WET [2025/01/23 15:53:39 ET]
Table 'Veteraniya IV' 6-max Seat #4 is the button
Seat 1: xcinaz ($108.62 in chips) 
Seat 2: JUANS2 ($102.39 in chips) 
Seat 3: erpaye ($127.26 in chips) 
Seat 4: GuigaMan ($118.26 in chips) 
Seat 5: Coops777789 ($82.27 in chips) 
Seat 6: YeeesMan ($101.50 in chips) 
Coops777789: posts small blind $0.50
YeeesMan: posts big blind $1
*** HOLE CARDS ***
xcinaz: raises $1 to $2
JUANS2: folds 
erpaye: folds 
GuigaMan: folds 
Coops777789: raises $1 to $3
YeeesMan: folds 
xcinaz: raises $12 to $15
Coops777789: calls $12
*** FLOP *** [6h 7d Th]
Coops777789: bets $16.79
xcinaz: folds 
Uncalled bet ($16.79) returned to Coops777789
Coops777789 collected $29.45 from pot
*** SUMMARY ***
Total pot $31 | Rake $1.55 
Board [6h 7d Th]
Seat 1: xcinaz folded on the Flop
Seat 2: JUANS2 folded before Flop (didn't bet)
Seat 3: erpaye folded before Flop (didn't bet)
Seat 4: GuigaMan (button) folded before Flop (didn't bet)
Seat 5: Coops777789 (small blind) collected ($29.45)
Seat 6: YeeesMan (big blind) folded before Flop



PokerStars Hand #254519367566:  Hold'em No Limit ($0.50/$1.00 USD) - 2025/01/23 20:54:52 WET [2025/01/23 15:54:52 ET]
Table 'Veteraniya IV' 6-max Seat #5 is the button
Seat 1: xcinaz ($100 in chips) 
Seat 2: JUANS2 ($102.39 in chips) 
Seat 3: erpaye ($127.26 in chips) 
Seat 4: GuigaMan ($118.26 in chips) 
Seat 5: Coops777789 ($96.72 in chips) 
Seat 6: YeeesMan ($100.50 in chips) 
YeeesMan: posts small blind $0.50
xcinaz: posts big blind $1
*** HOLE CARDS ***
JUANS2: folds 
erpaye: raises $1.10 to $2.10
GuigaMan: folds 
Coops777789: raises $1.10 to $3.20
YeeesMan: calls $2.70
xcinaz: raises $10.80 to $14
erpaye: calls $11.90
Coops777789: calls $10.80
YeeesMan: folds 
*** FLOP *** [Ac As 3d]
xcinaz: checks 
erpaye: checks 
Coops777789: bets $33.92
xcinaz: folds 
erpaye: calls $33.92
*** TURN *** [Ac As 3d] [6c]
erpaye: checks 
Coops777789: checks 
*** RIVER *** [Ac As 3d 6c] [Kh]
erpaye: bets $49
Coops777789: folds 
Uncalled bet ($49) returned to erpaye
erpaye collected $110.54 from pot
erpaye: doesn't show hand 
*** SUMMARY ***
Total pot $113.04 | Rake $2.50 
Board [Ac As 3d 6c Kh]
Seat 1: xcinaz (big blind) folded on the Flop
Seat 2: JUANS2 folded before Flop (didn't bet)
Seat 3: erpaye collected ($110.54)
Seat 4: GuigaMan folded before Flop (didn't bet)
Seat 5: Coops777789 (button) folded on the River
Seat 6: YeeesMan (small blind) folded before Flop



PokerStars Hand #254519397789:  Hold'em No Limit ($0.50/$1.00 USD) - 2025/01/23 20:57:02 WET [2025/01/23 15:57:02 ET]
Table 'Veteraniya IV' 6-max Seat #6 is the button
Seat 1: xcinaz ($100 in chips) 
Seat 2: JUANS2 ($102.39 in chips) 
Seat 3: erpaye ($189.88 in chips) 
Seat 4: GuigaMan ($118.26 in chips) 
Seat 5: Coops777789 ($48.80 in chips) 
Seat 6: YeeesMan ($100 in chips) 
xcinaz: posts small blind $0.50
JUANS2: posts big blind $1
*** HOLE CARDS ***
erpaye: folds 
GuigaMan: raises $1.20 to $2.20
Coops777789: calls $2.20
YeeesMan: raises $8.80 to $11
xcinaz: folds 
JUANS2: folds 
GuigaMan: raises $16 to $27
Coops777789: folds 
YeeesMan: folds 
Uncalled bet ($16) returned to GuigaMan
GuigaMan collected $25.70 from pot
*** SUMMARY ***
Total pot $25.70 | Rake $0 
Seat 1: xcinaz (small blind) folded before Flop
Seat 2: JUANS2 (big blind) folded before Flop
Seat 3: erpaye folded before Flop (didn't bet)
Seat 4: GuigaMan collected ($25.70)
Seat 5: Coops777789 folded before Flop
Seat 6: YeeesMan (button) folded before Flop



PokerStars Hand #254519410032:  Hold'em No Limit ($0.50/$1.00 USD) - 2025/01/23 20:57:58 WET [2025/01/23 15:57:58 ET]
Table 'Veteraniya IV' 6-max Seat #1 is the button
Seat 1: xcinaz ($100 in chips) 
Seat 2: JUANS2 ($101.39 in chips) 
Seat 3: erpaye ($189.88 in chips) 
Seat 4: GuigaMan ($132.96 in chips) 
Seat 5: Coops777789 ($46.60 in chips) 
Seat 6: YeeesMan ($100 in chips) 
JUANS2: posts small blind $0.50
erpaye: posts big blind $1
*** HOLE CARDS ***
GuigaMan: raises $1.20 to $2.20
Coops777789: folds 
YeeesMan: folds 
xcinaz: folds 
JUANS2: folds 
erpaye: calls $1.20
*** FLOP *** [7s 8h Ad]
erpaye: checks 
GuigaMan: checks 
*** TURN *** [7s 8h Ad] [9c]
erpaye: checks 
GuigaMan: checks 
*** RIVER *** [7s 8h Ad 9c] [2c]
erpaye: bets $1.86
GuigaMan: folds 
Uncalled bet ($1.86) returned to erpaye
erpaye collected $4.66 from pot
erpaye: doesn't show hand 
*** SUMMARY ***
Total pot $4.90 | Rake $0.24 
Board [7s 8h Ad 9c 2c]
Seat 1: xcinaz (button) folded before Flop (didn't bet)
Seat 2: JUANS2 (small blind) folded before Flop
Seat 3: erpaye (big blind) collected ($4.66)
Seat 4: GuigaMan folded on the River
Seat 5: Coops777789 folded before Flop (didn't bet)
Seat 6: YeeesMan folded before Flop (didn't bet)



PokerStars Hand #254519419870:  Hold'em No Limit ($0.50/$1.00 USD) - 2025/01/23 20:58:42 WET [2025/01/23 15:58:42 ET]
Table 'Veteraniya IV' 6-max Seat #2 is the button
Seat 1: xcinaz ($100 in chips) 
Seat 2: JUANS2 ($100.89 in chips) 
Seat 3: erpaye ($192.34 in chips) 
Seat 4: GuigaMan ($130.76 in chips) 
Seat 5: Coops777789 ($46.60 in chips) 
Seat 6: YeeesMan ($100 in chips) 
erpaye: posts small blind $0.50
GuigaMan: posts big blind $1
*** HOLE CARDS ***
Coops777789: folds 
YeeesMan: folds 
xcinaz: folds 
JUANS2: folds 
erpaye: raises $1.50 to $2.50
GuigaMan: calls $1.50
*** FLOP *** [9h 7d 6s]
erpaye: bets $2.38
GuigaMan: calls $2.38
*** TURN *** [9h 7d 6s] [4h]
erpaye: bets $6.95
GuigaMan: calls $6.95
*** RIVER *** [9h 7d 6s 4h] [Qh]
erpaye: bets $16.86
GuigaMan: folds 
Uncalled bet ($16.86) returned to erpaye
erpaye collected $22.48 from pot
erpaye: doesn't show hand 
*** SUMMARY ***
Total pot $23.66 | Rake $1.18 
Board [9h 7d 6s 4h Qh]
Seat 1: xcinaz folded before Flop (didn't bet)
Seat 2: JUANS2 (button) folded before Flop (didn't bet)
Seat 3: erpaye (small blind) collected ($22.48)
Seat 4: GuigaMan (big blind) folded on the River
Seat 5: Coops777789 folded before Flop (didn't bet)
Seat 6: YeeesMan folded before Flop (didn't bet)



PokerStars Hand #254519435129:  Hold'em No Limit ($0.50/$1.00 USD) - 2025/01/23 20:59:50 WET [2025/01/23 15:59:50 ET]
Table 'Veteraniya IV' 6-max Seat #3 is the button
Seat 1: xcinaz ($100 in chips) 
Seat 2: JUANS2 ($100.89 in chips) 
Seat 3: erpaye ($202.99 in chips) 
Seat 4: GuigaMan ($118.93 in chips) 
Seat 5: Coops777789 ($46.60 in chips) 
Seat 6: YeeesMan ($100 in chips) 
GuigaMan: posts small blind $0.50
Coops777789: posts big blind $1
*** HOLE CARDS ***
YeeesMan: folds 
xcinaz: folds 
JUANS2: folds 
erpaye: folds 
GuigaMan: folds 
Uncalled bet ($0.50) returned to Coops777789
Coops777789 collected $1 from pot
*** SUMMARY ***
Total pot $1 | Rake $0 
Seat 1: xcinaz folded before Flop (didn't bet)
Seat 2: JUANS2 folded before Flop (didn't bet)
Seat 3: erpaye (button) folded before Flop (didn't bet)
Seat 4: GuigaMan (small blind) folded before Flop
Seat 5: Coops777789 (big blind) collected ($1)
Seat 6: YeeesMan folded before Flop (didn't bet)



PokerStars Hand #254519440351:  Hold'em No Limit ($0.50/$1.00 USD) - 2025/01/23 21:00:13 WET [2025/01/23 16:00:13 ET]
Table 'Veteraniya IV' 6-max Seat #4 is the button
Seat 1: xcinaz ($100 in chips) 
Seat 2: JUANS2 ($100.89 in chips) 
Seat 3: erpaye ($202.99 in chips) 
Seat 4: GuigaMan ($118.43 in chips) 
Seat 5: Coops777789 ($47.10 in chips) 
Seat 6: YeeesMan ($100 in chips) 
Coops777789: posts small blind $0.50
YeeesMan: posts big blind $1
*** HOLE CARDS ***
xcinaz: folds 
JUANS2: folds 
erpaye: raises $1.10 to $2.10
GuigaMan: folds 
Coops777789: raises $7.90 to $10
YeeesMan: folds 
erpaye: folds 
Uncalled bet ($7.90) returned to Coops777789
Coops777789 collected $5.20 from pot
*** SUMMARY ***
Total pot $5.20 | Rake $0 
Seat 1: xcinaz folded before Flop (didn't bet)
Seat 2: JUANS2 folded before Flop (didn't bet)
Seat 3: erpaye folded before Flop
Seat 4: GuigaMan (button) folded before Flop (didn't bet)
Seat 5: Coops777789 (small blind) collected ($5.20)
Seat 6: YeeesMan (big blind) folded before Flop



PokerStars Hand #254519469943:  Hold'em No Limit ($0.50/$1.00 USD) - 2025/01/23 21:02:07 WET [2025/01/23 16:02:07 ET]
Table 'Veteraniya IV' 6-max Seat #1 is the button
Seat 1: xcinaz ($147.70 in chips) 
Seat 2: JUANS2 ($100 in chips) 
Seat 3: erpaye ($202.39 in chips) 
Seat 4: GuigaMan ($118.43 in chips) 
Seat 5: Coops777789 ($100 in chips) 
Seat 6: YeeesMan ($100 in chips) 
JUANS2: posts small blind $0.50
erpaye: posts big blind $1
*** HOLE CARDS ***
GuigaMan: folds 
Coops777789: folds 
YeeesMan: folds 
xcinaz: raises $1.50 to $2.50
JUANS2: folds 
Coops777789 leaves the table
erpaye: calls $1.50
*** FLOP *** [6c 9s 3h]
erpaye: checks 
xcinaz: checks 
*** TURN *** [6c 9s 3h] [5h]
erpaye: bets $2.09
xcinaz: calls $2.09
*** RIVER *** [6c 9s 3h 5h] [2s]
erpaye: checks 
xcinaz: checks 
*** SHOW DOWN ***
erpaye: shows [8d Ks] (high card King)
xcinaz: shows [5c Jc] (a pair of Fives)
xcinaz collected $9.20 from pot
*** SUMMARY ***
Total pot $9.68 | Rake $0.48 
Board [6c 9s 3h 5h 2s]
Seat 1: xcinaz (button) showed [5c Jc] and won ($9.20) with a pair of Fives
Seat 2: JUANS2 (small blind) folded before Flop
Seat 3: erpaye (big blind) showed [8d Ks] and lost with high card King
Seat 4: GuigaMan folded before Flop (didn't bet)
Seat 5: Coops777789 folded before Flop (didn't bet)
Seat 6: YeeesMan folded before Flop (didn't bet)



PokerStars Hand #254519485339:  Hold'em No Limit ($0.50/$1.00 USD) - 2025/01/23 21:02:59 WET [2025/01/23 16:02:59 ET]
Table 'Veteraniya IV' 6-max Seat #2 is the button
Seat 1: xcinaz ($152.31 in chips) 
Seat 2: JUANS2 ($100 in chips) 
Seat 3: erpaye ($197.80 in chips) 
Seat 4: GuigaMan ($118.43 in chips) 
Seat 6: YeeesMan ($100 in chips) 
erpaye: posts small blind $0.50
GuigaMan: posts big blind $1
*** HOLE CARDS ***
YeeesMan: folds 
xcinaz: raises $1.20 to $2.20
JUANS2: folds 
erpaye: folds 
GuigaMan: calls $1.20
*** FLOP *** [Qh 4d 9s]
GuigaMan: checks 
xcinaz: bets $1.17
GuigaMan: folds 
Uncalled bet ($1.17) returned to xcinaz
xcinaz collected $4.66 from pot
xcinaz: doesn't show hand 
*** SUMMARY ***
Total pot $4.90 | Rake $0.24 
Board [Qh 4d 9s]
Seat 1: xcinaz collected ($4.66)
Seat 2: JUANS2 (button) folded before Flop (didn't bet)
Seat 3: erpaye (small blind) folded before Flop
Seat 4: GuigaMan (big blind) folded on the Flop
Seat 6: YeeesMan folded before Flop (didn't bet)



PokerStars Hand #254519493899:  Hold'em No Limit ($0.50/$1.00 USD) - 2025/01/23 21:03:28 WET [2025/01/23 16:03:28 ET]
Table 'Veteraniya IV' 6-max Seat #3 is the button
Seat 6: YeeesMan ($100 in chips) is sitting out
Seat 1: xcinaz ($154.77 in chips) 
Seat 2: JUANS2 ($100 in chips) 
Seat 3: erpaye ($197.30 in chips) 
Seat 4: GuigaMan ($116.23 in chips) 
GuigaMan: posts small blind $0.50
YeeesMan: is sitting out 
xcinaz: posts big blind $1
*** HOLE CARDS ***
JUANS2: folds 
erpaye: raises $1.30 to $2.30
YeeesMan leaves the table
GuigaMan: folds 
xcinaz: calls $1.30
*** FLOP *** [9d Ad Qh]
xcinaz: checks 
erpaye: checks 
*** TURN *** [9d Ad Qh] [Kc]
xcinaz: checks 
erpaye: checks 
*** RIVER *** [9d Ad Qh Kc] [Qs]
xcinaz: checks 
erpaye: bets $7.26
xcinaz: folds 
Uncalled bet ($7.26) returned to erpaye
erpaye collected $4.84 from pot
erpaye: doesn't show hand 
*** SUMMARY ***
Total pot $5.10 | Rake $0.26 
Board [9d Ad Qh Kc Qs]
Seat 6: YeeesMan
Seat 1: xcinaz (big blind) folded on the River
Seat 2: JUANS2 folded before Flop (didn't bet)
Seat 3: erpaye (button) collected ($4.84)
Seat 4: GuigaMan (small blind) folded before Flop



PokerStars Hand #254519513816:  Hold'em No Limit ($0.50/$1.00 USD) - 2025/01/23 21:04:34 WET [2025/01/23 16:04:34 ET]
Table 'Veteraniya IV' 6-max Seat #1 is the button
Seat 2: JUANS2 ($100 in chips) is sitting out
Seat 1: xcinaz ($152.47 in chips) 
Seat 4: GuigaMan ($115.73 in chips) 
xcinaz: posts small blind $0.50
JUANS2: is sitting out 
GuigaMan: posts big blind $1
*** HOLE CARDS ***
JUANS2 leaves the table
xcinaz: folds 
Uncalled bet ($0.50) returned to GuigaMan
GuigaMan collected $1 from pot
*** SUMMARY ***
Total pot $1 | Rake $0 
Seat 2: JUANS2
Seat 1: xcinaz (button) (small blind) folded before Flop
Seat 4: GuigaMan (big blind) collected ($1)



PokerStars Hand #254519519509:  Hold'em No Limit ($0.50/$1.00 USD) - 2025/01/23 21:04:53 WET [2025/01/23 16:04:53 ET]
Table 'Veteraniya IV' 6-max Seat #4 is the button
Seat 1: xcinaz ($151.97 in chips) 
Seat 4: GuigaMan ($116.23 in chips) 
GuigaMan: posts small blind $0.50
xcinaz: posts big blind $1
*** HOLE CARDS ***
GuigaMan: raises $1.50 to $2.50
xcinaz: raises $7.50 to $10
GuigaMan: raises $10 to $20
xcinaz: calls $10
*** FLOP *** [9c 4d 9s]
xcinaz: checks 
GuigaMan: bets $8
xcinaz: folds 
Uncalled bet ($8) returned to GuigaMan
GuigaMan collected $39 from pot
*** SUMMARY ***
Total pot $40 | Rake $1 
Board [9c 4d 9s]
Seat 1: xcinaz (big blind) folded on the Flop
Seat 4: GuigaMan (button) (small blind) collected ($39)



