PokerStars Hand #254514181860:  Hold'em No Limit ($0.50/$1.00 USD) - 2025/01/23 14:14:22 WET [2025/01/23 9:14:22 ET]
Table 'Baillauda IV' 6-max Seat #4 is the button
Seat 1: joaquin612 ($113.23 in chips) 
Seat 2: easy_sarcasm ($100.96 in chips) 
Seat 3: shave_mustache ($104.70 in chips) 
Seat 4: kk190857 ($63.41 in chips) 
Seat 5: Espada Fish ($101.70 in chips) 
Seat 6: mr.Jckpot ($100 in chips) 
Espada Fish: posts small blind $0.50
mr.Jckpot: posts big blind $1
*** HOLE CARDS ***
joaquin612: folds 
easy_sarcasm: folds 
shave_mustache: folds 
kk190857: folds 
Espada Fish: raises $2 to $3
mr.Jckpot: folds 
Uncalled bet ($2) returned to Espada Fish
Espada Fish collected $2 from pot
Espada Fish: doesn't show hand 
*** SUMMARY ***
Total pot $2 | Rake $0 
Seat 1: joaquin612 folded before Flop (didn't bet)
Seat 2: easy_sarcasm folded before Flop (didn't bet)
Seat 3: shave_mustache folded before Flop (didn't bet)
Seat 4: kk190857 (button) folded before Flop (didn't bet)
Seat 5: Espada Fish (small blind) collected ($2)
Seat 6: mr.Jckpot (big blind) folded before Flop



PokerStars Hand #254514186772:  Hold'em No Limit ($0.50/$1.00 USD) - 2025/01/23 14:14:53 WET [2025/01/23 9:14:53 ET]
Table 'Baillauda IV' 6-max Seat #5 is the button
Seat 1: joaquin612 ($113.23 in chips) 
Seat 2: easy_sarcasm ($100.96 in chips) 
Seat 3: shave_mustache ($104.70 in chips) 
Seat 4: kk190857 ($63.41 in chips) 
Seat 5: Espada Fish ($102.70 in chips) 
Seat 6: mr.Jckpot ($100 in chips) 
mr.Jckpot: posts small blind $0.50
joaquin612: posts big blind $1
*** HOLE CARDS ***
easy_sarcasm: folds 
shave_mustache: folds 
kk190857: folds 
Espada Fish: folds 
mr.Jckpot: folds 
Uncalled bet ($0.50) returned to joaquin612
joaquin612 collected $1 from pot
joaquin612: doesn't show hand 
*** SUMMARY ***
Total pot $1 | Rake $0 
Seat 1: joaquin612 (big blind) collected ($1)
Seat 2: easy_sarcasm folded before Flop (didn't bet)
Seat 3: shave_mustache folded before Flop (didn't bet)
Seat 4: kk190857 folded before Flop (didn't bet)
Seat 5: Espada Fish (button) folded before Flop (didn't bet)
Seat 6: mr.Jckpot (small blind) folded before Flop



PokerStars Hand #254514188200:  Hold'em No Limit ($0.50/$1.00 USD) - 2025/01/23 14:15:02 WET [2025/01/23 9:15:02 ET]
Table 'Baillauda IV' 6-max Seat #6 is the button
Seat 1: joaquin612 ($113.73 in chips) 
Seat 2: easy_sarcasm ($100.96 in chips) 
Seat 3: shave_mustache ($104.70 in chips) 
Seat 4: kk190857 ($63.41 in chips) 
Seat 5: Espada Fish ($102.70 in chips) 
Seat 6: mr.Jckpot ($100 in chips) 
joaquin612: posts small blind $0.50
easy_sarcasm: posts big blind $1
*** HOLE CARDS ***
shave_mustache: folds 
kk190857: folds 
Espada Fish: raises $1.20 to $2.20
mr.Jckpot: folds 
joaquin612: folds 
easy_sarcasm: folds 
Uncalled bet ($1.20) returned to Espada Fish
Espada Fish collected $2.50 from pot
Espada Fish: doesn't show hand 
*** SUMMARY ***
Total pot $2.50 | Rake $0 
Seat 1: joaquin612 (small blind) folded before Flop
Seat 2: easy_sarcasm (big blind) folded before Flop
Seat 3: shave_mustache folded before Flop (didn't bet)
Seat 4: kk190857 folded before Flop (didn't bet)
Seat 5: Espada Fish collected ($2.50)
Seat 6: mr.Jckpot (button) folded before Flop (didn't bet)



PokerStars Hand #254514191820:  Hold'em No Limit ($0.50/$1.00 USD) - 2025/01/23 14:15:26 WET [2025/01/23 9:15:26 ET]
Table 'Baillauda IV' 6-max Seat #1 is the button
Seat 1: joaquin612 ($113.23 in chips) 
Seat 2: easy_sarcasm ($100 in chips) 
Seat 3: shave_mustache ($104.70 in chips) 
Seat 4: kk190857 ($63.41 in chips) 
Seat 5: Espada Fish ($104.20 in chips) 
Seat 6: mr.Jckpot ($100 in chips) 
easy_sarcasm: posts small blind $0.50
shave_mustache: posts big blind $1
*** HOLE CARDS ***
kk190857: raises $2.50 to $3.50
Espada Fish: raises $6.50 to $10
mr.Jckpot: folds 
joaquin612: folds 
easy_sarcasm: folds 
shave_mustache: folds 
kk190857: calls $6.50
*** FLOP *** [9h 3d Th]
kk190857: checks 
Espada Fish: bets $11.50
kk190857: calls $11.50
*** TURN *** [9h 3d Th] [7h]
kk190857: checks 
Espada Fish: checks 
*** RIVER *** [9h 3d Th 7h] [Jh]
kk190857: bets $41.91 and is all-in
Espada Fish: folds 
Uncalled bet ($41.91) returned to kk190857
kk190857 collected $42.28 from pot
kk190857: doesn't show hand 
*** SUMMARY ***
Total pot $44.50 | Rake $2.22 
Board [9h 3d Th 7h Jh]
Seat 1: joaquin612 (button) folded before Flop (didn't bet)
Seat 2: easy_sarcasm (small blind) folded before Flop
Seat 3: shave_mustache (big blind) folded before Flop
Seat 4: kk190857 collected ($42.28)
Seat 5: Espada Fish folded on the River
Seat 6: mr.Jckpot folded before Flop (didn't bet)



PokerStars Hand #254514205052:  Hold'em No Limit ($0.50/$1.00 USD) - 2025/01/23 14:16:52 WET [2025/01/23 9:16:52 ET]
Table 'Baillauda IV' 6-max Seat #2 is the button
Seat 1: joaquin612 ($113.23 in chips) 
Seat 2: easy_sarcasm ($100 in chips) 
Seat 3: shave_mustache ($103.70 in chips) 
Seat 4: kk190857 ($84.19 in chips) 
Seat 5: Espada Fish ($100 in chips) 
Seat 6: mr.Jckpot ($100 in chips) 
shave_mustache: posts small blind $0.50
kk190857: posts big blind $1
*** HOLE CARDS ***
Espada Fish: folds 
mr.Jckpot: folds 
joaquin612: folds 
easy_sarcasm: folds 
shave_mustache: raises $2 to $3
kk190857: calls $2
*** FLOP *** [6d 4s 8d]
shave_mustache: bets $4.28
kk190857: calls $4.28
*** TURN *** [6d 4s 8d] [3h]
shave_mustache: checks 
kk190857: bets $13.83
shave_mustache: folds 
Uncalled bet ($13.83) returned to kk190857
kk190857 collected $13.83 from pot
kk190857: doesn't show hand 
*** SUMMARY ***
Total pot $14.56 | Rake $0.73 
Board [6d 4s 8d 3h]
Seat 1: joaquin612 folded before Flop (didn't bet)
Seat 2: easy_sarcasm (button) folded before Flop (didn't bet)
Seat 3: shave_mustache (small blind) folded on the Turn
Seat 4: kk190857 (big blind) collected ($13.83)
Seat 5: Espada Fish folded before Flop (didn't bet)
Seat 6: mr.Jckpot folded before Flop (didn't bet)



PokerStars Hand #254514214311:  Hold'em No Limit ($0.50/$1.00 USD) - 2025/01/23 14:17:51 WET [2025/01/23 9:17:51 ET]
Table 'Baillauda IV' 6-max Seat #3 is the button
Seat 1: joaquin612 ($113.23 in chips) 
Seat 2: easy_sarcasm ($100 in chips) 
Seat 3: shave_mustache ($100 in chips) 
Seat 4: kk190857 ($90.74 in chips) 
Seat 5: Espada Fish ($100 in chips) 
Seat 6: mr.Jckpot ($100 in chips) 
kk190857: posts small blind $0.50
Espada Fish: posts big blind $1
*** HOLE CARDS ***
mr.Jckpot: folds 
joaquin612: folds 
easy_sarcasm: folds 
shave_mustache: folds 
kk190857: folds 
Uncalled bet ($0.50) returned to Espada Fish
Espada Fish collected $1 from pot
Espada Fish: doesn't show hand 
kk190857 leaves the table
*** SUMMARY ***
Total pot $1 | Rake $0 
Seat 1: joaquin612 folded before Flop (didn't bet)
Seat 2: easy_sarcasm folded before Flop (didn't bet)
Seat 3: shave_mustache (button) folded before Flop (didn't bet)
Seat 4: kk190857 (small blind) folded before Flop
Seat 5: Espada Fish (big blind) collected ($1)
Seat 6: mr.Jckpot folded before Flop (didn't bet)



PokerStars Hand #254514215470:  Hold'em No Limit ($0.50/$1.00 USD) - 2025/01/23 14:17:58 WET [2025/01/23 9:17:58 ET]
Table 'Baillauda IV' 6-max Seat #5 is the button
Seat 1: joaquin612 ($113.23 in chips) 
Seat 2: easy_sarcasm ($100 in chips) 
Seat 3: shave_mustache ($100 in chips) 
Seat 5: Espada Fish ($100.50 in chips) 
Seat 6: mr.Jckpot ($100 in chips) 
mr.Jckpot: posts small blind $0.50
joaquin612: posts big blind $1
*** HOLE CARDS ***
easy_sarcasm: folds 
shave_mustache: folds 
easy_sarcasm leaves the table
Espada Fish: folds 
mr.Jckpot: raises $2 to $3
joaquin612: folds 
Uncalled bet ($2) returned to mr.Jckpot
mr.Jckpot collected $2 from pot
mr.Jckpot: doesn't show hand 
*** SUMMARY ***
Total pot $2 | Rake $0 
Seat 1: joaquin612 (big blind) folded before Flop
Seat 2: easy_sarcasm folded before Flop (didn't bet)
Seat 3: shave_mustache folded before Flop (didn't bet)
Seat 5: Espada Fish (button) folded before Flop (didn't bet)
Seat 6: mr.Jckpot (small blind) collected ($2)



