PokerStars Hand #254516860948:  Hold'em No Limit ($0.50/$1.00 USD) - 2025/01/23 18:12:00 WET [2025/01/23 13:12:00 ET]
Table 'Luscinia IV' 6-max Seat #3 is the button
Seat 1: Supermegopro ($100 in chips) 
Seat 2: JUANS2 ($100 in chips) 
Seat 3: martinobabe ($40 in chips) 
Seat 4: worker0k ($100 in chips) 
Seat 5: shave_mustache ($100 in chips) 
Seat 6: DL1B ($100 in chips) 
worker0k: posts small blind $0.50
shave_mustache: posts big blind $1
*** HOLE CARDS ***
DL1B: folds 
Supermegopro: folds 
JUANS2: folds 
martinobabe: folds 
worker0k: folds 
Uncalled bet ($0.50) returned to shave_mustache
shave_mustache collected $1 from pot
shave_mustache: doesn't show hand 
*** SUMMARY ***
Total pot $1 | Rake $0 
Seat 1: Supermegopro folded before Flop (didn't bet)
Seat 2: JUANS2 folded before Flop (didn't bet)
Seat 3: martinobabe (button) folded before Flop (didn't bet)
Seat 4: worker0k (small blind) folded before Flop
Seat 5: shave_mustache (big blind) collected ($1)
Seat 6: DL1B folded before Flop (didn't bet)



PokerStars Hand #254516863276:  Hold'em No Limit ($0.50/$1.00 USD) - 2025/01/23 18:12:11 WET [2025/01/23 13:12:11 ET]
Table 'Luscinia IV' 6-max Seat #4 is the button
Seat 1: Supermegopro ($100 in chips) 
Seat 2: JUANS2 ($100 in chips) 
Seat 3: martinobabe ($40 in chips) 
Seat 4: worker0k ($100 in chips) 
Seat 5: shave_mustache ($100.50 in chips) 
Seat 6: DL1B ($100 in chips) 
shave_mustache: posts small blind $0.50
DL1B: posts big blind $1
*** HOLE CARDS ***
Supermegopro: raises $1.50 to $2.50
JUANS2: folds 
martinobabe: raises $5.50 to $8
worker0k: folds 
shave_mustache: folds 
DL1B: folds 
Supermegopro: raises $33 to $41
martinobabe: calls $32 and is all-in
Uncalled bet ($1) returned to Supermegopro
*** FLOP *** [Ts 3h 3c]
*** TURN *** [Ts 3h 3c] [4h]
*** RIVER *** [Ts 3h 3c 4h] [2d]
*** SHOW DOWN ***
Supermegopro: shows [As Jd] (a pair of Threes)
martinobabe: shows [Ac Ah] (two pair, Aces and Threes)
martinobabe cashed out the hand for $71 | Cash Out Fee $1.45
*** SUMMARY ***
Total pot $81.50 | Rake $2.50 
Board [Ts 3h 3c 4h 2d]
Seat 1: Supermegopro showed [As Jd] and lost with a pair of Threes
Seat 2: JUANS2 folded before Flop (didn't bet)
Seat 3: martinobabe showed [Ac Ah] and won ($79) with two pair, Aces and Threes (pot not awarded as player cashed out)
Seat 4: worker0k (button) folded before Flop (didn't bet)
Seat 5: shave_mustache (small blind) folded before Flop
Seat 6: DL1B (big blind) folded before Flop



PokerStars Hand #254516872588:  Hold'em No Limit ($0.50/$1.00 USD) - 2025/01/23 18:12:51 WET [2025/01/23 13:12:51 ET]
Table 'Luscinia IV' 6-max Seat #5 is the button
Seat 1: Supermegopro ($100 in chips) 
Seat 2: JUANS2 ($100 in chips) 
Seat 3: martinobabe ($71 in chips) 
Seat 4: worker0k ($100 in chips) 
Seat 5: shave_mustache ($100 in chips) 
Seat 6: DL1B ($100 in chips) 
DL1B: posts small blind $0.50
Supermegopro: posts big blind $1
*** HOLE CARDS ***
JUANS2: raises $1.50 to $2.50
martinobabe: calls $2.50
worker0k: folds 
shave_mustache: folds 
DL1B: folds 
Supermegopro: calls $1.50
*** FLOP *** [Tc As Jh]
Supermegopro: checks 
JUANS2: checks 
martinobabe: checks 
*** TURN *** [Tc As Jh] [2d]
Supermegopro: checks 
JUANS2: checks 
martinobabe: checks 
*** RIVER *** [Tc As Jh 2d] [Ah]
Supermegopro: checks 
JUANS2: checks 
martinobabe: checks 
*** SHOW DOWN ***
Supermegopro: shows [3c 4c] (a pair of Aces)
JUANS2: shows [5h 5s] (two pair, Aces and Fives)
martinobabe: mucks hand 
JUANS2 collected $7.60 from pot
*** SUMMARY ***
Total pot $8 | Rake $0.40 
Board [Tc As Jh 2d Ah]
Seat 1: Supermegopro (big blind) showed [3c 4c] and lost with a pair of Aces
Seat 2: JUANS2 showed [5h 5s] and won ($7.60) with two pair, Aces and Fives
Seat 3: martinobabe mucked
Seat 4: worker0k folded before Flop (didn't bet)
Seat 5: shave_mustache (button) folded before Flop (didn't bet)
Seat 6: DL1B (small blind) folded before Flop



PokerStars Hand #254516881943:  Hold'em No Limit ($0.50/$1.00 USD) - 2025/01/23 18:13:31 WET [2025/01/23 13:13:31 ET]
Table 'Luscinia IV' 6-max Seat #6 is the button
Seat 1: Supermegopro ($100 in chips) 
Seat 2: JUANS2 ($105.10 in chips) 
Seat 3: martinobabe ($68.50 in chips) 
Seat 4: worker0k ($100 in chips) 
Seat 5: shave_mustache ($100 in chips) 
Seat 6: DL1B ($100 in chips) 
Supermegopro: posts small blind $0.50
JUANS2: posts big blind $1
*** HOLE CARDS ***
martinobabe: calls $1
worker0k: folds 
shave_mustache: folds 
DL1B: raises $2.50 to $3.50
Supermegopro: calls $3
JUANS2: raises $15.50 to $19
martinobabe: folds 
DL1B: folds 
Supermegopro: folds 
Uncalled bet ($15.50) returned to JUANS2
JUANS2 collected $11.50 from pot
JUANS2: doesn't show hand 
*** SUMMARY ***
Total pot $11.50 | Rake $0 
Seat 1: Supermegopro (small blind) folded before Flop
Seat 2: JUANS2 (big blind) collected ($11.50)
Seat 3: martinobabe folded before Flop
Seat 4: worker0k folded before Flop (didn't bet)
Seat 5: shave_mustache folded before Flop (didn't bet)
Seat 6: DL1B (button) folded before Flop



PokerStars Hand #254516888981:  Hold'em No Limit ($0.50/$1.00 USD) - 2025/01/23 18:14:02 WET [2025/01/23 13:14:02 ET]
Table 'Luscinia IV' 6-max Seat #1 is the button
Seat 1: Supermegopro ($100 in chips) 
Seat 2: JUANS2 ($113.10 in chips) 
Seat 3: martinobabe ($67.50 in chips) 
Seat 4: worker0k ($100 in chips) 
Seat 5: shave_mustache ($100 in chips) 
Seat 6: DL1B ($100 in chips) 
JUANS2: posts small blind $0.50
martinobabe: posts big blind $1
*** HOLE CARDS ***
worker0k: folds 
shave_mustache: folds 
DL1B: folds 
Supermegopro: raises $1.50 to $2.50
JUANS2: folds 
martinobabe: folds 
Uncalled bet ($1.50) returned to Supermegopro
Supermegopro collected $2.50 from pot
Supermegopro: doesn't show hand 
*** SUMMARY ***
Total pot $2.50 | Rake $0 
Seat 1: Supermegopro (button) collected ($2.50)
Seat 2: JUANS2 (small blind) folded before Flop
Seat 3: martinobabe (big blind) folded before Flop
Seat 4: worker0k folded before Flop (didn't bet)
Seat 5: shave_mustache folded before Flop (didn't bet)
Seat 6: DL1B folded before Flop (didn't bet)



PokerStars Hand #254516892507:  Hold'em No Limit ($0.50/$1.00 USD) - 2025/01/23 18:14:17 WET [2025/01/23 13:14:17 ET]
Table 'Luscinia IV' 6-max Seat #2 is the button
Seat 1: Supermegopro ($101.50 in chips) 
Seat 2: JUANS2 ($112.60 in chips) 
Seat 3: martinobabe ($66.50 in chips) 
Seat 4: worker0k ($100 in chips) 
Seat 5: shave_mustache ($100 in chips) 
Seat 6: DL1B ($100 in chips) 
martinobabe: posts small blind $0.50
worker0k: posts big blind $1
*** HOLE CARDS ***
shave_mustache: folds 
DL1B: raises $1 to $2
Supermegopro: folds 
JUANS2: folds 
shave_mustache leaves the table
martinobabe: calls $1.50
worker0k: folds 
*** FLOP *** [8c 5s 2c]
martinobabe: checks 
DL1B: checks 
*** TURN *** [8c 5s 2c] [Ad]
martinobabe: checks 
AlexPinsk1 joins the table at seat #5 
DL1B: bets $4.86
martinobabe: calls $4.86
*** RIVER *** [8c 5s 2c Ad] [8s]
martinobabe: checks 
DL1B: checks 
*** SHOW DOWN ***
martinobabe: shows [Ac 9s] (two pair, Aces and Eights)
DL1B: mucks hand 
martinobabe collected $13.98 from pot
*** SUMMARY ***
Total pot $14.72 | Rake $0.74 
Board [8c 5s 2c Ad 8s]
Seat 1: Supermegopro folded before Flop (didn't bet)
Seat 2: JUANS2 (button) folded before Flop (didn't bet)
Seat 3: martinobabe (small blind) showed [Ac 9s] and won ($13.98) with two pair, Aces and Eights
Seat 4: worker0k (big blind) folded before Flop
Seat 5: shave_mustache folded before Flop (didn't bet)
Seat 6: DL1B mucked



PokerStars Hand #254516900408:  Hold'em No Limit ($0.50/$1.00 USD) - 2025/01/23 18:14:51 WET [2025/01/23 13:14:51 ET]
Table 'Luscinia IV' 6-max Seat #3 is the button
Seat 1: Supermegopro ($101.50 in chips) 
Seat 2: JUANS2 ($112.60 in chips) 
Seat 3: martinobabe ($73.62 in chips) 
Seat 4: worker0k ($100 in chips) 
Seat 5: AlexPinsk1 ($100 in chips) 
Seat 6: DL1B ($100 in chips) 
worker0k: posts small blind $0.50
AlexPinsk1: posts big blind $1
*** HOLE CARDS ***
DL1B: raises $2 to $3
Supermegopro: raises $6 to $9
JUANS2: folds 
martinobabe: folds 
worker0k: folds 
AlexPinsk1: folds 
DL1B: folds 
Uncalled bet ($6) returned to Supermegopro
Supermegopro collected $7.50 from pot
Supermegopro: doesn't show hand 
*** SUMMARY ***
Total pot $7.50 | Rake $0 
Seat 1: Supermegopro collected ($7.50)
Seat 2: JUANS2 folded before Flop (didn't bet)
Seat 3: martinobabe (button) folded before Flop (didn't bet)
Seat 4: worker0k (small blind) folded before Flop
Seat 5: AlexPinsk1 (big blind) folded before Flop
Seat 6: DL1B folded before Flop



PokerStars Hand #254516906446:  Hold'em No Limit ($0.50/$1.00 USD) - 2025/01/23 18:15:17 WET [2025/01/23 13:15:17 ET]
Table 'Luscinia IV' 6-max Seat #4 is the button
Seat 1: Supermegopro ($106 in chips) 
Seat 2: JUANS2 ($112.60 in chips) 
Seat 3: martinobabe ($73.62 in chips) 
Seat 4: worker0k ($100 in chips) 
Seat 5: AlexPinsk1 ($100 in chips) 
Seat 6: DL1B ($100 in chips) 
AlexPinsk1: posts small blind $0.50
DL1B: posts big blind $1
*** HOLE CARDS ***
Supermegopro: folds 
JUANS2: folds 
martinobabe: folds 
worker0k: folds 
AlexPinsk1: folds 
Uncalled bet ($0.50) returned to DL1B
DL1B collected $1 from pot
DL1B: doesn't show hand 
*** SUMMARY ***
Total pot $1 | Rake $0 
Seat 1: Supermegopro folded before Flop (didn't bet)
Seat 2: JUANS2 folded before Flop (didn't bet)
Seat 3: martinobabe folded before Flop (didn't bet)
Seat 4: worker0k (button) folded before Flop (didn't bet)
Seat 5: AlexPinsk1 (small blind) folded before Flop
Seat 6: DL1B (big blind) collected ($1)



PokerStars Hand #254517005452:  Hold'em No Limit ($0.50/$1.00 USD) - 2025/01/23 18:22:24 WET [2025/01/23 13:22:24 ET]
Table 'Luscinia IV' 6-max Seat #4 is the button
Seat 1: Supermegopro ($108.02 in chips) 
Seat 2: JUANS2 ($118.80 in chips) 
Seat 3: martinobabe ($76.18 in chips) 
Seat 4: worker0k ($100 in chips) 
Seat 5: AlexPinsk1 ($100 in chips) 
Seat 6: DL1B ($107.08 in chips) 
AlexPinsk1: posts small blind $0.50
DL1B: posts big blind $1
*** HOLE CARDS ***
Supermegopro: folds 
JUANS2: raises $1.50 to $2.50
martinobabe: folds 
worker0k: folds 
AlexPinsk1: folds 
DL1B: calls $1.50
*** FLOP *** [3d Jh 5c]
DL1B: checks 
JUANS2: bets $1.72
DL1B: raises $3.72 to $5.44
JUANS2: calls $3.72
*** TURN *** [3d Jh 5c] [7d]
DL1B: bets $11.83
JUANS2: folds 
Uncalled bet ($11.83) returned to DL1B
DL1B collected $15.56 from pot
DL1B: doesn't show hand 
*** SUMMARY ***
Total pot $16.38 | Rake $0.82 
Board [3d Jh 5c 7d]
Seat 1: Supermegopro folded before Flop (didn't bet)
Seat 2: JUANS2 folded on the Turn
Seat 3: martinobabe folded before Flop (didn't bet)
Seat 4: worker0k (button) folded before Flop (didn't bet)
Seat 5: AlexPinsk1 (small blind) folded before Flop
Seat 6: DL1B (big blind) collected ($15.56)



PokerStars Hand #254517025698:  Hold'em No Limit ($0.50/$1.00 USD) - 2025/01/23 18:23:50 WET [2025/01/23 13:23:50 ET]
Table 'Luscinia IV' 6-max Seat #5 is the button
Seat 1: Supermegopro ($108.02 in chips) 
Seat 2: JUANS2 ($110.86 in chips) 
Seat 3: martinobabe ($76.18 in chips) 
Seat 4: worker0k ($100 in chips) 
Seat 5: AlexPinsk1 ($100 in chips) 
Seat 6: DL1B ($114.70 in chips) 
DL1B: posts small blind $0.50
Supermegopro: posts big blind $1
*** HOLE CARDS ***
JUANS2: raises $1.20 to $2.20
martinobabe: folds 
worker0k: folds 
AlexPinsk1: folds 
DL1B: raises $9.80 to $12
Supermegopro: folds 
JUANS2: folds 
Uncalled bet ($9.80) returned to DL1B
DL1B collected $5.40 from pot
DL1B: doesn't show hand 
*** SUMMARY ***
Total pot $5.40 | Rake $0 
Seat 1: Supermegopro (big blind) folded before Flop
Seat 2: JUANS2 folded before Flop
Seat 3: martinobabe folded before Flop (didn't bet)
Seat 4: worker0k folded before Flop (didn't bet)
Seat 5: AlexPinsk1 (button) folded before Flop (didn't bet)
Seat 6: DL1B (small blind) collected ($5.40)



PokerStars Hand #254517030997:  Hold'em No Limit ($0.50/$1.00 USD) - 2025/01/23 18:24:13 WET [2025/01/23 13:24:13 ET]
Table 'Luscinia IV' 6-max Seat #6 is the button
Seat 1: Supermegopro ($107.02 in chips) 
Seat 2: JUANS2 ($108.66 in chips) 
Seat 3: martinobabe ($76.18 in chips) 
Seat 4: worker0k ($100 in chips) 
Seat 5: AlexPinsk1 ($100 in chips) 
Seat 6: DL1B ($117.90 in chips) 
Supermegopro: posts small blind $0.50
JUANS2: posts big blind $1
*** HOLE CARDS ***
martinobabe: folds 
worker0k: folds 
AlexPinsk1: raises $1.50 to $2.50
DL1B: raises $5 to $7.50
Supermegopro: folds 
JUANS2: folds 
AlexPinsk1: folds 
Uncalled bet ($5) returned to DL1B
DL1B collected $6.50 from pot
DL1B: doesn't show hand 
*** SUMMARY ***
Total pot $6.50 | Rake $0 
Seat 1: Supermegopro (small blind) folded before Flop
Seat 2: JUANS2 (big blind) folded before Flop
Seat 3: martinobabe folded before Flop (didn't bet)
Seat 4: worker0k folded before Flop (didn't bet)
Seat 5: AlexPinsk1 folded before Flop
Seat 6: DL1B (button) collected ($6.50)



PokerStars Hand #254517040188:  Hold'em No Limit ($0.50/$1.00 USD) - 2025/01/23 18:24:52 WET [2025/01/23 13:24:52 ET]
Table 'Luscinia IV' 6-max Seat #1 is the button
Seat 1: Supermegopro ($106.52 in chips) 
Seat 2: JUANS2 ($107.66 in chips) 
Seat 3: martinobabe ($76.18 in chips) 
Seat 4: worker0k ($100 in chips) 
Seat 5: AlexPinsk1 ($100 in chips) 
Seat 6: DL1B ($121.90 in chips) 
JUANS2: posts small blind $0.50
martinobabe: posts big blind $1
*** HOLE CARDS ***
worker0k: folds 
AlexPinsk1: folds 
DL1B: folds 
Supermegopro: raises $1.50 to $2.50
JUANS2: folds 
martinobabe: calls $1.50
*** FLOP *** [5s 3h 4s]
martinobabe: checks 
Supermegopro: bets $5
martinobabe: folds 
Uncalled bet ($5) returned to Supermegopro
Supermegopro collected $5.22 from pot
Supermegopro: doesn't show hand 
*** SUMMARY ***
Total pot $5.50 | Rake $0.28 
Board [5s 3h 4s]
Seat 1: Supermegopro (button) collected ($5.22)
Seat 2: JUANS2 (small blind) folded before Flop
Seat 3: martinobabe (big blind) folded on the Flop
Seat 4: worker0k folded before Flop (didn't bet)
Seat 5: AlexPinsk1 folded before Flop (didn't bet)
Seat 6: DL1B folded before Flop (didn't bet)



PokerStars Hand #254517045933:  Hold'em No Limit ($0.50/$1.00 USD) - 2025/01/23 18:25:17 WET [2025/01/23 13:25:17 ET]
Table 'Luscinia IV' 6-max Seat #2 is the button
Seat 1: Supermegopro ($109.24 in chips) 
Seat 2: JUANS2 ($107.16 in chips) 
Seat 3: martinobabe ($73.68 in chips) 
Seat 4: worker0k ($100 in chips) 
Seat 5: AlexPinsk1 ($100 in chips) 
Seat 6: DL1B ($121.90 in chips) 
martinobabe: posts small blind $0.50
worker0k: posts big blind $1
*** HOLE CARDS ***
AlexPinsk1: folds 
DL1B: raises $1 to $2
Supermegopro: folds 
JUANS2: folds 
martinobabe: folds 
worker0k: calls $1
*** FLOP *** [9c 8d 7c]
worker0k: checks 
DL1B: checks 
*** TURN *** [9c 8d 7c] [2d]
worker0k: bets $2.14
DL1B: calls $2.14
*** RIVER *** [9c 8d 7c 2d] [9h]
worker0k: bets $12.51
DL1B: folds 
Uncalled bet ($12.51) returned to worker0k
worker0k collected $8.34 from pot
*** SUMMARY ***
Total pot $8.78 | Rake $0.44 
Board [9c 8d 7c 2d 9h]
Seat 1: Supermegopro folded before Flop (didn't bet)
Seat 2: JUANS2 (button) folded before Flop (didn't bet)
Seat 3: martinobabe (small blind) folded before Flop
Seat 4: worker0k (big blind) collected ($8.34)
Seat 5: AlexPinsk1 folded before Flop (didn't bet)
Seat 6: DL1B folded on the River



PokerStars Hand #254517056910:  Hold'em No Limit ($0.50/$1.00 USD) - 2025/01/23 18:26:04 WET [2025/01/23 13:26:04 ET]
Table 'Luscinia IV' 6-max Seat #3 is the button
Seat 1: Supermegopro ($109.24 in chips) 
Seat 2: JUANS2 ($107.16 in chips) 
Seat 3: martinobabe ($73.18 in chips) 
Seat 4: worker0k ($104.20 in chips) 
Seat 5: AlexPinsk1 ($100 in chips) 
Seat 6: DL1B ($117.76 in chips) 
worker0k: posts small blind $0.50
AlexPinsk1: posts big blind $1
*** HOLE CARDS ***
DL1B: raises $2 to $3
Supermegopro: folds 
JUANS2: folds 
martinobabe: folds 
worker0k: folds 
AlexPinsk1: folds 
Uncalled bet ($2) returned to DL1B
DL1B collected $2.50 from pot
DL1B: doesn't show hand 
*** SUMMARY ***
Total pot $2.50 | Rake $0 
Seat 1: Supermegopro folded before Flop (didn't bet)
Seat 2: JUANS2 folded before Flop (didn't bet)
Seat 3: martinobabe (button) folded before Flop (didn't bet)
Seat 4: worker0k (small blind) folded before Flop
Seat 5: AlexPinsk1 (big blind) folded before Flop
Seat 6: DL1B collected ($2.50)



PokerStars Hand #254517061286:  Hold'em No Limit ($0.50/$1.00 USD) - 2025/01/23 18:26:22 WET [2025/01/23 13:26:22 ET]
Table 'Luscinia IV' 6-max Seat #4 is the button
Seat 1: Supermegopro ($109.24 in chips) 
Seat 2: JUANS2 ($107.16 in chips) 
Seat 3: martinobabe ($73.18 in chips) 
Seat 4: worker0k ($103.70 in chips) 
Seat 5: AlexPinsk1 ($100 in chips) 
Seat 6: DL1B ($119.26 in chips) 
AlexPinsk1: posts small blind $0.50
DL1B: posts big blind $1
*** HOLE CARDS ***
Supermegopro: raises $1.50 to $2.50
JUANS2: folds 
martinobabe: folds 
worker0k: folds 
AlexPinsk1: folds 
DL1B: calls $1.50
*** FLOP *** [Jd 5s 2c]
DL1B: checks 
Supermegopro: checks 
*** TURN *** [Jd 5s 2c] [8s]
DL1B: bets $3.97
Supermegopro: folds 
Uncalled bet ($3.97) returned to DL1B
DL1B collected $5.22 from pot
DL1B: doesn't show hand 
*** SUMMARY ***
Total pot $5.50 | Rake $0.28 
Board [Jd 5s 2c 8s]
Seat 1: Supermegopro folded on the Turn
Seat 2: JUANS2 folded before Flop (didn't bet)
Seat 3: martinobabe folded before Flop (didn't bet)
Seat 4: worker0k (button) folded before Flop (didn't bet)
Seat 5: AlexPinsk1 (small blind) folded before Flop
Seat 6: DL1B (big blind) collected ($5.22)



PokerStars Hand #254517068858:  Hold'em No Limit ($0.50/$1.00 USD) - 2025/01/23 18:26:55 WET [2025/01/23 13:26:55 ET]
Table 'Luscinia IV' 6-max Seat #5 is the button
Seat 1: Supermegopro ($106.74 in chips) 
Seat 2: JUANS2 ($107.16 in chips) 
Seat 3: martinobabe ($73.18 in chips) 
Seat 4: worker0k ($103.70 in chips) 
Seat 5: AlexPinsk1 ($100 in chips) 
Seat 6: DL1B ($121.98 in chips) 
DL1B: posts small blind $0.50
Supermegopro: posts big blind $1
*** HOLE CARDS ***
JUANS2: folds 
martinobabe: folds 
worker0k: folds 
AlexPinsk1: folds 
DL1B: folds 
Uncalled bet ($0.50) returned to Supermegopro
Supermegopro collected $1 from pot
Supermegopro: doesn't show hand 
*** SUMMARY ***
Total pot $1 | Rake $0 
Seat 1: Supermegopro (big blind) collected ($1)
Seat 2: JUANS2 folded before Flop (didn't bet)
Seat 3: martinobabe folded before Flop (didn't bet)
Seat 4: worker0k folded before Flop (didn't bet)
Seat 5: AlexPinsk1 (button) folded before Flop (didn't bet)
Seat 6: DL1B (small blind) folded before Flop



PokerStars Hand #254517071220:  Hold'em No Limit ($0.50/$1.00 USD) - 2025/01/23 18:27:05 WET [2025/01/23 13:27:05 ET]
Table 'Luscinia IV' 6-max Seat #6 is the button
Seat 1: Supermegopro ($107.24 in chips) 
Seat 2: JUANS2 ($107.16 in chips) 
Seat 3: martinobabe ($73.18 in chips) 
Seat 4: worker0k ($103.70 in chips) 
Seat 5: AlexPinsk1 ($100 in chips) 
Seat 6: DL1B ($121.48 in chips) 
Supermegopro: posts small blind $0.50
JUANS2: posts big blind $1
*** HOLE CARDS ***
martinobabe: folds 
worker0k: folds 
AlexPinsk1: folds 
DL1B: folds 
Supermegopro: folds 
Uncalled bet ($0.50) returned to JUANS2
JUANS2 collected $1 from pot
JUANS2: doesn't show hand 
*** SUMMARY ***
Total pot $1 | Rake $0 
Seat 1: Supermegopro (small blind) folded before Flop
Seat 2: JUANS2 (big blind) collected ($1)
Seat 3: martinobabe folded before Flop (didn't bet)
Seat 4: worker0k folded before Flop (didn't bet)
Seat 5: AlexPinsk1 folded before Flop (didn't bet)
Seat 6: DL1B (button) folded before Flop (didn't bet)



PokerStars Hand #254517073339:  Hold'em No Limit ($0.50/$1.00 USD) - 2025/01/23 18:27:14 WET [2025/01/23 13:27:14 ET]
Table 'Luscinia IV' 6-max Seat #1 is the button
Seat 1: Supermegopro ($106.74 in chips) 
Seat 2: JUANS2 ($107.66 in chips) 
Seat 3: martinobabe ($73.18 in chips) 
Seat 4: worker0k ($103.70 in chips) 
Seat 5: AlexPinsk1 ($100 in chips) 
Seat 6: DL1B ($121.48 in chips) 
JUANS2: posts small blind $0.50
martinobabe: posts big blind $1
*** HOLE CARDS ***
worker0k: folds 
AlexPinsk1: folds 
DL1B: folds 
Supermegopro: folds 
JUANS2: folds 
Uncalled bet ($0.50) returned to martinobabe
martinobabe collected $1 from pot
martinobabe: doesn't show hand 
*** SUMMARY ***
Total pot $1 | Rake $0 
Seat 1: Supermegopro (button) folded before Flop (didn't bet)
Seat 2: JUANS2 (small blind) folded before Flop
Seat 3: martinobabe (big blind) collected ($1)
Seat 4: worker0k folded before Flop (didn't bet)
Seat 5: AlexPinsk1 folded before Flop (didn't bet)
Seat 6: DL1B folded before Flop (didn't bet)



PokerStars Hand #254517075753:  Hold'em No Limit ($0.50/$1.00 USD) - 2025/01/23 18:27:24 WET [2025/01/23 13:27:24 ET]
Table 'Luscinia IV' 6-max Seat #2 is the button
Seat 1: Supermegopro ($106.74 in chips) 
Seat 2: JUANS2 ($107.16 in chips) 
Seat 3: martinobabe ($73.68 in chips) 
Seat 4: worker0k ($103.70 in chips) 
Seat 5: AlexPinsk1 ($100 in chips) 
Seat 6: DL1B ($121.48 in chips) 
martinobabe: posts small blind $0.50
worker0k: posts big blind $1
*** HOLE CARDS ***
AlexPinsk1: folds 
DL1B: folds 
Supermegopro: folds 
JUANS2: raises $1.50 to $2.50
martinobabe: folds 
worker0k: folds 
Uncalled bet ($1.50) returned to JUANS2
JUANS2 collected $2.50 from pot
JUANS2: doesn't show hand 
*** SUMMARY ***
Total pot $2.50 | Rake $0 
Seat 1: Supermegopro folded before Flop (didn't bet)
Seat 2: JUANS2 (button) collected ($2.50)
Seat 3: martinobabe (small blind) folded before Flop
Seat 4: worker0k (big blind) folded before Flop
Seat 5: AlexPinsk1 folded before Flop (didn't bet)
Seat 6: DL1B folded before Flop (didn't bet)



PokerStars Hand #254517080533:  Hold'em No Limit ($0.50/$1.00 USD) - 2025/01/23 18:27:44 WET [2025/01/23 13:27:44 ET]
Table 'Luscinia IV' 6-max Seat #3 is the button
Seat 1: Supermegopro ($106.74 in chips) 
Seat 2: JUANS2 ($108.66 in chips) 
Seat 3: martinobabe ($73.18 in chips) 
Seat 4: worker0k ($102.70 in chips) 
Seat 5: AlexPinsk1 ($100 in chips) 
Seat 6: DL1B ($121.48 in chips) 
worker0k: posts small blind $0.50
AlexPinsk1: posts big blind $1
*** HOLE CARDS ***
DL1B: folds 
Supermegopro: raises $1.50 to $2.50
JUANS2: folds 
martinobabe: calls $2.50
worker0k: folds 
AlexPinsk1: folds 
*** FLOP *** [Tc 3c 4s]
Supermegopro: checks 
martinobabe: bets $3
Supermegopro: folds 
Uncalled bet ($3) returned to martinobabe
martinobabe collected $6.18 from pot
martinobabe: doesn't show hand 
*** SUMMARY ***
Total pot $6.50 | Rake $0.32 
Board [Tc 3c 4s]
Seat 1: Supermegopro folded on the Flop
Seat 2: JUANS2 folded before Flop (didn't bet)
Seat 3: martinobabe (button) collected ($6.18)
Seat 4: worker0k (small blind) folded before Flop
Seat 5: AlexPinsk1 (big blind) folded before Flop
Seat 6: DL1B folded before Flop (didn't bet)



PokerStars Hand #254517088477:  Hold'em No Limit ($0.50/$1.00 USD) - 2025/01/23 18:28:17 WET [2025/01/23 13:28:17 ET]
Table 'Luscinia IV' 6-max Seat #4 is the button
Seat 1: Supermegopro ($104.24 in chips) 
Seat 2: JUANS2 ($108.66 in chips) 
Seat 3: martinobabe ($76.86 in chips) 
Seat 4: worker0k ($102.20 in chips) 
Seat 5: AlexPinsk1 ($100 in chips) 
Seat 6: DL1B ($121.48 in chips) 
AlexPinsk1: posts small blind $0.50
DL1B: posts big blind $1
*** HOLE CARDS ***
Supermegopro: folds 
JUANS2: folds 
martinobabe: folds 
worker0k: folds 
AlexPinsk1: raises $2 to $3
DL1B: raises $6 to $9
AlexPinsk1: folds 
Uncalled bet ($6) returned to DL1B
DL1B collected $6 from pot
DL1B: doesn't show hand 
*** SUMMARY ***
Total pot $6 | Rake $0 
Seat 1: Supermegopro folded before Flop (didn't bet)
Seat 2: JUANS2 folded before Flop (didn't bet)
Seat 3: martinobabe folded before Flop (didn't bet)
Seat 4: worker0k (button) folded before Flop (didn't bet)
Seat 5: AlexPinsk1 (small blind) folded before Flop
Seat 6: DL1B (big blind) collected ($6)



PokerStars Hand #254517097388:  Hold'em No Limit ($0.50/$1.00 USD) - 2025/01/23 18:28:55 WET [2025/01/23 13:28:55 ET]
Table 'Luscinia IV' 6-max Seat #5 is the button
Seat 1: Supermegopro ($104.24 in chips) 
Seat 2: JUANS2 ($108.66 in chips) 
Seat 3: martinobabe ($76.86 in chips) 
Seat 4: worker0k ($102.20 in chips) 
Seat 5: AlexPinsk1 ($100 in chips) 
Seat 6: DL1B ($124.48 in chips) 
DL1B: posts small blind $0.50
Supermegopro: posts big blind $1
*** HOLE CARDS ***
JUANS2: folds 
martinobabe: raises $2 to $3
worker0k: raises $6 to $9
AlexPinsk1: folds 
DL1B: folds 
Supermegopro: folds 
martinobabe: calls $6
*** FLOP *** [Jc 5c 4h]
martinobabe: checks 
worker0k: bets $9.26
martinobabe: folds 
Uncalled bet ($9.26) returned to worker0k
worker0k collected $18.52 from pot
worker0k: shows [Ad]
*** SUMMARY ***
Total pot $19.50 | Rake $0.98 
Board [Jc 5c 4h]
Seat 1: Supermegopro (big blind) folded before Flop
Seat 2: JUANS2 folded before Flop (didn't bet)
Seat 3: martinobabe folded on the Flop
Seat 4: worker0k collected ($18.52)
Seat 5: AlexPinsk1 (button) folded before Flop (didn't bet)
Seat 6: DL1B (small blind) folded before Flop



PokerStars Hand #254517102803:  Hold'em No Limit ($0.50/$1.00 USD) - 2025/01/23 18:29:18 WET [2025/01/23 13:29:18 ET]
Table 'Luscinia IV' 6-max Seat #6 is the button
Seat 1: Supermegopro ($103.24 in chips) 
Seat 2: JUANS2 ($108.66 in chips) 
Seat 3: martinobabe ($67.86 in chips) 
Seat 4: worker0k ($111.72 in chips) 
Seat 5: AlexPinsk1 ($100 in chips) 
Seat 6: DL1B ($123.98 in chips) 
Supermegopro: posts small blind $0.50
JUANS2: posts big blind $1
*** HOLE CARDS ***
martinobabe: calls $1
worker0k: folds 
AlexPinsk1: folds 
DL1B: raises $2.50 to $3.50
Supermegopro: folds 
JUANS2: calls $2.50
martinobabe: calls $2.50
*** FLOP *** [Qh 7d 3c]
JUANS2: checks 
martinobabe: checks 
DL1B: checks 
*** TURN *** [Qh 7d 3c] [2s]
JUANS2: checks 
martinobabe: checks 
DL1B: checks 
*** RIVER *** [Qh 7d 3c 2s] [3h]
JUANS2: bets $8.50
martinobabe: folds 
DL1B: folds 
Uncalled bet ($8.50) returned to JUANS2
JUANS2 collected $10.45 from pot
JUANS2: doesn't show hand 
*** SUMMARY ***
Total pot $11 | Rake $0.55 
Board [Qh 7d 3c 2s 3h]
Seat 1: Supermegopro (small blind) folded before Flop
Seat 2: JUANS2 (big blind) collected ($10.45)
Seat 3: martinobabe folded on the River
Seat 4: worker0k folded before Flop (didn't bet)
Seat 5: AlexPinsk1 folded before Flop (didn't bet)
Seat 6: DL1B (button) folded on the River



PokerStars Hand #254517115485:  Hold'em No Limit ($0.50/$1.00 USD) - 2025/01/23 18:30:11 WET [2025/01/23 13:30:11 ET]
Table 'Luscinia IV' 6-max Seat #1 is the button
Seat 1: Supermegopro ($102.74 in chips) 
Seat 2: JUANS2 ($115.61 in chips) 
Seat 3: martinobabe ($64.36 in chips) 
Seat 4: worker0k ($111.72 in chips) 
Seat 5: AlexPinsk1 ($100 in chips) 
Seat 6: DL1B ($120.48 in chips) 
JUANS2: posts small blind $0.50
martinobabe: posts big blind $1
*** HOLE CARDS ***
worker0k: folds 
AlexPinsk1: folds 
DL1B: raises $1.50 to $2.50
Supermegopro: raises $5 to $7.50
JUANS2: folds 
martinobabe: calls $6.50
DL1B: folds 
*** FLOP *** [Jc 6s Kc]
martinobabe: checks 
Supermegopro: bets $11.40
martinobabe: folds 
Uncalled bet ($11.40) returned to Supermegopro
Supermegopro collected $17.10 from pot
Supermegopro: doesn't show hand 
*** SUMMARY ***
Total pot $18 | Rake $0.90 
Board [Jc 6s Kc]
Seat 1: Supermegopro (button) collected ($17.10)
Seat 2: JUANS2 (small blind) folded before Flop
Seat 3: martinobabe (big blind) folded on the Flop
Seat 4: worker0k folded before Flop (didn't bet)
Seat 5: AlexPinsk1 folded before Flop (didn't bet)
Seat 6: DL1B folded before Flop



PokerStars Hand #254517166485:  Hold'em No Limit ($0.50/$1.00 USD) - 2025/01/23 18:33:42 WET [2025/01/23 13:33:42 ET]
Table 'Luscinia IV' 6-max Seat #4 is the button
Seat 3: martinobabe ($0 in chips) is sitting out
Seat 1: Supermegopro ($163.80 in chips) 
Seat 2: JUANS2 ($107.81 in chips) 
Seat 4: worker0k ($117.08 in chips) 
Seat 5: AlexPinsk1 ($102.50 in chips) 
Seat 6: DL1B ($118.97 in chips) 
AlexPinsk1: posts small blind $0.50
DL1B: posts big blind $1
*** HOLE CARDS ***
martinobabe leaves the table
Supermegopro: folds 
Supermegopro leaves the table
JUANS2: folds 
worker0k: raises $1.30 to $2.30
AlexPinsk1: folds 
DL1B: folds 
Uncalled bet ($1.30) returned to worker0k
worker0k collected $2.50 from pot
*** SUMMARY ***
Total pot $2.50 | Rake $0 
Seat 3: martinobabe
Seat 1: Supermegopro folded before Flop (didn't bet)
Seat 2: JUANS2 folded before Flop (didn't bet)
Seat 4: worker0k (button) collected ($2.50)
Seat 5: AlexPinsk1 (small blind) folded before Flop
Seat 6: DL1B (big blind) folded before Flop



PokerStars Hand #254517344906:  Hold'em No Limit ($0.50/$1.00 USD) - 2025/01/23 18:45:55 WET [2025/01/23 13:45:55 ET]
Table 'Luscinia IV' 6-max Seat #1 is the button
Seat 6: blackclan7 ($100 in chips) is sitting out
Seat 1: Supermegopro ($129.53 in chips) 
Seat 3: BGS013 ($101.50 in chips) 
Seat 4: UnderC@t ($111 in chips) 
Seat 5: worker0k ($122.58 in chips) 
BGS013: posts small blind $0.50
UnderC@t: posts big blind $1
blackclan7: sits out 
*** HOLE CARDS ***
worker0k: folds 
worker0k leaves the table
Supermegopro: folds 
BGS013: folds 
Uncalled bet ($0.50) returned to UnderC@t
UnderC@t collected $1 from pot
UnderC@t: doesn't show hand 
*** SUMMARY ***
Total pot $1 | Rake $0 
Seat 6: blackclan7
Seat 1: Supermegopro (button) folded before Flop (didn't bet)
Seat 3: BGS013 (small blind) folded before Flop
Seat 4: UnderC@t (big blind) collected ($1)
Seat 5: worker0k folded before Flop (didn't bet)



PokerStars Hand #254517347428:  Hold'em No Limit ($0.50/$1.00 USD) - 2025/01/23 18:46:05 WET [2025/01/23 13:46:05 ET]
Table 'Luscinia IV' 6-max Seat #3 is the button
Seat 1: Supermegopro ($129.53 in chips) 
Seat 3: BGS013 ($101 in chips) 
Seat 4: UnderC@t ($111.50 in chips) 
Seat 6: blackclan7 ($100 in chips) 
UnderC@t: posts small blind $0.50
blackclan7: posts big blind $1
*** HOLE CARDS ***
Supermegopro: folds 
BGS013: raises $1.50 to $2.50
UnderC@t: folds 
blackclan7: folds 
Uncalled bet ($1.50) returned to BGS013
BGS013 collected $2.50 from pot
BGS013: doesn't show hand 
*** SUMMARY ***
Total pot $2.50 | Rake $0 
Seat 1: Supermegopro folded before Flop (didn't bet)
Seat 3: BGS013 (button) collected ($2.50)
Seat 4: UnderC@t (small blind) folded before Flop
Seat 6: blackclan7 (big blind) folded before Flop



PokerStars Hand #254517350225:  Hold'em No Limit ($0.50/$1.00 USD) - 2025/01/23 18:46:16 WET [2025/01/23 13:46:16 ET]
Table 'Luscinia IV' 6-max Seat #4 is the button
Seat 1: Supermegopro ($129.53 in chips) 
Seat 3: BGS013 ($102.50 in chips) 
Seat 4: UnderC@t ($111 in chips) 
Seat 6: blackclan7 ($100 in chips) 
blackclan7: posts small blind $0.50
Supermegopro: posts big blind $1
*** HOLE CARDS ***
BGS013: folds 
UnderC@t: raises $1.50 to $2.50
blackclan7: folds 
Supermegopro: calls $1.50
*** FLOP *** [Kd 8s 6c]
Supermegopro: checks 
UnderC@t: bets $1.57
Supermegopro: calls $1.57
*** TURN *** [Kd 8s 6c] [Kh]
Supermegopro: checks 
UnderC@t: checks 
*** RIVER *** [Kd 8s 6c Kh] [2d]
Supermegopro: bets $4.11
UnderC@t: folds 
Uncalled bet ($4.11) returned to Supermegopro
Supermegopro collected $8.21 from pot
Supermegopro: doesn't show hand 
*** SUMMARY ***
Total pot $8.64 | Rake $0.43 
Board [Kd 8s 6c Kh 2d]
Seat 1: Supermegopro (big blind) collected ($8.21)
Seat 3: BGS013 folded before Flop (didn't bet)
Seat 4: UnderC@t (button) folded on the River
Seat 6: blackclan7 (small blind) folded before Flop



PokerStars Hand #254517361048:  Hold'em No Limit ($0.50/$1.00 USD) - 2025/01/23 18:47:00 WET [2025/01/23 13:47:00 ET]
Table 'Luscinia IV' 6-max Seat #6 is the button
Seat 1: Supermegopro ($133.67 in chips) 
Seat 3: BGS013 ($102.50 in chips) 
Seat 4: UnderC@t ($106.93 in chips) 
Seat 6: blackclan7 ($100 in chips) 
Supermegopro: posts small blind $0.50
BGS013: posts big blind $1
*** HOLE CARDS ***
UnderC@t: folds 
manescuctin joins the table at seat #2 
manescuctin is disconnected 
blackclan7: folds 
Supermegopro: folds 
Uncalled bet ($0.50) returned to BGS013
BGS013 collected $1 from pot
BGS013: doesn't show hand 
*** SUMMARY ***
Total pot $1 | Rake $0 
Seat 1: Supermegopro (small blind) folded before Flop
Seat 3: BGS013 (big blind) collected ($1)
Seat 4: UnderC@t folded before Flop (didn't bet)
Seat 6: blackclan7 (button) folded before Flop (didn't bet)



PokerStars Hand #254517364339:  Hold'em No Limit ($0.50/$1.00 USD) - 2025/01/23 18:47:14 WET [2025/01/23 13:47:14 ET]
Table 'Luscinia IV' 6-max Seat #1 is the button
Seat 2: manescuctin ($100 in chips) is sitting out
Seat 1: Supermegopro ($133.17 in chips) 
Seat 3: BGS013 ($103 in chips) 
Seat 4: UnderC@t ($106.93 in chips) 
Seat 6: blackclan7 ($100 in chips) 
BGS013: posts small blind $0.50
UnderC@t: posts big blind $1
*** HOLE CARDS ***
blackclan7: folds 
Supermegopro: raises $2 to $3
BGS013: raises $9 to $12
UnderC@t: folds 
Supermegopro: folds 
Uncalled bet ($9) returned to BGS013
BGS013 collected $7 from pot
BGS013: doesn't show hand 
*** SUMMARY ***
Total pot $7 | Rake $0 
Seat 2: manescuctin
Seat 1: Supermegopro (button) folded before Flop
Seat 3: BGS013 (small blind) collected ($7)
Seat 4: UnderC@t (big blind) folded before Flop
Seat 6: blackclan7 folded before Flop (didn't bet)



PokerStars Hand #254517369058:  Hold'em No Limit ($0.50/$1.00 USD) - 2025/01/23 18:47:33 WET [2025/01/23 13:47:33 ET]
Table 'Luscinia IV' 6-max Seat #3 is the button
Seat 2: manescuctin ($100 in chips) is sitting out
Seat 6: blackclan7 ($100 in chips) is sitting out
Seat 1: Supermegopro ($130.17 in chips) 
Seat 3: BGS013 ($107 in chips) 
Seat 4: UnderC@t ($105.93 in chips) 
UnderC@t: posts small blind $0.50
blackclan7: is sitting out 
Supermegopro: posts big blind $1
manescuctin: sits out 
*** HOLE CARDS ***
BGS013: raises $1.50 to $2.50
UnderC@t: folds 
Supermegopro: folds 
Uncalled bet ($1.50) returned to BGS013
BGS013 collected $2.50 from pot
BGS013: doesn't show hand 
*** SUMMARY ***
Total pot $2.50 | Rake $0 
Seat 2: manescuctin
Seat 6: blackclan7
Seat 1: Supermegopro (big blind) folded before Flop
Seat 3: BGS013 (button) collected ($2.50)
Seat 4: UnderC@t (small blind) folded before Flop



PokerStars Hand #254517371217:  Hold'em No Limit ($0.50/$1.00 USD) - 2025/01/23 18:47:42 WET [2025/01/23 13:47:42 ET]
Table 'Luscinia IV' 6-max Seat #4 is the button
Seat 6: blackclan7 ($100 in chips) is sitting out
Seat 1: Supermegopro ($129.17 in chips) 
Seat 2: manescuctin ($100 in chips) 
Seat 3: BGS013 ($108.50 in chips) 
Seat 4: UnderC@t ($105.43 in chips) 
Supermegopro: posts small blind $0.50
manescuctin: posts big blind $1
*** HOLE CARDS ***
BGS013: folds 
UnderC@t: folds 
Supermegopro: folds 
Uncalled bet ($0.50) returned to manescuctin
manescuctin collected $1 from pot
blackclan7 leaves the table
*** SUMMARY ***
Total pot $1 | Rake $0 
Seat 6: blackclan7
Seat 1: Supermegopro (small blind) folded before Flop
Seat 2: manescuctin (big blind) collected ($1)
Seat 3: BGS013 folded before Flop (didn't bet)
Seat 4: UnderC@t (button) folded before Flop (didn't bet)



PokerStars Hand #254517373228:  Hold'em No Limit ($0.50/$1.00 USD) - 2025/01/23 18:47:50 WET [2025/01/23 13:47:50 ET]
Table 'Luscinia IV' 6-max Seat #1 is the button
Seat 1: Supermegopro ($128.67 in chips) 
Seat 2: manescuctin ($100.50 in chips) 
Seat 3: BGS013 ($108.50 in chips) 
Seat 4: UnderC@t ($105.43 in chips) 
manescuctin: posts small blind $0.50
BGS013: posts big blind $1
*** HOLE CARDS ***
UnderC@t: folds 
Supermegopro: folds 
manescuctin: calls $0.50
BGS013: checks 
*** FLOP *** [Ts 6d 3c]
manescuctin: checks 
BGS013: bets $1.05
manescuctin: calls $1.05
*** TURN *** [Ts 6d 3c] [8s]
manescuctin: checks 
RadmanjohnNL joins the table at seat #6 
auxly joins the table at seat #5 
auxly is disconnected 
BGS013: bets $4
manescuctin: folds 
Uncalled bet ($4) returned to BGS013
BGS013 collected $3.90 from pot
BGS013: doesn't show hand 
*** SUMMARY ***
Total pot $4.10 | Rake $0.20 
Board [Ts 6d 3c 8s]
Seat 1: Supermegopro (button) folded before Flop (didn't bet)
Seat 2: manescuctin (small blind) folded on the Turn
Seat 3: BGS013 (big blind) collected ($3.90)
Seat 4: UnderC@t folded before Flop (didn't bet)



PokerStars Hand #254517381259:  Hold'em No Limit ($0.50/$1.00 USD) - 2025/01/23 18:48:24 WET [2025/01/23 13:48:24 ET]
Table 'Luscinia IV' 6-max Seat #2 is the button
Seat 5: auxly ($100 in chips) is sitting out
Seat 6: RadmanjohnNL ($100 in chips) is sitting out
Seat 1: Supermegopro ($128.67 in chips) 
Seat 2: manescuctin ($98.45 in chips) 
Seat 3: BGS013 ($110.35 in chips) 
Seat 4: UnderC@t ($105.43 in chips) 
BGS013: posts small blind $0.50
UnderC@t: posts big blind $1
auxly: sits out 
RadmanjohnNL: sits out 
*** HOLE CARDS ***
Supermegopro: folds 
manescuctin: folds 
BGS013: folds 
Uncalled bet ($0.50) returned to UnderC@t
UnderC@t collected $1 from pot
UnderC@t: doesn't show hand 
*** SUMMARY ***
Total pot $1 | Rake $0 
Seat 5: auxly
Seat 6: RadmanjohnNL
Seat 1: Supermegopro folded before Flop (didn't bet)
Seat 2: manescuctin (button) folded before Flop (didn't bet)
Seat 3: BGS013 (small blind) folded before Flop
Seat 4: UnderC@t (big blind) collected ($1)



PokerStars Hand #254517383872:  Hold'em No Limit ($0.50/$1.00 USD) - 2025/01/23 18:48:34 WET [2025/01/23 13:48:34 ET]
Table 'Luscinia IV' 6-max Seat #3 is the button
Seat 6: RadmanjohnNL ($100 in chips) is sitting out
Seat 1: Supermegopro ($128.67 in chips) 
Seat 2: manescuctin ($98.45 in chips) 
Seat 3: BGS013 ($109.85 in chips) 
Seat 4: UnderC@t ($105.93 in chips) 
Seat 5: auxly ($100 in chips) 
UnderC@t: posts small blind $0.50
auxly: posts big blind $1
RadmanjohnNL: sits out 
*** HOLE CARDS ***
Supermegopro: folds 
manescuctin: raises $2.50 to $3.50
BGS013: folds 
UnderC@t: folds 
auxly: folds 
Uncalled bet ($2.50) returned to manescuctin
manescuctin collected $2.50 from pot
*** SUMMARY ***
Total pot $2.50 | Rake $0 
Seat 6: RadmanjohnNL
Seat 1: Supermegopro folded before Flop (didn't bet)
Seat 2: manescuctin collected ($2.50)
Seat 3: BGS013 (button) folded before Flop (didn't bet)
Seat 4: UnderC@t (small blind) folded before Flop
Seat 5: auxly (big blind) folded before Flop



PokerStars Hand #254517387459:  Hold'em No Limit ($0.50/$1.00 USD) - 2025/01/23 18:48:49 WET [2025/01/23 13:48:49 ET]
Table 'Luscinia IV' 6-max Seat #4 is the button
Seat 1: Supermegopro ($128.67 in chips) 
Seat 2: manescuctin ($99.95 in chips) 
Seat 3: BGS013 ($109.85 in chips) 
Seat 4: UnderC@t ($105.43 in chips) 
Seat 5: auxly ($99 in chips) 
Seat 6: RadmanjohnNL ($100 in chips) 
auxly: posts small blind $0.50
RadmanjohnNL: posts big blind $1
*** HOLE CARDS ***
Supermegopro: folds 
manescuctin: folds 
BGS013: raises $1.50 to $2.50
UnderC@t: folds 
auxly: folds 
RadmanjohnNL: calls $1.50
*** FLOP *** [7h Kc 9h]
RadmanjohnNL: checks 
BGS013: bets $1.36
RadmanjohnNL: folds 
Uncalled bet ($1.36) returned to BGS013
BGS013 collected $5.22 from pot
BGS013: doesn't show hand 
*** SUMMARY ***
Total pot $5.50 | Rake $0.28 
Board [7h Kc 9h]
Seat 1: Supermegopro folded before Flop (didn't bet)
Seat 2: manescuctin folded before Flop (didn't bet)
Seat 3: BGS013 collected ($5.22)
Seat 4: UnderC@t (button) folded before Flop (didn't bet)
Seat 5: auxly (small blind) folded before Flop
Seat 6: RadmanjohnNL (big blind) folded on the Flop



PokerStars Hand #254517405890:  Hold'em No Limit ($0.50/$1.00 USD) - 2025/01/23 18:50:06 WET [2025/01/23 13:50:06 ET]
Table 'Luscinia IV' 6-max Seat #5 is the button
Seat 1: Supermegopro ($128.67 in chips) 
Seat 2: manescuctin ($99.95 in chips) 
Seat 4: UnderC@t ($105.43 in chips) 
Seat 5: auxly ($98.50 in chips) 
Seat 6: RadmanjohnNL ($97.50 in chips) 
RadmanjohnNL: posts small blind $0.50
Supermegopro: posts big blind $1
*** HOLE CARDS ***
manescuctin: calls $1
UnderC@t: folds 
auxly: folds 
xcinaz joins the table at seat #3 
RadmanjohnNL: calls $0.50
Supermegopro: raises $4 to $5
manescuctin: calls $4
RadmanjohnNL: folds 
*** FLOP *** [9c 4s 7s]
Supermegopro: bets $5.23
manescuctin: calls $5.23
*** TURN *** [9c 4s 7s] [Jc]
Supermegopro: bets $5.10
manescuctin: raises $15.30 to $20.40
Supermegopro: folds 
Uncalled bet ($15.30) returned to manescuctin
manescuctin collected $30.08 from pot
*** SUMMARY ***
Total pot $31.66 | Rake $1.58 
Board [9c 4s 7s Jc]
Seat 1: Supermegopro (big blind) folded on the Turn
Seat 2: manescuctin collected ($30.08)
Seat 4: UnderC@t folded before Flop (didn't bet)
Seat 5: auxly (button) folded before Flop (didn't bet)
Seat 6: RadmanjohnNL (small blind) folded before Flop



PokerStars Hand #254517414783:  Hold'em No Limit ($0.50/$1.00 USD) - 2025/01/23 18:50:43 WET [2025/01/23 13:50:43 ET]
Table 'Luscinia IV' 6-max Seat #6 is the button
Seat 3: xcinaz ($100 in chips) is sitting out
Seat 1: Supermegopro ($113.34 in chips) 
Seat 2: manescuctin ($114.70 in chips) 
Seat 4: UnderC@t ($105.43 in chips) 
Seat 5: auxly ($98.50 in chips) 
Seat 6: RadmanjohnNL ($96.50 in chips) 
Supermegopro: posts small blind $0.50
manescuctin: posts big blind $1
xcinaz: sits out 
*** HOLE CARDS ***
UnderC@t: folds 
auxly: folds 
RadmanjohnNL: raises $1 to $2
Supermegopro: calls $1.50
manescuctin: folds 
*** FLOP *** [Jd 7h Ks]
Supermegopro: checks 
RadmanjohnNL: bets $2
Supermegopro: folds 
Uncalled bet ($2) returned to RadmanjohnNL
RadmanjohnNL collected $4.75 from pot
RadmanjohnNL: doesn't show hand 
*** SUMMARY ***
Total pot $5 | Rake $0.25 
Board [Jd 7h Ks]
Seat 3: xcinaz
Seat 1: Supermegopro (small blind) folded on the Flop
Seat 2: manescuctin (big blind) folded before Flop
Seat 4: UnderC@t folded before Flop (didn't bet)
Seat 5: auxly folded before Flop (didn't bet)
Seat 6: RadmanjohnNL (button) collected ($4.75)



PokerStars Hand #254517419599:  Hold'em No Limit ($0.50/$1.00 USD) - 2025/01/23 18:51:03 WET [2025/01/23 13:51:03 ET]
Table 'Luscinia IV' 6-max Seat #1 is the button
Seat 1: Supermegopro ($111.34 in chips) 
Seat 2: manescuctin ($113.70 in chips) 
Seat 3: xcinaz ($100 in chips) 
Seat 4: UnderC@t ($105.43 in chips) 
Seat 5: auxly ($98.50 in chips) 
Seat 6: RadmanjohnNL ($99.25 in chips) 
manescuctin: posts small blind $0.50
xcinaz: posts big blind $1
*** HOLE CARDS ***
UnderC@t: folds 
auxly: folds 
RadmanjohnNL: folds 
Supermegopro: folds 
manescuctin: raises $3 to $4
xcinaz: folds 
Uncalled bet ($3) returned to manescuctin
manescuctin collected $2 from pot
*** SUMMARY ***
Total pot $2 | Rake $0 
Seat 1: Supermegopro (button) folded before Flop (didn't bet)
Seat 2: manescuctin (small blind) collected ($2)
Seat 3: xcinaz (big blind) folded before Flop
Seat 4: UnderC@t folded before Flop (didn't bet)
Seat 5: auxly folded before Flop (didn't bet)
Seat 6: RadmanjohnNL folded before Flop (didn't bet)



PokerStars Hand #254517423700:  Hold'em No Limit ($0.50/$1.00 USD) - 2025/01/23 18:51:20 WET [2025/01/23 13:51:20 ET]
Table 'Luscinia IV' 6-max Seat #2 is the button
Seat 1: Supermegopro ($111.34 in chips) 
Seat 2: manescuctin ($114.70 in chips) 
Seat 3: xcinaz ($100 in chips) 
Seat 4: UnderC@t ($105.43 in chips) 
Seat 5: auxly ($98.50 in chips) 
Seat 6: RadmanjohnNL ($99.25 in chips) 
xcinaz: posts small blind $0.50
UnderC@t: posts big blind $1
*** HOLE CARDS ***
auxly: folds 
RadmanjohnNL: folds 
Supermegopro: raises $1.50 to $2.50
manescuctin: calls $2.50
xcinaz: folds 
UnderC@t: folds 
*** FLOP *** [Tc 3c 4s]
Supermegopro: bets $2.04
manescuctin: calls $2.04
*** TURN *** [Tc 3c 4s] [9d]
Supermegopro: bets $15.08
manescuctin: calls $15.08
*** RIVER *** [Tc 3c 4s 9d] [2s]
Supermegopro: checks 
manescuctin: checks 
*** SHOW DOWN ***
Supermegopro: shows [3h Ah] (a pair of Threes)
manescuctin: shows [Td Ks] (a pair of Tens)
manescuctin collected $38.70 from pot
*** SUMMARY ***
Total pot $40.74 | Rake $2.04 
Board [Tc 3c 4s 9d 2s]
Seat 1: Supermegopro showed [3h Ah] and lost with a pair of Threes
Seat 2: manescuctin (button) showed [Td Ks] and won ($38.70) with a pair of Tens
Seat 3: xcinaz (small blind) folded before Flop
Seat 4: UnderC@t (big blind) folded before Flop
Seat 5: auxly folded before Flop (didn't bet)
Seat 6: RadmanjohnNL folded before Flop (didn't bet)



PokerStars Hand #254517431741:  Hold'em No Limit ($0.50/$1.00 USD) - 2025/01/23 18:51:54 WET [2025/01/23 13:51:54 ET]
Table 'Luscinia IV' 6-max Seat #3 is the button
Seat 1: Supermegopro ($100 in chips) 
Seat 2: manescuctin ($133.78 in chips) 
Seat 3: xcinaz ($100 in chips) 
Seat 4: UnderC@t ($104.43 in chips) 
Seat 5: auxly ($98.50 in chips) 
Seat 6: RadmanjohnNL ($99.25 in chips) 
UnderC@t: posts small blind $0.50
auxly: posts big blind $1
*** HOLE CARDS ***
RadmanjohnNL: folds 
Supermegopro: raises $2 to $3
manescuctin: folds 
xcinaz: folds 
UnderC@t: folds 
auxly: calls $2
*** FLOP *** [Tc Qd 2c]
auxly: checks 
Supermegopro: bets $3.09
auxly: folds 
Uncalled bet ($3.09) returned to Supermegopro
Supermegopro collected $6.18 from pot
Supermegopro: doesn't show hand 
*** SUMMARY ***
Total pot $6.50 | Rake $0.32 
Board [Tc Qd 2c]
Seat 1: Supermegopro collected ($6.18)
Seat 2: manescuctin folded before Flop (didn't bet)
Seat 3: xcinaz (button) folded before Flop (didn't bet)
Seat 4: UnderC@t (small blind) folded before Flop
Seat 5: auxly (big blind) folded on the Flop
Seat 6: RadmanjohnNL folded before Flop (didn't bet)



PokerStars Hand #254517437765:  Hold'em No Limit ($0.50/$1.00 USD) - 2025/01/23 18:52:19 WET [2025/01/23 13:52:19 ET]
Table 'Luscinia IV' 6-max Seat #4 is the button
Seat 1: Supermegopro ($103.18 in chips) 
Seat 2: manescuctin ($133.78 in chips) 
Seat 3: xcinaz ($100 in chips) 
Seat 4: UnderC@t ($103.93 in chips) 
Seat 5: auxly ($95.50 in chips) 
Seat 6: RadmanjohnNL ($99.25 in chips) 
auxly: posts small blind $0.50
RadmanjohnNL: posts big blind $1
*** HOLE CARDS ***
Supermegopro: folds 
manescuctin: folds 
xcinaz: folds 
UnderC@t: raises $1.50 to $2.50
auxly: folds 
RadmanjohnNL: calls $1.50
*** FLOP *** [2h Td 7h]
RadmanjohnNL: checks 
UnderC@t: checks 
*** TURN *** [2h Td 7h] [3h]
RadmanjohnNL: checks 
UnderC@t: checks 
*** RIVER *** [2h Td 7h 3h] [2d]
RadmanjohnNL: bets $5.22
UnderC@t: calls $5.22
*** SHOW DOWN ***
RadmanjohnNL: shows [Ks Jc] (a pair of Deuces)
UnderC@t: shows [Ad 3d] (two pair, Threes and Deuces)
UnderC@t collected $15.14 from pot
*** SUMMARY ***
Total pot $15.94 | Rake $0.80 
Board [2h Td 7h 3h 2d]
Seat 1: Supermegopro folded before Flop (didn't bet)
Seat 2: manescuctin folded before Flop (didn't bet)
Seat 3: xcinaz folded before Flop (didn't bet)
Seat 4: UnderC@t (button) showed [Ad 3d] and won ($15.14) with two pair, Threes and Deuces
Seat 5: auxly (small blind) folded before Flop
Seat 6: RadmanjohnNL (big blind) showed [Ks Jc] and lost with a pair of Deuces



PokerStars Hand #254517447974:  Hold'em No Limit ($0.50/$1.00 USD) - 2025/01/23 18:53:03 WET [2025/01/23 13:53:03 ET]
Table 'Luscinia IV' 6-max Seat #5 is the button
Seat 1: Supermegopro ($103.18 in chips) 
Seat 2: manescuctin ($133.78 in chips) 
Seat 3: xcinaz ($100 in chips) 
Seat 4: UnderC@t ($111.35 in chips) 
Seat 5: auxly ($95 in chips) 
Seat 6: RadmanjohnNL ($91.53 in chips) 
RadmanjohnNL: posts small blind $0.50
Supermegopro: posts big blind $1
*** HOLE CARDS ***
manescuctin: folds 
xcinaz: folds 
UnderC@t: folds 
auxly: folds 
RadmanjohnNL: calls $0.50
Supermegopro has timed out
Supermegopro: checks 
*** FLOP *** [3h 7d Ah]
RadmanjohnNL: bets $1
Supermegopro: raises $2 to $3
RadmanjohnNL: folds 
Uncalled bet ($2) returned to Supermegopro
Supermegopro collected $3.80 from pot
Supermegopro: doesn't show hand 
*** SUMMARY ***
Total pot $4 | Rake $0.20 
Board [3h 7d Ah]
Seat 1: Supermegopro (big blind) collected ($3.80)
Seat 2: manescuctin folded before Flop (didn't bet)
Seat 3: xcinaz folded before Flop (didn't bet)
Seat 4: UnderC@t folded before Flop (didn't bet)
Seat 5: auxly (button) folded before Flop (didn't bet)
Seat 6: RadmanjohnNL (small blind) folded on the Flop



PokerStars Hand #254517460523:  Hold'em No Limit ($0.50/$1.00 USD) - 2025/01/23 18:53:56 WET [2025/01/23 13:53:56 ET]
Table 'Luscinia IV' 6-max Seat #6 is the button
Seat 1: Supermegopro ($104.98 in chips) 
Seat 2: manescuctin ($133.78 in chips) 
Seat 3: xcinaz ($100 in chips) 
Seat 4: UnderC@t ($111.35 in chips) 
Seat 5: auxly ($100 in chips) 
Seat 6: RadmanjohnNL ($89.53 in chips) 
Supermegopro: posts small blind $0.50
manescuctin: posts big blind $1
*** HOLE CARDS ***
xcinaz: folds 
UnderC@t: folds 
auxly: folds 
RadmanjohnNL: raises $2 to $3
Supermegopro: folds 
manescuctin: folds 
Uncalled bet ($2) returned to RadmanjohnNL
RadmanjohnNL collected $2.50 from pot
RadmanjohnNL: doesn't show hand 
*** SUMMARY ***
Total pot $2.50 | Rake $0 
Seat 1: Supermegopro (small blind) folded before Flop
Seat 2: manescuctin (big blind) folded before Flop
Seat 3: xcinaz folded before Flop (didn't bet)
Seat 4: UnderC@t folded before Flop (didn't bet)
Seat 5: auxly folded before Flop (didn't bet)
Seat 6: RadmanjohnNL (button) collected ($2.50)



PokerStars Hand #254517464724:  Hold'em No Limit ($0.50/$1.00 USD) - 2025/01/23 18:54:14 WET [2025/01/23 13:54:14 ET]
Table 'Luscinia IV' 6-max Seat #1 is the button
Seat 1: Supermegopro ($104.48 in chips) 
Seat 2: manescuctin ($132.78 in chips) 
Seat 3: xcinaz ($100 in chips) 
Seat 4: UnderC@t ($111.35 in chips) 
Seat 5: auxly ($100 in chips) 
Seat 6: RadmanjohnNL ($91.03 in chips) 
manescuctin: posts small blind $0.50
xcinaz: posts big blind $1
*** HOLE CARDS ***
UnderC@t: raises $1.50 to $2.50
auxly: raises $2.50 to $5
RadmanjohnNL: folds 
Supermegopro: folds 
manescuctin: folds 
xcinaz: folds 
UnderC@t: calls $2.50
*** FLOP *** [6c 9s 7d]
UnderC@t: checks 
auxly: bets $6.46
UnderC@t: raises $14.54 to $21
auxly: raises $20.54 to $41.54
UnderC@t: raises $64.81 to $106.35 and is all-in
auxly: calls $53.46 and is all-in
Uncalled bet ($11.35) returned to UnderC@t
*** TURN *** [6c 9s 7d] [Tc]
*** RIVER *** [6c 9s 7d Tc] [Ac]
*** SHOW DOWN ***
UnderC@t: shows [6s 7s] (two pair, Sevens and Sixes)
auxly: shows [As Ad] (three of a kind, Aces)
auxly collected $199 from pot
*** SUMMARY ***
Total pot $201.50 | Rake $2.50 
Board [6c 9s 7d Tc Ac]
Seat 1: Supermegopro (button) folded before Flop (didn't bet)
Seat 2: manescuctin (small blind) folded before Flop
Seat 3: xcinaz (big blind) folded before Flop
Seat 4: UnderC@t showed [6s 7s] and lost with two pair, Sevens and Sixes
Seat 5: auxly showed [As Ad] and won ($199) with three of a kind, Aces
Seat 6: RadmanjohnNL folded before Flop (didn't bet)



PokerStars Hand #254517478990:  Hold'em No Limit ($0.50/$1.00 USD) - 2025/01/23 18:55:15 WET [2025/01/23 13:55:15 ET]
Table 'Luscinia IV' 6-max Seat #2 is the button
Seat 1: Supermegopro ($104.48 in chips) 
Seat 2: manescuctin ($132.28 in chips) 
Seat 3: xcinaz ($100 in chips) 
Seat 4: UnderC@t ($100 in chips) 
Seat 5: auxly ($199 in chips) 
Seat 6: RadmanjohnNL ($91.03 in chips) 
xcinaz: posts small blind $0.50
UnderC@t: posts big blind $1
*** HOLE CARDS ***
auxly: folds 
RadmanjohnNL: folds 
Supermegopro: folds 
manescuctin: calls $1
xcinaz: folds 
UnderC@t: checks 
*** FLOP *** [6s Kc 9s]
UnderC@t: checks 
manescuctin: checks 
*** TURN *** [6s Kc 9s] [Ac]
UnderC@t: checks 
manescuctin: checks 
*** RIVER *** [6s Kc 9s Ac] [Qh]
UnderC@t: checks 
manescuctin: checks 
*** SHOW DOWN ***
UnderC@t: shows [7h Jc] (high card Ace)
manescuctin: shows [8d 8c] (a pair of Eights)
manescuctin collected $2.38 from pot
*** SUMMARY ***
Total pot $2.50 | Rake $0.12 
Board [6s Kc 9s Ac Qh]
Seat 1: Supermegopro folded before Flop (didn't bet)
Seat 2: manescuctin (button) showed [8d 8c] and won ($2.38) with a pair of Eights
Seat 3: xcinaz (small blind) folded before Flop
Seat 4: UnderC@t (big blind) showed [7h Jc] and lost with high card Ace
Seat 5: auxly folded before Flop (didn't bet)
Seat 6: RadmanjohnNL folded before Flop (didn't bet)



PokerStars Hand #254517485932:  Hold'em No Limit ($0.50/$1.00 USD) - 2025/01/23 18:55:55 WET [2025/01/23 13:55:55 ET]
Table 'Luscinia IV' 6-max Seat #3 is the button
Seat 1: Supermegopro ($104.48 in chips) 
Seat 2: manescuctin ($133.66 in chips) 
Seat 3: xcinaz ($100 in chips) 
Seat 4: UnderC@t ($100 in chips) 
Seat 5: auxly ($199 in chips) 
Seat 6: RadmanjohnNL ($91.03 in chips) 
UnderC@t: posts small blind $0.50
auxly: posts big blind $1
*** HOLE CARDS ***
RadmanjohnNL: folds 
Supermegopro: folds 
manescuctin: raises $2.50 to $3.50
xcinaz: folds 
UnderC@t: folds 
auxly: folds 
Uncalled bet ($2.50) returned to manescuctin
manescuctin collected $2.50 from pot
*** SUMMARY ***
Total pot $2.50 | Rake $0 
Seat 1: Supermegopro folded before Flop (didn't bet)
Seat 2: manescuctin collected ($2.50)
Seat 3: xcinaz (button) folded before Flop (didn't bet)
Seat 4: UnderC@t (small blind) folded before Flop
Seat 5: auxly (big blind) folded before Flop
Seat 6: RadmanjohnNL folded before Flop (didn't bet)



PokerStars Hand #254517490781:  Hold'em No Limit ($0.50/$1.00 USD) - 2025/01/23 18:56:23 WET [2025/01/23 13:56:23 ET]
Table 'Luscinia IV' 6-max Seat #4 is the button
Seat 1: Supermegopro ($104.48 in chips) 
Seat 2: manescuctin ($135.16 in chips) 
Seat 3: xcinaz ($100 in chips) 
Seat 4: UnderC@t ($100 in chips) 
Seat 5: auxly ($198 in chips) 
Seat 6: RadmanjohnNL ($91.03 in chips) 
auxly: posts small blind $0.50
RadmanjohnNL: posts big blind $1
*** HOLE CARDS ***
Supermegopro: folds 
manescuctin: folds 
xcinaz: folds 
UnderC@t: raises $1.50 to $2.50
auxly: folds 
RadmanjohnNL: calls $1.50
*** FLOP *** [5d As Kc]
Supermegopro leaves the table
RadmanjohnNL: checks 
UnderC@t: bets $3.92
RadmanjohnNL: folds 
Uncalled bet ($3.92) returned to UnderC@t
UnderC@t collected $5.22 from pot
UnderC@t: doesn't show hand 
BGS013 joins the table at seat #1 
*** SUMMARY ***
Total pot $5.50 | Rake $0.28 
Board [5d As Kc]
Seat 1: Supermegopro folded before Flop (didn't bet)
Seat 2: manescuctin folded before Flop (didn't bet)
Seat 3: xcinaz folded before Flop (didn't bet)
Seat 4: UnderC@t (button) collected ($5.22)
Seat 5: auxly (small blind) folded before Flop
Seat 6: RadmanjohnNL (big blind) folded on the Flop



PokerStars Hand #254517497238:  Hold'em No Limit ($0.50/$1.00 USD) - 2025/01/23 18:57:01 WET [2025/01/23 13:57:01 ET]
Table 'Luscinia IV' 6-max Seat #5 is the button
Seat 1: BGS013 ($112.57 in chips) 
Seat 2: manescuctin ($135.16 in chips) 
Seat 3: xcinaz ($100 in chips) 
Seat 4: UnderC@t ($102.72 in chips) 
Seat 5: auxly ($197.50 in chips) 
Seat 6: RadmanjohnNL ($88.53 in chips) 
RadmanjohnNL: posts small blind $0.50
BGS013: posts big blind $1
*** HOLE CARDS ***
manescuctin: folds 
xcinaz: folds 
UnderC@t: folds 
auxly: raises $2 to $3
RadmanjohnNL: folds 
BGS013: folds 
Uncalled bet ($2) returned to auxly
auxly collected $2.50 from pot
*** SUMMARY ***
Total pot $2.50 | Rake $0 
Seat 1: BGS013 (big blind) folded before Flop
Seat 2: manescuctin folded before Flop (didn't bet)
Seat 3: xcinaz folded before Flop (didn't bet)
Seat 4: UnderC@t folded before Flop (didn't bet)
Seat 5: auxly (button) collected ($2.50)
Seat 6: RadmanjohnNL (small blind) folded before Flop



PokerStars Hand #254517256862:  Hold'em No Limit ($0.50/$1.00 USD) - 2025/01/23 18:39:53 WET [2025/01/23 13:39:53 ET]
Table 'Luscinia IV' 6-max Seat #5 is the button
Seat 1: Supermegopro ($163.80 in chips) 
Seat 3: BGS013 ($100 in chips) 
Seat 5: AlexPinsk1 ($102 in chips) 
Supermegopro: posts small blind $0.50
BGS013: posts big blind $1
*** HOLE CARDS ***
AlexPinsk1: folds 
Supermegopro: raises $2 to $3
BGS013: folds 
Uncalled bet ($2) returned to Supermegopro
Supermegopro collected $2 from pot
Supermegopro: doesn't show hand 
*** SUMMARY ***
Total pot $2 | Rake $0 
Seat 1: Supermegopro (small blind) collected ($2)
Seat 3: BGS013 (big blind) folded before Flop
Seat 5: AlexPinsk1 (button) folded before Flop (didn't bet)



PokerStars Hand #254517259789:  Hold'em No Limit ($0.50/$1.00 USD) - 2025/01/23 18:40:05 WET [2025/01/23 13:40:05 ET]
Table 'Luscinia IV' 6-max Seat #1 is the button
Seat 1: Supermegopro ($164.80 in chips) 
Seat 3: BGS013 ($100 in chips) 
Seat 5: AlexPinsk1 ($102 in chips) 
BGS013: posts small blind $0.50
AlexPinsk1: posts big blind $1
*** HOLE CARDS ***
Supermegopro: raises $1.50 to $2.50
BGS013: folds 
AlexPinsk1: raises $9.50 to $12
Supermegopro: calls $9.50
*** FLOP *** [Ks 8c 8h]
AlexPinsk1: bets $7.76
Supermegopro: calls $7.76
*** TURN *** [Ks 8c 8h] [9s]
AlexPinsk1: checks 
Supermegopro: bets $12.88
AlexPinsk1: calls $12.88
*** RIVER *** [Ks 8c 8h 9s] [7c]
AlexPinsk1: checks 
Supermegopro: checks 
*** SHOW DOWN ***
AlexPinsk1: shows [Js Jc] (two pair, Jacks and Eights)
Supermegopro: mucks hand 
AlexPinsk1 collected $64.78 from pot
*** SUMMARY ***
Total pot $65.78 | Rake $1 
Board [Ks 8c 8h 9s 7c]
Seat 1: Supermegopro (button) mucked
Seat 3: BGS013 (small blind) folded before Flop
Seat 5: AlexPinsk1 (big blind) showed [Js Jc] and won ($64.78) with two pair, Jacks and Eights



PokerStars Hand #254517278764:  Hold'em No Limit ($0.50/$1.00 USD) - 2025/01/23 18:41:23 WET [2025/01/23 13:41:23 ET]
Table 'Luscinia IV' 6-max Seat #3 is the button
Seat 1: Supermegopro ($132.16 in chips) 
Seat 3: BGS013 ($100 in chips) 
Seat 5: AlexPinsk1 ($134.14 in chips) 
AlexPinsk1: posts small blind $0.50
Supermegopro: posts big blind $1
*** HOLE CARDS ***
BGS013: raises $1.50 to $2.50
AlexPinsk1: folds 
Supermegopro: folds 
Uncalled bet ($1.50) returned to BGS013
BGS013 collected $2.50 from pot
BGS013: doesn't show hand 
*** SUMMARY ***
Total pot $2.50 | Rake $0 
Seat 1: Supermegopro (big blind) folded before Flop
Seat 3: BGS013 (button) collected ($2.50)
Seat 5: AlexPinsk1 (small blind) folded before Flop



PokerStars Hand #254517282047:  Hold'em No Limit ($0.50/$1.00 USD) - 2025/01/23 18:41:36 WET [2025/01/23 13:41:36 ET]
Table 'Luscinia IV' 6-max Seat #5 is the button
Seat 1: Supermegopro ($131.16 in chips) 
Seat 3: BGS013 ($101.50 in chips) 
Seat 5: AlexPinsk1 ($133.64 in chips) 
Supermegopro: posts small blind $0.50
BGS013: posts big blind $1
*** HOLE CARDS ***
AlexPinsk1: raises $1.50 to $2.50
Supermegopro: folds 
BGS013: calls $1.50
*** FLOP *** [Th Ad 5c]
BGS013: checks 
AlexPinsk1: bets $3.92
BGS013: calls $3.92
*** TURN *** [Th Ad 5c] [Qc]
BGS013: checks 
AlexPinsk1: checks 
*** RIVER *** [Th Ad 5c Qc] [2s]
BGS013: checks 
AlexPinsk1: bets $19.50
BGS013: calls $19.50
*** SHOW DOWN ***
AlexPinsk1: shows [Qd Ac] (two pair, Aces and Queens)
BGS013: mucks hand 
AlexPinsk1 collected $51.34 from pot
*** SUMMARY ***
Total pot $52.34 | Rake $1 
Board [Th Ad 5c Qc 2s]
Seat 1: Supermegopro (small blind) folded before Flop
Seat 3: BGS013 (big blind) mucked
Seat 5: AlexPinsk1 (button) showed [Qd Ac] and won ($51.34) with two pair, Aces and Queens



PokerStars Hand #254517304847:  Hold'em No Limit ($0.50/$1.00 USD) - 2025/01/23 18:43:10 WET [2025/01/23 13:43:10 ET]
Table 'Luscinia IV' 6-max Seat #3 is the button
Seat 1: Supermegopro ($130.66 in chips) 
Seat 3: BGS013 ($100 in chips) 
BGS013: posts small blind $0.50
Supermegopro: posts big blind $1
*** HOLE CARDS ***
BGS013: raises $1.50 to $2.50
Supermegopro: calls $1.50
*** FLOP *** [5h 3c Kc]
Supermegopro: checks 
BGS013: bets $1.24
Supermegopro: raises $5.76 to $7
BGS013: folds 
Uncalled bet ($5.76) returned to Supermegopro
Supermegopro collected $7.11 from pot
Supermegopro: doesn't show hand 
*** SUMMARY ***
Total pot $7.48 | Rake $0.37 
Board [5h 3c Kc]
Seat 1: Supermegopro (big blind) collected ($7.11)
Seat 3: BGS013 (button) (small blind) folded on the Flop



PokerStars Hand #254517314606:  Hold'em No Limit ($0.50/$1.00 USD) - 2025/01/23 18:43:51 WET [2025/01/23 13:43:51 ET]
Table 'Luscinia IV' 6-max Seat #1 is the button
Seat 1: Supermegopro ($134.03 in chips) 
Seat 3: BGS013 ($100 in chips) 
Supermegopro: posts small blind $0.50
BGS013: posts big blind $1
*** HOLE CARDS ***
Supermegopro: raises $1.50 to $2.50
BGS013: folds 
Uncalled bet ($1.50) returned to Supermegopro
Supermegopro collected $2 from pot
Supermegopro: doesn't show hand 
*** SUMMARY ***
Total pot $2 | Rake $0 
Seat 1: Supermegopro (button) (small blind) collected ($2)
Seat 3: BGS013 (big blind) folded before Flop



PokerStars Hand #254517325383:  Hold'em No Limit ($0.50/$1.00 USD) - 2025/01/23 18:44:35 WET [2025/01/23 13:44:35 ET]
Table 'Luscinia IV' 6-max Seat #3 is the button
Seat 1: Supermegopro ($135.03 in chips) 
Seat 3: BGS013 ($100 in chips) 
Seat 4: UnderC@t ($100 in chips) 
UnderC@t: posts small blind $0.50
Supermegopro: posts big blind $1
*** HOLE CARDS ***
BGS013: raises $1.50 to $2.50
UnderC@t: raises $8.50 to $11
Supermegopro: folds 
BGS013: calls $8.50
*** FLOP *** [6d Jd Ah]
UnderC@t: bets $6.60
BGS013: folds 
Uncalled bet ($6.60) returned to UnderC@t
UnderC@t collected $22 from pot
UnderC@t: doesn't show hand 
*** SUMMARY ***
Total pot $23 | Rake $1 
Board [6d Jd Ah]
Seat 1: Supermegopro (big blind) folded before Flop
Seat 3: BGS013 (button) folded on the Flop
Seat 4: UnderC@t (small blind) collected ($22)



PokerStars Hand #254517331626:  Hold'em No Limit ($0.50/$1.00 USD) - 2025/01/23 18:45:01 WET [2025/01/23 13:45:01 ET]
Table 'Luscinia IV' 6-max Seat #4 is the button
Seat 1: Supermegopro ($134.03 in chips) 
Seat 3: BGS013 ($100 in chips) 
Seat 4: UnderC@t ($111 in chips) 
Supermegopro: posts small blind $0.50
BGS013: posts big blind $1
*** HOLE CARDS ***
UnderC@t: folds 
Supermegopro: folds 
Uncalled bet ($0.50) returned to BGS013
BGS013 collected $1 from pot
BGS013: doesn't show hand 
*** SUMMARY ***
Total pot $1 | Rake $0 
Seat 1: Supermegopro (small blind) folded before Flop
Seat 3: BGS013 (big blind) collected ($1)
Seat 4: UnderC@t (button) folded before Flop (didn't bet)



PokerStars Hand #254517333137:  Hold'em No Limit ($0.50/$1.00 USD) - 2025/01/23 18:45:07 WET [2025/01/23 13:45:07 ET]
Table 'Luscinia IV' 6-max Seat #1 is the button
Seat 1: Supermegopro ($133.53 in chips) 
Seat 3: BGS013 ($100.50 in chips) 
Seat 4: UnderC@t ($111 in chips) 
BGS013: posts small blind $0.50
UnderC@t: posts big blind $1
*** HOLE CARDS ***
Supermegopro: folds 
BGS013: folds 
Uncalled bet ($0.50) returned to UnderC@t
UnderC@t collected $1 from pot
UnderC@t: doesn't show hand 
worker0k joins the table at seat #5 
*** SUMMARY ***
Total pot $1 | Rake $0 
Seat 1: Supermegopro (button) folded before Flop (didn't bet)
Seat 3: BGS013 (small blind) folded before Flop
Seat 4: UnderC@t (big blind) collected ($1)



PokerStars Hand #254517334849:  Hold'em No Limit ($0.50/$1.00 USD) - 2025/01/23 18:45:14 WET [2025/01/23 13:45:14 ET]
Table 'Luscinia IV' 6-max Seat #3 is the button
Seat 1: Supermegopro ($133.53 in chips) 
Seat 3: BGS013 ($100 in chips) 
Seat 4: UnderC@t ($111.50 in chips) 
Seat 5: worker0k ($118.58 in chips) 
UnderC@t: posts small blind $0.50
worker0k: posts big blind $1
*** HOLE CARDS ***
Supermegopro: raises $1.50 to $2.50
BGS013: folds 
UnderC@t: folds 
worker0k: raises $8.50 to $11
RFBullyz joins the table at seat #2 
Supermegopro: folds 
Uncalled bet ($8.50) returned to worker0k
worker0k collected $5.50 from pot
*** SUMMARY ***
Total pot $5.50 | Rake $0 
Seat 1: Supermegopro folded before Flop
Seat 3: BGS013 (button) folded before Flop (didn't bet)
Seat 4: UnderC@t (small blind) folded before Flop
Seat 5: worker0k (big blind) collected ($5.50)



PokerStars Hand #254517338746:  Hold'em No Limit ($0.50/$1.00 USD) - 2025/01/23 18:45:30 WET [2025/01/23 13:45:30 ET]
Table 'Luscinia IV' 6-max Seat #4 is the button
Seat 2: RFBullyz ($100 in chips) is sitting out
Seat 1: Supermegopro ($131.03 in chips) 
Seat 3: BGS013 ($100 in chips) 
Seat 4: UnderC@t ($111 in chips) 
Seat 5: worker0k ($121.58 in chips) 
blackclan7 joins the table at seat #6 
worker0k: posts small blind $0.50
Supermegopro: posts big blind $1
RFBullyz: sits out 
*** HOLE CARDS ***
BGS013: folds 
UnderC@t: folds 
worker0k: raises $1.80 to $2.80
Supermegopro: folds 
Uncalled bet ($1.80) returned to worker0k
worker0k collected $2 from pot
*** SUMMARY ***
Total pot $2 | Rake $0 
Seat 2: RFBullyz
Seat 1: Supermegopro (big blind) folded before Flop
Seat 3: BGS013 folded before Flop (didn't bet)
Seat 4: UnderC@t (button) folded before Flop (didn't bet)
Seat 5: worker0k (small blind) collected ($2)



PokerStars Hand #254517341669:  Hold'em No Limit ($0.50/$1.00 USD) - 2025/01/23 18:45:41 WET [2025/01/23 13:45:41 ET]
Table 'Luscinia IV' 6-max Seat #5 is the button
Seat 6: blackclan7 ($100 in chips) is sitting out
Seat 1: Supermegopro ($130.03 in chips) 
Seat 2: RFBullyz ($100 in chips) 
Seat 3: BGS013 ($100 in chips) 
Seat 4: UnderC@t ($111 in chips) 
Seat 5: worker0k ($122.58 in chips) 
Supermegopro: posts small blind $0.50
RFBullyz: posts big blind $1
*** HOLE CARDS ***
BGS013: raises $1 to $2
UnderC@t: folds 
worker0k: folds 
Supermegopro: folds 
RFBullyz: folds 
Uncalled bet ($1) returned to BGS013
RFBullyz leaves the table
BGS013 collected $2.50 from pot
BGS013: doesn't show hand 
*** SUMMARY ***
Total pot $2.50 | Rake $0 
Seat 6: blackclan7
Seat 1: Supermegopro (small blind) folded before Flop
Seat 2: RFBullyz (big blind) folded before Flop
Seat 3: BGS013 collected ($2.50)
Seat 4: UnderC@t folded before Flop (didn't bet)
Seat 5: worker0k (button) folded before Flop (didn't bet)



PokerStars Hand #254517501573:  Hold'em No Limit ($0.50/$1.00 USD) - 2025/01/23 18:57:27 WET [2025/01/23 13:57:27 ET]
Table 'Luscinia IV' 6-max Seat #6 is the button
Seat 1: BGS013 ($111.57 in chips) 
Seat 2: manescuctin ($135.16 in chips) 
Seat 3: xcinaz ($100 in chips) 
Seat 4: UnderC@t ($102.72 in chips) 
Seat 5: auxly ($199 in chips) 
Seat 6: RadmanjohnNL ($88.03 in chips) 
BGS013: posts small blind $0.50
manescuctin: posts big blind $1
*** HOLE CARDS ***
xcinaz: raises $1 to $2
UnderC@t: folds 
auxly: folds 
RadmanjohnNL: calls $2
BGS013: folds 
manescuctin: folds 
*** FLOP *** [3d 4s 8s]
xcinaz: checks 
RadmanjohnNL: checks 
*** TURN *** [3d 4s 8s] [Ac]
xcinaz: bets $1.72
RadmanjohnNL: folds 
Uncalled bet ($1.72) returned to xcinaz
xcinaz collected $5.22 from pot
xcinaz: doesn't show hand 
*** SUMMARY ***
Total pot $5.50 | Rake $0.28 
Board [3d 4s 8s Ac]
Seat 1: BGS013 (small blind) folded before Flop
Seat 2: manescuctin (big blind) folded before Flop
Seat 3: xcinaz collected ($5.22)
Seat 4: UnderC@t folded before Flop (didn't bet)
Seat 5: auxly folded before Flop (didn't bet)
Seat 6: RadmanjohnNL (button) folded on the Turn



PokerStars Hand #254517510938:  Hold'em No Limit ($0.50/$1.00 USD) - 2025/01/23 18:58:21 WET [2025/01/23 13:58:21 ET]
Table 'Luscinia IV' 6-max Seat #1 is the button
Seat 1: BGS013 ($111.07 in chips) 
Seat 2: manescuctin ($134.16 in chips) 
Seat 3: xcinaz ($103.22 in chips) 
Seat 4: UnderC@t ($102.72 in chips) 
Seat 5: auxly ($199 in chips) 
Seat 6: RadmanjohnNL ($86.03 in chips) 
manescuctin: posts small blind $0.50
xcinaz: posts big blind $1
*** HOLE CARDS ***
UnderC@t: folds 
auxly: folds 
RadmanjohnNL: folds 
BGS013: folds 
manescuctin: folds 
Uncalled bet ($0.50) returned to xcinaz
xcinaz collected $1 from pot
xcinaz: doesn't show hand 
*** SUMMARY ***
Total pot $1 | Rake $0 
Seat 1: BGS013 (button) folded before Flop (didn't bet)
Seat 2: manescuctin (small blind) folded before Flop
Seat 3: xcinaz (big blind) collected ($1)
Seat 4: UnderC@t folded before Flop (didn't bet)
Seat 5: auxly folded before Flop (didn't bet)
Seat 6: RadmanjohnNL folded before Flop (didn't bet)



PokerStars Hand #254517513025:  Hold'em No Limit ($0.50/$1.00 USD) - 2025/01/23 18:58:33 WET [2025/01/23 13:58:33 ET]
Table 'Luscinia IV' 6-max Seat #2 is the button
Seat 1: BGS013 ($111.07 in chips) 
Seat 2: manescuctin ($133.66 in chips) 
Seat 3: xcinaz ($103.72 in chips) 
Seat 4: UnderC@t ($102.72 in chips) 
Seat 5: auxly ($199 in chips) 
Seat 6: RadmanjohnNL ($86.03 in chips) 
xcinaz: posts small blind $0.50
UnderC@t: posts big blind $1
*** HOLE CARDS ***
auxly: folds 
RadmanjohnNL: folds 
BGS013: folds 
manescuctin: folds 
xcinaz: raises $2 to $3
UnderC@t: raises $6 to $9
xcinaz: folds 
Uncalled bet ($6) returned to UnderC@t
UnderC@t collected $6 from pot
UnderC@t: doesn't show hand 
*** SUMMARY ***
Total pot $6 | Rake $0 
Seat 1: BGS013 folded before Flop (didn't bet)
Seat 2: manescuctin (button) folded before Flop (didn't bet)
Seat 3: xcinaz (small blind) folded before Flop
Seat 4: UnderC@t (big blind) collected ($6)
Seat 5: auxly folded before Flop (didn't bet)
Seat 6: RadmanjohnNL folded before Flop (didn't bet)



PokerStars Hand #254517517092:  Hold'em No Limit ($0.50/$1.00 USD) - 2025/01/23 18:58:56 WET [2025/01/23 13:58:56 ET]
Table 'Luscinia IV' 6-max Seat #3 is the button
Seat 1: BGS013 ($111.07 in chips) 
Seat 2: manescuctin ($133.66 in chips) 
Seat 3: xcinaz ($100.72 in chips) 
Seat 4: UnderC@t ($105.72 in chips) 
Seat 5: auxly ($199 in chips) 
Seat 6: RadmanjohnNL ($86.03 in chips) 
UnderC@t: posts small blind $0.50
auxly: posts big blind $1
*** HOLE CARDS ***
RadmanjohnNL: folds 
BGS013: raises $1 to $2
manescuctin: folds 
xcinaz: folds 
UnderC@t: folds 
auxly: calls $1
*** FLOP *** [Ah 6h 5c]
auxly: checks 
BGS013: checks 
*** TURN *** [Ah 6h 5c] [2c]
auxly: bets $3.14
BGS013: folds 
Uncalled bet ($3.14) returned to auxly
auxly collected $4.28 from pot
*** SUMMARY ***
Total pot $4.50 | Rake $0.22 
Board [Ah 6h 5c 2c]
Seat 1: BGS013 folded on the Turn
Seat 2: manescuctin folded before Flop (didn't bet)
Seat 3: xcinaz (button) folded before Flop (didn't bet)
Seat 4: UnderC@t (small blind) folded before Flop
Seat 5: auxly (big blind) collected ($4.28)
Seat 6: RadmanjohnNL folded before Flop (didn't bet)



PokerStars Hand #254517525322:  Hold'em No Limit ($0.50/$1.00 USD) - 2025/01/23 18:59:43 WET [2025/01/23 13:59:43 ET]
Table 'Luscinia IV' 6-max Seat #4 is the button
Seat 1: BGS013 ($109.07 in chips) 
Seat 2: manescuctin ($133.66 in chips) 
Seat 3: xcinaz ($100.72 in chips) 
Seat 4: UnderC@t ($105.22 in chips) 
Seat 5: auxly ($201.28 in chips) 
Seat 6: RadmanjohnNL ($86.03 in chips) 
auxly: posts small blind $0.50
RadmanjohnNL: posts big blind $1
*** HOLE CARDS ***
BGS013: folds 
manescuctin: folds 
xcinaz: raises $1.20 to $2.20
UnderC@t: folds 
auxly: calls $1.70
RadmanjohnNL: calls $1.20
*** FLOP *** [4s Ts Kc]
auxly: checks 
RadmanjohnNL: checks 
xcinaz: checks 
*** TURN *** [4s Ts Kc] [5h]
auxly: checks 
RadmanjohnNL: bets $2
xcinaz: calls $2
auxly: calls $2
*** RIVER *** [4s Ts Kc 5h] [8h]
auxly: checks 
RadmanjohnNL: checks 
xcinaz: checks 
*** SHOW DOWN ***
auxly: shows [Js 9s] (high card King)
RadmanjohnNL: shows [9c 5s] (a pair of Fives)
xcinaz: shows [Th Jh] (a pair of Tens)
xcinaz collected $11.97 from pot
*** SUMMARY ***
Total pot $12.60 | Rake $0.63 
Board [4s Ts Kc 5h 8h]
Seat 1: BGS013 folded before Flop (didn't bet)
Seat 2: manescuctin folded before Flop (didn't bet)
Seat 3: xcinaz showed [Th Jh] and won ($11.97) with a pair of Tens
Seat 4: UnderC@t (button) folded before Flop (didn't bet)
Seat 5: auxly (small blind) showed [Js 9s] and lost with high card King
Seat 6: RadmanjohnNL (big blind) showed [9c 5s] and lost with a pair of Fives



PokerStars Hand #254517537579:  Hold'em No Limit ($0.50/$1.00 USD) - 2025/01/23 19:00:50 WET [2025/01/23 14:00:50 ET]
Table 'Luscinia IV' 6-max Seat #5 is the button
Seat 1: BGS013 ($109.07 in chips) 
Seat 2: manescuctin ($133.66 in chips) 
Seat 3: xcinaz ($108.49 in chips) 
Seat 4: UnderC@t ($105.22 in chips) 
Seat 5: auxly ($197.08 in chips) 
Seat 6: RadmanjohnNL ($81.83 in chips) 
RadmanjohnNL: posts small blind $0.50
BGS013: posts big blind $1
*** HOLE CARDS ***
manescuctin: folds 
xcinaz: folds 
UnderC@t: folds 
auxly: folds 
RadmanjohnNL: calls $0.50
BGS013: checks 
*** FLOP *** [Tc Qh Ac]
RadmanjohnNL: bets $1
BGS013: calls $1
*** TURN *** [Tc Qh Ac] [5d]
RadmanjohnNL: bets $1
BGS013: folds 
Uncalled bet ($1) returned to RadmanjohnNL
RadmanjohnNL collected $3.80 from pot
RadmanjohnNL: doesn't show hand 
*** SUMMARY ***
Total pot $4 | Rake $0.20 
Board [Tc Qh Ac 5d]
Seat 1: BGS013 (big blind) folded on the Turn
Seat 2: manescuctin folded before Flop (didn't bet)
Seat 3: xcinaz folded before Flop (didn't bet)
Seat 4: UnderC@t folded before Flop (didn't bet)
Seat 5: auxly (button) folded before Flop (didn't bet)
Seat 6: RadmanjohnNL (small blind) collected ($3.80)



PokerStars Hand #254517543957:  Hold'em No Limit ($0.50/$1.00 USD) - 2025/01/23 19:01:22 WET [2025/01/23 14:01:22 ET]
Table 'Luscinia IV' 6-max Seat #6 is the button
Seat 1: BGS013 ($107.07 in chips) 
Seat 2: manescuctin ($133.66 in chips) 
Seat 3: xcinaz ($108.49 in chips) 
Seat 4: UnderC@t ($105.22 in chips) 
Seat 5: auxly ($197.08 in chips) 
Seat 6: RadmanjohnNL ($83.63 in chips) 
BGS013: posts small blind $0.50
manescuctin: posts big blind $1
*** HOLE CARDS ***
xcinaz: folds 
UnderC@t: folds 
auxly: folds 
RadmanjohnNL: folds 
BGS013: folds 
Uncalled bet ($0.50) returned to manescuctin
manescuctin collected $1 from pot
*** SUMMARY ***
Total pot $1 | Rake $0 
Seat 1: BGS013 (small blind) folded before Flop
Seat 2: manescuctin (big blind) collected ($1)
Seat 3: xcinaz folded before Flop (didn't bet)
Seat 4: UnderC@t folded before Flop (didn't bet)
Seat 5: auxly folded before Flop (didn't bet)
Seat 6: RadmanjohnNL (button) folded before Flop (didn't bet)



PokerStars Hand #254517546597:  Hold'em No Limit ($0.50/$1.00 USD) - 2025/01/23 19:01:34 WET [2025/01/23 14:01:34 ET]
Table 'Luscinia IV' 6-max Seat #1 is the button
Seat 1: BGS013 ($106.57 in chips) 
Seat 2: manescuctin ($134.16 in chips) 
Seat 3: xcinaz ($108.49 in chips) 
Seat 4: UnderC@t ($105.22 in chips) 
Seat 5: auxly ($197.08 in chips) 
Seat 6: RadmanjohnNL ($83.63 in chips) 
manescuctin: posts small blind $0.50
xcinaz: posts big blind $1
*** HOLE CARDS ***
UnderC@t: raises $1.50 to $2.50
auxly: folds 
RadmanjohnNL: folds 
BGS013: folds 
manescuctin: calls $2
xcinaz: folds 
*** FLOP *** [4d 7d 2h]
manescuctin: checks 
UnderC@t: bets $4.28
manescuctin: folds 
Uncalled bet ($4.28) returned to UnderC@t
UnderC@t collected $5.70 from pot
UnderC@t: doesn't show hand 
*** SUMMARY ***
Total pot $6 | Rake $0.30 
Board [4d 7d 2h]
Seat 1: BGS013 (button) folded before Flop (didn't bet)
Seat 2: manescuctin (small blind) folded on the Flop
Seat 3: xcinaz (big blind) folded before Flop
Seat 4: UnderC@t collected ($5.70)
Seat 5: auxly folded before Flop (didn't bet)
Seat 6: RadmanjohnNL folded before Flop (didn't bet)



PokerStars Hand #254517554490:  Hold'em No Limit ($0.50/$1.00 USD) - 2025/01/23 19:02:11 WET [2025/01/23 14:02:11 ET]
Table 'Luscinia IV' 6-max Seat #2 is the button
Seat 1: BGS013 ($106.57 in chips) 
Seat 2: manescuctin ($131.66 in chips) 
Seat 3: xcinaz ($107.49 in chips) 
Seat 4: UnderC@t ($108.42 in chips) 
Seat 5: auxly ($197.08 in chips) 
Seat 6: RadmanjohnNL ($83.63 in chips) 
xcinaz: posts small blind $0.50
UnderC@t: posts big blind $1
*** HOLE CARDS ***
auxly: folds 
RadmanjohnNL: folds 
BGS013: folds 
manescuctin: calls $1
xcinaz: raises $3 to $4
UnderC@t: folds 
manescuctin: calls $3
*** FLOP *** [5h 3s 9d]
xcinaz: bets $7.27
manescuctin: folds 
Uncalled bet ($7.27) returned to xcinaz
xcinaz collected $8.55 from pot
xcinaz: doesn't show hand 
*** SUMMARY ***
Total pot $9 | Rake $0.45 
Board [5h 3s 9d]
Seat 1: BGS013 folded before Flop (didn't bet)
Seat 2: manescuctin (button) folded on the Flop
Seat 3: xcinaz (small blind) collected ($8.55)
Seat 4: UnderC@t (big blind) folded before Flop
Seat 5: auxly folded before Flop (didn't bet)
Seat 6: RadmanjohnNL folded before Flop (didn't bet)



PokerStars Hand #254517566587:  Hold'em No Limit ($0.50/$1.00 USD) - 2025/01/23 19:03:04 WET [2025/01/23 14:03:04 ET]
Table 'Luscinia IV' 6-max Seat #3 is the button
Seat 1: BGS013 ($106.57 in chips) 
Seat 2: manescuctin ($127.66 in chips) 
Seat 3: xcinaz ($112.04 in chips) 
Seat 4: UnderC@t ($107.42 in chips) 
Seat 5: auxly ($197.08 in chips) 
Seat 6: RadmanjohnNL ($83.63 in chips) 
UnderC@t: posts small blind $0.50
auxly: posts big blind $1
*** HOLE CARDS ***
RadmanjohnNL: folds 
BGS013: folds 
manescuctin: folds 
xcinaz: raises $1.50 to $2.50
UnderC@t: folds 
auxly: folds 
Uncalled bet ($1.50) returned to xcinaz
xcinaz collected $2.50 from pot
xcinaz: doesn't show hand 
*** SUMMARY ***
Total pot $2.50 | Rake $0 
Seat 1: BGS013 folded before Flop (didn't bet)
Seat 2: manescuctin folded before Flop (didn't bet)
Seat 3: xcinaz (button) collected ($2.50)
Seat 4: UnderC@t (small blind) folded before Flop
Seat 5: auxly (big blind) folded before Flop
Seat 6: RadmanjohnNL folded before Flop (didn't bet)



PokerStars Hand #254517571940:  Hold'em No Limit ($0.50/$1.00 USD) - 2025/01/23 19:03:25 WET [2025/01/23 14:03:25 ET]
Table 'Luscinia IV' 6-max Seat #4 is the button
Seat 1: BGS013 ($106.57 in chips) 
Seat 2: manescuctin ($127.66 in chips) 
Seat 3: xcinaz ($113.54 in chips) 
Seat 4: UnderC@t ($106.92 in chips) 
Seat 5: auxly ($196.08 in chips) 
Seat 6: RadmanjohnNL ($83.63 in chips) 
auxly: posts small blind $0.50
RadmanjohnNL: posts big blind $1
*** HOLE CARDS ***
BGS013: folds 
manescuctin: folds 
xcinaz: raises $1.20 to $2.20
UnderC@t: folds 
auxly: folds 
RadmanjohnNL: calls $1.20
*** FLOP *** [Jh 9s Jc]
RadmanjohnNL: checks 
xcinaz: bets $1.17
RadmanjohnNL: calls $1.17
*** TURN *** [Jh 9s Jc] [2c]
RadmanjohnNL: checks 
xcinaz: checks 
*** RIVER *** [Jh 9s Jc 2c] [5h]
RadmanjohnNL: bets $3.44
xcinaz: calls $3.44
*** SHOW DOWN ***
RadmanjohnNL: shows [8h Qc] (a pair of Jacks)
xcinaz: shows [Kc Ad] (a pair of Jacks - Ace kicker)
xcinaz collected $13.41 from pot
*** SUMMARY ***
Total pot $14.12 | Rake $0.71 
Board [Jh 9s Jc 2c 5h]
Seat 1: BGS013 folded before Flop (didn't bet)
Seat 2: manescuctin folded before Flop (didn't bet)
Seat 3: xcinaz showed [Kc Ad] and won ($13.41) with a pair of Jacks
Seat 4: UnderC@t (button) folded before Flop (didn't bet)
Seat 5: auxly (small blind) folded before Flop
Seat 6: RadmanjohnNL (big blind) showed [8h Qc] and lost with a pair of Jacks



PokerStars Hand #254517583261:  Hold'em No Limit ($0.50/$1.00 USD) - 2025/01/23 19:04:13 WET [2025/01/23 14:04:13 ET]
Table 'Luscinia IV' 6-max Seat #5 is the button
Seat 1: BGS013 ($106.57 in chips) 
Seat 2: manescuctin ($127.66 in chips) 
Seat 3: xcinaz ($120.14 in chips) 
Seat 4: UnderC@t ($106.92 in chips) 
Seat 5: auxly ($195.58 in chips) 
Seat 6: RadmanjohnNL ($76.82 in chips) 
RadmanjohnNL: posts small blind $0.50
BGS013: posts big blind $1
*** HOLE CARDS ***
manescuctin: folds 
xcinaz: folds 
UnderC@t: folds 
auxly: folds 
RadmanjohnNL: raises $1 to $2
BGS013: folds 
Uncalled bet ($1) returned to RadmanjohnNL
RadmanjohnNL collected $2 from pot
RadmanjohnNL: doesn't show hand 
*** SUMMARY ***
Total pot $2 | Rake $0 
Seat 1: BGS013 (big blind) folded before Flop
Seat 2: manescuctin folded before Flop (didn't bet)
Seat 3: xcinaz folded before Flop (didn't bet)
Seat 4: UnderC@t folded before Flop (didn't bet)
Seat 5: auxly (button) folded before Flop (didn't bet)
Seat 6: RadmanjohnNL (small blind) collected ($2)



PokerStars Hand #254517588219:  Hold'em No Limit ($0.50/$1.00 USD) - 2025/01/23 19:04:34 WET [2025/01/23 14:04:34 ET]
Table 'Luscinia IV' 6-max Seat #6 is the button
Seat 1: BGS013 ($105.57 in chips) 
Seat 2: manescuctin ($127.66 in chips) 
Seat 3: xcinaz ($120.14 in chips) 
Seat 4: UnderC@t ($106.92 in chips) 
Seat 5: auxly ($195.58 in chips) 
Seat 6: RadmanjohnNL ($100 in chips) 
BGS013: posts small blind $0.50
manescuctin: posts big blind $1
*** HOLE CARDS ***
xcinaz: folds 
UnderC@t: folds 
auxly: folds 
RadmanjohnNL: folds 
BGS013: raises $2 to $3
manescuctin: calls $2
*** FLOP *** [Ah 8d Js]
BGS013: checks 
manescuctin: checks 
*** TURN *** [Ah 8d Js] [Qh]
BGS013: bets $3.14
manescuctin: folds 
Uncalled bet ($3.14) returned to BGS013
BGS013 collected $5.70 from pot
BGS013: doesn't show hand 
*** SUMMARY ***
Total pot $6 | Rake $0.30 
Board [Ah 8d Js Qh]
Seat 1: BGS013 (small blind) collected ($5.70)
Seat 2: manescuctin (big blind) folded on the Turn
Seat 3: xcinaz folded before Flop (didn't bet)
Seat 4: UnderC@t folded before Flop (didn't bet)
Seat 5: auxly folded before Flop (didn't bet)
Seat 6: RadmanjohnNL (button) folded before Flop (didn't bet)



PokerStars Hand #254517597346:  Hold'em No Limit ($0.50/$1.00 USD) - 2025/01/23 19:05:12 WET [2025/01/23 14:05:12 ET]
Table 'Luscinia IV' 6-max Seat #1 is the button
Seat 1: BGS013 ($108.27 in chips) 
Seat 2: manescuctin ($124.66 in chips) 
Seat 3: xcinaz ($120.14 in chips) 
Seat 4: UnderC@t ($106.92 in chips) 
Seat 5: auxly ($195.58 in chips) 
Seat 6: RadmanjohnNL ($100 in chips) 
manescuctin: posts small blind $0.50
xcinaz: posts big blind $1
*** HOLE CARDS ***
UnderC@t: raises $1.50 to $2.50
auxly: folds 
RadmanjohnNL: folds 
BGS013: folds 
manescuctin: folds 
xcinaz: folds 
Uncalled bet ($1.50) returned to UnderC@t
UnderC@t collected $2.50 from pot
UnderC@t: doesn't show hand 
*** SUMMARY ***
Total pot $2.50 | Rake $0 
Seat 1: BGS013 (button) folded before Flop (didn't bet)
Seat 2: manescuctin (small blind) folded before Flop
Seat 3: xcinaz (big blind) folded before Flop
Seat 4: UnderC@t collected ($2.50)
Seat 5: auxly folded before Flop (didn't bet)
Seat 6: RadmanjohnNL folded before Flop (didn't bet)



PokerStars Hand #254517600540:  Hold'em No Limit ($0.50/$1.00 USD) - 2025/01/23 19:05:25 WET [2025/01/23 14:05:25 ET]
Table 'Luscinia IV' 6-max Seat #2 is the button
Seat 1: BGS013 ($108.27 in chips) 
Seat 2: manescuctin ($124.16 in chips) 
Seat 3: xcinaz ($119.14 in chips) 
Seat 4: UnderC@t ($108.42 in chips) 
Seat 5: auxly ($195.58 in chips) 
Seat 6: RadmanjohnNL ($100 in chips) 
xcinaz: posts small blind $0.50
UnderC@t: posts big blind $1
*** HOLE CARDS ***
auxly: raises $2 to $3
RadmanjohnNL: folds 
BGS013: folds 
manescuctin: folds 
xcinaz: folds 
UnderC@t: calls $2
*** FLOP *** [8h 5d 2d]
UnderC@t: checks 
auxly: bets $4.09
UnderC@t: folds 
Uncalled bet ($4.09) returned to auxly
auxly collected $6.18 from pot
*** SUMMARY ***
Total pot $6.50 | Rake $0.32 
Board [8h 5d 2d]
Seat 1: BGS013 folded before Flop (didn't bet)
Seat 2: manescuctin (button) folded before Flop (didn't bet)
Seat 3: xcinaz (small blind) folded before Flop
Seat 4: UnderC@t (big blind) folded on the Flop
Seat 5: auxly collected ($6.18)
Seat 6: RadmanjohnNL folded before Flop (didn't bet)



PokerStars Hand #254517610398:  Hold'em No Limit ($0.50/$1.00 USD) - 2025/01/23 19:06:06 WET [2025/01/23 14:06:06 ET]
Table 'Luscinia IV' 6-max Seat #3 is the button
Seat 1: BGS013 ($108.27 in chips) 
Seat 2: manescuctin ($124.16 in chips) 
Seat 3: xcinaz ($118.64 in chips) 
Seat 4: UnderC@t ($105.42 in chips) 
Seat 5: auxly ($198.76 in chips) 
Seat 6: RadmanjohnNL ($100 in chips) 
UnderC@t: posts small blind $0.50
auxly: posts big blind $1
*** HOLE CARDS ***
RadmanjohnNL: calls $1
BGS013: folds 
manescuctin: folds 
xcinaz: raises $3 to $4
UnderC@t: folds 
auxly: folds 
RadmanjohnNL: calls $3
*** FLOP *** [Ac 3d Kh]
RadmanjohnNL: checks 
xcinaz: bets $2.98
RadmanjohnNL: calls $2.98
*** TURN *** [Ac 3d Kh] [2s]
RadmanjohnNL: checks 
xcinaz: bets $12.49
RadmanjohnNL: folds 
Uncalled bet ($12.49) returned to xcinaz
xcinaz collected $14.69 from pot
xcinaz: doesn't show hand 
*** SUMMARY ***
Total pot $15.46 | Rake $0.77 
Board [Ac 3d Kh 2s]
Seat 1: BGS013 folded before Flop (didn't bet)
Seat 2: manescuctin folded before Flop (didn't bet)
Seat 3: xcinaz (button) collected ($14.69)
Seat 4: UnderC@t (small blind) folded before Flop
Seat 5: auxly (big blind) folded before Flop
Seat 6: RadmanjohnNL folded on the Turn



PokerStars Hand #254517621895:  Hold'em No Limit ($0.50/$1.00 USD) - 2025/01/23 19:06:53 WET [2025/01/23 14:06:53 ET]
Table 'Luscinia IV' 6-max Seat #4 is the button
Seat 1: BGS013 ($108.27 in chips) 
Seat 2: manescuctin ($124.16 in chips) 
Seat 3: xcinaz ($126.35 in chips) 
Seat 4: UnderC@t ($104.92 in chips) 
Seat 5: auxly ($197.76 in chips) 
Seat 6: RadmanjohnNL ($93.02 in chips) 
auxly: posts small blind $0.50
RadmanjohnNL: posts big blind $1
*** HOLE CARDS ***
BGS013: raises $1 to $2
manescuctin: folds 
xcinaz: folds 
UnderC@t: folds 
auxly: calls $1.50
RadmanjohnNL: calls $1
*** FLOP *** [3h 4s 2d]
auxly: checks 
RadmanjohnNL: checks 
BGS013: checks 
*** TURN *** [3h 4s 2d] [5d]
auxly: checks 
RadmanjohnNL: checks 
BGS013: bets $3.14
auxly: calls $3.14
RadmanjohnNL: calls $3.14
*** RIVER *** [3h 4s 2d 5d] [8d]
auxly: bets $14.65
RadmanjohnNL: folds 
BGS013: folds 
Uncalled bet ($14.65) returned to auxly
auxly collected $14.65 from pot
*** SUMMARY ***
Total pot $15.42 | Rake $0.77 
Board [3h 4s 2d 5d 8d]
Seat 1: BGS013 folded on the River
Seat 2: manescuctin folded before Flop (didn't bet)
Seat 3: xcinaz folded before Flop (didn't bet)
Seat 4: UnderC@t (button) folded before Flop (didn't bet)
Seat 5: auxly (small blind) collected ($14.65)
Seat 6: RadmanjohnNL (big blind) folded on the River



PokerStars Hand #254517642342:  Hold'em No Limit ($0.50/$1.00 USD) - 2025/01/23 19:08:19 WET [2025/01/23 14:08:19 ET]
Table 'Luscinia IV' 6-max Seat #5 is the button
Seat 1: BGS013 ($103.13 in chips) 
Seat 2: manescuctin ($124.16 in chips) 
Seat 3: xcinaz ($126.35 in chips) 
Seat 4: UnderC@t ($104.92 in chips) 
Seat 5: auxly ($207.27 in chips) 
Seat 6: RadmanjohnNL ($87.88 in chips) 
RadmanjohnNL: posts small blind $0.50
BGS013: posts big blind $1
*** HOLE CARDS ***
manescuctin: raises $2.50 to $3.50
xcinaz: folds 
UnderC@t: folds 
auxly: folds 
RadmanjohnNL: calls $3
BGS013: folds 
*** FLOP *** [5h 4c 8h]
RadmanjohnNL: checks 
manescuctin: bets $7.60
RadmanjohnNL: folds 
Uncalled bet ($7.60) returned to manescuctin
manescuctin collected $7.60 from pot
*** SUMMARY ***
Total pot $8 | Rake $0.40 
Board [5h 4c 8h]
Seat 1: BGS013 (big blind) folded before Flop
Seat 2: manescuctin collected ($7.60)
Seat 3: xcinaz folded before Flop (didn't bet)
Seat 4: UnderC@t folded before Flop (didn't bet)
Seat 5: auxly (button) folded before Flop (didn't bet)
Seat 6: RadmanjohnNL (small blind) folded on the Flop



PokerStars Hand #254517647139:  Hold'em No Limit ($0.50/$1.00 USD) - 2025/01/23 19:08:39 WET [2025/01/23 14:08:39 ET]
Table 'Luscinia IV' 6-max Seat #6 is the button
Seat 1: BGS013 ($102.13 in chips) 
Seat 2: manescuctin ($128.26 in chips) 
Seat 3: xcinaz ($126.35 in chips) 
Seat 4: UnderC@t ($104.92 in chips) 
Seat 5: auxly ($207.27 in chips) 
Seat 6: RadmanjohnNL ($84.38 in chips) 
BGS013: posts small blind $0.50
manescuctin: posts big blind $1
*** HOLE CARDS ***
xcinaz: folds 
UnderC@t: folds 
auxly: raises $2 to $3
RadmanjohnNL: folds 
BGS013: folds 
manescuctin: calls $2
*** FLOP *** [5d Kd Ac]
manescuctin: checks 
auxly: bets $3.09
manescuctin: calls $3.09
*** TURN *** [5d Kd Ac] [Th]
manescuctin: checks 
auxly: bets $6.03
manescuctin: raises $15.06 to $21.09
auxly: calls $15.06
*** RIVER *** [5d Kd Ac Th] [6h]
manescuctin: checks 
auxly: checks 
*** SHOW DOWN ***
manescuctin: shows [Kh Tc] (two pair, Kings and Tens)
auxly: mucks hand 
manescuctin collected $52.36 from pot
*** SUMMARY ***
Total pot $54.86 | Rake $2.50 
Board [5d Kd Ac Th 6h]
Seat 1: BGS013 (small blind) folded before Flop
Seat 2: manescuctin (big blind) showed [Kh Tc] and won ($52.36) with two pair, Kings and Tens
Seat 3: xcinaz folded before Flop (didn't bet)
Seat 4: UnderC@t folded before Flop (didn't bet)
Seat 5: auxly mucked
Seat 6: RadmanjohnNL (button) folded before Flop (didn't bet)



PokerStars Hand #254517662801:  Hold'em No Limit ($0.50/$1.00 USD) - 2025/01/23 19:09:44 WET [2025/01/23 14:09:44 ET]
Table 'Luscinia IV' 6-max Seat #1 is the button
Seat 1: BGS013 ($101.63 in chips) 
Seat 2: manescuctin ($153.44 in chips) 
Seat 3: xcinaz ($126.35 in chips) 
Seat 4: UnderC@t ($104.92 in chips) 
Seat 5: auxly ($180.09 in chips) 
Seat 6: RadmanjohnNL ($84.38 in chips) 
manescuctin: posts small blind $0.50
xcinaz: posts big blind $1
*** HOLE CARDS ***
UnderC@t: folds 
auxly: folds 
RadmanjohnNL: folds 
BGS013: folds 
manescuctin: calls $0.50
xcinaz: raises $3 to $4
manescuctin: folds 
Uncalled bet ($3) returned to xcinaz
xcinaz collected $2 from pot
xcinaz: doesn't show hand 
*** SUMMARY ***
Total pot $2 | Rake $0 
Seat 1: BGS013 (button) folded before Flop (didn't bet)
Seat 2: manescuctin (small blind) folded before Flop
Seat 3: xcinaz (big blind) collected ($2)
Seat 4: UnderC@t folded before Flop (didn't bet)
Seat 5: auxly folded before Flop (didn't bet)
Seat 6: RadmanjohnNL folded before Flop (didn't bet)



PokerStars Hand #254517669303:  Hold'em No Limit ($0.50/$1.00 USD) - 2025/01/23 19:10:11 WET [2025/01/23 14:10:11 ET]
Table 'Luscinia IV' 6-max Seat #2 is the button
Seat 1: BGS013 ($101.63 in chips) 
Seat 2: manescuctin ($152.44 in chips) 
Seat 3: xcinaz ($127.35 in chips) 
Seat 4: UnderC@t ($104.92 in chips) 
Seat 5: auxly ($180.09 in chips) 
Seat 6: RadmanjohnNL ($84.38 in chips) 
xcinaz: posts small blind $0.50
UnderC@t: posts big blind $1
*** HOLE CARDS ***
auxly: folds 
RadmanjohnNL: folds 
auxly leaves the table
BGS013: folds 
manescuctin: folds 
xcinaz: folds 
Uncalled bet ($0.50) returned to UnderC@t
UnderC@t collected $1 from pot
UnderC@t: doesn't show hand 
*** SUMMARY ***
Total pot $1 | Rake $0 
Seat 1: BGS013 folded before Flop (didn't bet)
Seat 2: manescuctin (button) folded before Flop (didn't bet)
Seat 3: xcinaz (small blind) folded before Flop
Seat 4: UnderC@t (big blind) collected ($1)
Seat 5: auxly folded before Flop (didn't bet)
Seat 6: RadmanjohnNL folded before Flop (didn't bet)



PokerStars Hand #254517673177:  Hold'em No Limit ($0.50/$1.00 USD) - 2025/01/23 19:10:27 WET [2025/01/23 14:10:27 ET]
Table 'Luscinia IV' 6-max Seat #3 is the button
Seat 1: BGS013 ($101.63 in chips) 
Seat 2: manescuctin ($152.44 in chips) 
Seat 3: xcinaz ($126.85 in chips) 
Seat 4: UnderC@t ($105.42 in chips) 
Seat 6: RadmanjohnNL ($93.05 in chips) 
UnderC@t: posts small blind $0.50
RadmanjohnNL: posts big blind $1
*** HOLE CARDS ***
BGS013: raises $1 to $2
manescuctin: calls $2
xcinaz: folds 
UnderC@t: folds 
RadmanjohnNL: calls $1
*** FLOP *** [6c 6h Ks]
RadmanjohnNL: checks 
reiyser joins the table at seat #5 
BGS013: checks 
manescuctin: checks 
*** TURN *** [6c 6h Ks] [7c]
RadmanjohnNL: checks 
BGS013: checks 
manescuctin: checks 
*** RIVER *** [6c 6h Ks 7c] [Ah]
RadmanjohnNL: checks 
BGS013: bets $4.82
manescuctin: folds 
RadmanjohnNL: folds 
Uncalled bet ($4.82) returned to BGS013
BGS013 collected $6.18 from pot
BGS013: doesn't show hand 
*** SUMMARY ***
Total pot $6.50 | Rake $0.32 
Board [6c 6h Ks 7c Ah]
Seat 1: BGS013 collected ($6.18)
Seat 2: manescuctin folded on the River
Seat 3: xcinaz (button) folded before Flop (didn't bet)
Seat 4: UnderC@t (small blind) folded before Flop
Seat 6: RadmanjohnNL (big blind) folded on the River



PokerStars Hand #254517683840:  Hold'em No Limit ($0.50/$1.00 USD) - 2025/01/23 19:11:12 WET [2025/01/23 14:11:12 ET]
Table 'Luscinia IV' 6-max Seat #4 is the button
Seat 5: reiyser ($100 in chips) is sitting out
Seat 1: BGS013 ($105.81 in chips) 
Seat 2: manescuctin ($150.44 in chips) 
Seat 3: xcinaz ($126.85 in chips) 
Seat 4: UnderC@t ($104.92 in chips) 
Seat 6: RadmanjohnNL ($91.05 in chips) 
RadmanjohnNL: posts small blind $0.50
BGS013: posts big blind $1
*** HOLE CARDS ***
manescuctin: folds 
xcinaz: folds 
UnderC@t: raises $1.50 to $2.50
RadmanjohnNL: folds 
BGS013: folds 
Uncalled bet ($1.50) returned to UnderC@t
UnderC@t collected $2.50 from pot
UnderC@t: doesn't show hand 
*** SUMMARY ***
Total pot $2.50 | Rake $0 
Seat 5: reiyser
Seat 1: BGS013 (big blind) folded before Flop
Seat 2: manescuctin folded before Flop (didn't bet)
Seat 3: xcinaz folded before Flop (didn't bet)
Seat 4: UnderC@t (button) collected ($2.50)
Seat 6: RadmanjohnNL (small blind) folded before Flop



PokerStars Hand #254517686907:  Hold'em No Limit ($0.50/$1.00 USD) - 2025/01/23 19:11:25 WET [2025/01/23 14:11:25 ET]
Table 'Luscinia IV' 6-max Seat #6 is the button
Seat 5: reiyser ($100 in chips) is sitting out
Seat 1: BGS013 ($104.81 in chips) 
Seat 2: manescuctin ($150.44 in chips) 
Seat 3: xcinaz ($126.85 in chips) 
Seat 4: UnderC@t ($106.42 in chips) 
Seat 6: RadmanjohnNL ($90.55 in chips) 
BGS013: posts small blind $0.50
manescuctin: posts big blind $1
reiyser: sits out 
*** HOLE CARDS ***
xcinaz: folds 
UnderC@t: folds 
RadmanjohnNL: folds 
BGS013: raises $2 to $3
manescuctin: calls $2
*** FLOP *** [Ks 8h Kc]
BGS013: checks 
manescuctin: checks 
*** TURN *** [Ks 8h Kc] [5c]
BGS013: checks 
manescuctin: checks 
*** RIVER *** [Ks 8h Kc 5c] [Qc]
BGS013: checks 
manescuctin: bets $7.70
BGS013: folds 
Uncalled bet ($7.70) returned to manescuctin
manescuctin collected $5.70 from pot
*** SUMMARY ***
Total pot $6 | Rake $0.30 
Board [Ks 8h Kc 5c Qc]
Seat 5: reiyser
Seat 1: BGS013 (small blind) folded on the River
Seat 2: manescuctin (big blind) collected ($5.70)
Seat 3: xcinaz folded before Flop (didn't bet)
Seat 4: UnderC@t folded before Flop (didn't bet)
Seat 6: RadmanjohnNL (button) folded before Flop (didn't bet)



PokerStars Hand #254517697255:  Hold'em No Limit ($0.50/$1.00 USD) - 2025/01/23 19:12:08 WET [2025/01/23 14:12:08 ET]
Table 'Luscinia IV' 6-max Seat #1 is the button
Seat 5: reiyser ($100 in chips) is sitting out
Seat 1: BGS013 ($101.81 in chips) 
Seat 2: manescuctin ($153.14 in chips) 
Seat 3: xcinaz ($126.85 in chips) 
Seat 4: UnderC@t ($106.42 in chips) 
Seat 6: RadmanjohnNL ($90.55 in chips) 
manescuctin: posts small blind $0.50
xcinaz: posts big blind $1
reiyser: sits out 
*** HOLE CARDS ***
UnderC@t: folds 
RadmanjohnNL: folds 
BGS013 has timed out
BGS013: folds 
manescuctin: calls $0.50
xcinaz: checks 
*** FLOP *** [4c 2c 5d]
manescuctin: checks 
xcinaz: checks 
*** TURN *** [4c 2c 5d] [7s]
manescuctin: checks 
xcinaz: checks 
*** RIVER *** [4c 2c 5d 7s] [Qc]
manescuctin: checks 
xcinaz: checks 
*** SHOW DOWN ***
manescuctin: shows [3d Kc] (high card King)
xcinaz: shows [2h Ks] (a pair of Deuces)
xcinaz collected $1.90 from pot
*** SUMMARY ***
Total pot $2 | Rake $0.10 
Board [4c 2c 5d 7s Qc]
Seat 5: reiyser
Seat 1: BGS013 (button) folded before Flop (didn't bet)
Seat 2: manescuctin (small blind) showed [3d Kc] and lost with high card King
Seat 3: xcinaz (big blind) showed [2h Ks] and won ($1.90) with a pair of Deuces
Seat 4: UnderC@t folded before Flop (didn't bet)
Seat 6: RadmanjohnNL folded before Flop (didn't bet)



PokerStars Hand #254517711656:  Hold'em No Limit ($0.50/$1.00 USD) - 2025/01/23 19:13:07 WET [2025/01/23 14:13:07 ET]
Table 'Luscinia IV' 6-max Seat #2 is the button
Seat 5: reiyser ($100 in chips) is sitting out
Seat 1: BGS013 ($101.81 in chips) 
Seat 2: manescuctin ($152.14 in chips) 
Seat 3: xcinaz ($127.75 in chips) 
Seat 4: UnderC@t ($106.42 in chips) 
Seat 6: RadmanjohnNL ($90.55 in chips) 
xcinaz: posts small blind $0.50
UnderC@t: posts big blind $1
reiyser: sits out 
*** HOLE CARDS ***
RadmanjohnNL: folds 
BGS013: folds 
manescuctin: folds 
xcinaz: raises $2 to $3
UnderC@t: calls $2
*** FLOP *** [7c 9h 9s]
xcinaz: checks 
UnderC@t: checks 
*** TURN *** [7c 9h 9s] [Ad]
xcinaz: bets $1.88
UnderC@t: calls $1.88
*** RIVER *** [7c 9h 9s Ad] [Kc]
xcinaz: checks 
UnderC@t: checks 
*** SHOW DOWN ***
xcinaz: shows [6c Tc] (a pair of Nines)
UnderC@t: shows [5d As] (two pair, Aces and Nines)
UnderC@t collected $9.27 from pot
*** SUMMARY ***
Total pot $9.76 | Rake $0.49 
Board [7c 9h 9s Ad Kc]
Seat 5: reiyser
Seat 1: BGS013 folded before Flop (didn't bet)
Seat 2: manescuctin (button) folded before Flop (didn't bet)
Seat 3: xcinaz (small blind) showed [6c Tc] and lost with a pair of Nines
Seat 4: UnderC@t (big blind) showed [5d As] and won ($9.27) with two pair, Aces and Nines
Seat 6: RadmanjohnNL folded before Flop (didn't bet)



PokerStars Hand #254517727094:  Hold'em No Limit ($0.50/$1.00 USD) - 2025/01/23 19:14:11 WET [2025/01/23 14:14:11 ET]
Table 'Luscinia IV' 6-max Seat #3 is the button
Seat 1: BGS013 ($101.81 in chips) 
Seat 2: manescuctin ($152.14 in chips) 
Seat 3: xcinaz ($122.87 in chips) 
Seat 4: UnderC@t ($110.81 in chips) 
Seat 5: reiyser ($100 in chips) 
Seat 6: RadmanjohnNL ($90.55 in chips) 
UnderC@t: posts small blind $0.50
reiyser: posts big blind $1
*** HOLE CARDS ***
RadmanjohnNL: folds 
BGS013: folds 
manescuctin: folds 
xcinaz: raises $1.50 to $2.50
UnderC@t: folds 
reiyser: raises $9.50 to $12
xcinaz: folds 
Uncalled bet ($9.50) returned to reiyser
reiyser collected $5.50 from pot
reiyser: doesn't show hand 
*** SUMMARY ***
Total pot $5.50 | Rake $0 
Seat 1: BGS013 folded before Flop (didn't bet)
Seat 2: manescuctin folded before Flop (didn't bet)
Seat 3: xcinaz (button) folded before Flop
Seat 4: UnderC@t (small blind) folded before Flop
Seat 5: reiyser (big blind) collected ($5.50)
Seat 6: RadmanjohnNL folded before Flop (didn't bet)



PokerStars Hand #254517732859:  Hold'em No Limit ($0.50/$1.00 USD) - 2025/01/23 19:14:35 WET [2025/01/23 14:14:35 ET]
Table 'Luscinia IV' 6-max Seat #4 is the button
Seat 1: BGS013 ($101.81 in chips) 
Seat 2: manescuctin ($152.14 in chips) 
Seat 3: xcinaz ($120.37 in chips) 
Seat 4: UnderC@t ($110.31 in chips) 
Seat 5: reiyser ($103 in chips) 
Seat 6: RadmanjohnNL ($90.55 in chips) 
reiyser: posts small blind $0.50
RadmanjohnNL: posts big blind $1
*** HOLE CARDS ***
BGS013: raises $1 to $2
manescuctin: folds 
xcinaz: folds 
UnderC@t: folds 
reiyser: folds 
RadmanjohnNL: folds 
Uncalled bet ($1) returned to BGS013
BGS013 collected $2.50 from pot
BGS013: doesn't show hand 
*** SUMMARY ***
Total pot $2.50 | Rake $0 
Seat 1: BGS013 collected ($2.50)
Seat 2: manescuctin folded before Flop (didn't bet)
Seat 3: xcinaz folded before Flop (didn't bet)
Seat 4: UnderC@t (button) folded before Flop (didn't bet)
Seat 5: reiyser (small blind) folded before Flop
Seat 6: RadmanjohnNL (big blind) folded before Flop



PokerStars Hand #254517737086:  Hold'em No Limit ($0.50/$1.00 USD) - 2025/01/23 19:14:53 WET [2025/01/23 14:14:53 ET]
Table 'Luscinia IV' 6-max Seat #5 is the button
Seat 1: BGS013 ($103.31 in chips) 
Seat 2: manescuctin ($152.14 in chips) 
Seat 3: xcinaz ($120.37 in chips) 
Seat 4: UnderC@t ($110.31 in chips) 
Seat 5: reiyser ($102.50 in chips) 
Seat 6: RadmanjohnNL ($89.55 in chips) 
RadmanjohnNL: posts small blind $0.50
BGS013: posts big blind $1
*** HOLE CARDS ***
manescuctin: folds 
xcinaz: folds 
UnderC@t: raises $1.50 to $2.50
reiyser: folds 
RadmanjohnNL: folds 
BGS013: folds 
Uncalled bet ($1.50) returned to UnderC@t
UnderC@t collected $2.50 from pot
UnderC@t: doesn't show hand 
*** SUMMARY ***
Total pot $2.50 | Rake $0 
Seat 1: BGS013 (big blind) folded before Flop
Seat 2: manescuctin folded before Flop (didn't bet)
Seat 3: xcinaz folded before Flop (didn't bet)
Seat 4: UnderC@t collected ($2.50)
Seat 5: reiyser (button) folded before Flop (didn't bet)
Seat 6: RadmanjohnNL (small blind) folded before Flop



PokerStars Hand #254517859099:  Hold'em No Limit ($0.50/$1.00 USD) - 2025/01/23 19:23:17 WET [2025/01/23 14:23:17 ET]
Table 'Luscinia IV' 6-max Seat #2 is the button
Seat 1: BGS013 ($109.76 in chips) 
Seat 2: manescuctin ($42.73 in chips) 
Seat 3: xcinaz ($239.56 in chips) 
Seat 4: UnderC@t ($106.81 in chips) 
Seat 5: reiyser ($103.50 in chips) 
Seat 6: RadmanjohnNL ($94.08 in chips) 
xcinaz: posts small blind $0.50
UnderC@t: posts big blind $1
*** HOLE CARDS ***
reiyser: folds 
RadmanjohnNL: folds 
BGS013: folds 
manescuctin: folds 
manescuctin leaves the table
xcinaz: folds 
Uncalled bet ($0.50) returned to UnderC@t
UnderC@t collected $1 from pot
UnderC@t: doesn't show hand 
*** SUMMARY ***
Total pot $1 | Rake $0 
Seat 1: BGS013 folded before Flop (didn't bet)
Seat 2: manescuctin (button) folded before Flop (didn't bet)
Seat 3: xcinaz (small blind) folded before Flop
Seat 4: UnderC@t (big blind) collected ($1)
Seat 5: reiyser folded before Flop (didn't bet)
Seat 6: RadmanjohnNL folded before Flop (didn't bet)



PokerStars Hand #254517862905:  Hold'em No Limit ($0.50/$1.00 USD) - 2025/01/23 19:23:33 WET [2025/01/23 14:23:33 ET]
Table 'Luscinia IV' 6-max Seat #3 is the button
Seat 1: BGS013 ($109.76 in chips) 
Seat 3: xcinaz ($239.06 in chips) 
Seat 4: UnderC@t ($107.31 in chips) 
Seat 5: reiyser ($103.50 in chips) 
Seat 6: RadmanjohnNL ($94.08 in chips) 
UnderC@t: posts small blind $0.50
reiyser: posts big blind $1
*** HOLE CARDS ***
RadmanjohnNL: folds 
BGS013: raises $1.50 to $2.50
xcinaz: folds 
UnderC@t: folds 
reiyser: calls $1.50
*** FLOP *** [2h 7d 3d]
reiyser: checks 
BGS013: bets $2.87
BoyLoc0 joins the table at seat #2 
reiyser: folds 
Uncalled bet ($2.87) returned to BGS013
BGS013 collected $5.22 from pot
BGS013: doesn't show hand 
*** SUMMARY ***
Total pot $5.50 | Rake $0.28 
Board [2h 7d 3d]
Seat 1: BGS013 collected ($5.22)
Seat 3: xcinaz (button) folded before Flop (didn't bet)
Seat 4: UnderC@t (small blind) folded before Flop
Seat 5: reiyser (big blind) folded on the Flop
Seat 6: RadmanjohnNL folded before Flop (didn't bet)



PokerStars Hand #254517872582:  Hold'em No Limit ($0.50/$1.00 USD) - 2025/01/23 19:24:13 WET [2025/01/23 14:24:13 ET]
Table 'Luscinia IV' 6-max Seat #4 is the button
Seat 2: BoyLoc0 ($100 in chips) is sitting out
Seat 1: BGS013 ($112.48 in chips) 
Seat 3: xcinaz ($239.06 in chips) 
Seat 4: UnderC@t ($106.81 in chips) 
Seat 5: reiyser ($101 in chips) 
Seat 6: RadmanjohnNL ($94.08 in chips) 
reiyser: posts small blind $0.50
RadmanjohnNL: posts big blind $1
BoyLoc0: sits out 
*** HOLE CARDS ***
BGS013: folds 
xcinaz: raises $1.20 to $2.20
UnderC@t: raises $4.80 to $7
reiyser: folds 
RadmanjohnNL: folds 
xcinaz: calls $4.80
*** FLOP *** [3d Td 7h]
xcinaz: checks 
UnderC@t: bets $7.36
xcinaz: calls $7.36
*** TURN *** [3d Td 7h] [6c]
xcinaz: checks 
UnderC@t: checks 
*** RIVER *** [3d Td 7h 6c] [9d]
xcinaz: bets $9.47
UnderC@t: calls $9.47
*** SHOW DOWN ***
xcinaz: shows [9s Ts] (two pair, Tens and Nines)
UnderC@t: mucks hand 
xcinaz collected $46.70 from pot
*** SUMMARY ***
Total pot $49.16 | Rake $2.46 
Board [3d Td 7h 6c 9d]
Seat 2: BoyLoc0
Seat 1: BGS013 folded before Flop (didn't bet)
Seat 3: xcinaz showed [9s Ts] and won ($46.70) with two pair, Tens and Nines
Seat 4: UnderC@t (button) mucked
Seat 5: reiyser (small blind) folded before Flop
Seat 6: RadmanjohnNL (big blind) folded before Flop



PokerStars Hand #254517890906:  Hold'em No Limit ($0.50/$1.00 USD) - 2025/01/23 19:25:29 WET [2025/01/23 14:25:29 ET]
Table 'Luscinia IV' 6-max Seat #5 is the button
Seat 2: BoyLoc0 ($100 in chips) is sitting out
Seat 1: BGS013 ($112.48 in chips) 
Seat 3: xcinaz ($261.93 in chips) 
Seat 4: UnderC@t ($100 in chips) 
Seat 5: reiyser ($100.50 in chips) 
Seat 6: RadmanjohnNL ($93.08 in chips) 
RadmanjohnNL: posts small blind $0.50
BGS013: posts big blind $1
BoyLoc0: sits out 
*** HOLE CARDS ***
xcinaz: folds 
UnderC@t: raises $1.50 to $2.50
reiyser: calls $2.50
RadmanjohnNL: calls $2
BGS013: folds 
*** FLOP *** [Kd 6d Qh]
RadmanjohnNL: bets $2
UnderC@t: raises $6 to $8
reiyser: folds 
RadmanjohnNL: folds 
Uncalled bet ($6) returned to UnderC@t
UnderC@t collected $11.88 from pot
UnderC@t: doesn't show hand 
*** SUMMARY ***
Total pot $12.50 | Rake $0.62 
Board [Kd 6d Qh]
Seat 2: BoyLoc0
Seat 1: BGS013 (big blind) folded before Flop
Seat 3: xcinaz folded before Flop (didn't bet)
Seat 4: UnderC@t collected ($11.88)
Seat 5: reiyser (button) folded on the Flop
Seat 6: RadmanjohnNL (small blind) folded on the Flop



PokerStars Hand #254517901003:  Hold'em No Limit ($0.50/$1.00 USD) - 2025/01/23 19:26:11 WET [2025/01/23 14:26:11 ET]
Table 'Luscinia IV' 6-max Seat #6 is the button
Seat 1: BGS013 ($111.48 in chips) 
Seat 2: BoyLoc0 ($100 in chips) 
Seat 3: xcinaz ($261.93 in chips) 
Seat 4: UnderC@t ($107.38 in chips) 
Seat 5: reiyser ($100 in chips) 
Seat 6: RadmanjohnNL ($88.58 in chips) 
BGS013: posts small blind $0.50
BoyLoc0: posts big blind $1
*** HOLE CARDS ***
xcinaz: folds 
UnderC@t: folds 
reiyser: folds 
RadmanjohnNL: folds 
BGS013: folds [Ad]
Uncalled bet ($0.50) returned to BoyLoc0
BoyLoc0 collected $1 from pot
BoyLoc0: doesn't show hand 
*** SUMMARY ***
Total pot $1 | Rake $0 
Seat 1: BGS013 (small blind) folded before Flop
Seat 2: BoyLoc0 (big blind) collected ($1)
Seat 3: xcinaz folded before Flop (didn't bet)
Seat 4: UnderC@t folded before Flop (didn't bet)
Seat 5: reiyser folded before Flop (didn't bet)
Seat 6: RadmanjohnNL (button) folded before Flop (didn't bet)



PokerStars Hand #254517904145:  Hold'em No Limit ($0.50/$1.00 USD) - 2025/01/23 19:26:24 WET [2025/01/23 14:26:24 ET]
Table 'Luscinia IV' 6-max Seat #1 is the button
Seat 1: BGS013 ($110.98 in chips) 
Seat 2: BoyLoc0 ($100.50 in chips) 
Seat 3: xcinaz ($261.93 in chips) 
Seat 4: UnderC@t ($107.38 in chips) 
Seat 5: reiyser ($100 in chips) 
Seat 6: RadmanjohnNL ($88.58 in chips) 
BoyLoc0: posts small blind $0.50
xcinaz: posts big blind $1
*** HOLE CARDS ***
UnderC@t: folds 
reiyser: folds 
RadmanjohnNL: raises $1 to $2
BGS013: folds 
BoyLoc0: folds 
xcinaz: raises $8 to $10
RadmanjohnNL: folds 
Uncalled bet ($8) returned to xcinaz
xcinaz collected $4.50 from pot
xcinaz: doesn't show hand 
*** SUMMARY ***
Total pot $4.50 | Rake $0 
Seat 1: BGS013 (button) folded before Flop (didn't bet)
Seat 2: BoyLoc0 (small blind) folded before Flop
Seat 3: xcinaz (big blind) collected ($4.50)
Seat 4: UnderC@t folded before Flop (didn't bet)
Seat 5: reiyser folded before Flop (didn't bet)
Seat 6: RadmanjohnNL folded before Flop



PokerStars Hand #254517911489:  Hold'em No Limit ($0.50/$1.00 USD) - 2025/01/23 19:26:54 WET [2025/01/23 14:26:54 ET]
Table 'Luscinia IV' 6-max Seat #2 is the button
Seat 1: BGS013 ($110.98 in chips) 
Seat 2: BoyLoc0 ($100 in chips) 
Seat 3: xcinaz ($264.43 in chips) 
Seat 4: UnderC@t ($107.38 in chips) 
Seat 5: reiyser ($100 in chips) 
Seat 6: RadmanjohnNL ($86.58 in chips) 
xcinaz: posts small blind $0.50
UnderC@t: posts big blind $1
*** HOLE CARDS ***
reiyser: folds 
RadmanjohnNL: folds 
BGS013: folds 
BoyLoc0: folds 
xcinaz: folds 
Uncalled bet ($0.50) returned to UnderC@t
UnderC@t collected $1 from pot
UnderC@t: doesn't show hand 
*** SUMMARY ***
Total pot $1 | Rake $0 
Seat 1: BGS013 folded before Flop (didn't bet)
Seat 2: BoyLoc0 (button) folded before Flop (didn't bet)
Seat 3: xcinaz (small blind) folded before Flop
Seat 4: UnderC@t (big blind) collected ($1)
Seat 5: reiyser folded before Flop (didn't bet)
Seat 6: RadmanjohnNL folded before Flop (didn't bet)



PokerStars Hand #254517915340:  Hold'em No Limit ($0.50/$1.00 USD) - 2025/01/23 19:27:10 WET [2025/01/23 14:27:10 ET]
Table 'Luscinia IV' 6-max Seat #3 is the button
Seat 1: BGS013 ($110.98 in chips) 
Seat 2: BoyLoc0 ($100 in chips) 
Seat 3: xcinaz ($263.93 in chips) 
Seat 4: UnderC@t ($107.88 in chips) 
Seat 5: reiyser ($100 in chips) 
Seat 6: RadmanjohnNL ($86.58 in chips) 
UnderC@t: posts small blind $0.50
reiyser: posts big blind $1
*** HOLE CARDS ***
RadmanjohnNL: calls $1
BGS013: folds 
BoyLoc0: folds 
xcinaz: folds 
UnderC@t: folds 
reiyser: checks 
*** FLOP *** [8s Th Js]
reiyser: checks 
RadmanjohnNL: bets $1
reiyser: calls $1
*** TURN *** [8s Th Js] [Kh]
reiyser: checks 
RadmanjohnNL: checks 
*** RIVER *** [8s Th Js Kh] [2h]
reiyser: bets $3.25
RadmanjohnNL: folds 
Uncalled bet ($3.25) returned to reiyser
reiyser collected $4.28 from pot
reiyser: doesn't show hand 
*** SUMMARY ***
Total pot $4.50 | Rake $0.22 
Board [8s Th Js Kh 2h]
Seat 1: BGS013 folded before Flop (didn't bet)
Seat 2: BoyLoc0 folded before Flop (didn't bet)
Seat 3: xcinaz (button) folded before Flop (didn't bet)
Seat 4: UnderC@t (small blind) folded before Flop
Seat 5: reiyser (big blind) collected ($4.28)
Seat 6: RadmanjohnNL folded on the River



PokerStars Hand #254517924768:  Hold'em No Limit ($0.50/$1.00 USD) - 2025/01/23 19:27:48 WET [2025/01/23 14:27:48 ET]
Table 'Luscinia IV' 6-max Seat #4 is the button
Seat 1: BGS013 ($110.98 in chips) 
Seat 2: BoyLoc0 ($100 in chips) 
Seat 3: xcinaz ($263.93 in chips) 
Seat 4: UnderC@t ($107.38 in chips) 
Seat 5: reiyser ($102.28 in chips) 
Seat 6: RadmanjohnNL ($84.58 in chips) 
reiyser: posts small blind $0.50
RadmanjohnNL: posts big blind $1
*** HOLE CARDS ***
BGS013: folds 
BoyLoc0: raises $1.50 to $2.50
xcinaz: folds 
UnderC@t: folds 
reiyser: folds 
RadmanjohnNL: folds 
Uncalled bet ($1.50) returned to BoyLoc0
BoyLoc0 collected $2.50 from pot
BoyLoc0: doesn't show hand 
*** SUMMARY ***
Total pot $2.50 | Rake $0 
Seat 1: BGS013 folded before Flop (didn't bet)
Seat 2: BoyLoc0 collected ($2.50)
Seat 3: xcinaz folded before Flop (didn't bet)
Seat 4: UnderC@t (button) folded before Flop (didn't bet)
Seat 5: reiyser (small blind) folded before Flop
Seat 6: RadmanjohnNL (big blind) folded before Flop



PokerStars Hand #254517929447:  Hold'em No Limit ($0.50/$1.00 USD) - 2025/01/23 19:28:08 WET [2025/01/23 14:28:08 ET]
Table 'Luscinia IV' 6-max Seat #5 is the button
Seat 1: BGS013 ($110.98 in chips) 
Seat 2: BoyLoc0 ($101.50 in chips) 
Seat 3: xcinaz ($263.93 in chips) 
Seat 4: UnderC@t ($107.38 in chips) 
Seat 5: reiyser ($101.78 in chips) 
Seat 6: RadmanjohnNL ($83.58 in chips) 
RadmanjohnNL: posts small blind $0.50
BGS013: posts big blind $1
*** HOLE CARDS ***
BoyLoc0: folds 
xcinaz: folds 
UnderC@t: folds 
reiyser: folds 
RadmanjohnNL: calls $0.50
BGS013: checks 
*** FLOP *** [9h Qh Tc]
RadmanjohnNL: checks 
BGS013: bets $1
RadmanjohnNL: raises $1 to $2
BGS013: calls $1
*** TURN *** [9h Qh Tc] [Kd]
RadmanjohnNL: bets $2
BGS013: folds 
Uncalled bet ($2) returned to RadmanjohnNL
RadmanjohnNL collected $5.70 from pot
RadmanjohnNL: doesn't show hand 
*** SUMMARY ***
Total pot $6 | Rake $0.30 
Board [9h Qh Tc Kd]
Seat 1: BGS013 (big blind) folded on the Turn
Seat 2: BoyLoc0 folded before Flop (didn't bet)
Seat 3: xcinaz folded before Flop (didn't bet)
Seat 4: UnderC@t folded before Flop (didn't bet)
Seat 5: reiyser (button) folded before Flop (didn't bet)
Seat 6: RadmanjohnNL (small blind) collected ($5.70)



PokerStars Hand #254517940609:  Hold'em No Limit ($0.50/$1.00 USD) - 2025/01/23 19:28:53 WET [2025/01/23 14:28:53 ET]
Table 'Luscinia IV' 6-max Seat #6 is the button
Seat 1: BGS013 ($107.98 in chips) 
Seat 2: BoyLoc0 ($101.50 in chips) 
Seat 3: xcinaz ($263.93 in chips) 
Seat 4: UnderC@t ($107.38 in chips) 
Seat 5: reiyser ($101.78 in chips) 
Seat 6: RadmanjohnNL ($86.28 in chips) 
BGS013: posts small blind $0.50
BoyLoc0: posts big blind $1
*** HOLE CARDS ***
xcinaz: raises $1 to $2
UnderC@t: raises $5 to $7
reiyser: folds 
RadmanjohnNL: folds 
BGS013: folds 
BoyLoc0: folds 
xcinaz: calls $5
*** FLOP *** [8h 2h Qd]
xcinaz: checks 
UnderC@t: bets $4.42
xcinaz: calls $4.42
*** TURN *** [8h 2h Qd] [4h]
xcinaz: checks 
UnderC@t: bets $18
xcinaz: calls $18
*** RIVER *** [8h 2h Qd 4h] [3d]
xcinaz: checks 
UnderC@t: bets $77.96 and is all-in
xcinaz: folds 
Uncalled bet ($77.96) returned to UnderC@t
UnderC@t collected $57.84 from pot
UnderC@t: doesn't show hand 
*** SUMMARY ***
Total pot $60.34 | Rake $2.50 
Board [8h 2h Qd 4h 3d]
Seat 1: BGS013 (small blind) folded before Flop
Seat 2: BoyLoc0 (big blind) folded before Flop
Seat 3: xcinaz folded on the River
Seat 4: UnderC@t collected ($57.84)
Seat 5: reiyser folded before Flop (didn't bet)
Seat 6: RadmanjohnNL (button) folded before Flop (didn't bet)



PokerStars Hand #254517965611:  Hold'em No Limit ($0.50/$1.00 USD) - 2025/01/23 19:30:35 WET [2025/01/23 14:30:35 ET]
Table 'Luscinia IV' 6-max Seat #1 is the button
Seat 1: BGS013 ($107.48 in chips) 
Seat 2: BoyLoc0 ($100.50 in chips) 
Seat 3: xcinaz ($234.51 in chips) 
Seat 4: UnderC@t ($135.80 in chips) 
Seat 5: reiyser ($101.78 in chips) 
Seat 6: RadmanjohnNL ($86.28 in chips) 
BoyLoc0: posts small blind $0.50
xcinaz: posts big blind $1
*** HOLE CARDS ***
UnderC@t: folds 
reiyser: raises $1.23 to $2.23
RadmanjohnNL: folds 
BGS013: folds 
BoyLoc0: folds 
xcinaz: calls $1.23
*** FLOP *** [Th Jh Jd]
xcinaz: checks 
reiyser: bets $1.37
xcinaz: folds 
Uncalled bet ($1.37) returned to reiyser
reiyser collected $4.71 from pot
reiyser: doesn't show hand 
*** SUMMARY ***
Total pot $4.96 | Rake $0.25 
Board [Th Jh Jd]
Seat 1: BGS013 (button) folded before Flop (didn't bet)
Seat 2: BoyLoc0 (small blind) folded before Flop
Seat 3: xcinaz (big blind) folded on the Flop
Seat 4: UnderC@t folded before Flop (didn't bet)
Seat 5: reiyser collected ($4.71)
Seat 6: RadmanjohnNL folded before Flop (didn't bet)



PokerStars Hand #254517976223:  Hold'em No Limit ($0.50/$1.00 USD) - 2025/01/23 19:31:19 WET [2025/01/23 14:31:19 ET]
Table 'Luscinia IV' 6-max Seat #2 is the button
Seat 1: BGS013 ($107.48 in chips) 
Seat 2: BoyLoc0 ($100 in chips) 
Seat 3: xcinaz ($232.28 in chips) 
Seat 4: UnderC@t ($135.80 in chips) 
Seat 5: reiyser ($104.26 in chips) 
Seat 6: RadmanjohnNL ($86.28 in chips) 
xcinaz: posts small blind $0.50
UnderC@t: posts big blind $1
*** HOLE CARDS ***
reiyser: folds 
RadmanjohnNL: folds 
BGS013: folds 
BoyLoc0: folds 
xcinaz: folds 
Uncalled bet ($0.50) returned to UnderC@t
UnderC@t collected $1 from pot
UnderC@t: doesn't show hand 
*** SUMMARY ***
Total pot $1 | Rake $0 
Seat 1: BGS013 folded before Flop (didn't bet)
Seat 2: BoyLoc0 (button) folded before Flop (didn't bet)
Seat 3: xcinaz (small blind) folded before Flop
Seat 4: UnderC@t (big blind) collected ($1)
Seat 5: reiyser folded before Flop (didn't bet)
Seat 6: RadmanjohnNL folded before Flop (didn't bet)



PokerStars Hand #254517979727:  Hold'em No Limit ($0.50/$1.00 USD) - 2025/01/23 19:31:33 WET [2025/01/23 14:31:33 ET]
Table 'Luscinia IV' 6-max Seat #3 is the button
Seat 1: BGS013 ($107.48 in chips) 
Seat 2: BoyLoc0 ($100 in chips) 
Seat 3: xcinaz ($231.78 in chips) 
Seat 4: UnderC@t ($136.30 in chips) 
Seat 5: reiyser ($104.26 in chips) 
Seat 6: RadmanjohnNL ($86.28 in chips) 
UnderC@t: posts small blind $0.50
reiyser: posts big blind $1
*** HOLE CARDS ***
RadmanjohnNL: folds 
BGS013: folds 
BoyLoc0: folds 
xcinaz: folds 
UnderC@t: folds 
Uncalled bet ($0.50) returned to reiyser
reiyser collected $1 from pot
reiyser: doesn't show hand 
*** SUMMARY ***
Total pot $1 | Rake $0 
Seat 1: BGS013 folded before Flop (didn't bet)
Seat 2: BoyLoc0 folded before Flop (didn't bet)
Seat 3: xcinaz (button) folded before Flop (didn't bet)
Seat 4: UnderC@t (small blind) folded before Flop
Seat 5: reiyser (big blind) collected ($1)
Seat 6: RadmanjohnNL folded before Flop (didn't bet)



PokerStars Hand #254517984089:  Hold'em No Limit ($0.50/$1.00 USD) - 2025/01/23 19:31:51 WET [2025/01/23 14:31:51 ET]
Table 'Luscinia IV' 6-max Seat #4 is the button
Seat 1: BGS013 ($107.48 in chips) 
Seat 2: BoyLoc0 ($100 in chips) 
Seat 3: xcinaz ($231.78 in chips) 
Seat 4: UnderC@t ($135.80 in chips) 
Seat 5: reiyser ($104.76 in chips) 
Seat 6: RadmanjohnNL ($86.28 in chips) 
reiyser: posts small blind $0.50
RadmanjohnNL: posts big blind $1
*** HOLE CARDS ***
BGS013: folds 
BoyLoc0: folds 
xcinaz: folds 
UnderC@t: folds 
reiyser: calls $0.50
RadmanjohnNL: checks 
*** FLOP *** [3d 9c 5s]
reiyser: checks 
RadmanjohnNL: checks 
*** TURN *** [3d 9c 5s] [9s]
reiyser: bets $1
RadmanjohnNL: folds 
Uncalled bet ($1) returned to reiyser
reiyser collected $1.90 from pot
reiyser: doesn't show hand 
RadmanjohnNL leaves the table
*** SUMMARY ***
Total pot $2 | Rake $0.10 
Board [3d 9c 5s 9s]
Seat 1: BGS013 folded before Flop (didn't bet)
Seat 2: BoyLoc0 folded before Flop (didn't bet)
Seat 3: xcinaz folded before Flop (didn't bet)
Seat 4: UnderC@t (button) folded before Flop (didn't bet)
Seat 5: reiyser (small blind) collected ($1.90)
Seat 6: RadmanjohnNL (big blind) folded on the Turn



PokerStars Hand #254517995642:  Hold'em No Limit ($0.50/$1.00 USD) - 2025/01/23 19:32:39 WET [2025/01/23 14:32:39 ET]
Table 'Luscinia IV' 6-max Seat #5 is the button
Seat 1: BGS013 ($107.48 in chips) 
Seat 2: BoyLoc0 ($100 in chips) 
Seat 3: xcinaz ($231.78 in chips) 
Seat 4: UnderC@t ($135.80 in chips) 
Seat 5: reiyser ($105.66 in chips) 
BGS013: posts small blind $0.50
BoyLoc0: posts big blind $1
*** HOLE CARDS ***
xcinaz: folds 
UnderC@t: raises $1.50 to $2.50
reiyser: folds 
BGS013: folds 
BoyLoc0: folds 
Uncalled bet ($1.50) returned to UnderC@t
UnderC@t collected $2.50 from pot
UnderC@t: doesn't show hand 
*** SUMMARY ***
Total pot $2.50 | Rake $0 
Seat 1: BGS013 (small blind) folded before Flop
Seat 2: BoyLoc0 (big blind) folded before Flop
Seat 3: xcinaz folded before Flop (didn't bet)
Seat 4: UnderC@t collected ($2.50)
Seat 5: reiyser (button) folded before Flop (didn't bet)



PokerStars Hand #254518005243:  Hold'em No Limit ($0.50/$1.00 USD) - 2025/01/23 19:33:18 WET [2025/01/23 14:33:18 ET]
Table 'Luscinia IV' 6-max Seat #1 is the button
Seat 3: xcinaz ($231.78 in chips) is sitting out
Seat 1: BGS013 ($106.98 in chips) 
Seat 2: BoyLoc0 ($100 in chips) 
Seat 4: UnderC@t ($137.30 in chips) 
Seat 5: reiyser ($105.66 in chips) 
BoyLoc0: posts small blind $0.50
xcinaz: is sitting out 
UnderC@t: posts big blind $1
*** HOLE CARDS ***
xcinaz leaves the table
reiyser: folds 
BGS013: folds 
BoyLoc0: folds 
Uncalled bet ($0.50) returned to UnderC@t
UnderC@t collected $1 from pot
UnderC@t: doesn't show hand 
*** SUMMARY ***
Total pot $1 | Rake $0 
Seat 3: xcinaz
Seat 1: BGS013 (button) folded before Flop (didn't bet)
Seat 2: BoyLoc0 (small blind) folded before Flop
Seat 4: UnderC@t (big blind) collected ($1)
Seat 5: reiyser folded before Flop (didn't bet)



