PokerStars Hand #254511388329:  Hold'em No Limit ($0.50/$1.00 USD) - 2025/01/23 6:37:24 WET [2025/01/23 1:37:24 ET]
Table 'Tito III' 6-max Seat #3 is the button
Seat 1: Fold Your Cats ($103.32 in chips) 
Seat 3: MoRsCeReBruM ($149.57 in chips) 
Seat 6: radu10101 ($12.44 in chips) 
radu10101: posts small blind $0.50
Fold Your Cats: posts big blind $1
*** HOLE CARDS ***
MoRsCeReBruM: folds 
radu10101: calls $0.50
Fold Your Cats: checks 
*** FLOP *** [5d Js 6c]
radu10101: bets $2
Fold Your Cats: folds 
Uncalled bet ($2) returned to radu10101
radu10101 collected $1.90 from pot
*** SUMMARY ***
Total pot $2 | Rake $0.10 
Board [5d Js 6c]
Seat 1: Fold Your Cats (big blind) folded on the Flop
Seat 3: MoRsCeReBruM (button) folded before Flop (didn't bet)
Seat 6: radu10101 (small blind) collected ($1.90)



PokerStars Hand #254511390752:  Hold'em No Limit ($0.50/$1.00 USD) - 2025/01/23 6:37:59 WET [2025/01/23 1:37:59 ET]
Table 'Tito III' 6-max Seat #6 is the button
Seat 1: Fold Your Cats ($102.32 in chips) 
Seat 3: MoRsCeReBruM ($149.57 in chips) 
Seat 6: radu10101 ($13.34 in chips) 
Fold Your Cats: posts small blind $0.50
MoRsCeReBruM: posts big blind $1
*** HOLE CARDS ***
radu10101: calls $1
Fold Your Cats: folds 
MoRsCeReBruM: raises $148.57 to $149.57 and is all-in
radu10101: calls $12.34 and is all-in
Uncalled bet ($136.23) returned to MoRsCeReBruM
*** FLOP *** [As 4s Ks]
*** TURN *** [As 4s Ks] [5c]
*** RIVER *** [As 4s Ks 5c] [Js]
*** SHOW DOWN ***
MoRsCeReBruM: shows [Jc Qd] (a pair of Jacks)
radu10101: shows [Ac 6c] (a pair of Aces)
radu10101 collected $26.18 from pot
*** SUMMARY ***
Total pot $27.18 | Rake $1 
Board [As 4s Ks 5c Js]
Seat 1: Fold Your Cats (small blind) folded before Flop
Seat 3: MoRsCeReBruM (big blind) showed [Jc Qd] and lost with a pair of Jacks
Seat 6: radu10101 (button) showed [Ac 6c] and won ($26.18) with a pair of Aces



PokerStars Hand #254511392850:  Hold'em No Limit ($0.50/$1.00 USD) - 2025/01/23 6:38:29 WET [2025/01/23 1:38:29 ET]
Table 'Tito III' 6-max Seat #1 is the button
Seat 1: Fold Your Cats ($101.82 in chips) 
Seat 3: MoRsCeReBruM ($136.23 in chips) 
Seat 6: radu10101 ($26.18 in chips) 
MoRsCeReBruM: posts small blind $0.50
radu10101: posts big blind $1
*** HOLE CARDS ***
Fold Your Cats: raises $1 to $2
MoRsCeReBruM: folds 
radu10101: folds 
Uncalled bet ($1) returned to Fold Your Cats
Fold Your Cats collected $2.50 from pot
Fold Your Cats: doesn't show hand 
*** SUMMARY ***
Total pot $2.50 | Rake $0 
Seat 1: Fold Your Cats (button) collected ($2.50)
Seat 3: MoRsCeReBruM (small blind) folded before Flop
Seat 6: radu10101 (big blind) folded before Flop



PokerStars Hand #254511393996:  Hold'em No Limit ($0.50/$1.00 USD) - 2025/01/23 6:38:45 WET [2025/01/23 1:38:45 ET]
Table 'Tito III' 6-max Seat #3 is the button
Seat 1: Fold Your Cats ($103.32 in chips) 
Seat 3: MoRsCeReBruM ($135.73 in chips) 
Seat 6: radu10101 ($25.18 in chips) 
radu10101: posts small blind $0.50
Fold Your Cats: posts big blind $1
*** HOLE CARDS ***
MoRsCeReBruM: raises $1.50 to $2.50
radu10101 has timed out
radu10101: folds 
Fold Your Cats: folds 
Uncalled bet ($1.50) returned to MoRsCeReBruM
MoRsCeReBruM collected $2.50 from pot
MoRsCeReBruM: doesn't show hand 
*** SUMMARY ***
Total pot $2.50 | Rake $0 
Seat 1: Fold Your Cats (big blind) folded before Flop
Seat 3: MoRsCeReBruM (button) collected ($2.50)
Seat 6: radu10101 (small blind) folded before Flop



PokerStars Hand #254511396586:  Hold'em No Limit ($0.50/$1.00 USD) - 2025/01/23 6:39:22 WET [2025/01/23 1:39:22 ET]
Table 'Tito III' 6-max Seat #1 is the button
Seat 6: radu10101 ($24.68 in chips) is sitting out
Seat 1: Fold Your Cats ($102.32 in chips) 
Seat 3: MoRsCeReBruM ($137.23 in chips) 
Fold Your Cats: posts small blind $0.50
MoRsCeReBruM: posts big blind $1
*** HOLE CARDS ***
Fold Your Cats: folds 
Uncalled bet ($0.50) returned to MoRsCeReBruM
MoRsCeReBruM collected $1 from pot
MoRsCeReBruM: doesn't show hand 
*** SUMMARY ***
Total pot $1 | Rake $0 
Seat 6: radu10101
Seat 1: Fold Your Cats (button) (small blind) folded before Flop
Seat 3: MoRsCeReBruM (big blind) collected ($1)



PokerStars Hand #254511251236:  Hold'em No Limit ($0.50/$1.00 USD) - 2025/01/23 6:06:02 WET [2025/01/23 1:06:02 ET]
Table 'Tito III' 6-max Seat #1 is the button
Seat 1: Fold Your Cats ($101.85 in chips) 
Seat 2: ptolejmus ($18.50 in chips) 
Seat 3: MoRsCeReBruM ($100 in chips) 
Seat 6: radu10101 ($56.11 in chips) 
ptolejmus: posts small blind $0.50
MoRsCeReBruM: posts big blind $1
*** HOLE CARDS ***
radu10101: calls $1
Fold Your Cats: raises $3 to $4
ptolejmus: folds 
MoRsCeReBruM: folds 
radu10101: calls $3
*** FLOP *** [Kc 9c Ad]
radu10101: checks 
Fold Your Cats: bets $4.78
radu10101: folds 
Uncalled bet ($4.78) returned to Fold Your Cats
Fold Your Cats collected $9.02 from pot
Fold Your Cats: doesn't show hand 
*** SUMMARY ***
Total pot $9.50 | Rake $0.48 
Board [Kc 9c Ad]
Seat 1: Fold Your Cats (button) collected ($9.02)
Seat 2: ptolejmus (small blind) folded before Flop
Seat 3: MoRsCeReBruM (big blind) folded before Flop
Seat 6: radu10101 folded on the Flop



PokerStars Hand #254511253805:  Hold'em No Limit ($0.50/$1.00 USD) - 2025/01/23 6:06:37 WET [2025/01/23 1:06:37 ET]
Table 'Tito III' 6-max Seat #2 is the button
Seat 1: Fold Your Cats ($106.87 in chips) 
Seat 2: ptolejmus ($18 in chips) 
Seat 3: MoRsCeReBruM ($100 in chips) 
Seat 6: radu10101 ($52.11 in chips) 
MoRsCeReBruM: posts small blind $0.50
radu10101: posts big blind $1
*** HOLE CARDS ***
Fold Your Cats: raises $1 to $2
ptolejmus: folds 
MoRsCeReBruM: folds 
radu10101: calls $1
*** FLOP *** [5s Ts 5h]
radu10101: checks 
Fold Your Cats: bets $1.43
radu10101: calls $1.43
*** TURN *** [5s Ts 5h] [Qs]
radu10101: checks 
Fold Your Cats: bets $3.70
radu10101: calls $3.70
*** RIVER *** [5s Ts 5h Qs] [Kc]
radu10101: checks 
Fold Your Cats: bets $4.91
radu10101: folds 
Uncalled bet ($4.91) returned to Fold Your Cats
Fold Your Cats collected $14.02 from pot
Fold Your Cats: doesn't show hand 
*** SUMMARY ***
Total pot $14.76 | Rake $0.74 
Board [5s Ts 5h Qs Kc]
Seat 1: Fold Your Cats collected ($14.02)
Seat 2: ptolejmus (button) folded before Flop (didn't bet)
Seat 3: MoRsCeReBruM (small blind) folded before Flop
Seat 6: radu10101 (big blind) folded on the River



PokerStars Hand #254511259387:  Hold'em No Limit ($0.50/$1.00 USD) - 2025/01/23 6:07:52 WET [2025/01/23 1:07:52 ET]
Table 'Tito III' 6-max Seat #3 is the button
Seat 1: Fold Your Cats ($113.76 in chips) 
Seat 2: ptolejmus ($18 in chips) 
Seat 3: MoRsCeReBruM ($100 in chips) 
Seat 6: radu10101 ($44.98 in chips) 
radu10101: posts small blind $0.50
Fold Your Cats: posts big blind $1
*** HOLE CARDS ***
ptolejmus: raises $1 to $2
MoRsCeReBruM: folds 
radu10101: calls $1.50
Fold Your Cats: calls $1
*** FLOP *** [Tc 9c Js]
radu10101: checks 
Fold Your Cats: bets $3.02
ptolejmus: folds 
radu10101: folds 
Uncalled bet ($3.02) returned to Fold Your Cats
Fold Your Cats collected $5.70 from pot
Fold Your Cats: doesn't show hand 
*** SUMMARY ***
Total pot $6 | Rake $0.30 
Board [Tc 9c Js]
Seat 1: Fold Your Cats (big blind) collected ($5.70)
Seat 2: ptolejmus folded on the Flop
Seat 3: MoRsCeReBruM (button) folded before Flop (didn't bet)
Seat 6: radu10101 (small blind) folded on the Flop



PokerStars Hand #254511262421:  Hold'em No Limit ($0.50/$1.00 USD) - 2025/01/23 6:08:34 WET [2025/01/23 1:08:34 ET]
Table 'Tito III' 6-max Seat #6 is the button
Seat 1: Fold Your Cats ($117.46 in chips) 
Seat 2: ptolejmus ($16 in chips) 
Seat 3: MoRsCeReBruM ($100 in chips) 
Seat 6: radu10101 ($42.98 in chips) 
Fold Your Cats: posts small blind $0.50
ptolejmus: posts big blind $1
*** HOLE CARDS ***
MoRsCeReBruM: folds 
radu10101: raises $1 to $2
Fold Your Cats: folds 
ptolejmus: folds 
Uncalled bet ($1) returned to radu10101
radu10101 collected $2.50 from pot
*** SUMMARY ***
Total pot $2.50 | Rake $0 
Seat 1: Fold Your Cats (small blind) folded before Flop
Seat 2: ptolejmus (big blind) folded before Flop
Seat 3: MoRsCeReBruM folded before Flop (didn't bet)
Seat 6: radu10101 (button) collected ($2.50)



PokerStars Hand #254511263448:  Hold'em No Limit ($0.50/$1.00 USD) - 2025/01/23 6:08:47 WET [2025/01/23 1:08:47 ET]
Table 'Tito III' 6-max Seat #1 is the button
Seat 1: Fold Your Cats ($116.96 in chips) 
Seat 2: ptolejmus ($15 in chips) 
Seat 3: MoRsCeReBruM ($100 in chips) 
Seat 6: radu10101 ($44.48 in chips) 
ptolejmus: posts small blind $0.50
MoRsCeReBruM: posts big blind $1
*** HOLE CARDS ***
radu10101: folds 
Fold Your Cats: folds 
ptolejmus: raises $1.50 to $2.50
MoRsCeReBruM: raises $10 to $12.50
ptolejmus: folds 
Uncalled bet ($10) returned to MoRsCeReBruM
MoRsCeReBruM collected $5 from pot
MoRsCeReBruM: doesn't show hand 
*** SUMMARY ***
Total pot $5 | Rake $0 
Seat 1: Fold Your Cats (button) folded before Flop (didn't bet)
Seat 2: ptolejmus (small blind) folded before Flop
Seat 3: MoRsCeReBruM (big blind) collected ($5)
Seat 6: radu10101 folded before Flop (didn't bet)



PokerStars Hand #254511265549:  Hold'em No Limit ($0.50/$1.00 USD) - 2025/01/23 6:09:16 WET [2025/01/23 1:09:16 ET]
Table 'Tito III' 6-max Seat #2 is the button
Seat 1: Fold Your Cats ($116.96 in chips) 
Seat 2: ptolejmus ($12.50 in chips) 
Seat 3: MoRsCeReBruM ($102.50 in chips) 
Seat 6: radu10101 ($44.48 in chips) 
MoRsCeReBruM: posts small blind $0.50
radu10101: posts big blind $1
*** HOLE CARDS ***
Fold Your Cats: folds 
ptolejmus: raises $1 to $2
MoRsCeReBruM: folds 
radu10101: calls $1
*** FLOP *** [Qc Th Js]
radu10101: bets $2
ptolejmus: calls $2
*** TURN *** [Qc Th Js] [Ah]
radu10101: checks 
ptolejmus: bets $2.18
radu10101: calls $2.18
*** RIVER *** [Qc Th Js Ah] [3d]
radu10101: checks 
ptolejmus: bets $6.32 and is all-in
radu10101: folds 
Uncalled bet ($6.32) returned to ptolejmus
ptolejmus collected $12.22 from pot
*** SUMMARY ***
Total pot $12.86 | Rake $0.64 
Board [Qc Th Js Ah 3d]
Seat 1: Fold Your Cats folded before Flop (didn't bet)
Seat 2: ptolejmus (button) collected ($12.22)
Seat 3: MoRsCeReBruM (small blind) folded before Flop
Seat 6: radu10101 (big blind) folded on the River



PokerStars Hand #254511271801:  Hold'em No Limit ($0.50/$1.00 USD) - 2025/01/23 6:10:42 WET [2025/01/23 1:10:42 ET]
Table 'Tito III' 6-max Seat #3 is the button
Seat 1: Fold Your Cats ($116.96 in chips) 
Seat 2: ptolejmus ($18.54 in chips) 
Seat 3: MoRsCeReBruM ($102 in chips) 
Seat 6: radu10101 ($38.30 in chips) 
radu10101: posts small blind $0.50
Fold Your Cats: posts big blind $1
*** HOLE CARDS ***
ptolejmus: folds 
MoRsCeReBruM: raises $1.50 to $2.50
radu10101: folds 
Fold Your Cats: raises $8.50 to $11
MoRsCeReBruM: calls $8.50
*** FLOP *** [Th Kc Tc]
Fold Your Cats: bets $7.17
MoRsCeReBruM: calls $7.17
*** TURN *** [Th Kc Tc] [6s]
Fold Your Cats: checks 
MoRsCeReBruM: checks 
*** RIVER *** [Th Kc Tc 6s] [Js]
Fold Your Cats: checks 
MoRsCeReBruM: bets $26.88
Fold Your Cats: calls $26.88
*** SHOW DOWN ***
MoRsCeReBruM: shows [Qc Ad] (a straight, Ten to Ace)
Fold Your Cats: mucks hand 
MoRsCeReBruM collected $89.60 from pot
*** SUMMARY ***
Total pot $90.60 | Rake $1 
Board [Th Kc Tc 6s Js]
Seat 1: Fold Your Cats (big blind) mucked
Seat 2: ptolejmus folded before Flop (didn't bet)
Seat 3: MoRsCeReBruM (button) showed [Qc Ad] and won ($89.60) with a straight, Ten to Ace
Seat 6: radu10101 (small blind) folded before Flop



PokerStars Hand #254511277625:  Hold'em No Limit ($0.50/$1.00 USD) - 2025/01/23 6:12:01 WET [2025/01/23 1:12:01 ET]
Table 'Tito III' 6-max Seat #6 is the button
Seat 1: Fold Your Cats ($100 in chips) 
Seat 2: ptolejmus ($18.54 in chips) 
Seat 3: MoRsCeReBruM ($146.55 in chips) 
Seat 6: radu10101 ($37.80 in chips) 
Fold Your Cats: posts small blind $0.50
ptolejmus: posts big blind $1
*** HOLE CARDS ***
MoRsCeReBruM: folds 
radu10101: calls $1
Fold Your Cats: folds 
ptolejmus: checks 
*** FLOP *** [5d 3c 6h]
ptolejmus: checks 
radu10101: bets $2
ptolejmus: folds 
Uncalled bet ($2) returned to radu10101
radu10101 collected $2.38 from pot
*** SUMMARY ***
Total pot $2.50 | Rake $0.12 
Board [5d 3c 6h]
Seat 1: Fold Your Cats (small blind) folded before Flop
Seat 2: ptolejmus (big blind) folded on the Flop
Seat 3: MoRsCeReBruM folded before Flop (didn't bet)
Seat 6: radu10101 (button) collected ($2.38)



PokerStars Hand #254511281164:  Hold'em No Limit ($0.50/$1.00 USD) - 2025/01/23 6:12:50 WET [2025/01/23 1:12:50 ET]
Table 'Tito III' 6-max Seat #1 is the button
Seat 1: Fold Your Cats ($100 in chips) 
Seat 2: ptolejmus ($17.54 in chips) 
Seat 3: MoRsCeReBruM ($146.55 in chips) 
Seat 6: radu10101 ($39.18 in chips) 
ptolejmus: posts small blind $0.50
MoRsCeReBruM: posts big blind $1
*** HOLE CARDS ***
radu10101: calls $1
Fold Your Cats: folds 
ptolejmus: raises $16.54 to $17.54 and is all-in
MoRsCeReBruM: folds 
radu10101: folds 
Uncalled bet ($16.54) returned to ptolejmus
ptolejmus collected $3 from pot
*** SUMMARY ***
Total pot $3 | Rake $0 
Seat 1: Fold Your Cats (button) folded before Flop (didn't bet)
Seat 2: ptolejmus (small blind) collected ($3)
Seat 3: MoRsCeReBruM (big blind) folded before Flop
Seat 6: radu10101 folded before Flop



PokerStars Hand #254511282869:  Hold'em No Limit ($0.50/$1.00 USD) - 2025/01/23 6:13:13 WET [2025/01/23 1:13:13 ET]
Table 'Tito III' 6-max Seat #2 is the button
Seat 1: Fold Your Cats ($100 in chips) 
Seat 2: ptolejmus ($19.54 in chips) 
Seat 3: MoRsCeReBruM ($145.55 in chips) 
Seat 6: radu10101 ($38.18 in chips) 
MoRsCeReBruM: posts small blind $0.50
radu10101: posts big blind $1
*** HOLE CARDS ***
Fold Your Cats: raises $1.50 to $2.50
ptolejmus: folds 
MoRsCeReBruM: raises $8.50 to $11
radu10101: folds 
Pon4uk.ua joins the table at seat #4 
Fold Your Cats: folds 
Uncalled bet ($8.50) returned to MoRsCeReBruM
MoRsCeReBruM collected $6 from pot
MoRsCeReBruM: doesn't show hand 
MaRKiToScoK joins the table at seat #5 
*** SUMMARY ***
Total pot $6 | Rake $0 
Seat 1: Fold Your Cats folded before Flop
Seat 2: ptolejmus (button) folded before Flop (didn't bet)
Seat 3: MoRsCeReBruM (small blind) collected ($6)
Seat 6: radu10101 (big blind) folded before Flop



PokerStars Hand #254511284511:  Hold'em No Limit ($0.50/$1.00 USD) - 2025/01/23 6:13:35 WET [2025/01/23 1:13:35 ET]
Table 'Tito III' 6-max Seat #3 is the button
Seat 4: Pon4uk.ua ($100 in chips) is sitting out
Seat 5: MaRKiToScoK ($100 in chips) is sitting out
Seat 1: Fold Your Cats ($100 in chips) 
Seat 2: ptolejmus ($19.54 in chips) 
Seat 3: MoRsCeReBruM ($149.05 in chips) 
Seat 6: radu10101 ($37.18 in chips) 
radu10101: posts small blind $0.50
Fold Your Cats: posts big blind $1
*** HOLE CARDS ***
ptolejmus: raises $1 to $2
MoRsCeReBruM: folds 
radu10101: folds 
Fold Your Cats: folds 
Uncalled bet ($1) returned to ptolejmus
ptolejmus collected $2.50 from pot
*** SUMMARY ***
Total pot $2.50 | Rake $0 
Seat 4: Pon4uk.ua
Seat 5: MaRKiToScoK
Seat 1: Fold Your Cats (big blind) folded before Flop
Seat 2: ptolejmus collected ($2.50)
Seat 3: MoRsCeReBruM (button) folded before Flop (didn't bet)
Seat 6: radu10101 (small blind) folded before Flop



PokerStars Hand #254511316389:  Hold'em No Limit ($0.50/$1.00 USD) - 2025/01/23 6:20:50 WET [2025/01/23 1:20:50 ET]
Table 'Tito III' 6-max Seat #4 is the button
Seat 1: Fold Your Cats ($106.38 in chips) 
Seat 2: ptolejmus ($25.32 in chips) 
Seat 3: MoRsCeReBruM ($125.07 in chips) 
Seat 4: Pon4uk.ua ($102.20 in chips) 
Seat 5: MaRKiToScoK ($116.91 in chips) 
Seat 6: radu10101 ($32.96 in chips) 
MaRKiToScoK: posts small blind $0.50
radu10101: posts big blind $1
*** HOLE CARDS ***
Fold Your Cats: raises $1.50 to $2.50
ptolejmus: folds 
MoRsCeReBruM: folds 
Pon4uk.ua: folds 
MaRKiToScoK: folds 
radu10101: calls $1.50
*** FLOP *** [4c Ad Kc]
radu10101: checks 
Fold Your Cats: checks 
*** TURN *** [4c Ad Kc] [As]
radu10101: checks 
Fold Your Cats: bets $1.74
radu10101: folds 
Uncalled bet ($1.74) returned to Fold Your Cats
Fold Your Cats collected $5.22 from pot
Fold Your Cats: doesn't show hand 
*** SUMMARY ***
Total pot $5.50 | Rake $0.28 
Board [4c Ad Kc As]
Seat 1: Fold Your Cats collected ($5.22)
Seat 2: ptolejmus folded before Flop (didn't bet)
Seat 3: MoRsCeReBruM folded before Flop (didn't bet)
Seat 4: Pon4uk.ua (button) folded before Flop (didn't bet)
Seat 5: MaRKiToScoK (small blind) folded before Flop
Seat 6: radu10101 (big blind) folded on the Turn



PokerStars Hand #254511319664:  Hold'em No Limit ($0.50/$1.00 USD) - 2025/01/23 6:21:34 WET [2025/01/23 1:21:34 ET]
Table 'Tito III' 6-max Seat #5 is the button
Seat 1: Fold Your Cats ($109.10 in chips) 
Seat 2: ptolejmus ($25.32 in chips) 
Seat 3: MoRsCeReBruM ($125.07 in chips) 
Seat 4: Pon4uk.ua ($102.20 in chips) 
Seat 5: MaRKiToScoK ($116.41 in chips) 
Seat 6: radu10101 ($30.46 in chips) 
radu10101: posts small blind $0.50
Fold Your Cats: posts big blind $1
*** HOLE CARDS ***
ptolejmus: folds 
MoRsCeReBruM: folds 
Pon4uk.ua: folds 
MaRKiToScoK: raises $1.50 to $2.50
radu10101: folds 
Fold Your Cats: folds 
Uncalled bet ($1.50) returned to MaRKiToScoK
MaRKiToScoK collected $2.50 from pot
*** SUMMARY ***
Total pot $2.50 | Rake $0 
Seat 1: Fold Your Cats (big blind) folded before Flop
Seat 2: ptolejmus folded before Flop (didn't bet)
Seat 3: MoRsCeReBruM folded before Flop (didn't bet)
Seat 4: Pon4uk.ua folded before Flop (didn't bet)
Seat 5: MaRKiToScoK (button) collected ($2.50)
Seat 6: radu10101 (small blind) folded before Flop



PokerStars Hand #254511321050:  Hold'em No Limit ($0.50/$1.00 USD) - 2025/01/23 6:21:53 WET [2025/01/23 1:21:53 ET]
Table 'Tito III' 6-max Seat #6 is the button
Seat 1: Fold Your Cats ($108.10 in chips) 
Seat 2: ptolejmus ($25.32 in chips) 
Seat 3: MoRsCeReBruM ($125.07 in chips) 
Seat 4: Pon4uk.ua ($102.20 in chips) 
Seat 5: MaRKiToScoK ($117.91 in chips) 
Seat 6: radu10101 ($29.96 in chips) 
Fold Your Cats: posts small blind $0.50
ptolejmus: posts big blind $1
*** HOLE CARDS ***
MoRsCeReBruM: folds 
Pon4uk.ua: folds 
MaRKiToScoK: folds 
radu10101: folds 
Fold Your Cats: folds 
Uncalled bet ($0.50) returned to ptolejmus
ptolejmus collected $1 from pot
*** SUMMARY ***
Total pot $1 | Rake $0 
Seat 1: Fold Your Cats (small blind) folded before Flop
Seat 2: ptolejmus (big blind) collected ($1)
Seat 3: MoRsCeReBruM folded before Flop (didn't bet)
Seat 4: Pon4uk.ua folded before Flop (didn't bet)
Seat 5: MaRKiToScoK folded before Flop (didn't bet)
Seat 6: radu10101 (button) folded before Flop (didn't bet)



PokerStars Hand #254511322592:  Hold'em No Limit ($0.50/$1.00 USD) - 2025/01/23 6:22:15 WET [2025/01/23 1:22:15 ET]
Table 'Tito III' 6-max Seat #1 is the button
Seat 1: Fold Your Cats ($107.60 in chips) 
Seat 2: ptolejmus ($25.82 in chips) 
Seat 3: MoRsCeReBruM ($125.07 in chips) 
Seat 4: Pon4uk.ua ($102.20 in chips) 
Seat 5: MaRKiToScoK ($117.91 in chips) 
Seat 6: radu10101 ($29.96 in chips) 
ptolejmus: posts small blind $0.50
MoRsCeReBruM: posts big blind $1
*** HOLE CARDS ***
Pon4uk.ua: folds 
MaRKiToScoK: folds 
radu10101: folds 
Fold Your Cats: raises $1.50 to $2.50
ptolejmus: folds 
MoRsCeReBruM: raises $9.50 to $12
Fold Your Cats: raises $13 to $25
MoRsCeReBruM: raises $100.07 to $125.07 and is all-in
Fold Your Cats: folds 
Uncalled bet ($100.07) returned to MoRsCeReBruM
MoRsCeReBruM collected $50.50 from pot
MoRsCeReBruM: doesn't show hand 
*** SUMMARY ***
Total pot $50.50 | Rake $0 
Seat 1: Fold Your Cats (button) folded before Flop
Seat 2: ptolejmus (small blind) folded before Flop
Seat 3: MoRsCeReBruM (big blind) collected ($50.50)
Seat 4: Pon4uk.ua folded before Flop (didn't bet)
Seat 5: MaRKiToScoK folded before Flop (didn't bet)
Seat 6: radu10101 folded before Flop (didn't bet)



PokerStars Hand #254511325459:  Hold'em No Limit ($0.50/$1.00 USD) - 2025/01/23 6:22:55 WET [2025/01/23 1:22:55 ET]
Table 'Tito III' 6-max Seat #2 is the button
Seat 1: Fold Your Cats ($100 in chips) 
Seat 2: ptolejmus ($25.32 in chips) 
Seat 3: MoRsCeReBruM ($150.57 in chips) 
Seat 4: Pon4uk.ua ($102.20 in chips) 
Seat 5: MaRKiToScoK ($117.91 in chips) 
Seat 6: radu10101 ($29.96 in chips) 
MoRsCeReBruM: posts small blind $0.50
Pon4uk.ua: posts big blind $1
*** HOLE CARDS ***
MaRKiToScoK: folds 
radu10101: calls $1
Fold Your Cats: folds 
ptolejmus: folds 
MoRsCeReBruM: folds 
Pon4uk.ua: raises $3 to $4
radu10101: calls $3
*** FLOP *** [8s 4h Jc]
Pon4uk.ua: bets $2.67
radu10101: calls $2.67
*** TURN *** [8s 4h Jc] [7h]
Pon4uk.ua: checks 
radu10101: bets $3
Pon4uk.ua: raises $29.68 to $32.68
radu10101: calls $20.29 and is all-in
Uncalled bet ($9.39) returned to Pon4uk.ua
*** RIVER *** [8s 4h Jc 7h] [2s]
*** SHOW DOWN ***
Pon4uk.ua: shows [As Ac] (a pair of Aces)
radu10101: shows [Jh 3h] (a pair of Jacks)
Pon4uk.ua collected $57.92 from pot
*** SUMMARY ***
Total pot $60.42 | Rake $2.50 
Board [8s 4h Jc 7h 2s]
Seat 1: Fold Your Cats folded before Flop (didn't bet)
Seat 2: ptolejmus (button) folded before Flop (didn't bet)
Seat 3: MoRsCeReBruM (small blind) folded before Flop
Seat 4: Pon4uk.ua (big blind) showed [As Ac] and won ($57.92) with a pair of Aces
Seat 5: MaRKiToScoK folded before Flop (didn't bet)
Seat 6: radu10101 showed [Jh 3h] and lost with a pair of Jacks



PokerStars Hand #254511331771:  Hold'em No Limit ($0.50/$1.00 USD) - 2025/01/23 6:24:22 WET [2025/01/23 1:24:22 ET]
Table 'Tito III' 6-max Seat #3 is the button
Seat 6: radu10101 ($0 in chips) is sitting out
Seat 1: Fold Your Cats ($100 in chips) 
Seat 2: ptolejmus ($25.32 in chips) 
Seat 3: MoRsCeReBruM ($150.07 in chips) 
Seat 4: Pon4uk.ua ($130.16 in chips) 
Seat 5: MaRKiToScoK ($117.91 in chips) 
Pon4uk.ua: posts small blind $0.50
MaRKiToScoK: posts big blind $1
*** HOLE CARDS ***
Fold Your Cats: folds 
ptolejmus: folds 
MoRsCeReBruM: folds 
Pon4uk.ua: raises $1.75 to $2.75
MaRKiToScoK: calls $1.75
*** FLOP *** [Ks Kc 4s]
Pon4uk.ua: bets $1.72
MaRKiToScoK: raises $4.33 to $6.05
Pon4uk.ua: calls $4.33
*** TURN *** [Ks Kc 4s] [Jh]
Pon4uk.ua: checks 
MaRKiToScoK: checks 
*** RIVER *** [Ks Kc 4s Jh] [2c]
Pon4uk.ua: bets $5
MaRKiToScoK: folds 
Uncalled bet ($5) returned to Pon4uk.ua
Pon4uk.ua collected $16.72 from pot
Pon4uk.ua: doesn't show hand 
*** SUMMARY ***
Total pot $17.60 | Rake $0.88 
Board [Ks Kc 4s Jh 2c]
Seat 6: radu10101
Seat 1: Fold Your Cats folded before Flop (didn't bet)
Seat 2: ptolejmus folded before Flop (didn't bet)
Seat 3: MoRsCeReBruM (button) folded before Flop (didn't bet)
Seat 4: Pon4uk.ua (small blind) collected ($16.72)
Seat 5: MaRKiToScoK (big blind) folded on the River



PokerStars Hand #254511337521:  Hold'em No Limit ($0.50/$1.00 USD) - 2025/01/23 6:25:41 WET [2025/01/23 1:25:41 ET]
Table 'Tito III' 6-max Seat #4 is the button
Seat 1: Fold Your Cats ($100 in chips) 
Seat 2: ptolejmus ($25.32 in chips) 
Seat 3: MoRsCeReBruM ($150.07 in chips) 
Seat 4: Pon4uk.ua ($138.08 in chips) 
Seat 5: MaRKiToScoK ($109.11 in chips) 
Seat 6: radu10101 ($29.74 in chips) 
MaRKiToScoK: posts small blind $0.50
radu10101: posts big blind $1
*** HOLE CARDS ***
Fold Your Cats: folds 
ptolejmus: raises $1 to $2
MoRsCeReBruM: folds 
Pon4uk.ua: folds 
MaRKiToScoK: folds 
radu10101: folds 
Uncalled bet ($1) returned to ptolejmus
ptolejmus collected $2.50 from pot
*** SUMMARY ***
Total pot $2.50 | Rake $0 
Seat 1: Fold Your Cats folded before Flop (didn't bet)
Seat 2: ptolejmus collected ($2.50)
Seat 3: MoRsCeReBruM folded before Flop (didn't bet)
Seat 4: Pon4uk.ua (button) folded before Flop (didn't bet)
Seat 5: MaRKiToScoK (small blind) folded before Flop
Seat 6: radu10101 (big blind) folded before Flop



PokerStars Hand #254511338791:  Hold'em No Limit ($0.50/$1.00 USD) - 2025/01/23 6:25:58 WET [2025/01/23 1:25:58 ET]
Table 'Tito III' 6-max Seat #5 is the button
Seat 1: Fold Your Cats ($100 in chips) 
Seat 2: ptolejmus ($26.82 in chips) 
Seat 3: MoRsCeReBruM ($150.07 in chips) 
Seat 4: Pon4uk.ua ($138.08 in chips) 
Seat 5: MaRKiToScoK ($108.61 in chips) 
Seat 6: radu10101 ($28.74 in chips) 
radu10101: posts small blind $0.50
Fold Your Cats: posts big blind $1
*** HOLE CARDS ***
ptolejmus: folds 
MoRsCeReBruM: folds 
Pon4uk.ua: folds 
MaRKiToScoK: raises $1.50 to $2.50
radu10101: folds 
Fold Your Cats: calls $1.50
*** FLOP *** [4s Qh Ts]
Fold Your Cats: checks 
MaRKiToScoK: bets $1.72
Fold Your Cats: calls $1.72
*** TURN *** [4s Qh Ts] [Tc]
Fold Your Cats: bets $4.50
MaRKiToScoK: calls $4.50
*** RIVER *** [4s Qh Ts Tc] [9h]
Fold Your Cats: bets $12.78
MaRKiToScoK: folds 
Uncalled bet ($12.78) returned to Fold Your Cats
Fold Your Cats collected $17.04 from pot
Fold Your Cats: doesn't show hand 
*** SUMMARY ***
Total pot $17.94 | Rake $0.90 
Board [4s Qh Ts Tc 9h]
Seat 1: Fold Your Cats (big blind) collected ($17.04)
Seat 2: ptolejmus folded before Flop (didn't bet)
Seat 3: MoRsCeReBruM folded before Flop (didn't bet)
Seat 4: Pon4uk.ua folded before Flop (didn't bet)
Seat 5: MaRKiToScoK (button) folded on the River
Seat 6: radu10101 (small blind) folded before Flop



PokerStars Hand #254511344359:  Hold'em No Limit ($0.50/$1.00 USD) - 2025/01/23 6:27:14 WET [2025/01/23 1:27:14 ET]
Table 'Tito III' 6-max Seat #6 is the button
Seat 1: Fold Your Cats ($108.32 in chips) 
Seat 2: ptolejmus ($26.82 in chips) 
Seat 3: MoRsCeReBruM ($150.07 in chips) 
Seat 4: Pon4uk.ua ($138.08 in chips) 
Seat 5: MaRKiToScoK ($100 in chips) 
Seat 6: radu10101 ($28.24 in chips) 
Fold Your Cats: posts small blind $0.50
ptolejmus: posts big blind $1
*** HOLE CARDS ***
MoRsCeReBruM: folds 
Pon4uk.ua: folds 
MaRKiToScoK: folds 
radu10101 has timed out
radu10101: folds 
Fold Your Cats: folds 
Uncalled bet ($0.50) returned to ptolejmus
ptolejmus collected $1 from pot
*** SUMMARY ***
Total pot $1 | Rake $0 
Seat 1: Fold Your Cats (small blind) folded before Flop
Seat 2: ptolejmus (big blind) collected ($1)
Seat 3: MoRsCeReBruM folded before Flop (didn't bet)
Seat 4: Pon4uk.ua folded before Flop (didn't bet)
Seat 5: MaRKiToScoK folded before Flop (didn't bet)
Seat 6: radu10101 (button) folded before Flop (didn't bet)



PokerStars Hand #254511347389:  Hold'em No Limit ($0.50/$1.00 USD) - 2025/01/23 6:27:55 WET [2025/01/23 1:27:55 ET]
Table 'Tito III' 6-max Seat #1 is the button
Seat 3: MoRsCeReBruM ($150.07 in chips) is sitting out
Seat 6: radu10101 ($28.24 in chips) is sitting out
Seat 1: Fold Your Cats ($107.82 in chips) 
Seat 2: ptolejmus ($27.32 in chips) 
Seat 4: Pon4uk.ua ($138.08 in chips) 
Seat 5: MaRKiToScoK ($100 in chips) 
ptolejmus: posts small blind $0.50
MoRsCeReBruM: is sitting out 
Pon4uk.ua: posts big blind $1
*** HOLE CARDS ***
MaRKiToScoK: folds 
Fold Your Cats: folds 
ptolejmus: raises $1.25 to $2.25
Pon4uk.ua: folds 
Uncalled bet ($1.25) returned to ptolejmus
ptolejmus collected $2 from pot
*** SUMMARY ***
Total pot $2 | Rake $0 
Seat 3: MoRsCeReBruM
Seat 6: radu10101
Seat 1: Fold Your Cats (button) folded before Flop (didn't bet)
Seat 2: ptolejmus (small blind) collected ($2)
Seat 4: Pon4uk.ua (big blind) folded before Flop
Seat 5: MaRKiToScoK folded before Flop (didn't bet)



PokerStars Hand #254511348696:  Hold'em No Limit ($0.50/$1.00 USD) - 2025/01/23 6:28:13 WET [2025/01/23 1:28:13 ET]
Table 'Tito III' 6-max Seat #2 is the button
Seat 3: MoRsCeReBruM ($150.07 in chips) is sitting out
Seat 1: Fold Your Cats ($107.82 in chips) 
Seat 2: ptolejmus ($28.32 in chips) 
Seat 4: Pon4uk.ua ($137.08 in chips) 
Seat 5: MaRKiToScoK ($100 in chips) 
Seat 6: radu10101 ($28.24 in chips) 
Pon4uk.ua: posts small blind $0.50
MaRKiToScoK: posts big blind $1
*** HOLE CARDS ***
radu10101: calls $1
Fold Your Cats: folds 
ptolejmus: folds 
Pon4uk.ua: folds 
MaRKiToScoK: checks 
*** FLOP *** [As Ts 2s]
MaRKiToScoK: checks 
radu10101: bets $2
MaRKiToScoK: folds 
Uncalled bet ($2) returned to radu10101
radu10101 collected $2.38 from pot
*** SUMMARY ***
Total pot $2.50 | Rake $0.12 
Board [As Ts 2s]
Seat 3: MoRsCeReBruM
Seat 1: Fold Your Cats folded before Flop (didn't bet)
Seat 2: ptolejmus (button) folded before Flop (didn't bet)
Seat 4: Pon4uk.ua (small blind) folded before Flop
Seat 5: MaRKiToScoK (big blind) folded on the Flop
Seat 6: radu10101 collected ($2.38)



PokerStars Hand #254511352791:  Hold'em No Limit ($0.50/$1.00 USD) - 2025/01/23 6:29:09 WET [2025/01/23 1:29:09 ET]
Table 'Tito III' 6-max Seat #4 is the button
Seat 3: MoRsCeReBruM ($150.07 in chips) is sitting out
Seat 1: Fold Your Cats ($107.82 in chips) 
Seat 2: ptolejmus ($28.32 in chips) 
Seat 4: Pon4uk.ua ($136.58 in chips) 
Seat 5: MaRKiToScoK ($100 in chips) 
Seat 6: radu10101 ($29.62 in chips) 
MaRKiToScoK: posts small blind $0.50
radu10101: posts big blind $1
MoRsCeReBruM: sits out 
*** HOLE CARDS ***
Fold Your Cats: folds 
ptolejmus: folds 
Pon4uk.ua: folds 
MaRKiToScoK: folds 
Uncalled bet ($0.50) returned to radu10101
radu10101 collected $1 from pot
*** SUMMARY ***
Total pot $1 | Rake $0 
Seat 3: MoRsCeReBruM
Seat 1: Fold Your Cats folded before Flop (didn't bet)
Seat 2: ptolejmus folded before Flop (didn't bet)
Seat 4: Pon4uk.ua (button) folded before Flop (didn't bet)
Seat 5: MaRKiToScoK (small blind) folded before Flop
Seat 6: radu10101 (big blind) collected ($1)



PokerStars Hand #254511354603:  Hold'em No Limit ($0.50/$1.00 USD) - 2025/01/23 6:29:34 WET [2025/01/23 1:29:34 ET]
Table 'Tito III' 6-max Seat #5 is the button
Seat 3: MoRsCeReBruM ($150.07 in chips) is sitting out
Seat 1: Fold Your Cats ($107.82 in chips) 
Seat 2: ptolejmus ($28.32 in chips) 
Seat 4: Pon4uk.ua ($136.58 in chips) 
Seat 5: MaRKiToScoK ($100 in chips) 
Seat 6: radu10101 ($30.12 in chips) 
radu10101: posts small blind $0.50
Fold Your Cats: posts big blind $1
MoRsCeReBruM: sits out 
*** HOLE CARDS ***
ptolejmus: folds 
Pon4uk.ua: folds 
MaRKiToScoK: raises $1.50 to $2.50
radu10101: calls $2
Fold Your Cats: calls $1.50
*** FLOP *** [Kd Qd 5s]
radu10101: checks 
Fold Your Cats: checks 
MaRKiToScoK: checks 
*** TURN *** [Kd Qd 5s] [Ah]
radu10101: bets $2
Fold Your Cats: folds 
MaRKiToScoK: calls $2
*** RIVER *** [Kd Qd 5s Ah] [3d]
radu10101: bets $3
MaRKiToScoK: raises $3 to $6
radu10101: calls $3
*** SHOW DOWN ***
MaRKiToScoK: shows [Ac 3h] (two pair, Aces and Threes)
radu10101: mucks hand 
MaRKiToScoK collected $22.32 from pot
*** SUMMARY ***
Total pot $23.50 | Rake $1.18 
Board [Kd Qd 5s Ah 3d]
Seat 3: MoRsCeReBruM
Seat 1: Fold Your Cats (big blind) folded on the Turn
Seat 2: ptolejmus folded before Flop (didn't bet)
Seat 4: Pon4uk.ua folded before Flop (didn't bet)
Seat 5: MaRKiToScoK (button) showed [Ac 3h] and won ($22.32) with two pair, Aces and Threes
Seat 6: radu10101 (small blind) mucked



PokerStars Hand #254511362034:  Hold'em No Limit ($0.50/$1.00 USD) - 2025/01/23 6:31:17 WET [2025/01/23 1:31:17 ET]
Table 'Tito III' 6-max Seat #6 is the button
Seat 3: MoRsCeReBruM ($150.07 in chips) is sitting out
Seat 1: Fold Your Cats ($105.32 in chips) 
Seat 2: ptolejmus ($28.32 in chips) 
Seat 4: Pon4uk.ua ($136.58 in chips) 
Seat 5: MaRKiToScoK ($111.82 in chips) 
Seat 6: radu10101 ($19.62 in chips) 
Fold Your Cats: posts small blind $0.50
ptolejmus: posts big blind $1
MoRsCeReBruM: sits out 
*** HOLE CARDS ***
Pon4uk.ua: folds 
MaRKiToScoK: folds 
radu10101: calls $1
Fold Your Cats: folds 
ptolejmus: checks 
*** FLOP *** [7c Kd 6c]
ptolejmus: checks 
radu10101: checks 
*** TURN *** [7c Kd 6c] [Qh]
ptolejmus: checks 
radu10101: checks 
*** RIVER *** [7c Kd 6c Qh] [Ac]
ptolejmus: checks 
radu10101: checks 
*** SHOW DOWN ***
ptolejmus: shows [6h 4h] (a pair of Sixes)
radu10101: shows [2h Ad] (a pair of Aces)
radu10101 collected $2.38 from pot
*** SUMMARY ***
Total pot $2.50 | Rake $0.12 
Board [7c Kd 6c Qh Ac]
Seat 3: MoRsCeReBruM
Seat 1: Fold Your Cats (small blind) folded before Flop
Seat 2: ptolejmus (big blind) showed [6h 4h] and lost with a pair of Sixes
Seat 4: Pon4uk.ua folded before Flop (didn't bet)
Seat 5: MaRKiToScoK folded before Flop (didn't bet)
Seat 6: radu10101 (button) showed [2h Ad] and won ($2.38) with a pair of Aces



PokerStars Hand #254511367304:  Hold'em No Limit ($0.50/$1.00 USD) - 2025/01/23 6:32:31 WET [2025/01/23 1:32:31 ET]
Table 'Tito III' 6-max Seat #1 is the button
Seat 1: Fold Your Cats ($104.82 in chips) 
Seat 2: ptolejmus ($27.32 in chips) 
Seat 3: MoRsCeReBruM ($150.07 in chips) 
Seat 4: Pon4uk.ua ($136.58 in chips) 
Seat 5: MaRKiToScoK ($111.82 in chips) 
Seat 6: radu10101 ($21 in chips) 
ptolejmus: posts small blind $0.50
MoRsCeReBruM: posts big blind $1
*** HOLE CARDS ***
Pon4uk.ua: folds 
MaRKiToScoK: folds 
radu10101: folds 
Fold Your Cats: folds 
ptolejmus: raises $1.50 to $2.50
MoRsCeReBruM: folds 
Uncalled bet ($1.50) returned to ptolejmus
ptolejmus collected $2 from pot
*** SUMMARY ***
Total pot $2 | Rake $0 
Seat 1: Fold Your Cats (button) folded before Flop (didn't bet)
Seat 2: ptolejmus (small blind) collected ($2)
Seat 3: MoRsCeReBruM (big blind) folded before Flop
Seat 4: Pon4uk.ua folded before Flop (didn't bet)
Seat 5: MaRKiToScoK folded before Flop (didn't bet)
Seat 6: radu10101 folded before Flop (didn't bet)



PokerStars Hand #254511370111:  Hold'em No Limit ($0.50/$1.00 USD) - 2025/01/23 6:33:10 WET [2025/01/23 1:33:10 ET]
Table 'Tito III' 6-max Seat #2 is the button
Seat 1: Fold Your Cats ($104.82 in chips) 
Seat 2: ptolejmus ($28.32 in chips) 
Seat 3: MoRsCeReBruM ($149.07 in chips) 
Seat 4: Pon4uk.ua ($136.58 in chips) 
Seat 5: MaRKiToScoK ($111.82 in chips) 
Seat 6: radu10101 ($21 in chips) 
MoRsCeReBruM: posts small blind $0.50
Pon4uk.ua: posts big blind $1
*** HOLE CARDS ***
MaRKiToScoK: folds 
radu10101: raises $1 to $2
Fold Your Cats: folds 
ptolejmus: folds 
MoRsCeReBruM: folds 
Pon4uk.ua: folds 
Uncalled bet ($1) returned to radu10101
radu10101 collected $2.50 from pot
*** SUMMARY ***
Total pot $2.50 | Rake $0 
Seat 1: Fold Your Cats folded before Flop (didn't bet)
Seat 2: ptolejmus (button) folded before Flop (didn't bet)
Seat 3: MoRsCeReBruM (small blind) folded before Flop
Seat 4: Pon4uk.ua (big blind) folded before Flop
Seat 5: MaRKiToScoK folded before Flop (didn't bet)
Seat 6: radu10101 collected ($2.50)



PokerStars Hand #254511372822:  Hold'em No Limit ($0.50/$1.00 USD) - 2025/01/23 6:33:46 WET [2025/01/23 1:33:46 ET]
Table 'Tito III' 6-max Seat #3 is the button
Seat 1: Fold Your Cats ($104.82 in chips) 
Seat 2: ptolejmus ($28.32 in chips) 
Seat 3: MoRsCeReBruM ($148.57 in chips) 
Seat 4: Pon4uk.ua ($135.58 in chips) 
Seat 5: MaRKiToScoK ($111.82 in chips) 
Seat 6: radu10101 ($22.50 in chips) 
Pon4uk.ua: posts small blind $0.50
MaRKiToScoK: posts big blind $1
*** HOLE CARDS ***
radu10101: calls $1
Fold Your Cats: folds 
ptolejmus: folds 
MoRsCeReBruM: raises $2 to $3
Pon4uk.ua: folds 
MaRKiToScoK: folds 
radu10101: folds 
Uncalled bet ($2) returned to MoRsCeReBruM
MoRsCeReBruM collected $3.50 from pot
MoRsCeReBruM: doesn't show hand 
*** SUMMARY ***
Total pot $3.50 | Rake $0 
Seat 1: Fold Your Cats folded before Flop (didn't bet)
Seat 2: ptolejmus folded before Flop (didn't bet)
Seat 3: MoRsCeReBruM (button) collected ($3.50)
Seat 4: Pon4uk.ua (small blind) folded before Flop
Seat 5: MaRKiToScoK (big blind) folded before Flop
Seat 6: radu10101 folded before Flop



PokerStars Hand #254511374717:  Hold'em No Limit ($0.50/$1.00 USD) - 2025/01/23 6:34:13 WET [2025/01/23 1:34:13 ET]
Table 'Tito III' 6-max Seat #4 is the button
Seat 1: Fold Your Cats ($104.82 in chips) 
Seat 2: ptolejmus ($28.32 in chips) 
Seat 3: MoRsCeReBruM ($151.07 in chips) 
Seat 4: Pon4uk.ua ($135.08 in chips) 
Seat 5: MaRKiToScoK ($110.82 in chips) 
Seat 6: radu10101 ($21.50 in chips) 
MaRKiToScoK: posts small blind $0.50
radu10101: posts big blind $1
*** HOLE CARDS ***
Fold Your Cats: folds 
ptolejmus: folds 
MoRsCeReBruM: folds 
Pon4uk.ua: raises $1.50 to $2.50
MaRKiToScoK: calls $2
radu10101: calls $1.50
*** FLOP *** [Kd 9s Ad]
MaRKiToScoK: checks 
radu10101: checks 
Pon4uk.ua: bets $3.56
MaRKiToScoK: calls $3.56
radu10101: calls $3.56
*** TURN *** [Kd 9s Ad] [4s]
MaRKiToScoK: checks 
radu10101: checks 
Pon4uk.ua: bets $16
MaRKiToScoK: calls $16
radu10101: folds 
*** RIVER *** [Kd 9s Ad 4s] [4h]
MaRKiToScoK: checks 
Pon4uk.ua: checks 
*** SHOW DOWN ***
MaRKiToScoK: shows [Kc 9c] (two pair, Kings and Nines)
Pon4uk.ua: shows [Js Ac] (two pair, Aces and Fours)
Pon4uk.ua collected $47.68 from pot
*** SUMMARY ***
Total pot $50.18 | Rake $2.50 
Board [Kd 9s Ad 4s 4h]
Seat 1: Fold Your Cats folded before Flop (didn't bet)
Seat 2: ptolejmus folded before Flop (didn't bet)
Seat 3: MoRsCeReBruM folded before Flop (didn't bet)
Seat 4: Pon4uk.ua (button) showed [Js Ac] and won ($47.68) with two pair, Aces and Fours
Seat 5: MaRKiToScoK (small blind) showed [Kc 9c] and lost with two pair, Kings and Nines
Seat 6: radu10101 (big blind) folded on the Turn



PokerStars Hand #254511379615:  Hold'em No Limit ($0.50/$1.00 USD) - 2025/01/23 6:35:20 WET [2025/01/23 1:35:20 ET]
Table 'Tito III' 6-max Seat #5 is the button
Seat 1: Fold Your Cats ($104.82 in chips) 
Seat 2: ptolejmus ($28.32 in chips) 
Seat 3: MoRsCeReBruM ($151.07 in chips) 
Seat 4: Pon4uk.ua ($160.70 in chips) 
Seat 5: MaRKiToScoK ($100 in chips) 
Seat 6: radu10101 ($15.44 in chips) 
radu10101: posts small blind $0.50
Fold Your Cats: posts big blind $1
*** HOLE CARDS ***
ptolejmus: raises $1 to $2
MoRsCeReBruM: folds 
Pon4uk.ua: folds 
MaRKiToScoK: folds 
MaRKiToScoK leaves the table
radu10101: calls $1.50
Fold Your Cats: folds 
*** FLOP *** [Jh 9s 2s]
radu10101: checks 
ptolejmus: bets $1.28
radu10101: folds 
Uncalled bet ($1.28) returned to ptolejmus
ptolejmus collected $4.75 from pot
*** SUMMARY ***
Total pot $5 | Rake $0.25 
Board [Jh 9s 2s]
Seat 1: Fold Your Cats (big blind) folded before Flop
Seat 2: ptolejmus collected ($4.75)
Seat 3: MoRsCeReBruM folded before Flop (didn't bet)
Seat 4: Pon4uk.ua folded before Flop (didn't bet)
Seat 5: MaRKiToScoK (button) folded before Flop (didn't bet)
Seat 6: radu10101 (small blind) folded on the Flop



PokerStars Hand #254511383435:  Hold'em No Limit ($0.50/$1.00 USD) - 2025/01/23 6:36:14 WET [2025/01/23 1:36:14 ET]
Table 'Tito III' 6-max Seat #6 is the button
Seat 2: ptolejmus ($31.07 in chips) is sitting out
Seat 1: Fold Your Cats ($103.82 in chips) 
Seat 3: MoRsCeReBruM ($151.07 in chips) 
Seat 4: Pon4uk.ua ($160.70 in chips) 
Seat 6: radu10101 ($13.44 in chips) 
Fold Your Cats: posts small blind $0.50
ptolejmus: is sitting out 
MoRsCeReBruM: posts big blind $1
*** HOLE CARDS ***
ptolejmus leaves the table
Pon4uk.ua: raises $1.50 to $2.50
radu10101: folds 
Fold Your Cats: folds 
MoRsCeReBruM: folds 
Uncalled bet ($1.50) returned to Pon4uk.ua
Pon4uk.ua collected $2.50 from pot
Pon4uk.ua: doesn't show hand 
*** SUMMARY ***
Total pot $2.50 | Rake $0 
Seat 2: ptolejmus
Seat 1: Fold Your Cats (small blind) folded before Flop
Seat 3: MoRsCeReBruM (big blind) folded before Flop
Seat 4: Pon4uk.ua collected ($2.50)
Seat 6: radu10101 (button) folded before Flop (didn't bet)



PokerStars Hand #254511384665:  Hold'em No Limit ($0.50/$1.00 USD) - 2025/01/23 6:36:32 WET [2025/01/23 1:36:32 ET]
Table 'Tito III' 6-max Seat #1 is the button
Seat 1: Fold Your Cats ($103.32 in chips) 
Seat 3: MoRsCeReBruM ($150.07 in chips) 
Seat 4: Pon4uk.ua ($162.20 in chips) 
Seat 6: radu10101 ($13.44 in chips) 
MoRsCeReBruM: posts small blind $0.50
Pon4uk.ua: posts big blind $1
*** HOLE CARDS ***
radu10101: calls $1
Fold Your Cats: folds 
MoRsCeReBruM: folds 
Pon4uk.ua: checks 
*** FLOP *** [Kh 6s 6c]
Pon4uk.ua: checks 
radu10101: checks 
*** TURN *** [Kh 6s 6c] [8h]
Pon4uk.ua: checks 
radu10101: checks 
*** RIVER *** [Kh 6s 6c 8h] [Th]
Pon4uk.ua: bets $1
radu10101: folds 
Uncalled bet ($1) returned to Pon4uk.ua
Pon4uk.ua collected $2.38 from pot
Pon4uk.ua: doesn't show hand 
*** SUMMARY ***
Total pot $2.50 | Rake $0.12 
Board [Kh 6s 6c 8h Th]
Seat 1: Fold Your Cats (button) folded before Flop (didn't bet)
Seat 3: MoRsCeReBruM (small blind) folded before Flop
Seat 4: Pon4uk.ua (big blind) collected ($2.38)
Seat 6: radu10101 folded on the River



