PokerStars Hand #254519717419:  Hold'em No Limit ($0.50/$1.00 USD) - 2025/01/23 21:15:43 WET [2025/01/23 16:15:43 ET]
Table 'Gotha IV' 6-max Seat #6 is the button
Seat 1: Nicedaymybro ($102 in chips) 
Seat 4: treds17 ($100 in chips) 
Seat 6: Supermegopro ($100 in chips) 
Nicedaymybro: posts small blind $0.50
treds17: posts big blind $1
*** HOLE CARDS ***
Supermegopro: raises $1.50 to $2.50
Nicedaymybro: folds 
treds17: folds 
Uncalled bet ($1.50) returned to Supermegopro
Supermegopro collected $2.50 from pot
Supermegopro: doesn't show hand 
*** SUMMARY ***
Total pot $2.50 | Rake $0 
Seat 1: Nicedaymybro (small blind) folded before Flop
Seat 4: treds17 (big blind) folded before Flop
Seat 6: Supermegopro (button) collected ($2.50)



PokerStars Hand #254519720081:  Hold'em No Limit ($0.50/$1.00 USD) - 2025/01/23 21:15:51 WET [2025/01/23 16:15:51 ET]
Table 'Gotha IV' 6-max Seat #1 is the button
Seat 1: Nicedaymybro ($101.50 in chips) 
Seat 4: treds17 ($100 in chips) 
Seat 6: Supermegopro ($101.50 in chips) 
treds17: posts small blind $0.50
Supermegopro: posts big blind $1
*** HOLE CARDS ***
Nicedaymybro: raises $1.50 to $2.50
treds17: folds 
Supermegopro: raises $10.50 to $13
Nicedaymybro: folds 
Uncalled bet ($10.50) returned to Supermegopro
Supermegopro collected $5.50 from pot
Supermegopro: doesn't show hand 
*** SUMMARY ***
Total pot $5.50 | Rake $0 
Seat 1: Nicedaymybro (button) folded before Flop
Seat 4: treds17 (small blind) folded before Flop
Seat 6: Supermegopro (big blind) collected ($5.50)



PokerStars Hand #254519724738:  Hold'em No Limit ($0.50/$1.00 USD) - 2025/01/23 21:16:07 WET [2025/01/23 16:16:07 ET]
Table 'Gotha IV' 6-max Seat #4 is the button
Seat 1: Nicedaymybro ($100 in chips) 
Seat 4: treds17 ($100 in chips) 
Seat 6: Supermegopro ($104.50 in chips) 
Supermegopro: posts small blind $0.50
Nicedaymybro: posts big blind $1
*** HOLE CARDS ***
treds17: folds 
Supermegopro: folds 
Uncalled bet ($0.50) returned to Nicedaymybro
Nicedaymybro collected $1 from pot
Nicedaymybro: doesn't show hand 
*** SUMMARY ***
Total pot $1 | Rake $0 
Seat 1: Nicedaymybro (big blind) collected ($1)
Seat 4: treds17 (button) folded before Flop (didn't bet)
Seat 6: Supermegopro (small blind) folded before Flop



PokerStars Hand #254519728775:  Hold'em No Limit ($0.50/$1.00 USD) - 2025/01/23 21:16:20 WET [2025/01/23 16:16:20 ET]
Table 'Gotha IV' 6-max Seat #6 is the button
Seat 1: Nicedaymybro ($100.50 in chips) 
Seat 4: treds17 ($100 in chips) 
Seat 6: Supermegopro ($104 in chips) 
Nicedaymybro: posts small blind $0.50
treds17: posts big blind $1
*** HOLE CARDS ***
Supermegopro: folds 
Nicedaymybro: folds 
Uncalled bet ($0.50) returned to treds17
treds17 collected $1 from pot
treds17: doesn't show hand 
*** SUMMARY ***
Total pot $1 | Rake $0 
Seat 1: Nicedaymybro (small blind) folded before Flop
Seat 4: treds17 (big blind) collected ($1)
Seat 6: Supermegopro (button) folded before Flop (didn't bet)



PokerStars Hand #254519731209:  Hold'em No Limit ($0.50/$1.00 USD) - 2025/01/23 21:16:27 WET [2025/01/23 16:16:27 ET]
Table 'Gotha IV' 6-max Seat #1 is the button
Seat 1: Nicedaymybro ($100 in chips) 
Seat 4: treds17 ($100.50 in chips) 
Seat 6: Supermegopro ($104 in chips) 
treds17: posts small blind $0.50
Supermegopro: posts big blind $1
*** HOLE CARDS ***
Nicedaymybro: folds 
treds17: folds 
Uncalled bet ($0.50) returned to Supermegopro
Supermegopro collected $1 from pot
Supermegopro: doesn't show hand 
*** SUMMARY ***
Total pot $1 | Rake $0 
Seat 1: Nicedaymybro (button) folded before Flop (didn't bet)
Seat 4: treds17 (small blind) folded before Flop
Seat 6: Supermegopro (big blind) collected ($1)



PokerStars Hand #254519733910:  Hold'em No Limit ($0.50/$1.00 USD) - 2025/01/23 21:16:36 WET [2025/01/23 16:16:36 ET]
Table 'Gotha IV' 6-max Seat #4 is the button
Seat 1: Nicedaymybro ($100 in chips) 
Seat 4: treds17 ($100 in chips) 
Seat 6: Supermegopro ($104.50 in chips) 
Supermegopro: posts small blind $0.50
Nicedaymybro: posts big blind $1
*** HOLE CARDS ***
treds17: folds 
Supermegopro: raises $2 to $3
Nicedaymybro: folds 
Uncalled bet ($2) returned to Supermegopro
Supermegopro collected $2 from pot
Supermegopro: doesn't show hand 
*** SUMMARY ***
Total pot $2 | Rake $0 
Seat 1: Nicedaymybro (big blind) folded before Flop
Seat 4: treds17 (button) folded before Flop (didn't bet)
Seat 6: Supermegopro (small blind) collected ($2)



PokerStars Hand #254519740104:  Hold'em No Limit ($0.50/$1.00 USD) - 2025/01/23 21:16:56 WET [2025/01/23 16:16:56 ET]
Table 'Gotha IV' 6-max Seat #6 is the button
Seat 1: Nicedaymybro ($100 in chips) 
Seat 4: treds17 ($100 in chips) 
Seat 6: Supermegopro ($105.50 in chips) 
Nicedaymybro: posts small blind $0.50
treds17: posts big blind $1
*** HOLE CARDS ***
Supermegopro: folds 
Nicedaymybro: folds 
Uncalled bet ($0.50) returned to treds17
treds17 collected $1 from pot
treds17: doesn't show hand 
*** SUMMARY ***
Total pot $1 | Rake $0 
Seat 1: Nicedaymybro (small blind) folded before Flop
Seat 4: treds17 (big blind) collected ($1)
Seat 6: Supermegopro (button) folded before Flop (didn't bet)



PokerStars Hand #254519742169:  Hold'em No Limit ($0.50/$1.00 USD) - 2025/01/23 21:17:03 WET [2025/01/23 16:17:03 ET]
Table 'Gotha IV' 6-max Seat #1 is the button
Seat 1: Nicedaymybro ($100 in chips) 
Seat 4: treds17 ($100.50 in chips) 
Seat 6: Supermegopro ($105.50 in chips) 
treds17: posts small blind $0.50
Supermegopro: posts big blind $1
*** HOLE CARDS ***
Nicedaymybro: folds 
treds17: folds 
Uncalled bet ($0.50) returned to Supermegopro
Supermegopro collected $1 from pot
Supermegopro: doesn't show hand 
*** SUMMARY ***
Total pot $1 | Rake $0 
Seat 1: Nicedaymybro (button) folded before Flop (didn't bet)
Seat 4: treds17 (small blind) folded before Flop
Seat 6: Supermegopro (big blind) collected ($1)



PokerStars Hand #254519745208:  Hold'em No Limit ($0.50/$1.00 USD) - 2025/01/23 21:17:13 WET [2025/01/23 16:17:13 ET]
Table 'Gotha IV' 6-max Seat #4 is the button
Seat 1: Nicedaymybro ($100 in chips) 
Seat 4: treds17 ($100 in chips) 
Seat 6: Supermegopro ($106 in chips) 
Supermegopro: posts small blind $0.50
Nicedaymybro: posts big blind $1
*** HOLE CARDS ***
treds17: folds 
Supermegopro: raises $2 to $3
Nicedaymybro: calls $2
*** FLOP *** [Tc 6s 6d]
Supermegopro: checks 
Nicedaymybro: checks 
*** TURN *** [Tc 6s 6d] [5c]
Supermegopro: checks 
Nicedaymybro: bets $1.88
Supermegopro: folds 
Uncalled bet ($1.88) returned to Nicedaymybro
Nicedaymybro collected $5.70 from pot
Nicedaymybro: doesn't show hand 
*** SUMMARY ***
Total pot $6 | Rake $0.30 
Board [Tc 6s 6d 5c]
Seat 1: Nicedaymybro (big blind) collected ($5.70)
Seat 4: treds17 (button) folded before Flop (didn't bet)
Seat 6: Supermegopro (small blind) folded on the Turn



PokerStars Hand #254519756221:  Hold'em No Limit ($0.50/$1.00 USD) - 2025/01/23 21:17:48 WET [2025/01/23 16:17:48 ET]
Table 'Gotha IV' 6-max Seat #6 is the button
Seat 1: Nicedaymybro ($102.70 in chips) 
Seat 4: treds17 ($100 in chips) 
Seat 6: Supermegopro ($103 in chips) 
Nicedaymybro: posts small blind $0.50
treds17: posts big blind $1
*** HOLE CARDS ***
Supermegopro: raises $2 to $3
Nicedaymybro: folds 
treds17: folds 
Uncalled bet ($2) returned to Supermegopro
Supermegopro collected $2.50 from pot
Supermegopro: doesn't show hand 
*** SUMMARY ***
Total pot $2.50 | Rake $0 
Seat 1: Nicedaymybro (small blind) folded before Flop
Seat 4: treds17 (big blind) folded before Flop
Seat 6: Supermegopro (button) collected ($2.50)



PokerStars Hand #254519759168:  Hold'em No Limit ($0.50/$1.00 USD) - 2025/01/23 21:17:58 WET [2025/01/23 16:17:58 ET]
Table 'Gotha IV' 6-max Seat #1 is the button
Seat 1: Nicedaymybro ($102.20 in chips) 
Seat 4: treds17 ($100 in chips) 
Seat 6: Supermegopro ($104.50 in chips) 
treds17: posts small blind $0.50
Supermegopro: posts big blind $1
*** HOLE CARDS ***
Nicedaymybro: folds 
treds17: raises $2 to $3
Supermegopro: calls $2
*** FLOP *** [3s Ad Tc]
treds17: bets $1.71
Supermegopro: folds 
Uncalled bet ($1.71) returned to treds17
treds17 collected $5.70 from pot
treds17: doesn't show hand 
*** SUMMARY ***
Total pot $6 | Rake $0.30 
Board [3s Ad Tc]
Seat 1: Nicedaymybro (button) folded before Flop (didn't bet)
Seat 4: treds17 (small blind) collected ($5.70)
Seat 6: Supermegopro (big blind) folded on the Flop



PokerStars Hand #254519765890:  Hold'em No Limit ($0.50/$1.00 USD) - 2025/01/23 21:18:20 WET [2025/01/23 16:18:20 ET]
Table 'Gotha IV' 6-max Seat #4 is the button
Seat 1: Nicedaymybro ($102.20 in chips) 
Seat 4: treds17 ($102.70 in chips) 
Seat 6: Supermegopro ($101.50 in chips) 
Supermegopro: posts small blind $0.50
Nicedaymybro: posts big blind $1
*** HOLE CARDS ***
treds17: raises $1.50 to $2.50
Supermegopro: raises $10.50 to $13
Nicedaymybro: folds 
treds17: folds 
Uncalled bet ($10.50) returned to Supermegopro
Supermegopro collected $6 from pot
Supermegopro: doesn't show hand 
*** SUMMARY ***
Total pot $6 | Rake $0 
Seat 1: Nicedaymybro (big blind) folded before Flop
Seat 4: treds17 (button) folded before Flop
Seat 6: Supermegopro (small blind) collected ($6)



PokerStars Hand #254519770221:  Hold'em No Limit ($0.50/$1.00 USD) - 2025/01/23 21:18:34 WET [2025/01/23 16:18:34 ET]
Table 'Gotha IV' 6-max Seat #6 is the button
Seat 1: Nicedaymybro ($101.20 in chips) 
Seat 4: treds17 ($100.20 in chips) 
Seat 6: Supermegopro ($105 in chips) 
Nicedaymybro: posts small blind $0.50
treds17: posts big blind $1
*** HOLE CARDS ***
Supermegopro: raises $1.50 to $2.50
Nicedaymybro: folds 
treds17: folds 
Uncalled bet ($1.50) returned to Supermegopro
Supermegopro collected $2.50 from pot
Supermegopro: doesn't show hand 
*** SUMMARY ***
Total pot $2.50 | Rake $0 
Seat 1: Nicedaymybro (small blind) folded before Flop
Seat 4: treds17 (big blind) folded before Flop
Seat 6: Supermegopro (button) collected ($2.50)



PokerStars Hand #254519773659:  Hold'em No Limit ($0.50/$1.00 USD) - 2025/01/23 21:18:45 WET [2025/01/23 16:18:45 ET]
Table 'Gotha IV' 6-max Seat #1 is the button
Seat 1: Nicedaymybro ($100.70 in chips) 
Seat 4: treds17 ($100 in chips) 
Seat 6: Supermegopro ($106.50 in chips) 
treds17: posts small blind $0.50
Supermegopro: posts big blind $1
*** HOLE CARDS ***
Nicedaymybro: folds 
treds17: folds 
Uncalled bet ($0.50) returned to Supermegopro
Supermegopro collected $1 from pot
Supermegopro: doesn't show hand 
*** SUMMARY ***
Total pot $1 | Rake $0 
Seat 1: Nicedaymybro (button) folded before Flop (didn't bet)
Seat 4: treds17 (small blind) folded before Flop
Seat 6: Supermegopro (big blind) collected ($1)



PokerStars Hand #254519776103:  Hold'em No Limit ($0.50/$1.00 USD) - 2025/01/23 21:18:53 WET [2025/01/23 16:18:53 ET]
Table 'Gotha IV' 6-max Seat #4 is the button
Seat 1: Nicedaymybro ($100.70 in chips) 
Seat 4: treds17 ($100 in chips) 
Seat 6: Supermegopro ($107 in chips) 
Supermegopro: posts small blind $0.50
Nicedaymybro: posts big blind $1
*** HOLE CARDS ***
treds17: folds 
Supermegopro: raises $2 to $3
Nicedaymybro: folds 
Uncalled bet ($2) returned to Supermegopro
Supermegopro collected $2 from pot
Supermegopro: doesn't show hand 
*** SUMMARY ***
Total pot $2 | Rake $0 
Seat 1: Nicedaymybro (big blind) folded before Flop
Seat 4: treds17 (button) folded before Flop (didn't bet)
Seat 6: Supermegopro (small blind) collected ($2)



PokerStars Hand #254519779517:  Hold'em No Limit ($0.50/$1.00 USD) - 2025/01/23 21:19:04 WET [2025/01/23 16:19:04 ET]
Table 'Gotha IV' 6-max Seat #6 is the button
Seat 1: Nicedaymybro ($100 in chips) 
Seat 4: treds17 ($100 in chips) 
Seat 6: Supermegopro ($108 in chips) 
Nicedaymybro: posts small blind $0.50
treds17: posts big blind $1
*** HOLE CARDS ***
Supermegopro: folds 
Nicedaymybro: folds 
Uncalled bet ($0.50) returned to treds17
treds17 collected $1 from pot
treds17: doesn't show hand 
*** SUMMARY ***
Total pot $1 | Rake $0 
Seat 1: Nicedaymybro (small blind) folded before Flop
Seat 4: treds17 (big blind) collected ($1)
Seat 6: Supermegopro (button) folded before Flop (didn't bet)



PokerStars Hand #254519782433:  Hold'em No Limit ($0.50/$1.00 USD) - 2025/01/23 21:19:13 WET [2025/01/23 16:19:13 ET]
Table 'Gotha IV' 6-max Seat #1 is the button
Seat 1: Nicedaymybro ($100 in chips) 
Seat 4: treds17 ($100.50 in chips) 
Seat 6: Supermegopro ($108 in chips) 
treds17: posts small blind $0.50
Supermegopro: posts big blind $1
*** HOLE CARDS ***
Nicedaymybro: raises $1.50 to $2.50
treds17: folds 
Supermegopro: raises $9.50 to $12
Nicedaymybro: folds 
Uncalled bet ($9.50) returned to Supermegopro
Supermegopro collected $5.50 from pot
Supermegopro: doesn't show hand 
*** SUMMARY ***
Total pot $5.50 | Rake $0 
Seat 1: Nicedaymybro (button) folded before Flop
Seat 4: treds17 (small blind) folded before Flop
Seat 6: Supermegopro (big blind) collected ($5.50)



PokerStars Hand #254519786025:  Hold'em No Limit ($0.50/$1.00 USD) - 2025/01/23 21:19:25 WET [2025/01/23 16:19:25 ET]
Table 'Gotha IV' 6-max Seat #4 is the button
Seat 1: Nicedaymybro ($100 in chips) 
Seat 4: treds17 ($100 in chips) 
Seat 6: Supermegopro ($111 in chips) 
Supermegopro: posts small blind $0.50
Nicedaymybro: posts big blind $1
*** HOLE CARDS ***
treds17: folds 
Supermegopro: folds 
Uncalled bet ($0.50) returned to Nicedaymybro
Nicedaymybro collected $1 from pot
Nicedaymybro: doesn't show hand 
*** SUMMARY ***
Total pot $1 | Rake $0 
Seat 1: Nicedaymybro (big blind) collected ($1)
Seat 4: treds17 (button) folded before Flop (didn't bet)
Seat 6: Supermegopro (small blind) folded before Flop



PokerStars Hand #254519789107:  Hold'em No Limit ($0.50/$1.00 USD) - 2025/01/23 21:19:35 WET [2025/01/23 16:19:35 ET]
Table 'Gotha IV' 6-max Seat #6 is the button
Seat 1: Nicedaymybro ($100.50 in chips) 
Seat 4: treds17 ($100 in chips) 
Seat 6: Supermegopro ($110.50 in chips) 
Nicedaymybro: posts small blind $0.50
treds17: posts big blind $1
*** HOLE CARDS ***
Supermegopro: raises $1.50 to $2.50
Nicedaymybro: folds 
treds17: folds 
Uncalled bet ($1.50) returned to Supermegopro
Supermegopro collected $2.50 from pot
Supermegopro: doesn't show hand 
*** SUMMARY ***
Total pot $2.50 | Rake $0 
Seat 1: Nicedaymybro (small blind) folded before Flop
Seat 4: treds17 (big blind) folded before Flop
Seat 6: Supermegopro (button) collected ($2.50)



PokerStars Hand #254519793859:  Hold'em No Limit ($0.50/$1.00 USD) - 2025/01/23 21:19:50 WET [2025/01/23 16:19:50 ET]
Table 'Gotha IV' 6-max Seat #1 is the button
Seat 1: Nicedaymybro ($100 in chips) 
Seat 4: treds17 ($100 in chips) 
Seat 6: Supermegopro ($112 in chips) 
treds17: posts small blind $0.50
Supermegopro: posts big blind $1
*** HOLE CARDS ***
Nicedaymybro: folds 
treds17: folds 
Uncalled bet ($0.50) returned to Supermegopro
Supermegopro collected $1 from pot
Supermegopro: doesn't show hand 
*** SUMMARY ***
Total pot $1 | Rake $0 
Seat 1: Nicedaymybro (button) folded before Flop (didn't bet)
Seat 4: treds17 (small blind) folded before Flop
Seat 6: Supermegopro (big blind) collected ($1)



PokerStars Hand #254519796625:  Hold'em No Limit ($0.50/$1.00 USD) - 2025/01/23 21:19:59 WET [2025/01/23 16:19:59 ET]
Table 'Gotha IV' 6-max Seat #4 is the button
Seat 1: Nicedaymybro ($100 in chips) 
Seat 4: treds17 ($100 in chips) 
Seat 6: Supermegopro ($112.50 in chips) 
Supermegopro: posts small blind $0.50
Nicedaymybro: posts big blind $1
*** HOLE CARDS ***
treds17: folds 
Supermegopro: raises $2 to $3
Nicedaymybro: folds 
Uncalled bet ($2) returned to Supermegopro
Supermegopro collected $2 from pot
Supermegopro: doesn't show hand 
*** SUMMARY ***
Total pot $2 | Rake $0 
Seat 1: Nicedaymybro (big blind) folded before Flop
Seat 4: treds17 (button) folded before Flop (didn't bet)
Seat 6: Supermegopro (small blind) collected ($2)



PokerStars Hand #254519803327:  Hold'em No Limit ($0.50/$1.00 USD) - 2025/01/23 21:20:20 WET [2025/01/23 16:20:20 ET]
Table 'Gotha IV' 6-max Seat #6 is the button
Seat 1: Nicedaymybro ($100 in chips) 
Seat 4: treds17 ($100 in chips) 
Seat 6: Supermegopro ($113.50 in chips) 
Nicedaymybro: posts small blind $0.50
treds17: posts big blind $1
*** HOLE CARDS ***
Supermegopro: folds 
Supermegopro leaves the table
Nicedaymybro: raises $2 to $3
treds17: calls $2
*** FLOP *** [Jd 8c Kc]
Nicedaymybro: checks 
treds17: checks 
*** TURN *** [Jd 8c Kc] [5c]
Nicedaymybro: bets $7.98
treds17: folds 
Uncalled bet ($7.98) returned to Nicedaymybro
Nicedaymybro collected $5.70 from pot
Nicedaymybro: doesn't show hand 
*** SUMMARY ***
Total pot $6 | Rake $0.30 
Board [Jd 8c Kc 5c]
Seat 1: Nicedaymybro (small blind) collected ($5.70)
Seat 4: treds17 (big blind) folded on the Turn
Seat 6: Supermegopro (button) folded before Flop (didn't bet)



PokerStars Hand #254519817330:  Hold'em No Limit ($0.50/$1.00 USD) - 2025/01/23 21:21:06 WET [2025/01/23 16:21:06 ET]
Table 'Gotha IV' 6-max Seat #4 is the button
Seat 1: Nicedaymybro ($102.70 in chips) 
Seat 4: treds17 ($100 in chips) 
treds17: posts small blind $0.50
Nicedaymybro: posts big blind $1
*** HOLE CARDS ***
treds17: folds 
Uncalled bet ($0.50) returned to Nicedaymybro
Nicedaymybro collected $1 from pot
Nicedaymybro: doesn't show hand 
*** SUMMARY ***
Total pot $1 | Rake $0 
Seat 1: Nicedaymybro (big blind) collected ($1)
Seat 4: treds17 (button) (small blind) folded before Flop



