PokerStars Hand #254517386300:  Hold'em No Limit ($0.50/$1.00 USD) - 2025/01/23 18:48:45 WET [2025/01/23 13:48:45 ET]
Table 'Maia IV' 6-max Seat #6 is the button
Seat 1: AndreaBsAs ($109.92 in chips) 
Seat 2: erpaye ($101.50 in chips) 
Seat 3: jujulesuspicieu ($29 in chips) 
Seat 4: worker0k ($103.52 in chips) 
Seat 5: UnderC@t ($111.70 in chips) 
Seat 6: Zvst ($100 in chips) 
AndreaBsAs: posts small blind $0.50
erpaye: posts big blind $1
*** HOLE CARDS ***
jujulesuspicieu: calls $1
worker0k: folds 
UnderC@t: raises $3 to $4
Zvst: folds 
AndreaBsAs: folds 
erpaye: folds 
jujulesuspicieu: calls $3
*** FLOP *** [9s 8h Jh]
jujulesuspicieu: checks 
UnderC@t: bets $4.51
jujulesuspicieu: folds 
Uncalled bet ($4.51) returned to UnderC@t
UnderC@t collected $9.02 from pot
UnderC@t: doesn't show hand 
*** SUMMARY ***
Total pot $9.50 | Rake $0.48 
Board [9s 8h Jh]
Seat 1: AndreaBsAs (small blind) folded before Flop
Seat 2: erpaye (big blind) folded before Flop
Seat 3: jujulesuspicieu folded on the Flop
Seat 4: worker0k folded before Flop (didn't bet)
Seat 5: UnderC@t collected ($9.02)
Seat 6: Zvst (button) folded before Flop (didn't bet)



PokerStars Hand #254517396186:  Hold'em No Limit ($0.50/$1.00 USD) - 2025/01/23 18:49:25 WET [2025/01/23 13:49:25 ET]
Table 'Maia IV' 6-max Seat #1 is the button
Seat 1: AndreaBsAs ($109.42 in chips) 
Seat 2: erpaye ($100.50 in chips) 
Seat 3: jujulesuspicieu ($25 in chips) 
Seat 4: worker0k ($103.52 in chips) 
Seat 5: UnderC@t ($116.72 in chips) 
Seat 6: Zvst ($100 in chips) 
erpaye: posts small blind $0.50
jujulesuspicieu: posts big blind $1
*** HOLE CARDS ***
worker0k: raises $1.30 to $2.30
UnderC@t: folds 
Zvst: folds 
AndreaBsAs: folds 
erpaye: folds 
jujulesuspicieu: folds 
Uncalled bet ($1.30) returned to worker0k
worker0k collected $2.50 from pot
*** SUMMARY ***
Total pot $2.50 | Rake $0 
Seat 1: AndreaBsAs (button) folded before Flop (didn't bet)
Seat 2: erpaye (small blind) folded before Flop
Seat 3: jujulesuspicieu (big blind) folded before Flop
Seat 4: worker0k collected ($2.50)
Seat 5: UnderC@t folded before Flop (didn't bet)
Seat 6: Zvst folded before Flop (didn't bet)



PokerStars Hand #254517399764:  Hold'em No Limit ($0.50/$1.00 USD) - 2025/01/23 18:49:40 WET [2025/01/23 13:49:40 ET]
Table 'Maia IV' 6-max Seat #2 is the button
Seat 1: AndreaBsAs ($109.42 in chips) 
Seat 2: erpaye ($100 in chips) 
Seat 3: jujulesuspicieu ($24 in chips) 
Seat 4: worker0k ($105.02 in chips) 
Seat 5: UnderC@t ($116.72 in chips) 
Seat 6: Zvst ($100 in chips) 
jujulesuspicieu: posts small blind $0.50
worker0k: posts big blind $1
*** HOLE CARDS ***
UnderC@t: raises $1.50 to $2.50
Zvst: folds 
AndreaBsAs: folds 
erpaye: folds 
jujulesuspicieu: folds 
worker0k: folds 
Uncalled bet ($1.50) returned to UnderC@t
UnderC@t collected $2.50 from pot
UnderC@t: doesn't show hand 
*** SUMMARY ***
Total pot $2.50 | Rake $0 
Seat 1: AndreaBsAs folded before Flop (didn't bet)
Seat 2: erpaye (button) folded before Flop (didn't bet)
Seat 3: jujulesuspicieu (small blind) folded before Flop
Seat 4: worker0k (big blind) folded before Flop
Seat 5: UnderC@t collected ($2.50)
Seat 6: Zvst folded before Flop (didn't bet)



PokerStars Hand #254517403253:  Hold'em No Limit ($0.50/$1.00 USD) - 2025/01/23 18:49:55 WET [2025/01/23 13:49:55 ET]
Table 'Maia IV' 6-max Seat #3 is the button
Seat 1: AndreaBsAs ($109.42 in chips) 
Seat 2: erpaye ($100 in chips) 
Seat 3: jujulesuspicieu ($23.50 in chips) 
Seat 4: worker0k ($104.02 in chips) 
Seat 5: UnderC@t ($118.22 in chips) 
Seat 6: Zvst ($100 in chips) 
worker0k: posts small blind $0.50
UnderC@t: posts big blind $1
*** HOLE CARDS ***
Zvst: folds 
AndreaBsAs: folds 
erpaye: folds 
jujulesuspicieu: folds 
worker0k: folds 
Uncalled bet ($0.50) returned to UnderC@t
UnderC@t collected $1 from pot
UnderC@t: doesn't show hand 
*** SUMMARY ***
Total pot $1 | Rake $0 
Seat 1: AndreaBsAs folded before Flop (didn't bet)
Seat 2: erpaye folded before Flop (didn't bet)
Seat 3: jujulesuspicieu (button) folded before Flop (didn't bet)
Seat 4: worker0k (small blind) folded before Flop
Seat 5: UnderC@t (big blind) collected ($1)
Seat 6: Zvst folded before Flop (didn't bet)



PokerStars Hand #254517406544:  Hold'em No Limit ($0.50/$1.00 USD) - 2025/01/23 18:50:09 WET [2025/01/23 13:50:09 ET]
Table 'Maia IV' 6-max Seat #4 is the button
Seat 1: AndreaBsAs ($109.42 in chips) 
Seat 2: erpaye ($100 in chips) 
Seat 3: jujulesuspicieu ($23.50 in chips) 
Seat 4: worker0k ($103.52 in chips) 
Seat 5: UnderC@t ($118.72 in chips) 
Seat 6: Zvst ($100 in chips) 
UnderC@t: posts small blind $0.50
Zvst: posts big blind $1
*** HOLE CARDS ***
AndreaBsAs: folds 
erpaye: folds 
jujulesuspicieu: folds 
worker0k: raises $1.30 to $2.30
UnderC@t: folds 
Zvst: calls $1.30
*** FLOP *** [5c 5s Kh]
Zvst: checks 
worker0k: bets $1.60
Zvst: calls $1.60
*** TURN *** [5c 5s Kh] [3s]
Zvst: checks 
worker0k: checks 
*** RIVER *** [5c 5s Kh 3s] [6d]
Zvst: bets $2.60
worker0k: folds 
Uncalled bet ($2.60) returned to Zvst
Zvst collected $7.88 from pot
Zvst: doesn't show hand 
*** SUMMARY ***
Total pot $8.30 | Rake $0.42 
Board [5c 5s Kh 3s 6d]
Seat 1: AndreaBsAs folded before Flop (didn't bet)
Seat 2: erpaye folded before Flop (didn't bet)
Seat 3: jujulesuspicieu folded before Flop (didn't bet)
Seat 4: worker0k (button) folded on the River
Seat 5: UnderC@t (small blind) folded before Flop
Seat 6: Zvst (big blind) collected ($7.88)



PokerStars Hand #254517418340:  Hold'em No Limit ($0.50/$1.00 USD) - 2025/01/23 18:50:58 WET [2025/01/23 13:50:58 ET]
Table 'Maia IV' 6-max Seat #5 is the button
Seat 1: AndreaBsAs ($109.42 in chips) 
Seat 2: erpaye ($100 in chips) 
Seat 3: jujulesuspicieu ($23.50 in chips) 
Seat 4: worker0k ($100 in chips) 
Seat 5: UnderC@t ($118.22 in chips) 
Seat 6: Zvst ($103.98 in chips) 
Zvst: posts small blind $0.50
AndreaBsAs: posts big blind $1
*** HOLE CARDS ***
erpaye: folds 
jujulesuspicieu: calls $1
worker0k: folds 
UnderC@t: raises $3 to $4
Zvst: folds 
AndreaBsAs: folds 
jujulesuspicieu: raises $19.50 to $23.50 and is all-in
UnderC@t: folds 
Uncalled bet ($19.50) returned to jujulesuspicieu
jujulesuspicieu collected $9.50 from pot
*** SUMMARY ***
Total pot $9.50 | Rake $0 
Seat 1: AndreaBsAs (big blind) folded before Flop
Seat 2: erpaye folded before Flop (didn't bet)
Seat 3: jujulesuspicieu collected ($9.50)
Seat 4: worker0k folded before Flop (didn't bet)
Seat 5: UnderC@t (button) folded before Flop
Seat 6: Zvst (small blind) folded before Flop



PokerStars Hand #254517425109:  Hold'em No Limit ($0.50/$1.00 USD) - 2025/01/23 18:51:26 WET [2025/01/23 13:51:26 ET]
Table 'Maia IV' 6-max Seat #6 is the button
Seat 1: AndreaBsAs ($108.42 in chips) 
Seat 2: erpaye ($100 in chips) 
Seat 3: jujulesuspicieu ($29 in chips) 
Seat 4: worker0k ($100 in chips) 
Seat 5: UnderC@t ($114.22 in chips) 
Seat 6: Zvst ($103.48 in chips) 
AndreaBsAs: posts small blind $0.50
erpaye: posts big blind $1
*** HOLE CARDS ***
jujulesuspicieu: folds 
worker0k: folds 
UnderC@t: folds 
Zvst: raises $1.50 to $2.50
AndreaBsAs: folds 
erpaye: folds 
Uncalled bet ($1.50) returned to Zvst
Zvst collected $2.50 from pot
Zvst: doesn't show hand 
*** SUMMARY ***
Total pot $2.50 | Rake $0 
Seat 1: AndreaBsAs (small blind) folded before Flop
Seat 2: erpaye (big blind) folded before Flop
Seat 3: jujulesuspicieu folded before Flop (didn't bet)
Seat 4: worker0k folded before Flop (didn't bet)
Seat 5: UnderC@t folded before Flop (didn't bet)
Seat 6: Zvst (button) collected ($2.50)



PokerStars Hand #254517432189:  Hold'em No Limit ($0.50/$1.00 USD) - 2025/01/23 18:51:56 WET [2025/01/23 13:51:56 ET]
Table 'Maia IV' 6-max Seat #1 is the button
Seat 1: AndreaBsAs ($107.92 in chips) 
Seat 2: erpaye ($100 in chips) 
Seat 3: jujulesuspicieu ($29 in chips) 
Seat 4: worker0k ($100 in chips) 
Seat 5: UnderC@t ($114.22 in chips) 
Seat 6: Zvst ($104.98 in chips) 
erpaye: posts small blind $0.50
jujulesuspicieu: posts big blind $1
*** HOLE CARDS ***
worker0k: folds 
UnderC@t: folds 
Zvst: folds 
AndreaBsAs: folds 
erpaye: folds 
Uncalled bet ($0.50) returned to jujulesuspicieu
jujulesuspicieu collected $1 from pot
*** SUMMARY ***
Total pot $1 | Rake $0 
Seat 1: AndreaBsAs (button) folded before Flop (didn't bet)
Seat 2: erpaye (small blind) folded before Flop
Seat 3: jujulesuspicieu (big blind) collected ($1)
Seat 4: worker0k folded before Flop (didn't bet)
Seat 5: UnderC@t folded before Flop (didn't bet)
Seat 6: Zvst folded before Flop (didn't bet)



PokerStars Hand #254517437213:  Hold'em No Limit ($0.50/$1.00 USD) - 2025/01/23 18:52:17 WET [2025/01/23 13:52:17 ET]
Table 'Maia IV' 6-max Seat #2 is the button
Seat 1: AndreaBsAs ($107.92 in chips) 
Seat 2: erpaye ($100 in chips) 
Seat 3: jujulesuspicieu ($29.50 in chips) 
Seat 4: worker0k ($100 in chips) 
Seat 5: UnderC@t ($114.22 in chips) 
Seat 6: Zvst ($104.98 in chips) 
jujulesuspicieu: posts small blind $0.50
worker0k: posts big blind $1
*** HOLE CARDS ***
UnderC@t: raises $1.50 to $2.50
Zvst: folds 
AndreaBsAs: folds 
erpaye: folds 
jujulesuspicieu: calls $2
worker0k: folds 
*** FLOP *** [Ts Kd 4d]
jujulesuspicieu: checks 
UnderC@t: bets $1.71
jujulesuspicieu: folds 
Uncalled bet ($1.71) returned to UnderC@t
UnderC@t collected $5.70 from pot
UnderC@t: doesn't show hand 
*** SUMMARY ***
Total pot $6 | Rake $0.30 
Board [Ts Kd 4d]
Seat 1: AndreaBsAs folded before Flop (didn't bet)
Seat 2: erpaye (button) folded before Flop (didn't bet)
Seat 3: jujulesuspicieu (small blind) folded on the Flop
Seat 4: worker0k (big blind) folded before Flop
Seat 5: UnderC@t collected ($5.70)
Seat 6: Zvst folded before Flop (didn't bet)



PokerStars Hand #254517446705:  Hold'em No Limit ($0.50/$1.00 USD) - 2025/01/23 18:52:57 WET [2025/01/23 13:52:57 ET]
Table 'Maia IV' 6-max Seat #3 is the button
Seat 1: AndreaBsAs ($107.92 in chips) 
Seat 2: erpaye ($100 in chips) 
Seat 3: jujulesuspicieu ($27 in chips) 
Seat 4: worker0k ($100 in chips) 
Seat 5: UnderC@t ($117.42 in chips) 
Seat 6: Zvst ($104.98 in chips) 
worker0k: posts small blind $0.50
UnderC@t: posts big blind $1
*** HOLE CARDS ***
Zvst: folds 
AndreaBsAs: folds 
erpaye: raises $1.10 to $2.10
jujulesuspicieu: raises $4.10 to $6.20
worker0k: folds 
UnderC@t: folds 
erpaye: raises $93.80 to $100 and is all-in
jujulesuspicieu: calls $20.80 and is all-in
Uncalled bet ($73) returned to erpaye
*** FLOP *** [7c Td 8s]
*** TURN *** [7c Td 8s] [Ac]
*** RIVER *** [7c Td 8s Ac] [As]
*** SHOW DOWN ***
erpaye: shows [3h 3s] (two pair, Aces and Threes)
jujulesuspicieu: shows [Qd Kc] (a pair of Aces)
erpaye collected $53 from pot
*** SUMMARY ***
Total pot $55.50 | Rake $2.50 
Board [7c Td 8s Ac As]
Seat 1: AndreaBsAs folded before Flop (didn't bet)
Seat 2: erpaye showed [3h 3s] and won ($53) with two pair, Aces and Threes
Seat 3: jujulesuspicieu (button) showed [Qd Kc] and lost with a pair of Aces
Seat 4: worker0k (small blind) folded before Flop
Seat 5: UnderC@t (big blind) folded before Flop
Seat 6: Zvst folded before Flop (didn't bet)



PokerStars Hand #254517454405:  Hold'em No Limit ($0.50/$1.00 USD) - 2025/01/23 18:53:30 WET [2025/01/23 13:53:30 ET]
Table 'Maia IV' 6-max Seat #4 is the button
Seat 3: jujulesuspicieu ($0 in chips) is sitting out
Seat 1: AndreaBsAs ($107.92 in chips) 
Seat 2: erpaye ($126 in chips) 
Seat 4: worker0k ($100 in chips) 
Seat 5: UnderC@t ($116.42 in chips) 
Seat 6: Zvst ($104.98 in chips) 
UnderC@t: posts small blind $0.50
Zvst: posts big blind $1
*** HOLE CARDS ***
AndreaBsAs: folds 
erpaye: raises $1.10 to $2.10
worker0k: folds 
UnderC@t: folds 
Zvst: folds 
Uncalled bet ($1.10) returned to erpaye
erpaye collected $2.50 from pot
erpaye: doesn't show hand 
*** SUMMARY ***
Total pot $2.50 | Rake $0 
Seat 3: jujulesuspicieu
Seat 1: AndreaBsAs folded before Flop (didn't bet)
Seat 2: erpaye collected ($2.50)
Seat 4: worker0k (button) folded before Flop (didn't bet)
Seat 5: UnderC@t (small blind) folded before Flop
Seat 6: Zvst (big blind) folded before Flop



PokerStars Hand #254517457849:  Hold'em No Limit ($0.50/$1.00 USD) - 2025/01/23 18:53:44 WET [2025/01/23 13:53:44 ET]
Table 'Maia IV' 6-max Seat #5 is the button
Seat 1: AndreaBsAs ($107.92 in chips) 
Seat 2: erpaye ($127.50 in chips) 
Seat 3: jujulesuspicieu ($77.42 in chips) 
Seat 4: worker0k ($100 in chips) 
Seat 5: UnderC@t ($115.92 in chips) 
Seat 6: Zvst ($103.98 in chips) 
Zvst: posts small blind $0.50
AndreaBsAs: posts big blind $1
*** HOLE CARDS ***
erpaye: folds 
jujulesuspicieu: folds 
worker0k: folds 
UnderC@t: folds 
Zvst: folds 
Uncalled bet ($0.50) returned to AndreaBsAs
AndreaBsAs collected $1 from pot
*** SUMMARY ***
Total pot $1 | Rake $0 
Seat 1: AndreaBsAs (big blind) collected ($1)
Seat 2: erpaye folded before Flop (didn't bet)
Seat 3: jujulesuspicieu folded before Flop (didn't bet)
Seat 4: worker0k folded before Flop (didn't bet)
Seat 5: UnderC@t (button) folded before Flop (didn't bet)
Seat 6: Zvst (small blind) folded before Flop



PokerStars Hand #254517462771:  Hold'em No Limit ($0.50/$1.00 USD) - 2025/01/23 18:54:05 WET [2025/01/23 13:54:05 ET]
Table 'Maia IV' 6-max Seat #6 is the button
Seat 1: AndreaBsAs ($108.42 in chips) 
Seat 2: erpaye ($127.50 in chips) 
Seat 3: jujulesuspicieu ($77.42 in chips) 
Seat 4: worker0k ($100 in chips) 
Seat 5: UnderC@t ($115.92 in chips) 
Seat 6: Zvst ($103.48 in chips) 
AndreaBsAs: posts small blind $0.50
erpaye: posts big blind $1
*** HOLE CARDS ***
jujulesuspicieu: folds 
worker0k: raises $1.30 to $2.30
UnderC@t: folds 
Zvst: folds 
AndreaBsAs: folds 
erpaye: folds 
Uncalled bet ($1.30) returned to worker0k
worker0k collected $2.50 from pot
*** SUMMARY ***
Total pot $2.50 | Rake $0 
Seat 1: AndreaBsAs (small blind) folded before Flop
Seat 2: erpaye (big blind) folded before Flop
Seat 3: jujulesuspicieu folded before Flop (didn't bet)
Seat 4: worker0k collected ($2.50)
Seat 5: UnderC@t folded before Flop (didn't bet)
Seat 6: Zvst (button) folded before Flop (didn't bet)



PokerStars Hand #254517473403:  Hold'em No Limit ($0.50/$1.00 USD) - 2025/01/23 18:54:51 WET [2025/01/23 13:54:51 ET]
Table 'Maia IV' 6-max Seat #1 is the button
Seat 1: AndreaBsAs ($107.92 in chips) 
Seat 2: erpaye ($126.50 in chips) 
Seat 3: jujulesuspicieu ($77.42 in chips) 
Seat 4: worker0k ($101.50 in chips) 
Seat 5: UnderC@t ($115.92 in chips) 
Seat 6: Zvst ($103.48 in chips) 
erpaye: posts small blind $0.50
jujulesuspicieu: posts big blind $1
*** HOLE CARDS ***
worker0k: folds 
UnderC@t: folds 
Zvst: folds 
AndreaBsAs: folds 
erpaye: raises $1.50 to $2.50
jujulesuspicieu: calls $1.50
*** FLOP *** [8s Js 7s]
erpaye: checks 
jujulesuspicieu: checks 
*** TURN *** [8s Js 7s] [5d]
erpaye: bets $4.75
jujulesuspicieu: calls $4.75
*** RIVER *** [8s Js 7s 5d] [Ks]
erpaye: bets $1.38
jujulesuspicieu: raises $16.54 to $17.92
erpaye: folds 
Uncalled bet ($16.54) returned to jujulesuspicieu
jujulesuspicieu collected $16.40 from pot
*** SUMMARY ***
Total pot $17.26 | Rake $0.86 
Board [8s Js 7s 5d Ks]
Seat 1: AndreaBsAs (button) folded before Flop (didn't bet)
Seat 2: erpaye (small blind) folded on the River
Seat 3: jujulesuspicieu (big blind) collected ($16.40)
Seat 4: worker0k folded before Flop (didn't bet)
Seat 5: UnderC@t folded before Flop (didn't bet)
Seat 6: Zvst folded before Flop (didn't bet)



PokerStars Hand #254517486240:  Hold'em No Limit ($0.50/$1.00 USD) - 2025/01/23 18:55:57 WET [2025/01/23 13:55:57 ET]
Table 'Maia IV' 6-max Seat #2 is the button
Seat 1: AndreaBsAs ($107.92 in chips) 
Seat 2: erpaye ($117.87 in chips) 
Seat 3: jujulesuspicieu ($85.19 in chips) 
Seat 4: worker0k ($101.50 in chips) 
Seat 5: UnderC@t ($115.92 in chips) 
Seat 6: Zvst ($103.48 in chips) 
jujulesuspicieu: posts small blind $0.50
worker0k: posts big blind $1
*** HOLE CARDS ***
UnderC@t: folds 
Zvst: folds 
AndreaBsAs: raises $1.50 to $2.50
erpaye: folds 
jujulesuspicieu: folds 
worker0k: folds 
Uncalled bet ($1.50) returned to AndreaBsAs
AndreaBsAs collected $2.50 from pot
*** SUMMARY ***
Total pot $2.50 | Rake $0 
Seat 1: AndreaBsAs collected ($2.50)
Seat 2: erpaye (button) folded before Flop (didn't bet)
Seat 3: jujulesuspicieu (small blind) folded before Flop
Seat 4: worker0k (big blind) folded before Flop
Seat 5: UnderC@t folded before Flop (didn't bet)
Seat 6: Zvst folded before Flop (didn't bet)



PokerStars Hand #254517489264:  Hold'em No Limit ($0.50/$1.00 USD) - 2025/01/23 18:56:15 WET [2025/01/23 13:56:15 ET]
Table 'Maia IV' 6-max Seat #3 is the button
Seat 1: AndreaBsAs ($109.42 in chips) 
Seat 2: erpaye ($117.87 in chips) 
Seat 3: jujulesuspicieu ($84.69 in chips) 
Seat 4: worker0k ($100.50 in chips) 
Seat 5: UnderC@t ($115.92 in chips) 
Seat 6: Zvst ($103.48 in chips) 
worker0k: posts small blind $0.50
UnderC@t: posts big blind $1
*** HOLE CARDS ***
Zvst: folds 
AndreaBsAs: folds 
erpaye: folds 
jujulesuspicieu: folds 
worker0k: raises $1.50 to $2.50
UnderC@t: calls $1.50
*** FLOP *** [Ad Ts 4h]
worker0k: bets $1.57
UnderC@t: folds 
Uncalled bet ($1.57) returned to worker0k
worker0k collected $4.75 from pot
*** SUMMARY ***
Total pot $5 | Rake $0.25 
Board [Ad Ts 4h]
Seat 1: AndreaBsAs folded before Flop (didn't bet)
Seat 2: erpaye folded before Flop (didn't bet)
Seat 3: jujulesuspicieu (button) folded before Flop (didn't bet)
Seat 4: worker0k (small blind) collected ($4.75)
Seat 5: UnderC@t (big blind) folded on the Flop
Seat 6: Zvst folded before Flop (didn't bet)



PokerStars Hand #254517493157:  Hold'em No Limit ($0.50/$1.00 USD) - 2025/01/23 18:56:38 WET [2025/01/23 13:56:38 ET]
Table 'Maia IV' 6-max Seat #4 is the button
Seat 1: AndreaBsAs ($109.42 in chips) 
Seat 2: erpaye ($117.87 in chips) 
Seat 3: jujulesuspicieu ($84.69 in chips) 
Seat 4: worker0k ($102.75 in chips) 
Seat 5: UnderC@t ($113.42 in chips) 
Seat 6: Zvst ($103.48 in chips) 
UnderC@t: posts small blind $0.50
Zvst: posts big blind $1
*** HOLE CARDS ***
AndreaBsAs: raises $1.20 to $2.20
erpaye: folds 
jujulesuspicieu: calls $2.20
worker0k: folds 
UnderC@t: folds 
Zvst: folds 
*** FLOP *** [9h Qh 2c]
AndreaBsAs: bets $1.85
jujulesuspicieu: calls $1.85
*** TURN *** [9h Qh 2c] [6d]
AndreaBsAs: bets $6.02
jujulesuspicieu: calls $6.02
*** RIVER *** [9h Qh 2c 6d] [Qc]
AndreaBsAs: checks 
jujulesuspicieu: bets $10.28
AndreaBsAs: folds 
Uncalled bet ($10.28) returned to jujulesuspicieu
jujulesuspicieu collected $20.56 from pot
*** SUMMARY ***
Total pot $21.64 | Rake $1.08 
Board [9h Qh 2c 6d Qc]
Seat 1: AndreaBsAs folded on the River
Seat 2: erpaye folded before Flop (didn't bet)
Seat 3: jujulesuspicieu collected ($20.56)
Seat 4: worker0k (button) folded before Flop (didn't bet)
Seat 5: UnderC@t (small blind) folded before Flop
Seat 6: Zvst (big blind) folded before Flop



PokerStars Hand #254517503289:  Hold'em No Limit ($0.50/$1.00 USD) - 2025/01/23 18:57:36 WET [2025/01/23 13:57:36 ET]
Table 'Maia IV' 6-max Seat #5 is the button
Seat 1: AndreaBsAs ($100 in chips) 
Seat 2: erpaye ($117.87 in chips) 
Seat 3: jujulesuspicieu ($95.18 in chips) 
Seat 4: worker0k ($102.75 in chips) 
Seat 5: UnderC@t ($112.92 in chips) 
Seat 6: Zvst ($102.48 in chips) 
Zvst: posts small blind $0.50
AndreaBsAs: posts big blind $1
*** HOLE CARDS ***
erpaye: raises $1.10 to $2.10
jujulesuspicieu: folds 
worker0k: folds 
UnderC@t: folds 
Zvst: folds 
AndreaBsAs: folds 
Uncalled bet ($1.10) returned to erpaye
erpaye collected $2.50 from pot
erpaye: doesn't show hand 
*** SUMMARY ***
Total pot $2.50 | Rake $0 
Seat 1: AndreaBsAs (big blind) folded before Flop
Seat 2: erpaye collected ($2.50)
Seat 3: jujulesuspicieu folded before Flop (didn't bet)
Seat 4: worker0k folded before Flop (didn't bet)
Seat 5: UnderC@t (button) folded before Flop (didn't bet)
Seat 6: Zvst (small blind) folded before Flop



PokerStars Hand #254517508027:  Hold'em No Limit ($0.50/$1.00 USD) - 2025/01/23 18:58:04 WET [2025/01/23 13:58:04 ET]
Table 'Maia IV' 6-max Seat #6 is the button
Seat 1: AndreaBsAs ($100 in chips) 
Seat 2: erpaye ($119.37 in chips) 
Seat 3: jujulesuspicieu ($95.18 in chips) 
Seat 4: worker0k ($102.75 in chips) 
Seat 5: UnderC@t ($112.92 in chips) 
Seat 6: Zvst ($101.98 in chips) 
AndreaBsAs: posts small blind $0.50
erpaye: posts big blind $1
*** HOLE CARDS ***
jujulesuspicieu: raises $1 to $2
worker0k: folds 
UnderC@t: folds 
Zvst: folds 
AndreaBsAs: folds 
erpaye: folds 
Uncalled bet ($1) returned to jujulesuspicieu
jujulesuspicieu collected $2.50 from pot
*** SUMMARY ***
Total pot $2.50 | Rake $0 
Seat 1: AndreaBsAs (small blind) folded before Flop
Seat 2: erpaye (big blind) folded before Flop
Seat 3: jujulesuspicieu collected ($2.50)
Seat 4: worker0k folded before Flop (didn't bet)
Seat 5: UnderC@t folded before Flop (didn't bet)
Seat 6: Zvst (button) folded before Flop (didn't bet)



PokerStars Hand #254517513750:  Hold'em No Limit ($0.50/$1.00 USD) - 2025/01/23 18:58:37 WET [2025/01/23 13:58:37 ET]
Table 'Maia IV' 6-max Seat #1 is the button
Seat 1: AndreaBsAs ($100 in chips) 
Seat 2: erpaye ($118.37 in chips) 
Seat 3: jujulesuspicieu ($96.68 in chips) 
Seat 4: worker0k ($102.75 in chips) 
Seat 5: UnderC@t ($112.92 in chips) 
Seat 6: Zvst ($101.98 in chips) 
erpaye: posts small blind $0.50
jujulesuspicieu: posts big blind $1
*** HOLE CARDS ***
worker0k: folds 
UnderC@t: folds 
Zvst: raises $1.50 to $2.50
AndreaBsAs: folds 
erpaye: folds 
jujulesuspicieu: folds 
Uncalled bet ($1.50) returned to Zvst
Zvst collected $2.50 from pot
Zvst: doesn't show hand 
*** SUMMARY ***
Total pot $2.50 | Rake $0 
Seat 1: AndreaBsAs (button) folded before Flop (didn't bet)
Seat 2: erpaye (small blind) folded before Flop
Seat 3: jujulesuspicieu (big blind) folded before Flop
Seat 4: worker0k folded before Flop (didn't bet)
Seat 5: UnderC@t folded before Flop (didn't bet)
Seat 6: Zvst collected ($2.50)



PokerStars Hand #254517516959:  Hold'em No Limit ($0.50/$1.00 USD) - 2025/01/23 18:58:55 WET [2025/01/23 13:58:55 ET]
Table 'Maia IV' 6-max Seat #2 is the button
Seat 1: AndreaBsAs ($100 in chips) 
Seat 2: erpaye ($117.87 in chips) 
Seat 3: jujulesuspicieu ($95.68 in chips) 
Seat 4: worker0k ($102.75 in chips) 
Seat 5: UnderC@t ($112.92 in chips) 
Seat 6: Zvst ($103.48 in chips) 
jujulesuspicieu: posts small blind $0.50
worker0k: posts big blind $1
*** HOLE CARDS ***
UnderC@t: folds 
Zvst: raises $1 to $2
AndreaBsAs: folds 
erpaye: calls $2
jujulesuspicieu: raises $1 to $3
worker0k: calls $2
Zvst: raises $13 to $16
erpaye: folds 
jujulesuspicieu: calls $13
worker0k: folds 
*** FLOP *** [4s 4d 7d]
jujulesuspicieu: bets $2
Zvst: raises $20.58 to $22.58
jujulesuspicieu: folds 
Uncalled bet ($20.58) returned to Zvst
Zvst collected $38.95 from pot
Zvst: doesn't show hand 
*** SUMMARY ***
Total pot $41 | Rake $2.05 
Board [4s 4d 7d]
Seat 1: AndreaBsAs folded before Flop (didn't bet)
Seat 2: erpaye (button) folded before Flop
Seat 3: jujulesuspicieu (small blind) folded on the Flop
Seat 4: worker0k (big blind) folded before Flop
Seat 5: UnderC@t folded before Flop (didn't bet)
Seat 6: Zvst collected ($38.95)



PokerStars Hand #254517529909:  Hold'em No Limit ($0.50/$1.00 USD) - 2025/01/23 19:00:08 WET [2025/01/23 14:00:08 ET]
Table 'Maia IV' 6-max Seat #3 is the button
Seat 1: AndreaBsAs ($100 in chips) 
Seat 2: erpaye ($115.87 in chips) 
Seat 3: jujulesuspicieu ($77.68 in chips) 
Seat 4: worker0k ($100 in chips) 
Seat 5: UnderC@t ($112.92 in chips) 
Seat 6: Zvst ($124.43 in chips) 
worker0k: posts small blind $0.50
UnderC@t: posts big blind $1
*** HOLE CARDS ***
Zvst: folds 
AndreaBsAs: folds 
erpaye: raises $1 to $2
jujulesuspicieu: folds 
worker0k: folds 
UnderC@t: folds 
Uncalled bet ($1) returned to erpaye
erpaye collected $2.50 from pot
erpaye: doesn't show hand 
*** SUMMARY ***
Total pot $2.50 | Rake $0 
Seat 1: AndreaBsAs folded before Flop (didn't bet)
Seat 2: erpaye collected ($2.50)
Seat 3: jujulesuspicieu (button) folded before Flop (didn't bet)
Seat 4: worker0k (small blind) folded before Flop
Seat 5: UnderC@t (big blind) folded before Flop
Seat 6: Zvst folded before Flop (didn't bet)



PokerStars Hand #254517534026:  Hold'em No Limit ($0.50/$1.00 USD) - 2025/01/23 19:00:31 WET [2025/01/23 14:00:31 ET]
Table 'Maia IV' 6-max Seat #4 is the button
Seat 6: Zvst ($124.43 in chips) is sitting out
Seat 1: AndreaBsAs ($100 in chips) 
Seat 2: erpaye ($117.37 in chips) 
Seat 3: jujulesuspicieu ($77.68 in chips) 
Seat 4: worker0k ($100 in chips) 
Seat 5: UnderC@t ($111.92 in chips) 
UnderC@t: posts small blind $0.50
Zvst: is sitting out 
AndreaBsAs: posts big blind $1
*** HOLE CARDS ***
Zvst leaves the table
erpaye: folds 
jujulesuspicieu: folds 
worker0k: folds 
UnderC@t: folds 
Uncalled bet ($0.50) returned to AndreaBsAs
AndreaBsAs collected $1 from pot
AlexPinsk1 joins the table at seat #6 
*** SUMMARY ***
Total pot $1 | Rake $0 
Seat 6: Zvst
Seat 1: AndreaBsAs (big blind) collected ($1)
Seat 2: erpaye folded before Flop (didn't bet)
Seat 3: jujulesuspicieu folded before Flop (didn't bet)
Seat 4: worker0k (button) folded before Flop (didn't bet)
Seat 5: UnderC@t (small blind) folded before Flop



PokerStars Hand #254517537520:  Hold'em No Limit ($0.50/$1.00 USD) - 2025/01/23 19:00:50 WET [2025/01/23 14:00:50 ET]
Table 'Maia IV' 6-max Seat #5 is the button
Seat 6: AlexPinsk1 ($100 in chips) is sitting out
Seat 1: AndreaBsAs ($100.50 in chips) 
Seat 2: erpaye ($117.37 in chips) 
Seat 3: jujulesuspicieu ($77.68 in chips) 
Seat 4: worker0k ($100 in chips) 
Seat 5: UnderC@t ($111.42 in chips) 
AndreaBsAs: posts small blind $0.50
erpaye: posts big blind $1
*** HOLE CARDS ***
jujulesuspicieu: folds 
worker0k: folds 
UnderC@t: raises $1.50 to $2.50
AndreaBsAs: folds 
erpaye: folds 
Uncalled bet ($1.50) returned to UnderC@t
UnderC@t collected $2.50 from pot
UnderC@t: doesn't show hand 
*** SUMMARY ***
Total pot $2.50 | Rake $0 
Seat 6: AlexPinsk1
Seat 1: AndreaBsAs (small blind) folded before Flop
Seat 2: erpaye (big blind) folded before Flop
Seat 3: jujulesuspicieu folded before Flop (didn't bet)
Seat 4: worker0k folded before Flop (didn't bet)
Seat 5: UnderC@t (button) collected ($2.50)



PokerStars Hand #254517541158:  Hold'em No Limit ($0.50/$1.00 USD) - 2025/01/23 19:01:08 WET [2025/01/23 14:01:08 ET]
Table 'Maia IV' 6-max Seat #1 is the button
Seat 6: AlexPinsk1 ($100 in chips) is sitting out
Seat 1: AndreaBsAs ($100 in chips) 
Seat 2: erpaye ($116.37 in chips) 
Seat 3: jujulesuspicieu ($77.68 in chips) 
Seat 4: worker0k ($100 in chips) 
Seat 5: UnderC@t ($112.92 in chips) 
erpaye: posts small blind $0.50
jujulesuspicieu: posts big blind $1
AlexPinsk1: sits out 
*** HOLE CARDS ***
worker0k: folds 
UnderC@t: folds 
AndreaBsAs: folds 
erpaye: raises $1.50 to $2.50
jujulesuspicieu: folds 
Uncalled bet ($1.50) returned to erpaye
erpaye collected $2 from pot
erpaye: doesn't show hand 
*** SUMMARY ***
Total pot $2 | Rake $0 
Seat 6: AlexPinsk1
Seat 1: AndreaBsAs (button) folded before Flop (didn't bet)
Seat 2: erpaye (small blind) collected ($2)
Seat 3: jujulesuspicieu (big blind) folded before Flop
Seat 4: worker0k folded before Flop (didn't bet)
Seat 5: UnderC@t folded before Flop (didn't bet)



PokerStars Hand #254517544424:  Hold'em No Limit ($0.50/$1.00 USD) - 2025/01/23 19:01:24 WET [2025/01/23 14:01:24 ET]
Table 'Maia IV' 6-max Seat #2 is the button
Seat 4: worker0k ($100 in chips) is sitting out
Seat 6: AlexPinsk1 ($100 in chips) is sitting out
Seat 1: AndreaBsAs ($100 in chips) 
Seat 2: erpaye ($117.37 in chips) 
Seat 3: jujulesuspicieu ($76.68 in chips) 
Seat 5: UnderC@t ($112.92 in chips) 
jujulesuspicieu: posts small blind $0.50
worker0k: is sitting out 
UnderC@t: posts big blind $1
AlexPinsk1: sits out 
*** HOLE CARDS ***
worker0k leaves the table
AndreaBsAs: folds 
erpaye: folds 
jujulesuspicieu: folds 
Uncalled bet ($0.50) returned to UnderC@t
UnderC@t collected $1 from pot
UnderC@t: doesn't show hand 
*** SUMMARY ***
Total pot $1 | Rake $0 
Seat 4: worker0k
Seat 6: AlexPinsk1
Seat 1: AndreaBsAs folded before Flop (didn't bet)
Seat 2: erpaye (button) folded before Flop (didn't bet)
Seat 3: jujulesuspicieu (small blind) folded before Flop
Seat 5: UnderC@t (big blind) collected ($1)



PokerStars Hand #254517546636:  Hold'em No Limit ($0.50/$1.00 USD) - 2025/01/23 19:01:34 WET [2025/01/23 14:01:34 ET]
Table 'Maia IV' 6-max Seat #3 is the button
Seat 1: AndreaBsAs ($100 in chips) 
Seat 2: erpaye ($117.37 in chips) 
Seat 3: jujulesuspicieu ($76.18 in chips) 
Seat 5: UnderC@t ($113.42 in chips) 
Seat 6: AlexPinsk1 ($100 in chips) 
UnderC@t: posts small blind $0.50
AlexPinsk1: posts big blind $1
*** HOLE CARDS ***
AndreaBsAs: folds 
erpaye: folds 
jujulesuspicieu: calls $1
UnderC@t: folds 
Supermegopro joins the table at seat #4 
AlexPinsk1: checks 
*** FLOP *** [Th Tc 6d]
AlexPinsk1: checks 
jujulesuspicieu: bets $1
AlexPinsk1: folds 
Uncalled bet ($1) returned to jujulesuspicieu
jujulesuspicieu collected $2.38 from pot
*** SUMMARY ***
Total pot $2.50 | Rake $0.12 
Board [Th Tc 6d]
Seat 1: AndreaBsAs folded before Flop (didn't bet)
Seat 2: erpaye folded before Flop (didn't bet)
Seat 3: jujulesuspicieu (button) collected ($2.38)
Seat 5: UnderC@t (small blind) folded before Flop
Seat 6: AlexPinsk1 (big blind) folded on the Flop



PokerStars Hand #254517553273:  Hold'em No Limit ($0.50/$1.00 USD) - 2025/01/23 19:02:05 WET [2025/01/23 14:02:05 ET]
Table 'Maia IV' 6-max Seat #5 is the button
Seat 4: Supermegopro ($100 in chips) is sitting out
Seat 1: AndreaBsAs ($100 in chips) 
Seat 2: erpaye ($117.37 in chips) 
Seat 3: jujulesuspicieu ($77.56 in chips) 
Seat 5: UnderC@t ($112.92 in chips) 
Seat 6: AlexPinsk1 ($100 in chips) 
AlexPinsk1: posts small blind $0.50
AndreaBsAs: posts big blind $1
Supermegopro: sits out 
*** HOLE CARDS ***
erpaye: folds 
jujulesuspicieu: folds 
UnderC@t: folds 
AlexPinsk1: folds 
Uncalled bet ($0.50) returned to AndreaBsAs
AndreaBsAs collected $1 from pot
*** SUMMARY ***
Total pot $1 | Rake $0 
Seat 4: Supermegopro
Seat 1: AndreaBsAs (big blind) collected ($1)
Seat 2: erpaye folded before Flop (didn't bet)
Seat 3: jujulesuspicieu folded before Flop (didn't bet)
Seat 5: UnderC@t (button) folded before Flop (didn't bet)
Seat 6: AlexPinsk1 (small blind) folded before Flop



PokerStars Hand #254517555527:  Hold'em No Limit ($0.50/$1.00 USD) - 2025/01/23 19:02:15 WET [2025/01/23 14:02:15 ET]
Table 'Maia IV' 6-max Seat #6 is the button
Seat 4: Supermegopro ($100 in chips) is sitting out
Seat 1: AndreaBsAs ($100.50 in chips) 
Seat 2: erpaye ($117.37 in chips) 
Seat 3: jujulesuspicieu ($77.56 in chips) 
Seat 5: UnderC@t ($112.92 in chips) 
Seat 6: AlexPinsk1 ($100 in chips) 
AndreaBsAs: posts small blind $0.50
erpaye: posts big blind $1
Supermegopro: sits out 
*** HOLE CARDS ***
jujulesuspicieu: raises $1 to $2
UnderC@t: folds 
AlexPinsk1: folds 
AndreaBsAs: folds 
erpaye: folds 
Uncalled bet ($1) returned to jujulesuspicieu
jujulesuspicieu collected $2.50 from pot
*** SUMMARY ***
Total pot $2.50 | Rake $0 
Seat 4: Supermegopro
Seat 1: AndreaBsAs (small blind) folded before Flop
Seat 2: erpaye (big blind) folded before Flop
Seat 3: jujulesuspicieu collected ($2.50)
Seat 5: UnderC@t folded before Flop (didn't bet)
Seat 6: AlexPinsk1 (button) folded before Flop (didn't bet)



PokerStars Hand #254517560514:  Hold'em No Limit ($0.50/$1.00 USD) - 2025/01/23 19:02:38 WET [2025/01/23 14:02:38 ET]
Table 'Maia IV' 6-max Seat #1 is the button
Seat 4: Supermegopro ($100 in chips) is sitting out
Seat 1: AndreaBsAs ($100 in chips) 
Seat 2: erpaye ($116.37 in chips) 
Seat 3: jujulesuspicieu ($79.06 in chips) 
Seat 5: UnderC@t ($112.92 in chips) 
Seat 6: AlexPinsk1 ($100 in chips) 
erpaye: posts small blind $0.50
jujulesuspicieu: posts big blind $1
Supermegopro: sits out 
*** HOLE CARDS ***
UnderC@t: folds 
AlexPinsk1: raises $1.50 to $2.50
AndreaBsAs: raises $5 to $7.50
erpaye: folds 
jujulesuspicieu: folds 
AlexPinsk1: folds 
Uncalled bet ($5) returned to AndreaBsAs
AndreaBsAs collected $6.50 from pot
*** SUMMARY ***
Total pot $6.50 | Rake $0 
Seat 4: Supermegopro
Seat 1: AndreaBsAs (button) collected ($6.50)
Seat 2: erpaye (small blind) folded before Flop
Seat 3: jujulesuspicieu (big blind) folded before Flop
Seat 5: UnderC@t folded before Flop (didn't bet)
Seat 6: AlexPinsk1 folded before Flop



PokerStars Hand #254517566399:  Hold'em No Limit ($0.50/$1.00 USD) - 2025/01/23 19:03:03 WET [2025/01/23 14:03:03 ET]
Table 'Maia IV' 6-max Seat #2 is the button
Seat 1: AndreaBsAs ($104 in chips) 
Seat 2: erpaye ($115.87 in chips) 
Seat 3: jujulesuspicieu ($78.06 in chips) 
Seat 4: Supermegopro ($100 in chips) 
Seat 5: UnderC@t ($112.92 in chips) 
Seat 6: AlexPinsk1 ($100 in chips) 
jujulesuspicieu: posts small blind $0.50
Supermegopro: posts big blind $1
*** HOLE CARDS ***
UnderC@t: folds 
AlexPinsk1: folds 
AndreaBsAs: raises $1.50 to $2.50
erpaye: folds 
jujulesuspicieu: calls $2
Supermegopro: folds 
*** FLOP *** [2c 5s Jh]
jujulesuspicieu: checks 
AndreaBsAs: bets $1.88
jujulesuspicieu: calls $1.88
*** TURN *** [2c 5s Jh] [Ah]
jujulesuspicieu: bets $1
AndreaBsAs: raises $9.27 to $10.27
jujulesuspicieu: calls $9.27
*** RIVER *** [2c 5s Jh Ah] [9h]
jujulesuspicieu: bets $14.39
AndreaBsAs: folds 
Uncalled bet ($14.39) returned to jujulesuspicieu
jujulesuspicieu collected $28.78 from pot
*** SUMMARY ***
Total pot $30.30 | Rake $1.52 
Board [2c 5s Jh Ah 9h]
Seat 1: AndreaBsAs folded on the River
Seat 2: erpaye (button) folded before Flop (didn't bet)
Seat 3: jujulesuspicieu (small blind) collected ($28.78)
Seat 4: Supermegopro (big blind) folded before Flop
Seat 5: UnderC@t folded before Flop (didn't bet)
Seat 6: AlexPinsk1 folded before Flop (didn't bet)



PokerStars Hand #254517583422:  Hold'em No Limit ($0.50/$1.00 USD) - 2025/01/23 19:04:14 WET [2025/01/23 14:04:14 ET]
Table 'Maia IV' 6-max Seat #3 is the button
Seat 1: AndreaBsAs ($100 in chips) 
Seat 2: erpaye ($115.87 in chips) 
Seat 3: jujulesuspicieu ($92.19 in chips) 
Seat 4: Supermegopro ($100 in chips) 
Seat 5: UnderC@t ($112.92 in chips) 
Seat 6: AlexPinsk1 ($100 in chips) 
Supermegopro: posts small blind $0.50
UnderC@t: posts big blind $1
*** HOLE CARDS ***
AlexPinsk1: folds 
AndreaBsAs: folds 
erpaye: folds 
jujulesuspicieu: calls $1
Supermegopro: calls $0.50
UnderC@t: checks 
*** FLOP *** [Kd As 4s]
Supermegopro: checks 
UnderC@t: checks 
jujulesuspicieu: bets $1
Supermegopro: raises $7.28 to $8.28
UnderC@t: folds 
jujulesuspicieu: calls $7.28
*** TURN *** [Kd As 4s] [6s]
Supermegopro: bets $6.13
jujulesuspicieu: raises $6.13 to $12.26
Supermegopro: calls $6.13
*** RIVER *** [Kd As 4s 6s] [6c]
Supermegopro: bets $27.92
jujulesuspicieu: calls $27.92
*** SHOW DOWN ***
Supermegopro: shows [Ah Ad] (a full house, Aces full of Sixes)
jujulesuspicieu: mucks hand 
Supermegopro collected $97.42 from pot
*** SUMMARY ***
Total pot $99.92 | Rake $2.50 
Board [Kd As 4s 6s 6c]
Seat 1: AndreaBsAs folded before Flop (didn't bet)
Seat 2: erpaye folded before Flop (didn't bet)
Seat 3: jujulesuspicieu (button) mucked
Seat 4: Supermegopro (small blind) showed [Ah Ad] and won ($97.42) with a full house, Aces full of Sixes
Seat 5: UnderC@t (big blind) folded on the Flop
Seat 6: AlexPinsk1 folded before Flop (didn't bet)



PokerStars Hand #254517597635:  Hold'em No Limit ($0.50/$1.00 USD) - 2025/01/23 19:05:13 WET [2025/01/23 14:05:13 ET]
Table 'Maia IV' 6-max Seat #4 is the button
Seat 1: AndreaBsAs ($100 in chips) 
Seat 2: erpaye ($115.87 in chips) 
Seat 3: jujulesuspicieu ($42.73 in chips) 
Seat 4: Supermegopro ($147.96 in chips) 
Seat 5: UnderC@t ($111.92 in chips) 
Seat 6: AlexPinsk1 ($100 in chips) 
UnderC@t: posts small blind $0.50
AlexPinsk1: posts big blind $1
*** HOLE CARDS ***
AndreaBsAs: folds 
erpaye: folds 
jujulesuspicieu: calls $1
Supermegopro: folds 
UnderC@t: folds 
AlexPinsk1: checks 
*** FLOP *** [Td Kh 8s]
AlexPinsk1: checks 
jujulesuspicieu: bets $1.19
AlexPinsk1: folds 
Uncalled bet ($1.19) returned to jujulesuspicieu
jujulesuspicieu collected $2.38 from pot
*** SUMMARY ***
Total pot $2.50 | Rake $0.12 
Board [Td Kh 8s]
Seat 1: AndreaBsAs folded before Flop (didn't bet)
Seat 2: erpaye folded before Flop (didn't bet)
Seat 3: jujulesuspicieu collected ($2.38)
Seat 4: Supermegopro (button) folded before Flop (didn't bet)
Seat 5: UnderC@t (small blind) folded before Flop
Seat 6: AlexPinsk1 (big blind) folded on the Flop



PokerStars Hand #254517606159:  Hold'em No Limit ($0.50/$1.00 USD) - 2025/01/23 19:05:48 WET [2025/01/23 14:05:48 ET]
Table 'Maia IV' 6-max Seat #5 is the button
Seat 1: AndreaBsAs ($100 in chips) 
Seat 2: erpaye ($115.87 in chips) 
Seat 3: jujulesuspicieu ($44.11 in chips) 
Seat 4: Supermegopro ($147.96 in chips) 
Seat 5: UnderC@t ($111.42 in chips) 
Seat 6: AlexPinsk1 ($100 in chips) 
AlexPinsk1: posts small blind $0.50
AndreaBsAs: posts big blind $1
*** HOLE CARDS ***
erpaye: folds 
jujulesuspicieu: calls $1
Supermegopro: folds 
UnderC@t: folds 
AlexPinsk1: raises $4.50 to $5.50
AndreaBsAs: folds 
jujulesuspicieu: calls $4.50
*** FLOP *** [2c 9h 9c]
AlexPinsk1: checks 
jujulesuspicieu: checks 
*** TURN *** [2c 9h 9c] [8h]
AlexPinsk1: checks 
jujulesuspicieu: checks 
*** RIVER *** [2c 9h 9c 8h] [2h]
AlexPinsk1: bets $8.55
jujulesuspicieu: folds 
Uncalled bet ($8.55) returned to AlexPinsk1
AlexPinsk1 collected $11.40 from pot
AlexPinsk1: doesn't show hand 
*** SUMMARY ***
Total pot $12 | Rake $0.60 
Board [2c 9h 9c 8h 2h]
Seat 1: AndreaBsAs (big blind) folded before Flop
Seat 2: erpaye folded before Flop (didn't bet)
Seat 3: jujulesuspicieu folded on the River
Seat 4: Supermegopro folded before Flop (didn't bet)
Seat 5: UnderC@t (button) folded before Flop (didn't bet)
Seat 6: AlexPinsk1 (small blind) collected ($11.40)



PokerStars Hand #254517625396:  Hold'em No Limit ($0.50/$1.00 USD) - 2025/01/23 19:07:08 WET [2025/01/23 14:07:08 ET]
Table 'Maia IV' 6-max Seat #6 is the button
Seat 1: AndreaBsAs ($100 in chips) 
Seat 2: erpaye ($115.87 in chips) 
Seat 3: jujulesuspicieu ($38.61 in chips) 
Seat 4: Supermegopro ($147.96 in chips) 
Seat 5: UnderC@t ($111.42 in chips) 
Seat 6: AlexPinsk1 ($105.90 in chips) 
AndreaBsAs: posts small blind $0.50
erpaye: posts big blind $1
*** HOLE CARDS ***
jujulesuspicieu: folds 
Supermegopro: raises $1.50 to $2.50
UnderC@t: folds 
AlexPinsk1: folds 
AndreaBsAs: folds 
erpaye: calls $1.50
*** FLOP *** [9h Td Ks]
erpaye: checks 
Supermegopro: checks 
*** TURN *** [9h Td Ks] [5d]
erpaye: checks 
Supermegopro: bets $7.83
erpaye: folds 
Uncalled bet ($7.83) returned to Supermegopro
Supermegopro collected $5.22 from pot
Supermegopro: doesn't show hand 
*** SUMMARY ***
Total pot $5.50 | Rake $0.28 
Board [9h Td Ks 5d]
Seat 1: AndreaBsAs (small blind) folded before Flop
Seat 2: erpaye (big blind) folded on the Turn
Seat 3: jujulesuspicieu folded before Flop (didn't bet)
Seat 4: Supermegopro collected ($5.22)
Seat 5: UnderC@t folded before Flop (didn't bet)
Seat 6: AlexPinsk1 (button) folded before Flop (didn't bet)



PokerStars Hand #254517640952:  Hold'em No Limit ($0.50/$1.00 USD) - 2025/01/23 19:08:13 WET [2025/01/23 14:08:13 ET]
Table 'Maia IV' 6-max Seat #1 is the button
Seat 1: AndreaBsAs ($100 in chips) 
Seat 2: erpaye ($113.37 in chips) 
Seat 3: jujulesuspicieu ($38.61 in chips) 
Seat 4: Supermegopro ($150.68 in chips) 
Seat 5: UnderC@t ($111.42 in chips) 
Seat 6: AlexPinsk1 ($105.90 in chips) 
erpaye: posts small blind $0.50
jujulesuspicieu: posts big blind $1
*** HOLE CARDS ***
Supermegopro: folds 
UnderC@t: folds 
AlexPinsk1: folds 
AndreaBsAs: raises $1.50 to $2.50
erpaye: folds 
jujulesuspicieu: raises $36.11 to $38.61 and is all-in
AndreaBsAs: folds 
Uncalled bet ($36.11) returned to jujulesuspicieu
jujulesuspicieu collected $5.50 from pot
*** SUMMARY ***
Total pot $5.50 | Rake $0 
Seat 1: AndreaBsAs (button) folded before Flop
Seat 2: erpaye (small blind) folded before Flop
Seat 3: jujulesuspicieu (big blind) collected ($5.50)
Seat 4: Supermegopro folded before Flop (didn't bet)
Seat 5: UnderC@t folded before Flop (didn't bet)
Seat 6: AlexPinsk1 folded before Flop (didn't bet)



PokerStars Hand #254517652854:  Hold'em No Limit ($0.50/$1.00 USD) - 2025/01/23 19:09:02 WET [2025/01/23 14:09:02 ET]
Table 'Maia IV' 6-max Seat #2 is the button
Seat 1: AndreaBsAs ($100 in chips) 
Seat 2: erpaye ($112.87 in chips) 
Seat 3: jujulesuspicieu ($41.61 in chips) 
Seat 4: Supermegopro ($150.68 in chips) 
Seat 5: UnderC@t ($111.42 in chips) 
Seat 6: AlexPinsk1 ($105.90 in chips) 
jujulesuspicieu: posts small blind $0.50
Supermegopro: posts big blind $1
*** HOLE CARDS ***
UnderC@t: folds 
AlexPinsk1: folds 
AndreaBsAs: folds 
erpaye: raises $1.20 to $2.20
jujulesuspicieu: folds 
Supermegopro: folds 
Uncalled bet ($1.20) returned to erpaye
erpaye collected $2.50 from pot
erpaye: doesn't show hand 
*** SUMMARY ***
Total pot $2.50 | Rake $0 
Seat 1: AndreaBsAs folded before Flop (didn't bet)
Seat 2: erpaye (button) collected ($2.50)
Seat 3: jujulesuspicieu (small blind) folded before Flop
Seat 4: Supermegopro (big blind) folded before Flop
Seat 5: UnderC@t folded before Flop (didn't bet)
Seat 6: AlexPinsk1 folded before Flop (didn't bet)



PokerStars Hand #254517656735:  Hold'em No Limit ($0.50/$1.00 USD) - 2025/01/23 19:09:19 WET [2025/01/23 14:09:19 ET]
Table 'Maia IV' 6-max Seat #3 is the button
Seat 1: AndreaBsAs ($100 in chips) 
Seat 2: erpaye ($114.37 in chips) 
Seat 3: jujulesuspicieu ($41.11 in chips) 
Seat 4: Supermegopro ($149.68 in chips) 
Seat 5: UnderC@t ($111.42 in chips) 
Seat 6: AlexPinsk1 ($105.90 in chips) 
Supermegopro: posts small blind $0.50
UnderC@t: posts big blind $1
*** HOLE CARDS ***
AlexPinsk1: folds 
AndreaBsAs: folds 
erpaye: raises $1.10 to $2.10
jujulesuspicieu: folds 
Supermegopro: folds 
UnderC@t: folds 
Uncalled bet ($1.10) returned to erpaye
erpaye collected $2.50 from pot
erpaye: doesn't show hand 
*** SUMMARY ***
Total pot $2.50 | Rake $0 
Seat 1: AndreaBsAs folded before Flop (didn't bet)
Seat 2: erpaye collected ($2.50)
Seat 3: jujulesuspicieu (button) folded before Flop (didn't bet)
Seat 4: Supermegopro (small blind) folded before Flop
Seat 5: UnderC@t (big blind) folded before Flop
Seat 6: AlexPinsk1 folded before Flop (didn't bet)



PokerStars Hand #254517663572:  Hold'em No Limit ($0.50/$1.00 USD) - 2025/01/23 19:09:47 WET [2025/01/23 14:09:47 ET]
Table 'Maia IV' 6-max Seat #4 is the button
Seat 1: AndreaBsAs ($100 in chips) 
Seat 2: erpaye ($115.87 in chips) 
Seat 3: jujulesuspicieu ($41.11 in chips) 
Seat 4: Supermegopro ($149.18 in chips) 
Seat 5: UnderC@t ($110.42 in chips) 
Seat 6: AlexPinsk1 ($105.90 in chips) 
UnderC@t: posts small blind $0.50
AlexPinsk1: posts big blind $1
*** HOLE CARDS ***
AndreaBsAs: folds 
erpaye: folds 
jujulesuspicieu: calls $1
Supermegopro: folds 
UnderC@t: folds 
AlexPinsk1: checks 
*** FLOP *** [Js 4s 6s]
AlexPinsk1: checks 
jujulesuspicieu: bets $1
AlexPinsk1: calls $1
*** TURN *** [Js 4s 6s] [Kc]
AlexPinsk1: checks 
jujulesuspicieu: bets $1
AlexPinsk1: calls $1
*** RIVER *** [Js 4s 6s Kc] [Tc]
AlexPinsk1: checks 
jujulesuspicieu: bets $1
AlexPinsk1: calls $1
*** SHOW DOWN ***
jujulesuspicieu: shows [As 6h] (a pair of Sixes)
AlexPinsk1: mucks hand 
jujulesuspicieu collected $8.08 from pot
*** SUMMARY ***
Total pot $8.50 | Rake $0.42 
Board [Js 4s 6s Kc Tc]
Seat 1: AndreaBsAs folded before Flop (didn't bet)
Seat 2: erpaye folded before Flop (didn't bet)
Seat 3: jujulesuspicieu showed [As 6h] and won ($8.08) with a pair of Sixes
Seat 4: Supermegopro (button) folded before Flop (didn't bet)
Seat 5: UnderC@t (small blind) folded before Flop
Seat 6: AlexPinsk1 (big blind) mucked



PokerStars Hand #254517671567:  Hold'em No Limit ($0.50/$1.00 USD) - 2025/01/23 19:10:21 WET [2025/01/23 14:10:21 ET]
Table 'Maia IV' 6-max Seat #5 is the button
Seat 1: AndreaBsAs ($100 in chips) 
Seat 2: erpaye ($115.87 in chips) 
Seat 3: jujulesuspicieu ($45.19 in chips) 
Seat 4: Supermegopro ($149.18 in chips) 
Seat 5: UnderC@t ($109.92 in chips) 
Seat 6: AlexPinsk1 ($101.90 in chips) 
AlexPinsk1: posts small blind $0.50
AndreaBsAs: posts big blind $1
*** HOLE CARDS ***
erpaye: folds 
jujulesuspicieu: calls $1
Supermegopro: folds 
UnderC@t: folds 
AlexPinsk1: calls $0.50
AndreaBsAs: checks 
*** FLOP *** [6d Ts Ad]
AlexPinsk1: checks 
AndreaBsAs: checks 
jujulesuspicieu: checks 
*** TURN *** [6d Ts Ad] [Js]
AlexPinsk1: bets $1.50
AndreaBsAs: calls $1.50
jujulesuspicieu: calls $1.50
*** RIVER *** [6d Ts Ad Js] [Ks]
AlexPinsk1: checks 
AndreaBsAs: checks 
jujulesuspicieu: checks 
*** SHOW DOWN ***
AlexPinsk1: shows [Ac 2s] (a pair of Aces)
AndreaBsAs: mucks hand 
jujulesuspicieu: shows [Kc Jc] (two pair, Kings and Jacks)
jujulesuspicieu collected $7.12 from pot
*** SUMMARY ***
Total pot $7.50 | Rake $0.38 
Board [6d Ts Ad Js Ks]
Seat 1: AndreaBsAs (big blind) mucked
Seat 2: erpaye folded before Flop (didn't bet)
Seat 3: jujulesuspicieu showed [Kc Jc] and won ($7.12) with two pair, Kings and Jacks
Seat 4: Supermegopro folded before Flop (didn't bet)
Seat 5: UnderC@t (button) folded before Flop (didn't bet)
Seat 6: AlexPinsk1 (small blind) showed [Ac 2s] and lost with a pair of Aces



PokerStars Hand #254517692519:  Hold'em No Limit ($0.50/$1.00 USD) - 2025/01/23 19:11:48 WET [2025/01/23 14:11:48 ET]
Table 'Maia IV' 6-max Seat #6 is the button
Seat 1: AndreaBsAs ($100 in chips) 
Seat 2: erpaye ($115.87 in chips) 
Seat 3: jujulesuspicieu ($49.81 in chips) 
Seat 4: Supermegopro ($149.18 in chips) 
Seat 5: UnderC@t ($109.92 in chips) 
Seat 6: AlexPinsk1 ($100 in chips) 
AndreaBsAs: posts small blind $0.50
erpaye: posts big blind $1
*** HOLE CARDS ***
jujulesuspicieu: calls $1
Supermegopro: folds 
UnderC@t: folds 
AlexPinsk1: raises $2.50 to $3.50
AndreaBsAs: folds 
erpaye: folds 
jujulesuspicieu: calls $2.50
*** FLOP *** [2h 3c 5d]
jujulesuspicieu: checks 
AlexPinsk1: bets $4.04
jujulesuspicieu: calls $4.04
*** TURN *** [2h 3c 5d] [Qs]
jujulesuspicieu: bets $1
AlexPinsk1: calls $1
*** RIVER *** [2h 3c 5d Qs] [Ad]
jujulesuspicieu: checks 
AlexPinsk1: checks 
*** SHOW DOWN ***
jujulesuspicieu: shows [3s Kc] (a pair of Threes)
AlexPinsk1: mucks hand 
jujulesuspicieu collected $17.65 from pot
*** SUMMARY ***
Total pot $18.58 | Rake $0.93 
Board [2h 3c 5d Qs Ad]
Seat 1: AndreaBsAs (small blind) folded before Flop
Seat 2: erpaye (big blind) folded before Flop
Seat 3: jujulesuspicieu showed [3s Kc] and won ($17.65) with a pair of Threes
Seat 4: Supermegopro folded before Flop (didn't bet)
Seat 5: UnderC@t folded before Flop (didn't bet)
Seat 6: AlexPinsk1 (button) mucked



PokerStars Hand #254517706890:  Hold'em No Limit ($0.50/$1.00 USD) - 2025/01/23 19:12:47 WET [2025/01/23 14:12:47 ET]
Table 'Maia IV' 6-max Seat #1 is the button
Seat 1: AndreaBsAs ($100 in chips) 
Seat 2: erpaye ($114.87 in chips) 
Seat 3: jujulesuspicieu ($58.92 in chips) 
Seat 4: Supermegopro ($149.18 in chips) 
Seat 5: UnderC@t ($109.92 in chips) 
Seat 6: AlexPinsk1 ($100 in chips) 
erpaye: posts small blind $0.50
jujulesuspicieu: posts big blind $1
*** HOLE CARDS ***
Supermegopro: folds 
UnderC@t: folds 
AlexPinsk1: folds 
AndreaBsAs: raises $1.50 to $2.50
erpaye: calls $2
jujulesuspicieu: calls $1.50
*** FLOP *** [3s Jd 5h]
erpaye: checks 
jujulesuspicieu: checks 
AndreaBsAs: bets $2.35
erpaye: raises $4.91 to $7.26
jujulesuspicieu: folds 
AndreaBsAs: calls $4.91
*** TURN *** [3s Jd 5h] [7c]
erpaye: bets $15.69
AndreaBsAs: calls $15.69
*** RIVER *** [3s Jd 5h 7c] [2d]
erpaye: bets $89.42 and is all-in
AndreaBsAs: calls $74.55 and is all-in
Uncalled bet ($14.87) returned to erpaye
*** SHOW DOWN ***
erpaye: shows [8d 9d] (high card Jack)
AndreaBsAs: shows [4d As] (a straight, Ace to Five)
AndreaBsAs collected $200 from pot
*** SUMMARY ***
Total pot $202.50 | Rake $2.50 
Board [3s Jd 5h 7c 2d]
Seat 1: AndreaBsAs (button) showed [4d As] and won ($200) with a straight, Ace to Five
Seat 2: erpaye (small blind) showed [8d 9d] and lost with high card Jack
Seat 3: jujulesuspicieu (big blind) folded on the Flop
Seat 4: Supermegopro folded before Flop (didn't bet)
Seat 5: UnderC@t folded before Flop (didn't bet)
Seat 6: AlexPinsk1 folded before Flop (didn't bet)



PokerStars Hand #254517736819:  Hold'em No Limit ($0.50/$1.00 USD) - 2025/01/23 19:14:52 WET [2025/01/23 14:14:52 ET]
Table 'Maia IV' 6-max Seat #2 is the button
Seat 1: AndreaBsAs ($200 in chips) 
Seat 2: erpaye ($100 in chips) 
Seat 3: jujulesuspicieu ($56.42 in chips) 
Seat 4: Supermegopro ($149.18 in chips) 
Seat 5: UnderC@t ($109.92 in chips) 
Seat 6: AlexPinsk1 ($100 in chips) 
jujulesuspicieu: posts small blind $0.50
Supermegopro: posts big blind $1
*** HOLE CARDS ***
UnderC@t: folds 
AlexPinsk1: folds 
AndreaBsAs: folds 
erpaye: folds 
jujulesuspicieu: calls $0.50
Supermegopro: checks 
*** FLOP *** [Kd 6s 9d]
jujulesuspicieu: checks 
Supermegopro: checks 
*** TURN *** [Kd 6s 9d] [7d]
jujulesuspicieu: checks 
Supermegopro: checks 
*** RIVER *** [Kd 6s 9d 7d] [4d]
jujulesuspicieu: checks 
Supermegopro: bets $1.27
jujulesuspicieu: folds 
Uncalled bet ($1.27) returned to Supermegopro
Supermegopro collected $1.90 from pot
Supermegopro: doesn't show hand 
*** SUMMARY ***
Total pot $2 | Rake $0.10 
Board [Kd 6s 9d 7d 4d]
Seat 1: AndreaBsAs folded before Flop (didn't bet)
Seat 2: erpaye (button) folded before Flop (didn't bet)
Seat 3: jujulesuspicieu (small blind) folded on the River
Seat 4: Supermegopro (big blind) collected ($1.90)
Seat 5: UnderC@t folded before Flop (didn't bet)
Seat 6: AlexPinsk1 folded before Flop (didn't bet)



PokerStars Hand #254517852328:  Hold'em No Limit ($0.50/$1.00 USD) - 2025/01/23 19:22:49 WET [2025/01/23 14:22:49 ET]
Table 'Maia IV' 6-max Seat #5 is the button
Seat 1: AndreaBsAs ($167.83 in chips) 
Seat 2: erpaye ($119.54 in chips) 
Seat 3: jujulesuspicieu ($63.94 in chips) 
Seat 4: Supermegopro ($143.30 in chips) 
Seat 5: UnderC@t ($110.20 in chips) 
Seat 6: AlexPinsk1 ($103.58 in chips) 
AlexPinsk1: posts small blind $0.50
AndreaBsAs: posts big blind $1
*** HOLE CARDS ***
erpaye: folds 
jujulesuspicieu: calls $1
Supermegopro: folds 
UnderC@t: folds 
AlexPinsk1: calls $0.50
AndreaBsAs: checks 
*** FLOP *** [5d 8s 9h]
AlexPinsk1: bets $2
AndreaBsAs: raises $4.45 to $6.45
jujulesuspicieu: calls $6.45
AlexPinsk1: calls $4.45
*** TURN *** [5d 8s 9h] [Qc]
AlexPinsk1: checks 
AndreaBsAs: bets $16.35
jujulesuspicieu: folds 
AlexPinsk1: folds 
Uncalled bet ($16.35) returned to AndreaBsAs
AndreaBsAs collected $21.23 from pot
*** SUMMARY ***
Total pot $22.35 | Rake $1.12 
Board [5d 8s 9h Qc]
Seat 1: AndreaBsAs (big blind) collected ($21.23)
Seat 2: erpaye folded before Flop (didn't bet)
Seat 3: jujulesuspicieu folded on the Turn
Seat 4: Supermegopro folded before Flop (didn't bet)
Seat 5: UnderC@t (button) folded before Flop (didn't bet)
Seat 6: AlexPinsk1 (small blind) folded on the Turn



PokerStars Hand #254517868463:  Hold'em No Limit ($0.50/$1.00 USD) - 2025/01/23 19:23:56 WET [2025/01/23 14:23:56 ET]
Table 'Maia IV' 6-max Seat #6 is the button
Seat 1: AndreaBsAs ($181.61 in chips) 
Seat 2: erpaye ($119.54 in chips) 
Seat 3: jujulesuspicieu ($56.49 in chips) 
Seat 4: Supermegopro ($143.30 in chips) 
Seat 5: UnderC@t ($110.20 in chips) 
Seat 6: AlexPinsk1 ($100 in chips) 
AndreaBsAs: posts small blind $0.50
erpaye: posts big blind $1
*** HOLE CARDS ***
jujulesuspicieu: folds 
Supermegopro: folds 
UnderC@t: raises $1.50 to $2.50
AlexPinsk1: folds 
AndreaBsAs: folds 
erpaye: calls $1.50
*** FLOP *** [5d 2d 6c]
erpaye: bets $1.57
UnderC@t: calls $1.57
*** TURN *** [5d 2d 6c] [Ah]
erpaye: checks 
UnderC@t: checks 
*** RIVER *** [5d 2d 6c Ah] [8h]
erpaye: checks 
UnderC@t: checks 
*** SHOW DOWN ***
erpaye: shows [Qs Ks] (high card Ace)
UnderC@t: shows [4c 5c] (a pair of Fives)
UnderC@t collected $8.21 from pot
*** SUMMARY ***
Total pot $8.64 | Rake $0.43 
Board [5d 2d 6c Ah 8h]
Seat 1: AndreaBsAs (small blind) folded before Flop
Seat 2: erpaye (big blind) showed [Qs Ks] and lost with high card Ace
Seat 3: jujulesuspicieu folded before Flop (didn't bet)
Seat 4: Supermegopro folded before Flop (didn't bet)
Seat 5: UnderC@t showed [4c 5c] and won ($8.21) with a pair of Fives
Seat 6: AlexPinsk1 (button) folded before Flop (didn't bet)



PokerStars Hand #254517887668:  Hold'em No Limit ($0.50/$1.00 USD) - 2025/01/23 19:25:16 WET [2025/01/23 14:25:16 ET]
Table 'Maia IV' 6-max Seat #1 is the button
Seat 1: AndreaBsAs ($181.11 in chips) 
Seat 2: erpaye ($115.47 in chips) 
Seat 3: jujulesuspicieu ($56.49 in chips) 
Seat 4: Supermegopro ($143.30 in chips) 
Seat 5: UnderC@t ($114.34 in chips) 
Seat 6: AlexPinsk1 ($100 in chips) 
erpaye: posts small blind $0.50
jujulesuspicieu: posts big blind $1
*** HOLE CARDS ***
Supermegopro: folds 
UnderC@t: raises $1.50 to $2.50
AlexPinsk1: folds 
AndreaBsAs: folds 
erpaye: folds 
jujulesuspicieu: calls $1.50
*** FLOP *** [As 4h 9d]
jujulesuspicieu: checks 
UnderC@t: bets $1.57
jujulesuspicieu: calls $1.57
*** TURN *** [As 4h 9d] [Ks]
jujulesuspicieu: checks 
UnderC@t: checks 
*** RIVER *** [As 4h 9d Ks] [6h]
jujulesuspicieu: checks 
UnderC@t: checks 
*** SHOW DOWN ***
jujulesuspicieu: shows [9c 8d] (a pair of Nines)
UnderC@t: shows [Jd Jh] (a pair of Jacks)
UnderC@t collected $8.21 from pot
*** SUMMARY ***
Total pot $8.64 | Rake $0.43 
Board [As 4h 9d Ks 6h]
Seat 1: AndreaBsAs (button) folded before Flop (didn't bet)
Seat 2: erpaye (small blind) folded before Flop
Seat 3: jujulesuspicieu (big blind) showed [9c 8d] and lost with a pair of Nines
Seat 4: Supermegopro folded before Flop (didn't bet)
Seat 5: UnderC@t showed [Jd Jh] and won ($8.21) with a pair of Jacks
Seat 6: AlexPinsk1 folded before Flop (didn't bet)



PokerStars Hand #254517897388:  Hold'em No Limit ($0.50/$1.00 USD) - 2025/01/23 19:25:56 WET [2025/01/23 14:25:56 ET]
Table 'Maia IV' 6-max Seat #2 is the button
Seat 1: AndreaBsAs ($181.11 in chips) 
Seat 2: erpaye ($114.97 in chips) 
Seat 3: jujulesuspicieu ($52.42 in chips) 
Seat 4: Supermegopro ($143.30 in chips) 
Seat 5: UnderC@t ($118.48 in chips) 
Seat 6: AlexPinsk1 ($100 in chips) 
jujulesuspicieu: posts small blind $0.50
Supermegopro: posts big blind $1
*** HOLE CARDS ***
UnderC@t: folds 
AlexPinsk1: folds 
AndreaBsAs has timed out
AndreaBsAs: folds 
erpaye: raises $1.30 to $2.30
jujulesuspicieu: calls $1.80
Supermegopro: folds 
*** FLOP *** [Ad 8s As]
jujulesuspicieu: checks 
erpaye: bets $1.33
jujulesuspicieu: calls $1.33
*** TURN *** [Ad 8s As] [2s]
jujulesuspicieu: checks 
erpaye: checks 
*** RIVER *** [Ad 8s As 2s] [4h]
jujulesuspicieu: bets $7.85
erpaye: folds 
Uncalled bet ($7.85) returned to jujulesuspicieu
jujulesuspicieu collected $7.85 from pot
*** SUMMARY ***
Total pot $8.26 | Rake $0.41 
Board [Ad 8s As 2s 4h]
Seat 1: AndreaBsAs folded before Flop (didn't bet)
Seat 2: erpaye (button) folded on the River
Seat 3: jujulesuspicieu (small blind) collected ($7.85)
Seat 4: Supermegopro (big blind) folded before Flop
Seat 5: UnderC@t folded before Flop (didn't bet)
Seat 6: AlexPinsk1 folded before Flop (didn't bet)



PokerStars Hand #254517916798:  Hold'em No Limit ($0.50/$1.00 USD) - 2025/01/23 19:27:16 WET [2025/01/23 14:27:16 ET]
Table 'Maia IV' 6-max Seat #3 is the button
Seat 1: AndreaBsAs ($181.11 in chips) 
Seat 2: erpaye ($111.34 in chips) 
Seat 3: jujulesuspicieu ($56.64 in chips) 
Seat 4: Supermegopro ($142.30 in chips) 
Seat 5: UnderC@t ($118.48 in chips) 
Seat 6: AlexPinsk1 ($100 in chips) 
Supermegopro: posts small blind $0.50
UnderC@t: posts big blind $1
*** HOLE CARDS ***
AlexPinsk1: folds 
AndreaBsAs: folds 
erpaye: folds 
jujulesuspicieu: calls $1
Supermegopro: raises $4 to $5
UnderC@t: folds 
jujulesuspicieu: calls $4
*** FLOP *** [4c 3h 5h]
Supermegopro: bets $137.30 and is all-in
jujulesuspicieu: calls $51.64 and is all-in
Uncalled bet ($85.66) returned to Supermegopro
*** TURN *** [4c 3h 5h] [7c]
*** RIVER *** [4c 3h 5h 7c] [Kh]
*** SHOW DOWN ***
Supermegopro: shows [9c 9d] (a pair of Nines)
jujulesuspicieu: shows [4s 4h] (three of a kind, Fours)
jujulesuspicieu collected $111.78 from pot
*** SUMMARY ***
Total pot $114.28 | Rake $2.50 
Board [4c 3h 5h 7c Kh]
Seat 1: AndreaBsAs folded before Flop (didn't bet)
Seat 2: erpaye folded before Flop (didn't bet)
Seat 3: jujulesuspicieu (button) showed [4s 4h] and won ($111.78) with three of a kind, Fours
Seat 4: Supermegopro (small blind) showed [9c 9d] and lost with a pair of Nines
Seat 5: UnderC@t (big blind) folded before Flop
Seat 6: AlexPinsk1 folded before Flop (didn't bet)



PokerStars Hand #254517930182:  Hold'em No Limit ($0.50/$1.00 USD) - 2025/01/23 19:28:11 WET [2025/01/23 14:28:11 ET]
Table 'Maia IV' 6-max Seat #4 is the button
Seat 1: AndreaBsAs ($181.11 in chips) 
Seat 2: erpaye ($111.34 in chips) 
Seat 3: jujulesuspicieu ($111.78 in chips) 
Seat 4: Supermegopro ($100 in chips) 
Seat 5: UnderC@t ($117.48 in chips) 
Seat 6: AlexPinsk1 ($100 in chips) 
UnderC@t: posts small blind $0.50
AlexPinsk1: posts big blind $1
*** HOLE CARDS ***
AndreaBsAs: raises $1.20 to $2.20
erpaye: folds 
jujulesuspicieu: folds 
Supermegopro: folds 
UnderC@t: folds 
AlexPinsk1: folds 
Uncalled bet ($1.20) returned to AndreaBsAs
AndreaBsAs collected $2.50 from pot
*** SUMMARY ***
Total pot $2.50 | Rake $0 
Seat 1: AndreaBsAs collected ($2.50)
Seat 2: erpaye folded before Flop (didn't bet)
Seat 3: jujulesuspicieu folded before Flop (didn't bet)
Seat 4: Supermegopro (button) folded before Flop (didn't bet)
Seat 5: UnderC@t (small blind) folded before Flop
Seat 6: AlexPinsk1 (big blind) folded before Flop



PokerStars Hand #254517936357:  Hold'em No Limit ($0.50/$1.00 USD) - 2025/01/23 19:28:36 WET [2025/01/23 14:28:36 ET]
Table 'Maia IV' 6-max Seat #5 is the button
Seat 1: AndreaBsAs ($182.61 in chips) 
Seat 2: erpaye ($111.34 in chips) 
Seat 3: jujulesuspicieu ($111.78 in chips) 
Seat 4: Supermegopro ($100 in chips) 
Seat 5: UnderC@t ($116.98 in chips) 
Seat 6: AlexPinsk1 ($100 in chips) 
AlexPinsk1: posts small blind $0.50
AndreaBsAs: posts big blind $1
*** HOLE CARDS ***
erpaye: folds 
jujulesuspicieu: calls $1
Supermegopro: folds 
UnderC@t: raises $3 to $4
AlexPinsk1: folds 
AndreaBsAs: folds 
jujulesuspicieu: calls $3
*** FLOP *** [2h 9d 6h]
jujulesuspicieu: checks 
UnderC@t: bets $6.77
jujulesuspicieu: calls $6.77
*** TURN *** [2h 9d 6h] [4h]
jujulesuspicieu: checks 
UnderC@t: checks 
*** RIVER *** [2h 9d 6h 4h] [Jh]
jujulesuspicieu: bets $101.01 and is all-in
UnderC@t: folds 
Uncalled bet ($101.01) returned to jujulesuspicieu
jujulesuspicieu collected $21.89 from pot
*** SUMMARY ***
Total pot $23.04 | Rake $1.15 
Board [2h 9d 6h 4h Jh]
Seat 1: AndreaBsAs (big blind) folded before Flop
Seat 2: erpaye folded before Flop (didn't bet)
Seat 3: jujulesuspicieu collected ($21.89)
Seat 4: Supermegopro folded before Flop (didn't bet)
Seat 5: UnderC@t (button) folded on the River
Seat 6: AlexPinsk1 (small blind) folded before Flop



PokerStars Hand #254517954639:  Hold'em No Limit ($0.50/$1.00 USD) - 2025/01/23 19:29:51 WET [2025/01/23 14:29:51 ET]
Table 'Maia IV' 6-max Seat #6 is the button
Seat 1: AndreaBsAs ($181.61 in chips) 
Seat 2: erpaye ($111.34 in chips) 
Seat 3: jujulesuspicieu ($122.90 in chips) 
Seat 4: Supermegopro ($100 in chips) 
Seat 5: UnderC@t ($106.21 in chips) 
Seat 6: AlexPinsk1 ($100 in chips) 
AndreaBsAs: posts small blind $0.50
erpaye: posts big blind $1
*** HOLE CARDS ***
jujulesuspicieu: folds 
Supermegopro: raises $1.50 to $2.50
UnderC@t: folds 
AlexPinsk1: folds 
AndreaBsAs: folds 
erpaye: raises $10 to $12.50
Supermegopro: folds 
Uncalled bet ($10) returned to erpaye
erpaye collected $5.50 from pot
erpaye: doesn't show hand 
*** SUMMARY ***
Total pot $5.50 | Rake $0 
Seat 1: AndreaBsAs (small blind) folded before Flop
Seat 2: erpaye (big blind) collected ($5.50)
Seat 3: jujulesuspicieu folded before Flop (didn't bet)
Seat 4: Supermegopro folded before Flop
Seat 5: UnderC@t folded before Flop (didn't bet)
Seat 6: AlexPinsk1 (button) folded before Flop (didn't bet)



PokerStars Hand #254517962939:  Hold'em No Limit ($0.50/$1.00 USD) - 2025/01/23 19:30:24 WET [2025/01/23 14:30:24 ET]
Table 'Maia IV' 6-max Seat #1 is the button
Seat 1: AndreaBsAs ($181.11 in chips) 
Seat 2: erpaye ($114.34 in chips) 
Seat 3: jujulesuspicieu ($122.90 in chips) 
Seat 4: Supermegopro ($100 in chips) 
Seat 5: UnderC@t ($106.21 in chips) 
Seat 6: AlexPinsk1 ($100 in chips) 
erpaye: posts small blind $0.50
jujulesuspicieu: posts big blind $1
*** HOLE CARDS ***
Supermegopro: folds 
UnderC@t: folds 
AlexPinsk1: folds 
AndreaBsAs: folds 
erpaye: calls $0.50
jujulesuspicieu: checks 
*** FLOP *** [7s Ac Ad]
erpaye: bets $1
jujulesuspicieu: folds 
Uncalled bet ($1) returned to erpaye
erpaye collected $1.90 from pot
erpaye: doesn't show hand 
*** SUMMARY ***
Total pot $2 | Rake $0.10 
Board [7s Ac Ad]
Seat 1: AndreaBsAs (button) folded before Flop (didn't bet)
Seat 2: erpaye (small blind) collected ($1.90)
Seat 3: jujulesuspicieu (big blind) folded on the Flop
Seat 4: Supermegopro folded before Flop (didn't bet)
Seat 5: UnderC@t folded before Flop (didn't bet)
Seat 6: AlexPinsk1 folded before Flop (didn't bet)



PokerStars Hand #254517970345:  Hold'em No Limit ($0.50/$1.00 USD) - 2025/01/23 19:30:55 WET [2025/01/23 14:30:55 ET]
Table 'Maia IV' 6-max Seat #2 is the button
Seat 1: AndreaBsAs ($181.11 in chips) 
Seat 2: erpaye ($115.24 in chips) 
Seat 3: jujulesuspicieu ($121.90 in chips) 
Seat 4: Supermegopro ($100 in chips) 
Seat 5: UnderC@t ($106.21 in chips) 
Seat 6: AlexPinsk1 ($100 in chips) 
jujulesuspicieu: posts small blind $0.50
Supermegopro: posts big blind $1
*** HOLE CARDS ***
UnderC@t: folds 
AlexPinsk1: folds 
AndreaBsAs: folds 
erpaye: raises $1 to $2
jujulesuspicieu: raises $2 to $4
Supermegopro: folds 
erpaye: raises $12 to $16
jujulesuspicieu: calls $12
*** FLOP *** [Jc 4d Jd]
jujulesuspicieu: checks 
erpaye: bets $4.60
jujulesuspicieu: raises $4.60 to $9.20
erpaye: calls $4.60
*** TURN *** [Jc 4d Jd] [7c]
jujulesuspicieu: bets $24.45
erpaye: calls $24.45
*** RIVER *** [Jc 4d Jd 7c] [Ad]
jujulesuspicieu: bets $72.25 and is all-in
erpaye: calls $65.59 and is all-in
Uncalled bet ($6.66) returned to jujulesuspicieu
*** SHOW DOWN ***
jujulesuspicieu: shows [4h 4s] (a full house, Fours full of Jacks)
erpaye: shows [Js Jh] (four of a kind, Jacks)
erpaye collected $228.98 from pot
*** SUMMARY ***
Total pot $231.48 | Rake $2.50 
Board [Jc 4d Jd 7c Ad]
Seat 1: AndreaBsAs folded before Flop (didn't bet)
Seat 2: erpaye (button) showed [Js Jh] and won ($228.98) with four of a kind, Jacks
Seat 3: jujulesuspicieu (small blind) showed [4h 4s] and lost with a full house, Fours full of Jacks
Seat 4: Supermegopro (big blind) folded before Flop
Seat 5: UnderC@t folded before Flop (didn't bet)
Seat 6: AlexPinsk1 folded before Flop (didn't bet)



PokerStars Hand #254518001176:  Hold'em No Limit ($0.50/$1.00 USD) - 2025/01/23 19:33:02 WET [2025/01/23 14:33:02 ET]
Table 'Maia IV' 6-max Seat #3 is the button
Seat 1: AndreaBsAs ($181.11 in chips) 
Seat 2: erpaye ($228.98 in chips) 
Seat 3: jujulesuspicieu ($6.66 in chips) 
Seat 4: Supermegopro ($100 in chips) 
Seat 5: UnderC@t ($106.21 in chips) 
Seat 6: AlexPinsk1 ($100 in chips) 
Supermegopro: posts small blind $0.50
UnderC@t: posts big blind $1
*** HOLE CARDS ***
AlexPinsk1: folds 
AndreaBsAs: raises $1.20 to $2.20
erpaye: folds 
jujulesuspicieu is disconnected 
jujulesuspicieu has timed out while disconnected
jujulesuspicieu: folds 
Supermegopro: folds 
UnderC@t: folds 
Uncalled bet ($1.20) returned to AndreaBsAs
AndreaBsAs collected $2.50 from pot
*** SUMMARY ***
Total pot $2.50 | Rake $0 
Seat 1: AndreaBsAs collected ($2.50)
Seat 2: erpaye folded before Flop (didn't bet)
Seat 3: jujulesuspicieu (button) folded before Flop (didn't bet)
Seat 4: Supermegopro (small blind) folded before Flop
Seat 5: UnderC@t (big blind) folded before Flop
Seat 6: AlexPinsk1 folded before Flop (didn't bet)



PokerStars Hand #254518009973:  Hold'em No Limit ($0.50/$1.00 USD) - 2025/01/23 19:33:38 WET [2025/01/23 14:33:38 ET]
Table 'Maia IV' 6-max Seat #4 is the button
Seat 3: jujulesuspicieu ($6.66 in chips) is sitting out
Seat 1: AndreaBsAs ($182.61 in chips) 
Seat 2: erpaye ($228.98 in chips) 
Seat 4: Supermegopro ($100 in chips) 
Seat 5: UnderC@t ($105.21 in chips) 
Seat 6: AlexPinsk1 ($100 in chips) 
UnderC@t: posts small blind $0.50
AlexPinsk1: posts big blind $1
*** HOLE CARDS ***
AndreaBsAs: raises $1.20 to $2.20
erpaye: folds 
Supermegopro: folds 
UnderC@t: folds 
AlexPinsk1: folds 
Uncalled bet ($1.20) returned to AndreaBsAs
AndreaBsAs collected $2.50 from pot
*** SUMMARY ***
Total pot $2.50 | Rake $0 
Seat 3: jujulesuspicieu
Seat 1: AndreaBsAs collected ($2.50)
Seat 2: erpaye folded before Flop (didn't bet)
Seat 4: Supermegopro (button) folded before Flop (didn't bet)
Seat 5: UnderC@t (small blind) folded before Flop
Seat 6: AlexPinsk1 (big blind) folded before Flop



PokerStars Hand #254518013854:  Hold'em No Limit ($0.50/$1.00 USD) - 2025/01/23 19:33:53 WET [2025/01/23 14:33:53 ET]
Table 'Maia IV' 6-max Seat #5 is the button
Seat 3: jujulesuspicieu ($6.66 in chips) is sitting out
Seat 1: AndreaBsAs ($184.11 in chips) 
Seat 2: erpaye ($228.98 in chips) 
Seat 4: Supermegopro ($100 in chips) 
Seat 5: UnderC@t ($104.71 in chips) 
Seat 6: AlexPinsk1 ($100 in chips) 
AlexPinsk1: posts small blind $0.50
AndreaBsAs: posts big blind $1
*** HOLE CARDS ***
erpaye: folds 
Supermegopro: folds 
UnderC@t: raises $1.50 to $2.50
AlexPinsk1: folds 
AndreaBsAs: folds 
Uncalled bet ($1.50) returned to UnderC@t
UnderC@t collected $2.50 from pot
UnderC@t: doesn't show hand 
*** SUMMARY ***
Total pot $2.50 | Rake $0 
Seat 3: jujulesuspicieu
Seat 1: AndreaBsAs (big blind) folded before Flop
Seat 2: erpaye folded before Flop (didn't bet)
Seat 4: Supermegopro folded before Flop (didn't bet)
Seat 5: UnderC@t (button) collected ($2.50)
Seat 6: AlexPinsk1 (small blind) folded before Flop



PokerStars Hand #254518021768:  Hold'em No Limit ($0.50/$1.00 USD) - 2025/01/23 19:34:26 WET [2025/01/23 14:34:26 ET]
Table 'Maia IV' 6-max Seat #6 is the button
Seat 3: jujulesuspicieu ($6.66 in chips) is sitting out
Seat 1: AndreaBsAs ($183.11 in chips) 
Seat 2: erpaye ($228.98 in chips) 
Seat 4: Supermegopro ($100 in chips) 
Seat 5: UnderC@t ($106.21 in chips) 
Seat 6: AlexPinsk1 ($100 in chips) 
AndreaBsAs: posts small blind $0.50
erpaye: posts big blind $1
*** HOLE CARDS ***
Supermegopro: raises $1.50 to $2.50
UnderC@t: raises $5 to $7.50
AlexPinsk1: folds 
AndreaBsAs: folds 
erpaye: folds 
Supermegopro: folds 
Uncalled bet ($5) returned to UnderC@t
UnderC@t collected $6.50 from pot
UnderC@t: doesn't show hand 
*** SUMMARY ***
Total pot $6.50 | Rake $0 
Seat 3: jujulesuspicieu
Seat 1: AndreaBsAs (small blind) folded before Flop
Seat 2: erpaye (big blind) folded before Flop
Seat 4: Supermegopro folded before Flop
Seat 5: UnderC@t collected ($6.50)
Seat 6: AlexPinsk1 (button) folded before Flop (didn't bet)



PokerStars Hand #254518026883:  Hold'em No Limit ($0.50/$1.00 USD) - 2025/01/23 19:34:47 WET [2025/01/23 14:34:47 ET]
Table 'Maia IV' 6-max Seat #1 is the button
Seat 3: jujulesuspicieu ($6.66 in chips) is sitting out
Seat 1: AndreaBsAs ($182.61 in chips) 
Seat 2: erpaye ($227.98 in chips) 
Seat 4: Supermegopro ($100 in chips) 
Seat 5: UnderC@t ($110.21 in chips) 
Seat 6: AlexPinsk1 ($100 in chips) 
erpaye: posts small blind $0.50
Supermegopro: posts big blind $1
*** HOLE CARDS ***
UnderC@t: folds 
AlexPinsk1: folds 
AndreaBsAs: folds 
erpaye: calls $0.50
Supermegopro: checks 
*** FLOP *** [Kc 6s Jh]
erpaye: bets $1
Supermegopro: folds 
Uncalled bet ($1) returned to erpaye
erpaye collected $1.90 from pot
erpaye: doesn't show hand 
*** SUMMARY ***
Total pot $2 | Rake $0.10 
Board [Kc 6s Jh]
Seat 3: jujulesuspicieu
Seat 1: AndreaBsAs (button) folded before Flop (didn't bet)
Seat 2: erpaye (small blind) collected ($1.90)
Seat 4: Supermegopro (big blind) folded on the Flop
Seat 5: UnderC@t folded before Flop (didn't bet)
Seat 6: AlexPinsk1 folded before Flop (didn't bet)



PokerStars Hand #254518032141:  Hold'em No Limit ($0.50/$1.00 USD) - 2025/01/23 19:35:08 WET [2025/01/23 14:35:08 ET]
Table 'Maia IV' 6-max Seat #2 is the button
Seat 3: jujulesuspicieu ($6.66 in chips) is sitting out
Seat 1: AndreaBsAs ($182.61 in chips) 
Seat 2: erpaye ($228.88 in chips) 
Seat 4: Supermegopro ($100 in chips) 
Seat 5: UnderC@t ($110.21 in chips) 
Seat 6: AlexPinsk1 ($100 in chips) 
Supermegopro: posts small blind $0.50
UnderC@t: posts big blind $1
*** HOLE CARDS ***
AlexPinsk1: folds 
AndreaBsAs: folds 
erpaye: raises $1.20 to $2.20
Supermegopro: folds 
UnderC@t: calls $1.20
*** FLOP *** [Jc 6d Ah]
UnderC@t: checks 
erpaye: bets $6.10
UnderC@t: calls $6.10
*** TURN *** [Jc 6d Ah] [Jd]
UnderC@t: checks 
erpaye: checks 
*** RIVER *** [Jc 6d Ah Jd] [Th]
UnderC@t: checks 
erpaye: bets $12.18
UnderC@t: calls $12.18
*** SHOW DOWN ***
erpaye: shows [Qd Ad] (two pair, Aces and Jacks)
UnderC@t: mucks hand 
erpaye collected $39.39 from pot
*** SUMMARY ***
Total pot $41.46 | Rake $2.07 
Board [Jc 6d Ah Jd Th]
Seat 3: jujulesuspicieu
Seat 1: AndreaBsAs folded before Flop (didn't bet)
Seat 2: erpaye (button) showed [Qd Ad] and won ($39.39) with two pair, Aces and Jacks
Seat 4: Supermegopro (small blind) folded before Flop
Seat 5: UnderC@t (big blind) mucked
Seat 6: AlexPinsk1 folded before Flop (didn't bet)



PokerStars Hand #254518053026:  Hold'em No Limit ($0.50/$1.00 USD) - 2025/01/23 19:36:32 WET [2025/01/23 14:36:32 ET]
Table 'Maia IV' 6-max Seat #4 is the button
Seat 3: jujulesuspicieu ($6.66 in chips) is sitting out
Seat 1: AndreaBsAs ($182.61 in chips) 
Seat 2: erpaye ($247.79 in chips) 
Seat 4: Supermegopro ($100 in chips) 
Seat 5: UnderC@t ($100 in chips) 
Seat 6: AlexPinsk1 ($100 in chips) 
UnderC@t: posts small blind $0.50
AlexPinsk1: posts big blind $1
*** HOLE CARDS ***
AndreaBsAs: folds 
erpaye: folds 
Supermegopro: folds 
UnderC@t: raises $2 to $3
AlexPinsk1: raises $6 to $9
UnderC@t: folds 
Uncalled bet ($6) returned to AlexPinsk1
AlexPinsk1 collected $6 from pot
AlexPinsk1: doesn't show hand 
*** SUMMARY ***
Total pot $6 | Rake $0 
Seat 3: jujulesuspicieu
Seat 1: AndreaBsAs folded before Flop (didn't bet)
Seat 2: erpaye folded before Flop (didn't bet)
Seat 4: Supermegopro (button) folded before Flop (didn't bet)
Seat 5: UnderC@t (small blind) folded before Flop
Seat 6: AlexPinsk1 (big blind) collected ($6)



PokerStars Hand #254518060303:  Hold'em No Limit ($0.50/$1.00 USD) - 2025/01/23 19:37:01 WET [2025/01/23 14:37:01 ET]
Table 'Maia IV' 6-max Seat #5 is the button
Seat 1: AndreaBsAs ($182.61 in chips) is sitting out
Seat 2: erpaye ($247.79 in chips) 
Seat 3: jujulesuspicieu ($6.66 in chips) 
Seat 4: Supermegopro ($100 in chips) 
Seat 5: UnderC@t ($100 in chips) 
Seat 6: AlexPinsk1 ($103 in chips) 
AlexPinsk1: posts small blind $0.50
AndreaBsAs: is sitting out 
erpaye: posts big blind $1
jujulesuspicieu: posts small & big blinds $1.50
*** HOLE CARDS ***
jujulesuspicieu: checks 
Supermegopro: folds 
UnderC@t: raises $3 to $4
AlexPinsk1: folds 
erpaye: calls $3
jujulesuspicieu: folds 
*** FLOP *** [Jh Kh 3c]
erpaye: checks 
UnderC@t: bets $3
erpaye: calls $3
*** TURN *** [Jh Kh 3c] [3h]
erpaye: checks 
UnderC@t: bets $11.40
erpaye: folds 
Uncalled bet ($11.40) returned to UnderC@t
UnderC@t collected $15.20 from pot
UnderC@t: doesn't show hand 
*** SUMMARY ***
Total pot $16 | Rake $0.80 
Board [Jh Kh 3c 3h]
Seat 1: AndreaBsAs
Seat 2: erpaye (big blind) folded on the Turn
Seat 3: jujulesuspicieu folded before Flop (didn't bet)
Seat 4: Supermegopro folded before Flop (didn't bet)
Seat 5: UnderC@t (button) collected ($15.20)
Seat 6: AlexPinsk1 (small blind) folded before Flop



PokerStars Hand #254518079698:  Hold'em No Limit ($0.50/$1.00 USD) - 2025/01/23 19:38:20 WET [2025/01/23 14:38:20 ET]
Table 'Maia IV' 6-max Seat #6 is the button
Seat 1: AndreaBsAs ($182.61 in chips) is sitting out
Seat 2: erpaye ($240.79 in chips) 
Seat 3: jujulesuspicieu ($5.16 in chips) 
Seat 4: Supermegopro ($100 in chips) 
Seat 5: UnderC@t ($108.20 in chips) 
Seat 6: AlexPinsk1 ($102.50 in chips) 
erpaye: posts small blind $0.50
jujulesuspicieu: posts big blind $1
*** HOLE CARDS ***
Supermegopro: raises $1.50 to $2.50
UnderC@t: folds 
AlexPinsk1: folds 
erpaye: folds 
jujulesuspicieu: folds 
Uncalled bet ($1.50) returned to Supermegopro
Supermegopro collected $2.50 from pot
Supermegopro: doesn't show hand 
jujulesuspicieu leaves the table
*** SUMMARY ***
Total pot $2.50 | Rake $0 
Seat 1: AndreaBsAs
Seat 2: erpaye (small blind) folded before Flop
Seat 3: jujulesuspicieu (big blind) folded before Flop
Seat 4: Supermegopro collected ($2.50)
Seat 5: UnderC@t folded before Flop (didn't bet)
Seat 6: AlexPinsk1 (button) folded before Flop (didn't bet)



PokerStars Hand #254518084264:  Hold'em No Limit ($0.50/$1.00 USD) - 2025/01/23 19:38:38 WET [2025/01/23 14:38:38 ET]
Table 'Maia IV' 6-max Seat #2 is the button
Seat 1: AndreaBsAs ($182.61 in chips) is sitting out
Seat 2: erpaye ($240.29 in chips) 
Seat 4: Supermegopro ($101.50 in chips) 
Seat 5: UnderC@t ($108.20 in chips) 
Seat 6: AlexPinsk1 ($102.50 in chips) 
Supermegopro: posts small blind $0.50
UnderC@t: posts big blind $1
AndreaBsAs: sits out 
*** HOLE CARDS ***
treds17 joins the table at seat #3 
AlexPinsk1: folds 
treds17 leaves the table
erpaye: folds 
Supermegopro: raises $2 to $3
UnderC@t: calls $2
*** FLOP *** [7s 4h Qc]
Supermegopro: checks 
BoyLoc0 joins the table at seat #3 
UnderC@t: bets $1.71
Supermegopro: folds 
Uncalled bet ($1.71) returned to UnderC@t
UnderC@t collected $5.70 from pot
UnderC@t: doesn't show hand 
*** SUMMARY ***
Total pot $6 | Rake $0.30 
Board [7s 4h Qc]
Seat 1: AndreaBsAs
Seat 2: erpaye (button) folded before Flop (didn't bet)
Seat 4: Supermegopro (small blind) folded on the Flop
Seat 5: UnderC@t (big blind) collected ($5.70)
Seat 6: AlexPinsk1 folded before Flop (didn't bet)



PokerStars Hand #254518091749:  Hold'em No Limit ($0.50/$1.00 USD) - 2025/01/23 19:39:08 WET [2025/01/23 14:39:08 ET]
Table 'Maia IV' 6-max Seat #4 is the button
Seat 1: AndreaBsAs ($182.61 in chips) is sitting out
Seat 3: BoyLoc0 ($100 in chips) is sitting out
Seat 6: AlexPinsk1 ($102.50 in chips) is sitting out
Seat 2: erpaye ($240.29 in chips) 
Seat 4: Supermegopro ($100 in chips) 
Seat 5: UnderC@t ($110.90 in chips) 
UnderC@t: posts small blind $0.50
AlexPinsk1: is sitting out 
AndreaBsAs: is sitting out 
erpaye: posts big blind $1
BoyLoc0: sits out 
*** HOLE CARDS ***
Supermegopro: folds 
AlexPinsk1 leaves the table
UnderC@t: raises $2 to $3
EAroca joins the table at seat #6 
erpaye: calls $2
*** FLOP *** [2d 6d 5d]
UnderC@t: checks 
erpaye: checks 
*** TURN *** [2d 6d 5d] [Qs]
UnderC@t: checks 
erpaye: checks 
*** RIVER *** [2d 6d 5d Qs] [2h]
UnderC@t: bets $1.71
AndreaBsAs leaves the table
erpaye: raises $6.02 to $7.73
UnderC@t: folds 
Uncalled bet ($6.02) returned to erpaye
erpaye collected $8.95 from pot
erpaye: doesn't show hand 
*** SUMMARY ***
Total pot $9.42 | Rake $0.47 
Board [2d 6d 5d Qs 2h]
Seat 1: AndreaBsAs
Seat 3: BoyLoc0
Seat 6: AlexPinsk1
Seat 2: erpaye (big blind) collected ($8.95)
Seat 4: Supermegopro (button) folded before Flop (didn't bet)
Seat 5: UnderC@t (small blind) folded on the River



PokerStars Hand #254518107977:  Hold'em No Limit ($0.50/$1.00 USD) - 2025/01/23 19:40:13 WET [2025/01/23 14:40:13 ET]
Table 'Maia IV' 6-max Seat #5 is the button
Seat 6: EAroca ($100 in chips) is sitting out
Seat 2: erpaye ($244.53 in chips) 
Seat 3: BoyLoc0 ($100 in chips) 
Seat 4: Supermegopro ($100 in chips) 
Seat 5: UnderC@t ($106.19 in chips) 
erpaye: posts small blind $0.50
BoyLoc0: posts big blind $1
*** HOLE CARDS ***
Supermegopro: raises $1.50 to $2.50
UnderC@t: folds 
erpaye: folds 
BoyLoc0: folds 
Uncalled bet ($1.50) returned to Supermegopro
Supermegopro collected $2.50 from pot
Supermegopro: doesn't show hand 
*** SUMMARY ***
Total pot $2.50 | Rake $0 
Seat 6: EAroca
Seat 2: erpaye (small blind) folded before Flop
Seat 3: BoyLoc0 (big blind) folded before Flop
Seat 4: Supermegopro collected ($2.50)
Seat 5: UnderC@t (button) folded before Flop (didn't bet)



PokerStars Hand #254518111303:  Hold'em No Limit ($0.50/$1.00 USD) - 2025/01/23 19:40:26 WET [2025/01/23 14:40:26 ET]
Table 'Maia IV' 6-max Seat #2 is the button
Seat 6: EAroca ($100 in chips) is sitting out
Seat 2: erpaye ($244.03 in chips) 
Seat 3: BoyLoc0 ($100 in chips) 
Seat 4: Supermegopro ($101.50 in chips) 
Seat 5: UnderC@t ($106.19 in chips) 
BoyLoc0: posts small blind $0.50
Supermegopro: posts big blind $1
EAroca: sits out 
*** HOLE CARDS ***
UnderC@t: raises $1.50 to $2.50
erpaye: raises $5 to $7.50
BoyLoc0: folds 
Supermegopro: folds 
UnderC@t: raises $13.50 to $21
erpaye: folds 
Uncalled bet ($13.50) returned to UnderC@t
erpaye leaves the table
UnderC@t collected $16.50 from pot
UnderC@t: doesn't show hand 
*** SUMMARY ***
Total pot $16.50 | Rake $0 
Seat 6: EAroca
Seat 2: erpaye (button) folded before Flop
Seat 3: BoyLoc0 (small blind) folded before Flop
Seat 4: Supermegopro (big blind) folded before Flop
Seat 5: UnderC@t collected ($16.50)



PokerStars Hand #254518128452:  Hold'em No Limit ($0.50/$1.00 USD) - 2025/01/23 19:41:34 WET [2025/01/23 14:41:34 ET]
Table 'Maia IV' 6-max Seat #3 is the button
Seat 6: EAroca ($100 in chips) is sitting out
Seat 3: BoyLoc0 ($100 in chips) 
Seat 4: Supermegopro ($100.50 in chips) 
Seat 5: UnderC@t ($115.19 in chips) 
Supermegopro: posts small blind $0.50
UnderC@t: posts big blind $1
EAroca: sits out 
*** HOLE CARDS ***
BoyLoc0: folds 
Supermegopro: raises $2 to $3
UnderC@t: folds 
Uncalled bet ($2) returned to Supermegopro
Supermegopro collected $2 from pot
Supermegopro: doesn't show hand 
*** SUMMARY ***
Total pot $2 | Rake $0 
Seat 6: EAroca
Seat 3: BoyLoc0 (button) folded before Flop (didn't bet)
Seat 4: Supermegopro (small blind) collected ($2)
Seat 5: UnderC@t (big blind) folded before Flop



PokerStars Hand #254518131036:  Hold'em No Limit ($0.50/$1.00 USD) - 2025/01/23 19:41:45 WET [2025/01/23 14:41:45 ET]
Table 'Maia IV' 6-max Seat #4 is the button
Seat 3: BoyLoc0 ($100 in chips) 
Seat 4: Supermegopro ($101.50 in chips) 
Seat 5: UnderC@t ($114.19 in chips) 
Seat 6: EAroca ($100 in chips) 
UnderC@t: posts small blind $0.50
EAroca: posts big blind $1
*** HOLE CARDS ***
BoyLoc0: folds 
Supermegopro: folds 
UnderC@t: folds 
Uncalled bet ($0.50) returned to EAroca
EAroca collected $1 from pot
EAroca: doesn't show hand 
*** SUMMARY ***
Total pot $1 | Rake $0 
Seat 3: BoyLoc0 folded before Flop (didn't bet)
Seat 4: Supermegopro (button) folded before Flop (didn't bet)
Seat 5: UnderC@t (small blind) folded before Flop
Seat 6: EAroca (big blind) collected ($1)



PokerStars Hand #254518133369:  Hold'em No Limit ($0.50/$1.00 USD) - 2025/01/23 19:41:54 WET [2025/01/23 14:41:54 ET]
Table 'Maia IV' 6-max Seat #5 is the button
Seat 3: BoyLoc0 ($100 in chips) 
Seat 4: Supermegopro ($101.50 in chips) 
Seat 5: UnderC@t ($113.69 in chips) 
Seat 6: EAroca ($100.50 in chips) 
EAroca: posts small blind $0.50
BoyLoc0: posts big blind $1
*** HOLE CARDS ***
Supermegopro: folds 
UnderC@t: raises $1.50 to $2.50
EAroca: folds 
BoyLoc0: folds 
Uncalled bet ($1.50) returned to UnderC@t
UnderC@t collected $2.50 from pot
UnderC@t: doesn't show hand 
*** SUMMARY ***
Total pot $2.50 | Rake $0 
Seat 3: BoyLoc0 (big blind) folded before Flop
Seat 4: Supermegopro folded before Flop (didn't bet)
Seat 5: UnderC@t (button) collected ($2.50)
Seat 6: EAroca (small blind) folded before Flop



PokerStars Hand #254518139061:  Hold'em No Limit ($0.50/$1.00 USD) - 2025/01/23 19:42:17 WET [2025/01/23 14:42:17 ET]
Table 'Maia IV' 6-max Seat #6 is the button
Seat 3: BoyLoc0 ($100 in chips) 
Seat 4: Supermegopro ($101.50 in chips) 
Seat 5: UnderC@t ($115.19 in chips) 
Seat 6: EAroca ($100 in chips) 
BoyLoc0: posts small blind $0.50
Supermegopro: posts big blind $1
*** HOLE CARDS ***
UnderC@t: folds 
EAroca: raises $1.50 to $2.50
BoyLoc0: folds 
Supermegopro: folds 
Uncalled bet ($1.50) returned to EAroca
EAroca collected $2.50 from pot
EAroca: doesn't show hand 
*** SUMMARY ***
Total pot $2.50 | Rake $0 
Seat 3: BoyLoc0 (small blind) folded before Flop
Seat 4: Supermegopro (big blind) folded before Flop
Seat 5: UnderC@t folded before Flop (didn't bet)
Seat 6: EAroca (button) collected ($2.50)



PokerStars Hand #254518143822:  Hold'em No Limit ($0.50/$1.00 USD) - 2025/01/23 19:42:35 WET [2025/01/23 14:42:35 ET]
Table 'Maia IV' 6-max Seat #3 is the button
Seat 3: BoyLoc0 ($100 in chips) 
Seat 4: Supermegopro ($100.50 in chips) 
Seat 5: UnderC@t ($115.19 in chips) 
Seat 6: EAroca ($101.50 in chips) 
Supermegopro: posts small blind $0.50
UnderC@t: posts big blind $1
*** HOLE CARDS ***
EAroca: folds 
BoyLoc0: raises $1.50 to $2.50
Supermegopro: folds 
UnderC@t: calls $1.50
*** FLOP *** [4h 9s 6c]
UnderC@t: checks 
El Broski joins the table at seat #1 
BoyLoc0: bets $1.72
UnderC@t: folds 
Uncalled bet ($1.72) returned to BoyLoc0
BoyLoc0 collected $5.22 from pot
peak joker33 joins the table at seat #2 
BoyLoc0: doesn't show hand 
*** SUMMARY ***
Total pot $5.50 | Rake $0.28 
Board [4h 9s 6c]
Seat 3: BoyLoc0 (button) collected ($5.22)
Seat 4: Supermegopro (small blind) folded before Flop
Seat 5: UnderC@t (big blind) folded on the Flop
Seat 6: EAroca folded before Flop (didn't bet)



PokerStars Hand #254518159067:  Hold'em No Limit ($0.50/$1.00 USD) - 2025/01/23 19:43:35 WET [2025/01/23 14:43:35 ET]
Table 'Maia IV' 6-max Seat #4 is the button
Seat 1: El Broski ($71.26 in chips) is sitting out
Seat 2: peak joker33 ($100 in chips) is sitting out
Seat 4: Supermegopro ($100 in chips) 
Seat 5: UnderC@t ($112.69 in chips) 
Seat 6: EAroca ($101.50 in chips) 
UnderC@t: posts small blind $0.50
EAroca: posts big blind $1
El Broski: sits out 
peak joker33: sits out 
*** HOLE CARDS ***
Supermegopro: folds 
BoyLoc0 joins the table at seat #3 
UnderC@t: raises $2 to $3
EAroca: raises $6 to $9
UnderC@t: folds 
Uncalled bet ($6) returned to EAroca
EAroca collected $6 from pot
EAroca: doesn't show hand 
*** SUMMARY ***
Total pot $6 | Rake $0 
Seat 1: El Broski
Seat 2: peak joker33
Seat 4: Supermegopro (button) folded before Flop (didn't bet)
Seat 5: UnderC@t (small blind) folded before Flop
Seat 6: EAroca (big blind) collected ($6)



PokerStars Hand #254518165933:  Hold'em No Limit ($0.50/$1.00 USD) - 2025/01/23 19:44:02 WET [2025/01/23 14:44:02 ET]
Table 'Maia IV' 6-max Seat #5 is the button
Seat 2: peak joker33 ($100 in chips) is sitting out
Seat 3: BoyLoc0 ($102.72 in chips) is sitting out
Seat 1: El Broski ($71.26 in chips) 
Seat 4: Supermegopro ($100 in chips) 
Seat 5: UnderC@t ($109.69 in chips) 
Seat 6: EAroca ($104.50 in chips) 
EAroca: posts small blind $0.50
El Broski: posts big blind $1
peak joker33: sits out 
BoyLoc0: sits out 
*** HOLE CARDS ***
Supermegopro: raises $1.50 to $2.50
UnderC@t: folds 
EAroca: folds 
El Broski: folds 
Uncalled bet ($1.50) returned to Supermegopro
Supermegopro collected $2.50 from pot
Supermegopro: doesn't show hand 
*** SUMMARY ***
Total pot $2.50 | Rake $0 
Seat 2: peak joker33
Seat 3: BoyLoc0
Seat 1: El Broski (big blind) folded before Flop
Seat 4: Supermegopro collected ($2.50)
Seat 5: UnderC@t (button) folded before Flop (didn't bet)
Seat 6: EAroca (small blind) folded before Flop



PokerStars Hand #254518169470:  Hold'em No Limit ($0.50/$1.00 USD) - 2025/01/23 19:44:15 WET [2025/01/23 14:44:15 ET]
Table 'Maia IV' 6-max Seat #6 is the button
Seat 3: BoyLoc0 ($102.72 in chips) is sitting out
Seat 1: El Broski ($70.26 in chips) 
Seat 2: peak joker33 ($100 in chips) 
Seat 4: Supermegopro ($101.50 in chips) 
Seat 5: UnderC@t ($109.69 in chips) 
Seat 6: EAroca ($104 in chips) 
El Broski: posts small blind $0.50
peak joker33: posts big blind $1
BoyLoc0: sits out 
*** HOLE CARDS ***
Supermegopro: folds 
UnderC@t: folds 
EAroca: folds 
El Broski: folds 
Uncalled bet ($0.50) returned to peak joker33
El Broski leaves the table
peak joker33 collected $1 from pot
peak joker33: doesn't show hand 
*** SUMMARY ***
Total pot $1 | Rake $0 
Seat 3: BoyLoc0
Seat 1: El Broski (small blind) folded before Flop
Seat 2: peak joker33 (big blind) collected ($1)
Seat 4: Supermegopro folded before Flop (didn't bet)
Seat 5: UnderC@t folded before Flop (didn't bet)
Seat 6: EAroca (button) folded before Flop (didn't bet)



PokerStars Hand #254518175000:  Hold'em No Limit ($0.50/$1.00 USD) - 2025/01/23 19:44:37 WET [2025/01/23 14:44:37 ET]
Table 'Maia IV' 6-max Seat #2 is the button
Seat 3: BoyLoc0 ($102.72 in chips) is sitting out
Seat 2: peak joker33 ($100.50 in chips) 
Seat 4: Supermegopro ($101.50 in chips) 
Seat 5: UnderC@t ($109.69 in chips) 
Seat 6: EAroca ($104 in chips) 
Supermegopro: posts small blind $0.50
UnderC@t: posts big blind $1
*** HOLE CARDS ***
EAroca: folds 
peak joker33: raises $1.50 to $2.50
BoyLoc0 leaves the table
Supermegopro: folds 
UnderC@t: folds 
Uncalled bet ($1.50) returned to peak joker33
peak joker33 collected $2.50 from pot
peak joker33: doesn't show hand 
*** SUMMARY ***
Total pot $2.50 | Rake $0 
Seat 3: BoyLoc0
Seat 2: peak joker33 (button) collected ($2.50)
Seat 4: Supermegopro (small blind) folded before Flop
Seat 5: UnderC@t (big blind) folded before Flop
Seat 6: EAroca folded before Flop (didn't bet)



PokerStars Hand #254518178459:  Hold'em No Limit ($0.50/$1.00 USD) - 2025/01/23 19:44:50 WET [2025/01/23 14:44:50 ET]
Table 'Maia IV' 6-max Seat #5 is the button
Seat 2: peak joker33 ($102 in chips) is sitting out
Seat 6: EAroca ($104 in chips) is sitting out
Seat 4: Supermegopro ($101 in chips) 
Seat 5: UnderC@t ($108.69 in chips) 
UnderC@t: posts small blind $0.50
EAroca: is sitting out 
peak joker33: is sitting out 
Supermegopro: posts big blind $1
*** HOLE CARDS ***
peak joker33 leaves the table
UnderC@t: raises $1.50 to $2.50
Supermegopro: calls $1.50
*** FLOP *** [6s Qd Qh]
Supermegopro: checks 
UnderC@t: bets $1.43
EAroca leaves the table
Supermegopro: calls $1.43
*** TURN *** [6s Qd Qh] [5c]
Supermegopro: checks 
UnderC@t: checks 
*** RIVER *** [6s Qd Qh 5c] [Tc]
Supermegopro: checks 
UnderC@t: checks 
*** SHOW DOWN ***
Supermegopro: shows [Kd Jc] (a pair of Queens)
UnderC@t: shows [Ah 3d] (a pair of Queens - Ace kicker)
UnderC@t collected $7.47 from pot
*** SUMMARY ***
Total pot $7.86 | Rake $0.39 
Board [6s Qd Qh 5c Tc]
Seat 2: peak joker33
Seat 6: EAroca
Seat 4: Supermegopro (big blind) showed [Kd Jc] and lost with a pair of Queens
Seat 5: UnderC@t (button) (small blind) showed [Ah 3d] and won ($7.47) with a pair of Queens



PokerStars Hand #254518188211:  Hold'em No Limit ($0.50/$1.00 USD) - 2025/01/23 19:45:27 WET [2025/01/23 14:45:27 ET]
Table 'Maia IV' 6-max Seat #4 is the button
Seat 4: Supermegopro ($100 in chips) 
Seat 5: UnderC@t ($112.23 in chips) 
Supermegopro: posts small blind $0.50
UnderC@t: posts big blind $1
*** HOLE CARDS ***
Supermegopro: folds 
Uncalled bet ($0.50) returned to UnderC@t
UnderC@t collected $1 from pot
UnderC@t: doesn't show hand 
*** SUMMARY ***
Total pot $1 | Rake $0 
Seat 4: Supermegopro (button) (small blind) folded before Flop
Seat 5: UnderC@t (big blind) collected ($1)



PokerStars Hand #254518189834:  Hold'em No Limit ($0.50/$1.00 USD) - 2025/01/23 19:45:33 WET [2025/01/23 14:45:33 ET]
Table 'Maia IV' 6-max Seat #5 is the button
Seat 4: Supermegopro ($100 in chips) 
Seat 5: UnderC@t ($112.73 in chips) 
UnderC@t: posts small blind $0.50
Supermegopro: posts big blind $1
*** HOLE CARDS ***
UnderC@t: raises $1.50 to $2.50
Supermegopro: folds 
Uncalled bet ($1.50) returned to UnderC@t
UnderC@t collected $2 from pot
UnderC@t: doesn't show hand 
*** SUMMARY ***
Total pot $2 | Rake $0 
Seat 4: Supermegopro (big blind) folded before Flop
Seat 5: UnderC@t (button) (small blind) collected ($2)



