PokerStars Hand #254515676386:  Hold'em No Limit ($0.50/$1.00 USD) - 2025/01/23 16:36:43 WET [2025/01/23 11:36:43 ET]
Table 'Zwetana IV' 6-max Seat #2 is the button
Seat 2: 3EPH ($100 in chips) 
Seat 4: MAO_DZEDYN_S ($100 in chips) 
Seat 6: Pumuking ($100 in chips) 
MAO_DZEDYN_S: posts small blind $0.50
Pumuking: posts big blind $1
*** HOLE CARDS ***
3EPH: raises $1.50 to $2.50
MAO_DZEDYN_S: folds 
Pumuking: raises $9.50 to $12
SLAPORSB joins the table at seat #1 
3EPH: calls $9.50
*** FLOP *** [9c 9h 3c]
kuhclemO joins the table at seat #3 
Pumuking: bets $9.40
3EPH: folds 
Uncalled bet ($9.40) returned to Pumuking
Pumuking collected $23.50 from pot
Pumuking: doesn't show hand 
*** SUMMARY ***
Total pot $24.50 | Rake $1 
Board [9c 9h 3c]
Seat 2: 3EPH (button) folded on the Flop
Seat 4: MAO_DZEDYN_S (small blind) folded before Flop
Seat 6: Pumuking (big blind) collected ($23.50)



PokerStars Hand #254515683648:  Hold'em No Limit ($0.50/$1.00 USD) - 2025/01/23 16:37:21 WET [2025/01/23 11:37:21 ET]
Table 'Zwetana IV' 6-max Seat #4 is the button
Seat 3: kuhclemO ($100 in chips) is sitting out
Seat 1: SLAPORSB ($100 in chips) 
Seat 2: 3EPH ($100 in chips) 
Seat 4: MAO_DZEDYN_S ($100 in chips) 
Seat 6: Pumuking ($111.50 in chips) 
Pumuking: posts small blind $0.50
SLAPORSB: posts big blind $1
kuhclemO: sits out 
*** HOLE CARDS ***
3EPH: folds 
MAO_DZEDYN_S: folds 
antey89 joins the table at seat #5 
Pumuking: folds 
Uncalled bet ($0.50) returned to SLAPORSB
SLAPORSB collected $1 from pot
SLAPORSB: doesn't show hand 
*** SUMMARY ***
Total pot $1 | Rake $0 
Seat 3: kuhclemO
Seat 1: SLAPORSB (big blind) collected ($1)
Seat 2: 3EPH folded before Flop (didn't bet)
Seat 4: MAO_DZEDYN_S (button) folded before Flop (didn't bet)
Seat 6: Pumuking (small blind) folded before Flop



PokerStars Hand #254515685342:  Hold'em No Limit ($0.50/$1.00 USD) - 2025/01/23 16:37:29 WET [2025/01/23 11:37:29 ET]
Table 'Zwetana IV' 6-max Seat #6 is the button
Seat 3: kuhclemO ($100 in chips) is sitting out
Seat 5: antey89 ($100 in chips) is sitting out
Seat 1: SLAPORSB ($100.50 in chips) 
Seat 2: 3EPH ($100 in chips) 
Seat 4: MAO_DZEDYN_S ($100 in chips) 
Seat 6: Pumuking ($111 in chips) 
SLAPORSB: posts small blind $0.50
3EPH: posts big blind $1
kuhclemO: sits out 
antey89: sits out 
*** HOLE CARDS ***
MAO_DZEDYN_S: folds 
Pumuking: raises $1.50 to $2.50
SLAPORSB: folds 
3EPH: folds 
Uncalled bet ($1.50) returned to Pumuking
Pumuking collected $2.50 from pot
Pumuking: doesn't show hand 
*** SUMMARY ***
Total pot $2.50 | Rake $0 
Seat 3: kuhclemO
Seat 5: antey89
Seat 1: SLAPORSB (small blind) folded before Flop
Seat 2: 3EPH (big blind) folded before Flop
Seat 4: MAO_DZEDYN_S folded before Flop (didn't bet)
Seat 6: Pumuking (button) collected ($2.50)



PokerStars Hand #254515688087:  Hold'em No Limit ($0.50/$1.00 USD) - 2025/01/23 16:37:44 WET [2025/01/23 11:37:44 ET]
Table 'Zwetana IV' 6-max Seat #1 is the button
Seat 5: antey89 ($100 in chips) is sitting out
Seat 1: SLAPORSB ($100 in chips) 
Seat 2: 3EPH ($100 in chips) 
Seat 3: kuhclemO ($100 in chips) 
Seat 4: MAO_DZEDYN_S ($100 in chips) 
Seat 6: Pumuking ($112.50 in chips) 
3EPH: posts small blind $0.50
kuhclemO: posts big blind $1
antey89: sits out 
*** HOLE CARDS ***
MAO_DZEDYN_S: folds 
Pumuking: folds 
SLAPORSB: raises $1.50 to $2.50
3EPH: folds 
kuhclemO: raises $7.50 to $10
SLAPORSB: folds 
Uncalled bet ($7.50) returned to kuhclemO
kuhclemO collected $5.50 from pot
kuhclemO: doesn't show hand 
*** SUMMARY ***
Total pot $5.50 | Rake $0 
Seat 5: antey89
Seat 1: SLAPORSB (button) folded before Flop
Seat 2: 3EPH (small blind) folded before Flop
Seat 3: kuhclemO (big blind) collected ($5.50)
Seat 4: MAO_DZEDYN_S folded before Flop (didn't bet)
Seat 6: Pumuking folded before Flop (didn't bet)



PokerStars Hand #254515693915:  Hold'em No Limit ($0.50/$1.00 USD) - 2025/01/23 16:38:13 WET [2025/01/23 11:38:13 ET]
Table 'Zwetana IV' 6-max Seat #2 is the button
Seat 5: antey89 ($100 in chips) is sitting out
Seat 1: SLAPORSB ($97.50 in chips) 
Seat 2: 3EPH ($100 in chips) 
Seat 3: kuhclemO ($103 in chips) 
Seat 4: MAO_DZEDYN_S ($100 in chips) 
Seat 6: Pumuking ($112.50 in chips) 
kuhclemO: posts small blind $0.50
MAO_DZEDYN_S: posts big blind $1
antey89: sits out 
*** HOLE CARDS ***
Pumuking: folds 
SLAPORSB: raises $1.50 to $2.50
3EPH: folds 
kuhclemO: folds 
MAO_DZEDYN_S: calls $1.50
*** FLOP *** [2s 3s 7s]
MAO_DZEDYN_S: checks 
SLAPORSB: bets $2
MAO_DZEDYN_S: calls $2
*** TURN *** [2s 3s 7s] [Qh]
MAO_DZEDYN_S: checks 
SLAPORSB: bets $5.50
MAO_DZEDYN_S: raises $14.50 to $20
SLAPORSB: folds 
Uncalled bet ($14.50) returned to MAO_DZEDYN_S
MAO_DZEDYN_S collected $19.48 from pot
MAO_DZEDYN_S: doesn't show hand 
*** SUMMARY ***
Total pot $20.50 | Rake $1.02 
Board [2s 3s 7s Qh]
Seat 5: antey89
Seat 1: SLAPORSB folded on the Turn
Seat 2: 3EPH (button) folded before Flop (didn't bet)
Seat 3: kuhclemO (small blind) folded before Flop
Seat 4: MAO_DZEDYN_S (big blind) collected ($19.48)
Seat 6: Pumuking folded before Flop (didn't bet)



PokerStars Hand #254515718695:  Hold'em No Limit ($0.50/$1.00 USD) - 2025/01/23 16:40:19 WET [2025/01/23 11:40:19 ET]
Table 'Zwetana IV' 6-max Seat #3 is the button
Seat 5: antey89 ($100 in chips) is sitting out
Seat 1: SLAPORSB ($100 in chips) 
Seat 2: 3EPH ($100 in chips) 
Seat 3: kuhclemO ($102.50 in chips) 
Seat 4: MAO_DZEDYN_S ($109.48 in chips) 
Seat 6: Pumuking ($112.50 in chips) 
MAO_DZEDYN_S: posts small blind $0.50
antey89: is sitting out 
antey89 leaves the table
Pumuking: posts big blind $1
*** HOLE CARDS ***
SLAPORSB: folds 
3EPH: raises $1.50 to $2.50
kuhclemO: folds 
MAO_DZEDYN_S: folds 
Pumuking: calls $1.50
*** FLOP *** [Jc Ad 7h]
Pumuking: checks 
3EPH: bets $3.92
Pumuking: folds 
Uncalled bet ($3.92) returned to 3EPH
3EPH collected $5.22 from pot
3EPH: doesn't show hand 
*** SUMMARY ***
Total pot $5.50 | Rake $0.28 
Board [Jc Ad 7h]
Seat 5: antey89
Seat 1: SLAPORSB folded before Flop (didn't bet)
Seat 2: 3EPH collected ($5.22)
Seat 3: kuhclemO (button) folded before Flop (didn't bet)
Seat 4: MAO_DZEDYN_S (small blind) folded before Flop
Seat 6: Pumuking (big blind) folded on the Flop



PokerStars Hand #254515725143:  Hold'em No Limit ($0.50/$1.00 USD) - 2025/01/23 16:40:52 WET [2025/01/23 11:40:52 ET]
Table 'Zwetana IV' 6-max Seat #4 is the button
Seat 1: SLAPORSB ($100 in chips) 
Seat 2: 3EPH ($102.72 in chips) 
Seat 3: kuhclemO ($102.50 in chips) 
Seat 4: MAO_DZEDYN_S ($108.98 in chips) 
Seat 6: Pumuking ($110 in chips) 
Pumuking: posts small blind $0.50
SLAPORSB: posts big blind $1
*** HOLE CARDS ***
3EPH: folds 
kuhclemO: folds 
MAO_DZEDYN_S: folds 
Pumuking: folds 
Uncalled bet ($0.50) returned to SLAPORSB
SLAPORSB collected $1 from pot
SLAPORSB: doesn't show hand 
*** SUMMARY ***
Total pot $1 | Rake $0 
Seat 1: SLAPORSB (big blind) collected ($1)
Seat 2: 3EPH folded before Flop (didn't bet)
Seat 3: kuhclemO folded before Flop (didn't bet)
Seat 4: MAO_DZEDYN_S (button) folded before Flop (didn't bet)
Seat 6: Pumuking (small blind) folded before Flop



PokerStars Hand #254515726659:  Hold'em No Limit ($0.50/$1.00 USD) - 2025/01/23 16:40:59 WET [2025/01/23 11:40:59 ET]
Table 'Zwetana IV' 6-max Seat #1 is the button
Seat 2: 3EPH ($102.72 in chips) is sitting out
Seat 3: kuhclemO ($102.50 in chips) is sitting out
Seat 4: MAO_DZEDYN_S ($108.98 in chips) is sitting out
Seat 1: SLAPORSB ($100.50 in chips) 
Seat 6: Pumuking ($109.50 in chips) 
SLAPORSB: posts small blind $0.50
3EPH: is sitting out 
kuhclemO: is sitting out 
MAO_DZEDYN_S: is sitting out 
Pumuking: posts big blind $1
*** HOLE CARDS ***
kuhclemO leaves the table
3EPH leaves the table
MAO_DZEDYN_S leaves the table
SLAPORSB: raises $1.50 to $2.50
Pumuking: calls $1.50
*** FLOP *** [Js 7h Td]
Pumuking: checks 
SLAPORSB: checks 
*** TURN *** [Js 7h Td] [Jh]
Pumuking: checks 
SLAPORSB: bets $2.50
Pumuking: folds 
Uncalled bet ($2.50) returned to SLAPORSB
SLAPORSB collected $4.75 from pot
SLAPORSB: doesn't show hand 
*** SUMMARY ***
Total pot $5 | Rake $0.25 
Board [Js 7h Td Jh]
Seat 2: 3EPH
Seat 3: kuhclemO
Seat 4: MAO_DZEDYN_S
Seat 1: SLAPORSB (button) (small blind) collected ($4.75)
Seat 6: Pumuking (big blind) folded on the Turn



