PokerStars Hand #254518272593:  Hold'em No Limit ($0.50/$1.00 USD) - 2025/01/23 19:50:49 WET [2025/01/23 14:50:49 ET]
Table 'Strobel IV' 6-max Seat #5 is the button
Seat 4: AIien Hand ($100 in chips) is sitting out
Seat 1: Supermegopro ($100 in chips) 
Seat 5: NISIY ($100 in chips) 
NISIY: posts small blind $0.50
Supermegopro: posts big blind $1
*** HOLE CARDS ***
NISIY: raises $1.50 to $2.50
Supermegopro: folds 
Uncalled bet ($1.50) returned to NISIY
NISIY collected $2 from pot
NISIY: doesn't show hand 
*** SUMMARY ***
Total pot $2 | Rake $0 
Seat 4: AIien Hand
Seat 1: Supermegopro (big blind) folded before Flop
Seat 5: NISIY (button) (small blind) collected ($2)



PokerStars Hand #254518274709:  Hold'em No Limit ($0.50/$1.00 USD) - 2025/01/23 19:50:57 WET [2025/01/23 14:50:57 ET]
Table 'Strobel IV' 6-max Seat #5 is the button
Seat 1: Supermegopro ($100 in chips) 
Seat 4: AIien Hand ($100 in chips) 
Seat 5: NISIY ($101 in chips) 
Supermegopro: posts small blind $0.50
AIien Hand: posts big blind $1
*** HOLE CARDS ***
NISIY: folds 
Supermegopro: raises $2 to $3
AIien Hand: folds 
Uncalled bet ($2) returned to Supermegopro
Supermegopro collected $2 from pot
Supermegopro: doesn't show hand 
*** SUMMARY ***
Total pot $2 | Rake $0 
Seat 1: Supermegopro (small blind) collected ($2)
Seat 4: AIien Hand (big blind) folded before Flop
Seat 5: NISIY (button) folded before Flop (didn't bet)



PokerStars Hand #254518277201:  Hold'em No Limit ($0.50/$1.00 USD) - 2025/01/23 19:51:06 WET [2025/01/23 14:51:06 ET]
Table 'Strobel IV' 6-max Seat #1 is the button
Seat 1: Supermegopro ($101 in chips) 
Seat 4: AIien Hand ($100 in chips) 
Seat 5: NISIY ($101 in chips) 
AIien Hand: posts small blind $0.50
NISIY: posts big blind $1
*** HOLE CARDS ***
Supermegopro: raises $1.50 to $2.50
worker0k joins the table at seat #6 
AIien Hand: folds 
NISIY: folds 
Uncalled bet ($1.50) returned to Supermegopro
Supermegopro collected $2.50 from pot
Supermegopro: doesn't show hand 
*** SUMMARY ***
Total pot $2.50 | Rake $0 
Seat 1: Supermegopro (button) collected ($2.50)
Seat 4: AIien Hand (small blind) folded before Flop
Seat 5: NISIY (big blind) folded before Flop



PokerStars Hand #254518280321:  Hold'em No Limit ($0.50/$1.00 USD) - 2025/01/23 19:51:18 WET [2025/01/23 14:51:18 ET]
Table 'Strobel IV' 6-max Seat #4 is the button
Seat 1: Supermegopro ($102.50 in chips) 
Seat 4: AIien Hand ($100 in chips) 
Seat 5: NISIY ($100 in chips) 
Seat 6: worker0k ($100 in chips) 
NISIY: posts small blind $0.50
worker0k: posts big blind $1
*** HOLE CARDS ***
Supermegopro: folds 
AIien Hand: raises $1.50 to $2.50
NISIY: folds 
worker0k: folds 
Uncalled bet ($1.50) returned to AIien Hand
AIien Hand collected $2.50 from pot
AIien Hand: doesn't show hand 
*** SUMMARY ***
Total pot $2.50 | Rake $0 
Seat 1: Supermegopro folded before Flop (didn't bet)
Seat 4: AIien Hand (button) collected ($2.50)
Seat 5: NISIY (small blind) folded before Flop
Seat 6: worker0k (big blind) folded before Flop



PokerStars Hand #254518283807:  Hold'em No Limit ($0.50/$1.00 USD) - 2025/01/23 19:51:31 WET [2025/01/23 14:51:31 ET]
Table 'Strobel IV' 6-max Seat #5 is the button
Seat 1: Supermegopro ($102.50 in chips) 
Seat 4: AIien Hand ($101.50 in chips) 
Seat 5: NISIY ($100 in chips) 
Seat 6: worker0k ($100 in chips) 
worker0k: posts small blind $0.50
Supermegopro: posts big blind $1
*** HOLE CARDS ***
AIien Hand: raises $1.20 to $2.20
NISIY: folds 
worker0k: folds 
Supermegopro: folds 
Uncalled bet ($1.20) returned to AIien Hand
AIien Hand collected $2.50 from pot
AIien Hand: doesn't show hand 
*** SUMMARY ***
Total pot $2.50 | Rake $0 
Seat 1: Supermegopro (big blind) folded before Flop
Seat 4: AIien Hand collected ($2.50)
Seat 5: NISIY (button) folded before Flop (didn't bet)
Seat 6: worker0k (small blind) folded before Flop



PokerStars Hand #254518286675:  Hold'em No Limit ($0.50/$1.00 USD) - 2025/01/23 19:51:42 WET [2025/01/23 14:51:42 ET]
Table 'Strobel IV' 6-max Seat #6 is the button
Seat 1: Supermegopro ($101.50 in chips) 
Seat 4: AIien Hand ($103 in chips) 
Seat 5: NISIY ($100 in chips) 
Seat 6: worker0k ($100 in chips) 
Supermegopro: posts small blind $0.50
AIien Hand: posts big blind $1
*** HOLE CARDS ***
NISIY: folds 
worker0k: raises $1.30 to $2.30
Supermegopro: folds 
AIien Hand: folds 
Uncalled bet ($1.30) returned to worker0k
worker0k collected $2.50 from pot
*** SUMMARY ***
Total pot $2.50 | Rake $0 
Seat 1: Supermegopro (small blind) folded before Flop
Seat 4: AIien Hand (big blind) folded before Flop
Seat 5: NISIY folded before Flop (didn't bet)
Seat 6: worker0k (button) collected ($2.50)



PokerStars Hand #254518289499:  Hold'em No Limit ($0.50/$1.00 USD) - 2025/01/23 19:51:52 WET [2025/01/23 14:51:52 ET]
Table 'Strobel IV' 6-max Seat #1 is the button
Seat 1: Supermegopro ($101 in chips) 
Seat 4: AIien Hand ($102 in chips) 
Seat 5: NISIY ($100 in chips) 
Seat 6: worker0k ($101.50 in chips) 
AIien Hand: posts small blind $0.50
NISIY: posts big blind $1
*** HOLE CARDS ***
worker0k: folds 
worker0k leaves the table
Supermegopro: folds 
AIien Hand: raises $2 to $3
NISIY: folds 
Uncalled bet ($2) returned to AIien Hand
AIien Hand collected $2 from pot
AIien Hand: doesn't show hand 
*** SUMMARY ***
Total pot $2 | Rake $0 
Seat 1: Supermegopro (button) folded before Flop (didn't bet)
Seat 4: AIien Hand (small blind) collected ($2)
Seat 5: NISIY (big blind) folded before Flop
Seat 6: worker0k folded before Flop (didn't bet)



PokerStars Hand #254518292286:  Hold'em No Limit ($0.50/$1.00 USD) - 2025/01/23 19:52:03 WET [2025/01/23 14:52:03 ET]
Table 'Strobel IV' 6-max Seat #4 is the button
Seat 1: Supermegopro ($101 in chips) 
Seat 4: AIien Hand ($103 in chips) 
Seat 5: NISIY ($100 in chips) 
NISIY: posts small blind $0.50
Supermegopro: posts big blind $1
*** HOLE CARDS ***
AIien Hand: raises $1.50 to $2.50
NISIY: folds 
Supermegopro: folds 
Uncalled bet ($1.50) returned to AIien Hand
AIien Hand collected $2.50 from pot
AIien Hand: doesn't show hand 
*** SUMMARY ***
Total pot $2.50 | Rake $0 
Seat 1: Supermegopro (big blind) folded before Flop
Seat 4: AIien Hand (button) collected ($2.50)
Seat 5: NISIY (small blind) folded before Flop



PokerStars Hand #254518295229:  Hold'em No Limit ($0.50/$1.00 USD) - 2025/01/23 19:52:14 WET [2025/01/23 14:52:14 ET]
Table 'Strobel IV' 6-max Seat #5 is the button
Seat 1: Supermegopro ($100 in chips) 
Seat 4: AIien Hand ($104.50 in chips) 
Seat 5: NISIY ($100 in chips) 
Supermegopro: posts small blind $0.50
AIien Hand: posts big blind $1
*** HOLE CARDS ***
NISIY: folds 
Supermegopro: raises $2 to $3
AIien Hand: calls $2
*** FLOP *** [Ah 7d 6h]
Supermegopro: checks 
AIien Hand: checks 
*** TURN *** [Ah 7d 6h] [Ad]
Supermegopro: bets $8.55
AIien Hand: folds 
Uncalled bet ($8.55) returned to Supermegopro
Supermegopro collected $5.70 from pot
Supermegopro: doesn't show hand 
*** SUMMARY ***
Total pot $6 | Rake $0.30 
Board [Ah 7d 6h Ad]
Seat 1: Supermegopro (small blind) collected ($5.70)
Seat 4: AIien Hand (big blind) folded on the Turn
Seat 5: NISIY (button) folded before Flop (didn't bet)



PokerStars Hand #254518303861:  Hold'em No Limit ($0.50/$1.00 USD) - 2025/01/23 19:52:47 WET [2025/01/23 14:52:47 ET]
Table 'Strobel IV' 6-max Seat #1 is the button
Seat 1: Supermegopro ($102.70 in chips) 
Seat 4: AIien Hand ($101.50 in chips) 
Seat 5: NISIY ($100 in chips) 
AIien Hand: posts small blind $0.50
NISIY: posts big blind $1
*** HOLE CARDS ***
Supermegopro: raises $1.50 to $2.50
AIien Hand: folds 
NISIY: calls $1.50
*** FLOP *** [4s Ks 7s]
NISIY: checks 
Supermegopro: checks 
*** TURN *** [4s Ks 7s] [9h]
NISIY: checks 
Supermegopro: checks 
*** RIVER *** [4s Ks 7s 9h] [Qh]
NISIY: checks 
Supermegopro: checks 
*** SHOW DOWN ***
NISIY: shows [Td 5d] (high card King)
Supermegopro: shows [Ac 6h] (high card Ace)
Supermegopro collected $5.22 from pot
*** SUMMARY ***
Total pot $5.50 | Rake $0.28 
Board [4s Ks 7s 9h Qh]
Seat 1: Supermegopro (button) showed [Ac 6h] and won ($5.22) with high card Ace
Seat 4: AIien Hand (small blind) folded before Flop
Seat 5: NISIY (big blind) showed [Td 5d] and lost with high card King



PokerStars Hand #254518314147:  Hold'em No Limit ($0.50/$1.00 USD) - 2025/01/23 19:53:25 WET [2025/01/23 14:53:25 ET]
Table 'Strobel IV' 6-max Seat #4 is the button
Seat 1: Supermegopro ($105.42 in chips) 
Seat 4: AIien Hand ($101 in chips) 
Seat 5: NISIY ($100 in chips) 
NISIY: posts small blind $0.50
Supermegopro: posts big blind $1
*** HOLE CARDS ***
AIien Hand: folds 
NISIY: folds 
Uncalled bet ($0.50) returned to Supermegopro
Supermegopro collected $1 from pot
Supermegopro: doesn't show hand 
*** SUMMARY ***
Total pot $1 | Rake $0 
Seat 1: Supermegopro (big blind) collected ($1)
Seat 4: AIien Hand (button) folded before Flop (didn't bet)
Seat 5: NISIY (small blind) folded before Flop



PokerStars Hand #254518315808:  Hold'em No Limit ($0.50/$1.00 USD) - 2025/01/23 19:53:31 WET [2025/01/23 14:53:31 ET]
Table 'Strobel IV' 6-max Seat #5 is the button
Seat 1: Supermegopro ($105.92 in chips) 
Seat 4: AIien Hand ($101 in chips) 
Seat 5: NISIY ($100 in chips) 
Supermegopro: posts small blind $0.50
AIien Hand: posts big blind $1
*** HOLE CARDS ***
NISIY: folds 
Supermegopro: folds 
Uncalled bet ($0.50) returned to AIien Hand
AIien Hand collected $1 from pot
AIien Hand: doesn't show hand 
*** SUMMARY ***
Total pot $1 | Rake $0 
Seat 1: Supermegopro (small blind) folded before Flop
Seat 4: AIien Hand (big blind) collected ($1)
Seat 5: NISIY (button) folded before Flop (didn't bet)



PokerStars Hand #254518317908:  Hold'em No Limit ($0.50/$1.00 USD) - 2025/01/23 19:53:39 WET [2025/01/23 14:53:39 ET]
Table 'Strobel IV' 6-max Seat #1 is the button
Seat 1: Supermegopro ($105.42 in chips) 
Seat 4: AIien Hand ($101.50 in chips) 
Seat 5: NISIY ($100 in chips) 
AIien Hand: posts small blind $0.50
NISIY: posts big blind $1
*** HOLE CARDS ***
Supermegopro: folds 
AIien Hand: folds 
Uncalled bet ($0.50) returned to NISIY
NISIY collected $1 from pot
NISIY: doesn't show hand 
*** SUMMARY ***
Total pot $1 | Rake $0 
Seat 1: Supermegopro (button) folded before Flop (didn't bet)
Seat 4: AIien Hand (small blind) folded before Flop
Seat 5: NISIY (big blind) collected ($1)



PokerStars Hand #254518320467:  Hold'em No Limit ($0.50/$1.00 USD) - 2025/01/23 19:53:48 WET [2025/01/23 14:53:48 ET]
Table 'Strobel IV' 6-max Seat #4 is the button
Seat 1: Supermegopro ($105.42 in chips) 
Seat 4: AIien Hand ($101 in chips) 
Seat 5: NISIY ($100.50 in chips) 
NISIY: posts small blind $0.50
Supermegopro: posts big blind $1
*** HOLE CARDS ***
AIien Hand: folds 
NISIY: raises $2 to $3
Supermegopro: folds 
Uncalled bet ($2) returned to NISIY
NISIY collected $2 from pot
NISIY: doesn't show hand 
*** SUMMARY ***
Total pot $2 | Rake $0 
Seat 1: Supermegopro (big blind) folded before Flop
Seat 4: AIien Hand (button) folded before Flop (didn't bet)
Seat 5: NISIY (small blind) collected ($2)



PokerStars Hand #254518322633:  Hold'em No Limit ($0.50/$1.00 USD) - 2025/01/23 19:53:56 WET [2025/01/23 14:53:56 ET]
Table 'Strobel IV' 6-max Seat #5 is the button
Seat 1: Supermegopro ($104.42 in chips) 
Seat 4: AIien Hand ($101 in chips) 
Seat 5: NISIY ($101.50 in chips) 
Supermegopro: posts small blind $0.50
AIien Hand: posts big blind $1
*** HOLE CARDS ***
NISIY: folds 
Supermegopro: folds 
Uncalled bet ($0.50) returned to AIien Hand
AIien Hand collected $1 from pot
AIien Hand: doesn't show hand 
*** SUMMARY ***
Total pot $1 | Rake $0 
Seat 1: Supermegopro (small blind) folded before Flop
Seat 4: AIien Hand (big blind) collected ($1)
Seat 5: NISIY (button) folded before Flop (didn't bet)



PokerStars Hand #254518324612:  Hold'em No Limit ($0.50/$1.00 USD) - 2025/01/23 19:54:03 WET [2025/01/23 14:54:03 ET]
Table 'Strobel IV' 6-max Seat #1 is the button
Seat 1: Supermegopro ($103.92 in chips) 
Seat 4: AIien Hand ($101.50 in chips) 
Seat 5: NISIY ($101.50 in chips) 
AIien Hand: posts small blind $0.50
NISIY: posts big blind $1
*** HOLE CARDS ***
Supermegopro: raises $1.50 to $2.50
AIien Hand: folds 
NISIY: folds 
Uncalled bet ($1.50) returned to Supermegopro
Supermegopro collected $2.50 from pot
Supermegopro: doesn't show hand 
*** SUMMARY ***
Total pot $2.50 | Rake $0 
Seat 1: Supermegopro (button) collected ($2.50)
Seat 4: AIien Hand (small blind) folded before Flop
Seat 5: NISIY (big blind) folded before Flop



PokerStars Hand #254518327661:  Hold'em No Limit ($0.50/$1.00 USD) - 2025/01/23 19:54:15 WET [2025/01/23 14:54:15 ET]
Table 'Strobel IV' 6-max Seat #4 is the button
Seat 1: Supermegopro ($105.42 in chips) 
Seat 4: AIien Hand ($101 in chips) 
Seat 5: NISIY ($100.50 in chips) 
NISIY: posts small blind $0.50
Supermegopro: posts big blind $1
*** HOLE CARDS ***
AIien Hand: folds 
NISIY: raises $2 to $3
Supermegopro: folds 
Uncalled bet ($2) returned to NISIY
NISIY collected $2 from pot
NISIY: doesn't show hand 
*** SUMMARY ***
Total pot $2 | Rake $0 
Seat 1: Supermegopro (big blind) folded before Flop
Seat 4: AIien Hand (button) folded before Flop (didn't bet)
Seat 5: NISIY (small blind) collected ($2)



PokerStars Hand #254518330269:  Hold'em No Limit ($0.50/$1.00 USD) - 2025/01/23 19:54:25 WET [2025/01/23 14:54:25 ET]
Table 'Strobel IV' 6-max Seat #5 is the button
Seat 1: Supermegopro ($104.42 in chips) 
Seat 4: AIien Hand ($101 in chips) 
Seat 5: NISIY ($101.50 in chips) 
Supermegopro: posts small blind $0.50
AIien Hand: posts big blind $1
*** HOLE CARDS ***
NISIY: folds 
Supermegopro: folds 
Uncalled bet ($0.50) returned to AIien Hand
AIien Hand collected $1 from pot
AIien Hand: doesn't show hand 
*** SUMMARY ***
Total pot $1 | Rake $0 
Seat 1: Supermegopro (small blind) folded before Flop
Seat 4: AIien Hand (big blind) collected ($1)
Seat 5: NISIY (button) folded before Flop (didn't bet)



PokerStars Hand #254518331882:  Hold'em No Limit ($0.50/$1.00 USD) - 2025/01/23 19:54:31 WET [2025/01/23 14:54:31 ET]
Table 'Strobel IV' 6-max Seat #1 is the button
Seat 1: Supermegopro ($103.92 in chips) 
Seat 4: AIien Hand ($101.50 in chips) 
Seat 5: NISIY ($101.50 in chips) 
AIien Hand: posts small blind $0.50
NISIY: posts big blind $1
*** HOLE CARDS ***
Supermegopro: folds 
AIien Hand: folds 
Uncalled bet ($0.50) returned to NISIY
NISIY collected $1 from pot
NISIY: doesn't show hand 
*** SUMMARY ***
Total pot $1 | Rake $0 
Seat 1: Supermegopro (button) folded before Flop (didn't bet)
Seat 4: AIien Hand (small blind) folded before Flop
Seat 5: NISIY (big blind) collected ($1)



PokerStars Hand #254518334439:  Hold'em No Limit ($0.50/$1.00 USD) - 2025/01/23 19:54:40 WET [2025/01/23 14:54:40 ET]
Table 'Strobel IV' 6-max Seat #4 is the button
Seat 1: Supermegopro ($103.92 in chips) 
Seat 4: AIien Hand ($101 in chips) 
Seat 5: NISIY ($102 in chips) 
NISIY: posts small blind $0.50
Supermegopro: posts big blind $1
*** HOLE CARDS ***
AIien Hand: raises $1.50 to $2.50
NISIY: folds 
Supermegopro: folds 
Uncalled bet ($1.50) returned to AIien Hand
AIien Hand collected $2.50 from pot
AIien Hand: doesn't show hand 
*** SUMMARY ***
Total pot $2.50 | Rake $0 
Seat 1: Supermegopro (big blind) folded before Flop
Seat 4: AIien Hand (button) collected ($2.50)
Seat 5: NISIY (small blind) folded before Flop



PokerStars Hand #254518336555:  Hold'em No Limit ($0.50/$1.00 USD) - 2025/01/23 19:54:47 WET [2025/01/23 14:54:47 ET]
Table 'Strobel IV' 6-max Seat #5 is the button
Seat 1: Supermegopro ($102.92 in chips) 
Seat 4: AIien Hand ($102.50 in chips) 
Seat 5: NISIY ($101.50 in chips) 
Supermegopro: posts small blind $0.50
AIien Hand: posts big blind $1
*** HOLE CARDS ***
NISIY: raises $1.50 to $2.50
Supermegopro: folds 
AIien Hand: folds 
Uncalled bet ($1.50) returned to NISIY
NISIY collected $2.50 from pot
NISIY: doesn't show hand 
*** SUMMARY ***
Total pot $2.50 | Rake $0 
Seat 1: Supermegopro (small blind) folded before Flop
Seat 4: AIien Hand (big blind) folded before Flop
Seat 5: NISIY (button) collected ($2.50)



PokerStars Hand #254518338730:  Hold'em No Limit ($0.50/$1.00 USD) - 2025/01/23 19:54:55 WET [2025/01/23 14:54:55 ET]
Table 'Strobel IV' 6-max Seat #1 is the button
Seat 1: Supermegopro ($102.42 in chips) 
Seat 4: AIien Hand ($101.50 in chips) 
Seat 5: NISIY ($103 in chips) 
AIien Hand: posts small blind $0.50
NISIY: posts big blind $1
*** HOLE CARDS ***
Supermegopro: folds 
AIien Hand: folds 
Uncalled bet ($0.50) returned to NISIY
NISIY collected $1 from pot
NISIY: doesn't show hand 
*** SUMMARY ***
Total pot $1 | Rake $0 
Seat 1: Supermegopro (button) folded before Flop (didn't bet)
Seat 4: AIien Hand (small blind) folded before Flop
Seat 5: NISIY (big blind) collected ($1)



PokerStars Hand #254518340428:  Hold'em No Limit ($0.50/$1.00 USD) - 2025/01/23 19:55:02 WET [2025/01/23 14:55:02 ET]
Table 'Strobel IV' 6-max Seat #4 is the button
Seat 1: Supermegopro ($102.42 in chips) 
Seat 4: AIien Hand ($101 in chips) 
Seat 5: NISIY ($103.50 in chips) 
NISIY: posts small blind $0.50
Supermegopro: posts big blind $1
*** HOLE CARDS ***
AIien Hand: folds 
NISIY: folds 
Uncalled bet ($0.50) returned to Supermegopro
Supermegopro collected $1 from pot
Supermegopro: doesn't show hand 
*** SUMMARY ***
Total pot $1 | Rake $0 
Seat 1: Supermegopro (big blind) collected ($1)
Seat 4: AIien Hand (button) folded before Flop (didn't bet)
Seat 5: NISIY (small blind) folded before Flop



PokerStars Hand #254518341924:  Hold'em No Limit ($0.50/$1.00 USD) - 2025/01/23 19:55:07 WET [2025/01/23 14:55:07 ET]
Table 'Strobel IV' 6-max Seat #5 is the button
Seat 1: Supermegopro ($102.92 in chips) 
Seat 4: AIien Hand ($101 in chips) 
Seat 5: NISIY ($103 in chips) 
Supermegopro: posts small blind $0.50
AIien Hand: posts big blind $1
*** HOLE CARDS ***
NISIY: raises $1.50 to $2.50
Supermegopro: folds 
AIien Hand: folds 
Uncalled bet ($1.50) returned to NISIY
Supermegopro leaves the table
NISIY collected $2.50 from pot
NISIY: doesn't show hand 
*** SUMMARY ***
Total pot $2.50 | Rake $0 
Seat 1: Supermegopro (small blind) folded before Flop
Seat 4: AIien Hand (big blind) folded before Flop
Seat 5: NISIY (button) collected ($2.50)



PokerStars Hand #254518345061:  Hold'em No Limit ($0.50/$1.00 USD) - 2025/01/23 19:55:20 WET [2025/01/23 14:55:20 ET]
Table 'Strobel IV' 6-max Seat #4 is the button
Seat 4: AIien Hand ($100 in chips) 
Seat 5: NISIY ($104.50 in chips) 
AIien Hand: posts small blind $0.50
NISIY: posts big blind $1
*** HOLE CARDS ***
AIien Hand: raises $1.50 to $2.50
NISIY: folds 
Uncalled bet ($1.50) returned to AIien Hand
AIien Hand collected $2 from pot
AIien Hand: doesn't show hand 
*** SUMMARY ***
Total pot $2 | Rake $0 
Seat 4: AIien Hand (button) (small blind) collected ($2)
Seat 5: NISIY (big blind) folded before Flop



