PokerStars Hand #254517525289:  Hold'em No Limit ($0.50/$1.00 USD) - 2025/01/23 18:59:43 WET [2025/01/23 13:59:43 ET]
Table 'Erfordia IV' 6-max Seat #4 is the button
Seat 3: Unipoker11 ($101 in chips) 
Seat 4: gohome78 ($5.13 in chips) 
gohome78: posts small blind $0.50
Unipoker11: posts big blind $1
*** HOLE CARDS ***
gohome78: folds 
Uncalled bet ($0.50) returned to Unipoker11
Unipoker11 collected $1 from pot
Unipoker11: doesn't show hand 
*** SUMMARY ***
Total pot $1 | Rake $0 
Seat 3: Unipoker11 (big blind) collected ($1)
Seat 4: gohome78 (button) (small blind) folded before Flop



PokerStars Hand #254517527495:  Hold'em No Limit ($0.50/$1.00 USD) - 2025/01/23 18:59:54 WET [2025/01/23 13:59:54 ET]
Table 'Erfordia IV' 6-max Seat #3 is the button
Seat 3: Unipoker11 ($101.50 in chips) 
Seat 4: gohome78 ($4.63 in chips) 
Unipoker11: posts small blind $0.50
gohome78: posts big blind $1
*** HOLE CARDS ***
Unipoker11: folds 
Uncalled bet ($0.50) returned to gohome78
gohome78 collected $1 from pot
*** SUMMARY ***
Total pot $1 | Rake $0 
Seat 3: Unipoker11 (button) (small blind) folded before Flop
Seat 4: gohome78 (big blind) collected ($1)



PokerStars Hand #254517532707:  Hold'em No Limit ($0.50/$1.00 USD) - 2025/01/23 19:00:24 WET [2025/01/23 14:00:24 ET]
Table 'Erfordia IV' 6-max Seat #4 is the button
Seat 3: Unipoker11 ($101 in chips) 
Seat 4: gohome78 ($5.13 in chips) 
gohome78: posts small blind $0.50
Unipoker11: posts big blind $1
*** HOLE CARDS ***
gohome78: folds 
Uncalled bet ($0.50) returned to Unipoker11
Trente666 joins the table at seat #5 
Unipoker11 collected $1 from pot
Trente666 is disconnected 
Unipoker11: doesn't show hand 
*** SUMMARY ***
Total pot $1 | Rake $0 
Seat 3: Unipoker11 (big blind) collected ($1)
Seat 4: gohome78 (button) (small blind) folded before Flop



PokerStars Hand #254517533710:  Hold'em No Limit ($0.50/$1.00 USD) - 2025/01/23 19:00:29 WET [2025/01/23 14:00:29 ET]
Table 'Erfordia IV' 6-max Seat #3 is the button
Seat 3: Unipoker11 ($101.50 in chips) 
Seat 4: gohome78 ($4.63 in chips) 
Seat 5: Trente666 ($33.65 in chips) 
gohome78: posts small blind $0.50
Trente666: posts big blind $1
*** HOLE CARDS ***
Unipoker11: folds 
gohome78: raises $3.63 to $4.63 and is all-in
Trente666: calls $3.63
*** FLOP *** [3d 5d Jd]
*** TURN *** [3d 5d Jd] [5c]
*** RIVER *** [3d 5d Jd 5c] [2h]
*** SHOW DOWN ***
gohome78: shows [Kd 7d] (a flush, King high)
Trente666: shows [Ac 8s] (a pair of Fives)
gohome78 cashed out the hand for $3.50 | Cash Out Fee $0.07
*** SUMMARY ***
Total pot $9.26 | Rake $0.46 
Board [3d 5d Jd 5c 2h]
Seat 3: Unipoker11 (button) folded before Flop (didn't bet)
Seat 4: gohome78 (small blind) showed [Kd 7d] and won ($8.80) with a flush, King high (pot not awarded as player cashed out)
Seat 5: Trente666 (big blind) showed [Ac 8s] and lost with a pair of Fives



PokerStars Hand #254517538199:  Hold'em No Limit ($0.50/$1.00 USD) - 2025/01/23 19:00:53 WET [2025/01/23 14:00:53 ET]
Table 'Erfordia IV' 6-max Seat #4 is the button
Seat 3: Unipoker11 ($101.50 in chips) 
Seat 4: gohome78 ($3.50 in chips) 
Seat 5: Trente666 ($29.02 in chips) 
Trente666: posts small blind $0.50
Unipoker11: posts big blind $1
*** HOLE CARDS ***
gohome78: raises $2.50 to $3.50 and is all-in
Trente666: folds 
Unipoker11: calls $2.50
*** FLOP *** [2h 3h Kh]
*** TURN *** [2h 3h Kh] [Jh]
*** RIVER *** [2h 3h Kh Jh] [3d]
*** SHOW DOWN ***
Unipoker11: shows [Kd 4h] (a flush, King high)
gohome78: shows [5s 5h] (a flush, King high - Five higher)
gohome78 collected $7.12 from pot
*** SUMMARY ***
Total pot $7.50 | Rake $0.38 
Board [2h 3h Kh Jh 3d]
Seat 3: Unipoker11 (big blind) showed [Kd 4h] and lost with a flush, King high
Seat 4: gohome78 (button) showed [5s 5h] and won ($7.12) with a flush, King high
Seat 5: Trente666 (small blind) folded before Flop



PokerStars Hand #254517542957:  Hold'em No Limit ($0.50/$1.00 USD) - 2025/01/23 19:01:16 WET [2025/01/23 14:01:16 ET]
Table 'Erfordia IV' 6-max Seat #5 is the button
Seat 3: Unipoker11 ($100 in chips) 
Seat 4: gohome78 ($7.12 in chips) 
Seat 5: Trente666 ($28.52 in chips) 
Unipoker11: posts small blind $0.50
gohome78: posts big blind $1
*** HOLE CARDS ***
Trente666: folds 
Unipoker11: folds 
Uncalled bet ($0.50) returned to gohome78
gohome78 collected $1 from pot
Trente666 leaves the table
*** SUMMARY ***
Total pot $1 | Rake $0 
Seat 3: Unipoker11 (small blind) folded before Flop
Seat 4: gohome78 (big blind) collected ($1)
Seat 5: Trente666 (button) folded before Flop (didn't bet)



PokerStars Hand #254517546314:  Hold'em No Limit ($0.50/$1.00 USD) - 2025/01/23 19:01:32 WET [2025/01/23 14:01:32 ET]
Table 'Erfordia IV' 6-max Seat #4 is the button
Seat 3: Unipoker11 ($100 in chips) 
Seat 4: gohome78 ($7.62 in chips) 
gohome78: posts small blind $0.50
Unipoker11: posts big blind $1
*** HOLE CARDS ***
gohome78: calls $0.50
Unipoker11: checks 
*** FLOP *** [7h As Js]
Unipoker11: checks 
gohome78: bets $1
Unipoker11: folds 
Uncalled bet ($1) returned to gohome78
gohome78 collected $1.90 from pot
*** SUMMARY ***
Total pot $2 | Rake $0.10 
Board [7h As Js]
Seat 3: Unipoker11 (big blind) folded on the Flop
Seat 4: gohome78 (button) (small blind) collected ($1.90)



PokerStars Hand #254517549548:  Hold'em No Limit ($0.50/$1.00 USD) - 2025/01/23 19:01:48 WET [2025/01/23 14:01:48 ET]
Table 'Erfordia IV' 6-max Seat #3 is the button
Seat 3: Unipoker11 ($100 in chips) 
Seat 4: gohome78 ($8.52 in chips) 
Unipoker11: posts small blind $0.50
gohome78: posts big blind $1
*** HOLE CARDS ***
Unipoker11: raises $99 to $100 and is all-in
gohome78: calls $7.52 and is all-in
Uncalled bet ($91.48) returned to Unipoker11
*** FLOP *** [Qc Kd 9s]
*** TURN *** [Qc Kd 9s] [Jd]
*** RIVER *** [Qc Kd 9s Jd] [6c]
*** SHOW DOWN ***
gohome78: shows [Ac Ks] (a pair of Kings)
Unipoker11: shows [4d 7d] (high card King)
gohome78 cashed out the hand for $9.56 | Cash Out Fee $0.20
*** SUMMARY ***
Total pot $17.04 | Rake $0.85 
Board [Qc Kd 9s Jd 6c]
Seat 3: Unipoker11 (button) (small blind) showed [4d 7d] and lost with high card King
Seat 4: gohome78 (big blind) showed [Ac Ks] and won ($16.19) with a pair of Kings (pot not awarded as player cashed out)



PokerStars Hand #254517554182:  Hold'em No Limit ($0.50/$1.00 USD) - 2025/01/23 19:02:09 WET [2025/01/23 14:02:09 ET]
Table 'Erfordia IV' 6-max Seat #4 is the button
Seat 3: Unipoker11 ($100 in chips) 
Seat 4: gohome78 ($9.56 in chips) 
gohome78: posts small blind $0.50
Unipoker11: posts big blind $1
*** HOLE CARDS ***
gohome78: calls $0.50
Bessie0009 joins the table at seat #2 
Bessie0009 is disconnected 
JUANS2 joins the table at seat #6 
blackclan7 joins the table at seat #5 
Unipoker11: checks 
*** FLOP *** [Ah 3h Ad]
Unipoker11: checks 
gohome78: bets $1
fugitive-Ty3 joins the table at seat #1 
Unipoker11: calls $1
*** TURN *** [Ah 3h Ad] [5d]
Unipoker11: checks 
gohome78: checks 
*** RIVER *** [Ah 3h Ad 5d] [7s]
Unipoker11: checks 
gohome78: checks 
*** SHOW DOWN ***
Unipoker11: shows [Js 9h] (a pair of Aces)
gohome78: mucks hand 
Unipoker11 collected $3.80 from pot
*** SUMMARY ***
Total pot $4 | Rake $0.20 
Board [Ah 3h Ad 5d 7s]
Seat 3: Unipoker11 (big blind) showed [Js 9h] and won ($3.80) with a pair of Aces
Seat 4: gohome78 (button) (small blind) mucked



PokerStars Hand #254517562096:  Hold'em No Limit ($0.50/$1.00 USD) - 2025/01/23 19:02:45 WET [2025/01/23 14:02:45 ET]
Table 'Erfordia IV' 6-max Seat #3 is the button
Seat 1: fugitive-Ty3 ($100 in chips) is sitting out
Seat 2: Bessie0009 ($16.31 in chips) is sitting out
Seat 6: JUANS2 ($100 in chips) is sitting out
Seat 3: Unipoker11 ($101.80 in chips) 
Seat 4: gohome78 ($7.56 in chips) 
Seat 5: blackclan7 ($100 in chips) 
gohome78: posts small blind $0.50
blackclan7: posts big blind $1
JUANS2: sits out 
fugitive-Ty3: sits out 
Bessie0009: sits out 
*** HOLE CARDS ***
Unipoker11: raises $1.50 to $2.50
gohome78: folds 
blackclan7: calls $1.50
*** FLOP *** [5h Kd 3c]
blackclan7: checks 
Unipoker11: bets $1.30
blackclan7: folds 
Uncalled bet ($1.30) returned to Unipoker11
Unipoker11 collected $5.22 from pot
Unipoker11: doesn't show hand 
*** SUMMARY ***
Total pot $5.50 | Rake $0.28 
Board [5h Kd 3c]
Seat 1: fugitive-Ty3
Seat 2: Bessie0009
Seat 6: JUANS2
Seat 3: Unipoker11 (button) collected ($5.22)
Seat 4: gohome78 (small blind) folded before Flop
Seat 5: blackclan7 (big blind) folded on the Flop



PokerStars Hand #254517578226:  Hold'em No Limit ($0.50/$1.00 USD) - 2025/01/23 19:03:52 WET [2025/01/23 14:03:52 ET]
Table 'Erfordia IV' 6-max Seat #4 is the button
Seat 1: fugitive-Ty3 ($100 in chips) is sitting out
Seat 2: Bessie0009 ($16.31 in chips) is sitting out
Seat 3: Unipoker11 ($104.52 in chips) 
Seat 4: gohome78 ($7.06 in chips) 
Seat 5: blackclan7 ($100 in chips) 
Seat 6: JUANS2 ($100 in chips) 
blackclan7: posts small blind $0.50
JUANS2: posts big blind $1
fugitive-Ty3: sits out 
Bessie0009: sits out 
*** HOLE CARDS ***
Unipoker11: folds 
gohome78: raises $6.06 to $7.06 and is all-in
blackclan7: folds 
JUANS2: calls $6.06
*** FLOP *** [Tc 7d Jh]
*** TURN *** [Tc 7d Jh] [Th]
*** RIVER *** [Tc 7d Jh Th] [8h]
*** SHOW DOWN ***
JUANS2: shows [9d 9h] (a straight, Seven to Jack)
gohome78: shows [Qd 9s] (a straight, Eight to Queen)
gohome78 cashed out the hand for $4.39 | Cash Out Fee $0.09
*** SUMMARY ***
Total pot $14.62 | Rake $0.73 
Board [Tc 7d Jh Th 8h]
Seat 1: fugitive-Ty3
Seat 2: Bessie0009
Seat 3: Unipoker11 folded before Flop (didn't bet)
Seat 4: gohome78 (button) showed [Qd 9s] and won ($13.89) with a straight, Eight to Queen (pot not awarded as player cashed out)
Seat 5: blackclan7 (small blind) folded before Flop
Seat 6: JUANS2 (big blind) showed [9d 9h] and lost with a straight, Seven to Jack



PokerStars Hand #254517583185:  Hold'em No Limit ($0.50/$1.00 USD) - 2025/01/23 19:04:13 WET [2025/01/23 14:04:13 ET]
Table 'Erfordia IV' 6-max Seat #5 is the button
Seat 2: Bessie0009 ($16.31 in chips) is sitting out
Seat 1: fugitive-Ty3 ($100 in chips) 
Seat 3: Unipoker11 ($104.52 in chips) 
Seat 4: gohome78 ($4.39 in chips) 
Seat 5: blackclan7 ($100 in chips) 
Seat 6: JUANS2 ($100 in chips) 
JUANS2: posts small blind $0.50
fugitive-Ty3: posts big blind $1
Bessie0009: sits out 
*** HOLE CARDS ***
Unipoker11: folds 
gohome78: folds 
blackclan7: folds 
JUANS2: raises $2 to $3
fugitive-Ty3: calls $2
*** FLOP *** [Kh 7d 2d]
JUANS2: bets $1.88
fugitive-Ty3: raises $4.73 to $6.61
JUANS2: calls $4.73
*** TURN *** [Kh 7d 2d] [7c]
JUANS2: checks 
fugitive-Ty3: bets $6.03
JUANS2: raises $16.47 to $22.50
fugitive-Ty3: folds 
Uncalled bet ($16.47) returned to JUANS2
JUANS2 collected $29.72 from pot
JUANS2: doesn't show hand 
*** SUMMARY ***
Total pot $31.28 | Rake $1.56 
Board [Kh 7d 2d 7c]
Seat 2: Bessie0009
Seat 1: fugitive-Ty3 (big blind) folded on the Turn
Seat 3: Unipoker11 folded before Flop (didn't bet)
Seat 4: gohome78 folded before Flop (didn't bet)
Seat 5: blackclan7 (button) folded before Flop (didn't bet)
Seat 6: JUANS2 (small blind) collected ($29.72)



PokerStars Hand #254517599662:  Hold'em No Limit ($0.50/$1.00 USD) - 2025/01/23 19:05:21 WET [2025/01/23 14:05:21 ET]
Table 'Erfordia IV' 6-max Seat #6 is the button
Seat 1: fugitive-Ty3 ($100 in chips) 
Seat 2: Bessie0009 ($16.31 in chips) 
Seat 3: Unipoker11 ($104.52 in chips) 
Seat 4: gohome78 ($4.39 in chips) 
Seat 5: blackclan7 ($100 in chips) 
Seat 6: JUANS2 ($114.08 in chips) 
fugitive-Ty3: posts small blind $0.50
Bessie0009: posts big blind $1
*** HOLE CARDS ***
Unipoker11: folds 
gohome78: folds 
blackclan7: folds 
JUANS2: folds 
fugitive-Ty3: folds 
Uncalled bet ($0.50) returned to Bessie0009
Bessie0009 collected $1 from pot
*** SUMMARY ***
Total pot $1 | Rake $0 
Seat 1: fugitive-Ty3 (small blind) folded before Flop
Seat 2: Bessie0009 (big blind) collected ($1)
Seat 3: Unipoker11 folded before Flop (didn't bet)
Seat 4: gohome78 folded before Flop (didn't bet)
Seat 5: blackclan7 folded before Flop (didn't bet)
Seat 6: JUANS2 (button) folded before Flop (didn't bet)



PokerStars Hand #254517603065:  Hold'em No Limit ($0.50/$1.00 USD) - 2025/01/23 19:05:35 WET [2025/01/23 14:05:35 ET]
Table 'Erfordia IV' 6-max Seat #1 is the button
Seat 1: fugitive-Ty3 ($100 in chips) 
Seat 2: Bessie0009 ($16.81 in chips) 
Seat 3: Unipoker11 ($104.52 in chips) 
Seat 4: gohome78 ($4.39 in chips) 
Seat 5: blackclan7 ($100 in chips) 
Seat 6: JUANS2 ($114.08 in chips) 
Bessie0009: posts small blind $0.50
Unipoker11: posts big blind $1
*** HOLE CARDS ***
gohome78: folds 
blackclan7: folds 
JUANS2: folds 
fugitive-Ty3: folds 
Bessie0009: raises $2 to $3
Unipoker11: folds 
Uncalled bet ($2) returned to Bessie0009
Bessie0009 collected $2 from pot
*** SUMMARY ***
Total pot $2 | Rake $0 
Seat 1: fugitive-Ty3 (button) folded before Flop (didn't bet)
Seat 2: Bessie0009 (small blind) collected ($2)
Seat 3: Unipoker11 (big blind) folded before Flop
Seat 4: gohome78 folded before Flop (didn't bet)
Seat 5: blackclan7 folded before Flop (didn't bet)
Seat 6: JUANS2 folded before Flop (didn't bet)



PokerStars Hand #254517608185:  Hold'em No Limit ($0.50/$1.00 USD) - 2025/01/23 19:05:57 WET [2025/01/23 14:05:57 ET]
Table 'Erfordia IV' 6-max Seat #2 is the button
Seat 1: fugitive-Ty3 ($100 in chips) 
Seat 2: Bessie0009 ($17.81 in chips) 
Seat 3: Unipoker11 ($103.52 in chips) 
Seat 4: gohome78 ($4.39 in chips) 
Seat 5: blackclan7 ($100 in chips) 
Seat 6: JUANS2 ($114.08 in chips) 
Unipoker11: posts small blind $0.50
gohome78: posts big blind $1
*** HOLE CARDS ***
blackclan7: folds 
JUANS2: folds 
fugitive-Ty3: folds 
Bessie0009: folds 
Unipoker11: raises $2 to $3
gohome78: folds 
Uncalled bet ($2) returned to Unipoker11
Unipoker11 collected $2 from pot
Unipoker11: doesn't show hand 
*** SUMMARY ***
Total pot $2 | Rake $0 
Seat 1: fugitive-Ty3 folded before Flop (didn't bet)
Seat 2: Bessie0009 (button) folded before Flop (didn't bet)
Seat 3: Unipoker11 (small blind) collected ($2)
Seat 4: gohome78 (big blind) folded before Flop
Seat 5: blackclan7 folded before Flop (didn't bet)
Seat 6: JUANS2 folded before Flop (didn't bet)



PokerStars Hand #254517614506:  Hold'em No Limit ($0.50/$1.00 USD) - 2025/01/23 19:06:23 WET [2025/01/23 14:06:23 ET]
Table 'Erfordia IV' 6-max Seat #3 is the button
Seat 1: fugitive-Ty3 ($100 in chips) 
Seat 2: Bessie0009 ($17.81 in chips) 
Seat 3: Unipoker11 ($104.52 in chips) 
Seat 4: gohome78 ($3.39 in chips) 
Seat 5: blackclan7 ($100 in chips) 
Seat 6: JUANS2 ($114.08 in chips) 
gohome78: posts small blind $0.50
blackclan7: posts big blind $1
*** HOLE CARDS ***
JUANS2: raises $1.20 to $2.20
fugitive-Ty3: folds 
Bessie0009: folds 
Unipoker11: folds 
gohome78: raises $1.19 to $3.39 and is all-in
fugitive-Ty3 leaves the table
blackclan7: calls $2.39
JUANS2: calls $1.19
*** FLOP *** [8c 9c 8s]
reiyser joins the table at seat #1 
blackclan7: checks 
JUANS2: checks 
*** TURN *** [8c 9c 8s] [2s]
blackclan7: bets $6.38
JUANS2: folds 
Uncalled bet ($6.38) returned to blackclan7
*** RIVER *** [8c 9c 8s 2s] [3h]
*** SHOW DOWN ***
gohome78: shows [6s 6c] (two pair, Eights and Sixes)
blackclan7: shows [Ts Td] (two pair, Tens and Eights)
blackclan7 cashed out the hand for $9.04 | Cash Out Fee $0.18
*** SUMMARY ***
Total pot $10.17 | Rake $0.51 
Board [8c 9c 8s 2s 3h]
Seat 1: fugitive-Ty3 folded before Flop (didn't bet)
Seat 2: Bessie0009 folded before Flop (didn't bet)
Seat 3: Unipoker11 (button) folded before Flop (didn't bet)
Seat 4: gohome78 (small blind) showed [6s 6c] and lost with two pair, Eights and Sixes
Seat 5: blackclan7 (big blind) showed [Ts Td] and won ($9.66) with two pair, Tens and Eights (pot not awarded as player cashed out)
Seat 6: JUANS2 folded on the Turn



PokerStars Hand #254517630589:  Hold'em No Limit ($0.50/$1.00 USD) - 2025/01/23 19:07:29 WET [2025/01/23 14:07:29 ET]
Table 'Erfordia IV' 6-max Seat #5 is the button
Seat 4: gohome78 ($0 in chips) is sitting out
Seat 1: reiyser ($100 in chips) 
Seat 2: Bessie0009 ($17.81 in chips) 
Seat 3: Unipoker11 ($104.52 in chips) 
Seat 5: blackclan7 ($105.65 in chips) 
Seat 6: JUANS2 ($110.69 in chips) 
JUANS2: posts small blind $0.50
reiyser: posts big blind $1
*** HOLE CARDS ***
Bessie0009: folds 
Unipoker11: folds 
blackclan7: folds 
gohome78 leaves the table
JUANS2: raises $2 to $3
reiyser: folds 
Uncalled bet ($2) returned to JUANS2
JUANS2 collected $2 from pot
JUANS2: doesn't show hand 
*** SUMMARY ***
Total pot $2 | Rake $0 
Seat 4: gohome78
Seat 1: reiyser (big blind) folded before Flop
Seat 2: Bessie0009 folded before Flop (didn't bet)
Seat 3: Unipoker11 folded before Flop (didn't bet)
Seat 5: blackclan7 (button) folded before Flop (didn't bet)
Seat 6: JUANS2 (small blind) collected ($2)



PokerStars Hand #254517636053:  Hold'em No Limit ($0.50/$1.00 USD) - 2025/01/23 19:07:52 WET [2025/01/23 14:07:52 ET]
Table 'Erfordia IV' 6-max Seat #6 is the button
Seat 1: reiyser ($100 in chips) 
Seat 2: Bessie0009 ($17.81 in chips) 
Seat 3: Unipoker11 ($104.52 in chips) 
Seat 5: blackclan7 ($105.65 in chips) 
Seat 6: JUANS2 ($111.69 in chips) 
reiyser: posts small blind $0.50
Bessie0009: posts big blind $1
*** HOLE CARDS ***
Unipoker11: folds 
blackclan7: folds 
JUANS2: folds 
M1k_DP joins the table at seat #4 
reiyser: calls $0.50
Bessie0009: raises $2 to $3
reiyser: folds 
Uncalled bet ($2) returned to Bessie0009
Bessie0009 collected $2 from pot
*** SUMMARY ***
Total pot $2 | Rake $0 
Seat 1: reiyser (small blind) folded before Flop
Seat 2: Bessie0009 (big blind) collected ($2)
Seat 3: Unipoker11 folded before Flop (didn't bet)
Seat 5: blackclan7 folded before Flop (didn't bet)
Seat 6: JUANS2 (button) folded before Flop (didn't bet)



PokerStars Hand #254517642208:  Hold'em No Limit ($0.50/$1.00 USD) - 2025/01/23 19:08:18 WET [2025/01/23 14:08:18 ET]
Table 'Erfordia IV' 6-max Seat #1 is the button
Seat 4: M1k_DP ($100 in chips) is sitting out
Seat 1: reiyser ($100 in chips) 
Seat 2: Bessie0009 ($18.81 in chips) 
Seat 3: Unipoker11 ($104.52 in chips) 
Seat 5: blackclan7 ($105.65 in chips) 
Seat 6: JUANS2 ($111.69 in chips) 
Bessie0009: posts small blind $0.50
Unipoker11: posts big blind $1
M1k_DP: sits out 
*** HOLE CARDS ***
blackclan7: folds 
JUANS2: raises $1.50 to $2.50
reiyser: folds 
Bessie0009: raises $6 to $8.50
Unipoker11: folds 
JUANS2: folds 
Uncalled bet ($6) returned to Bessie0009
Bessie0009 collected $6 from pot
*** SUMMARY ***
Total pot $6 | Rake $0 
Seat 4: M1k_DP
Seat 1: reiyser (button) folded before Flop (didn't bet)
Seat 2: Bessie0009 (small blind) collected ($6)
Seat 3: Unipoker11 (big blind) folded before Flop
Seat 5: blackclan7 folded before Flop (didn't bet)
Seat 6: JUANS2 folded before Flop



PokerStars Hand #254517649073:  Hold'em No Limit ($0.50/$1.00 USD) - 2025/01/23 19:08:47 WET [2025/01/23 14:08:47 ET]
Table 'Erfordia IV' 6-max Seat #2 is the button
Seat 1: reiyser ($100 in chips) 
Seat 2: Bessie0009 ($22.31 in chips) 
Seat 3: Unipoker11 ($103.52 in chips) 
Seat 4: M1k_DP ($100 in chips) 
Seat 5: blackclan7 ($105.65 in chips) 
Seat 6: JUANS2 ($109.19 in chips) 
Unipoker11: posts small blind $0.50
M1k_DP: posts big blind $1
*** HOLE CARDS ***
blackclan7: folds 
blackclan7 leaves the table
JUANS2: raises $1.20 to $2.20
reiyser: folds 
Bessie0009: calls $2.20
Unipoker11: folds 
M1k_DP: calls $1.20
*** FLOP *** [7h 5s 4h]
M1k_DP: checks 
JUANS2: checks 
Bessie0009: checks 
*** TURN *** [7h 5s 4h] [6c]
M1k_DP: checks 
JUANS2: checks 
Bessie0009: bets $6.74
M1k_DP: folds 
JUANS2: folds 
Uncalled bet ($6.74) returned to Bessie0009
Bessie0009 collected $6.74 from pot
*** SUMMARY ***
Total pot $7.10 | Rake $0.36 
Board [7h 5s 4h 6c]
Seat 1: reiyser folded before Flop (didn't bet)
Seat 2: Bessie0009 (button) collected ($6.74)
Seat 3: Unipoker11 (small blind) folded before Flop
Seat 4: M1k_DP (big blind) folded on the Turn
Seat 5: blackclan7 folded before Flop (didn't bet)
Seat 6: JUANS2 folded on the Turn



PokerStars Hand #254517668332:  Hold'em No Limit ($0.50/$1.00 USD) - 2025/01/23 19:10:07 WET [2025/01/23 14:10:07 ET]
Table 'Erfordia IV' 6-max Seat #3 is the button
Seat 1: reiyser ($100 in chips) 
Seat 2: Bessie0009 ($26.85 in chips) 
Seat 3: Unipoker11 ($103.02 in chips) 
Seat 4: M1k_DP ($100 in chips) 
Seat 6: JUANS2 ($106.99 in chips) 
M1k_DP: posts small blind $0.50
JUANS2: posts big blind $1
*** HOLE CARDS ***
reiyser: raises $1.23 to $2.23
Bessie0009: folds 
Unipoker11: folds 
M1k_DP: folds 
JUANS2: folds 
Uncalled bet ($1.23) returned to reiyser
reiyser collected $2.50 from pot
reiyser: doesn't show hand 
*** SUMMARY ***
Total pot $2.50 | Rake $0 
Seat 1: reiyser collected ($2.50)
Seat 2: Bessie0009 folded before Flop (didn't bet)
Seat 3: Unipoker11 (button) folded before Flop (didn't bet)
Seat 4: M1k_DP (small blind) folded before Flop
Seat 6: JUANS2 (big blind) folded before Flop



PokerStars Hand #254517672492:  Hold'em No Limit ($0.50/$1.00 USD) - 2025/01/23 19:10:24 WET [2025/01/23 14:10:24 ET]
Table 'Erfordia IV' 6-max Seat #4 is the button
Seat 1: reiyser ($101.50 in chips) 
Seat 2: Bessie0009 ($26.85 in chips) 
Seat 3: Unipoker11 ($103.02 in chips) 
Seat 4: M1k_DP ($100 in chips) 
Seat 6: JUANS2 ($105.99 in chips) 
JUANS2: posts small blind $0.50
reiyser: posts big blind $1
*** HOLE CARDS ***
Bessie0009: folds 
Unipoker11: raises $1.30 to $2.30
M1k_DP: folds 
JUANS2: folds 
reiyser: folds 
Uncalled bet ($1.30) returned to Unipoker11
Unipoker11 collected $2.50 from pot
Unipoker11: doesn't show hand 
*** SUMMARY ***
Total pot $2.50 | Rake $0 
Seat 1: reiyser (big blind) folded before Flop
Seat 2: Bessie0009 folded before Flop (didn't bet)
Seat 3: Unipoker11 collected ($2.50)
Seat 4: M1k_DP (button) folded before Flop (didn't bet)
Seat 6: JUANS2 (small blind) folded before Flop



PokerStars Hand #254517680432:  Hold'em No Limit ($0.50/$1.00 USD) - 2025/01/23 19:10:58 WET [2025/01/23 14:10:58 ET]
Table 'Erfordia IV' 6-max Seat #6 is the button
Seat 1: reiyser ($100.50 in chips) 
Seat 2: Bessie0009 ($26.85 in chips) 
Seat 3: Unipoker11 ($104.52 in chips) 
Seat 4: M1k_DP ($100 in chips) 
Seat 6: JUANS2 ($105.49 in chips) 
reiyser: posts small blind $0.50
Bessie0009: posts big blind $1
*** HOLE CARDS ***
Unipoker11: folds 
M1k_DP: folds 
JUANS2: folds 
reiyser: folds 
Uncalled bet ($0.50) returned to Bessie0009
Bessie0009 collected $1 from pot
*** SUMMARY ***
Total pot $1 | Rake $0 
Seat 1: reiyser (small blind) folded before Flop
Seat 2: Bessie0009 (big blind) collected ($1)
Seat 3: Unipoker11 folded before Flop (didn't bet)
Seat 4: M1k_DP folded before Flop (didn't bet)
Seat 6: JUANS2 (button) folded before Flop (didn't bet)



PokerStars Hand #254517683548:  Hold'em No Limit ($0.50/$1.00 USD) - 2025/01/23 19:11:11 WET [2025/01/23 14:11:11 ET]
Table 'Erfordia IV' 6-max Seat #1 is the button
Seat 1: reiyser ($100 in chips) 
Seat 2: Bessie0009 ($27.35 in chips) 
Seat 3: Unipoker11 ($104.52 in chips) 
Seat 4: M1k_DP ($100 in chips) 
Seat 6: JUANS2 ($105.49 in chips) 
Bessie0009: posts small blind $0.50
Unipoker11: posts big blind $1
*** HOLE CARDS ***
M1k_DP: folds 
JUANS2: folds 
reiyser: raises $1.23 to $2.23
Bessie0009: calls $1.73
Unipoker11: folds 
*** FLOP *** [4s 6h Ad]
Bessie0009: checks 
NISIY joins the table at seat #5 
reiyser: bets $1.51
Bessie0009: folds 
Uncalled bet ($1.51) returned to reiyser
reiyser collected $5.19 from pot
reiyser: doesn't show hand 
*** SUMMARY ***
Total pot $5.46 | Rake $0.27 
Board [4s 6h Ad]
Seat 1: reiyser (button) collected ($5.19)
Seat 2: Bessie0009 (small blind) folded on the Flop
Seat 3: Unipoker11 (big blind) folded before Flop
Seat 4: M1k_DP folded before Flop (didn't bet)
Seat 6: JUANS2 folded before Flop (didn't bet)



PokerStars Hand #254517689857:  Hold'em No Limit ($0.50/$1.00 USD) - 2025/01/23 19:11:37 WET [2025/01/23 14:11:37 ET]
Table 'Erfordia IV' 6-max Seat #2 is the button
Seat 4: M1k_DP ($100 in chips) is sitting out
Seat 1: reiyser ($102.96 in chips) 
Seat 2: Bessie0009 ($25.12 in chips) 
Seat 3: Unipoker11 ($103.52 in chips) 
Seat 5: NISIY ($100 in chips) 
Seat 6: JUANS2 ($105.49 in chips) 
Unipoker11: posts small blind $0.50
M1k_DP: is sitting out 
NISIY: posts big blind $1
*** HOLE CARDS ***
M1k_DP leaves the table
JUANS2: raises $1.20 to $2.20
reiyser: folds 
Bessie0009: folds 
Unipoker11: raises $8.80 to $11
NISIY: folds 
dreimis190 joins the table at seat #4 
JUANS2: raises $13.50 to $24.50
Unipoker11: calls $13.50
*** FLOP *** [5s 8d 3s]
Unipoker11: checks 
JUANS2: bets $12
Unipoker11: raises $67.02 to $79.02 and is all-in
JUANS2: folds 
Uncalled bet ($67.02) returned to Unipoker11
Unipoker11 collected $71.50 from pot
Unipoker11: doesn't show hand 
*** SUMMARY ***
Total pot $74 | Rake $2.50 
Board [5s 8d 3s]
Seat 4: M1k_DP
Seat 1: reiyser folded before Flop (didn't bet)
Seat 2: Bessie0009 (button) folded before Flop (didn't bet)
Seat 3: Unipoker11 (small blind) collected ($71.50)
Seat 5: NISIY (big blind) folded before Flop
Seat 6: JUANS2 folded on the Flop



PokerStars Hand #254517715062:  Hold'em No Limit ($0.50/$1.00 USD) - 2025/01/23 19:13:21 WET [2025/01/23 14:13:21 ET]
Table 'Erfordia IV' 6-max Seat #3 is the button
Seat 4: dreimis190 ($100 in chips) is sitting out
Seat 1: reiyser ($102.96 in chips) 
Seat 2: Bessie0009 ($25.12 in chips) 
Seat 3: Unipoker11 ($138.52 in chips) 
Seat 5: NISIY ($100 in chips) 
Seat 6: JUANS2 ($100 in chips) 
NISIY: posts small blind $0.50
JUANS2: posts big blind $1
*** HOLE CARDS ***
reiyser: folds 
Bessie0009: raises $2.50 to $3.50
Unipoker11: folds 
NISIY: folds 
JUANS2: folds 
Uncalled bet ($2.50) returned to Bessie0009
Bessie0009 collected $2.50 from pot
*** SUMMARY ***
Total pot $2.50 | Rake $0 
Seat 4: dreimis190
Seat 1: reiyser folded before Flop (didn't bet)
Seat 2: Bessie0009 collected ($2.50)
Seat 3: Unipoker11 (button) folded before Flop (didn't bet)
Seat 5: NISIY (small blind) folded before Flop
Seat 6: JUANS2 (big blind) folded before Flop



PokerStars Hand #254517717806:  Hold'em No Limit ($0.50/$1.00 USD) - 2025/01/23 19:13:32 WET [2025/01/23 14:13:32 ET]
Table 'Erfordia IV' 6-max Seat #5 is the button
Seat 4: dreimis190 ($100 in chips) is sitting out
Seat 1: reiyser ($102.96 in chips) 
Seat 2: Bessie0009 ($26.62 in chips) 
Seat 3: Unipoker11 ($138.52 in chips) 
Seat 5: NISIY ($100 in chips) 
Seat 6: JUANS2 ($100 in chips) 
JUANS2: posts small blind $0.50
reiyser: posts big blind $1
dreimis190: sits out 
*** HOLE CARDS ***
Bessie0009: folds 
Unipoker11: raises $1.30 to $2.30
NISIY: folds 
JUANS2: folds 
reiyser: folds 
Uncalled bet ($1.30) returned to Unipoker11
Unipoker11 collected $2.50 from pot
Unipoker11: doesn't show hand 
*** SUMMARY ***
Total pot $2.50 | Rake $0 
Seat 4: dreimis190
Seat 1: reiyser (big blind) folded before Flop
Seat 2: Bessie0009 folded before Flop (didn't bet)
Seat 3: Unipoker11 collected ($2.50)
Seat 5: NISIY (button) folded before Flop (didn't bet)
Seat 6: JUANS2 (small blind) folded before Flop



PokerStars Hand #254517720762:  Hold'em No Limit ($0.50/$1.00 USD) - 2025/01/23 19:13:45 WET [2025/01/23 14:13:45 ET]
Table 'Erfordia IV' 6-max Seat #6 is the button
Seat 4: dreimis190 ($100 in chips) is sitting out
Seat 1: reiyser ($101.96 in chips) 
Seat 2: Bessie0009 ($26.62 in chips) 
Seat 3: Unipoker11 ($140.02 in chips) 
Seat 5: NISIY ($100 in chips) 
Seat 6: JUANS2 ($100 in chips) 
reiyser: posts small blind $0.50
Bessie0009: posts big blind $1
dreimis190: sits out 
*** HOLE CARDS ***
Unipoker11: folds 
NISIY: raises $1.50 to $2.50
JUANS2: folds 
reiyser: folds 
Bessie0009: calls $1.50
*** FLOP *** [Ts 2h Th]
Bessie0009: checks 
NISIY: bets $1.72
Bessie0009: calls $1.72
*** TURN *** [Ts 2h Th] [5s]
Bessie0009: checks 
NISIY: checks 
*** RIVER *** [Ts 2h Th 5s] [Tc]
Bessie0009: bets $8.49
NISIY: calls $8.49
*** SHOW DOWN ***
Bessie0009: shows [Kd 4d] (three of a kind, Tens)
NISIY: shows [5d As] (a full house, Tens full of Fives)
NISIY collected $24.62 from pot
*** SUMMARY ***
Total pot $25.92 | Rake $1.30 
Board [Ts 2h Th 5s Tc]
Seat 4: dreimis190
Seat 1: reiyser (small blind) folded before Flop
Seat 2: Bessie0009 (big blind) showed [Kd 4d] and lost with three of a kind, Tens
Seat 3: Unipoker11 folded before Flop (didn't bet)
Seat 5: NISIY showed [5d As] and won ($24.62) with a full house, Tens full of Fives
Seat 6: JUANS2 (button) folded before Flop (didn't bet)



PokerStars Hand #254517731974:  Hold'em No Limit ($0.50/$1.00 USD) - 2025/01/23 19:14:32 WET [2025/01/23 14:14:32 ET]
Table 'Erfordia IV' 6-max Seat #1 is the button
Seat 4: dreimis190 ($100 in chips) is sitting out
Seat 1: reiyser ($101.46 in chips) 
Seat 2: Bessie0009 ($13.91 in chips) 
Seat 3: Unipoker11 ($140.02 in chips) 
Seat 5: NISIY ($111.91 in chips) 
Seat 6: JUANS2 ($100 in chips) 
Bessie0009: posts small blind $0.50
Unipoker11: posts big blind $1
dreimis190: sits out 
*** HOLE CARDS ***
NISIY: folds 
JUANS2: folds 
reiyser: raises $1.23 to $2.23
Bessie0009: folds 
Unipoker11: raises $10.27 to $12.50
reiyser: raises $15.50 to $28
Unipoker11 has timed out
Unipoker11: folds 
Uncalled bet ($15.50) returned to reiyser
reiyser collected $25.50 from pot
reiyser: doesn't show hand 
*** SUMMARY ***
Total pot $25.50 | Rake $0 
Seat 4: dreimis190
Seat 1: reiyser (button) collected ($25.50)
Seat 2: Bessie0009 (small blind) folded before Flop
Seat 3: Unipoker11 (big blind) folded before Flop
Seat 5: NISIY folded before Flop (didn't bet)
Seat 6: JUANS2 folded before Flop (didn't bet)



PokerStars Hand #254517851450:  Hold'em No Limit ($0.50/$1.00 USD) - 2025/01/23 19:22:45 WET [2025/01/23 14:22:45 ET]
Table 'Erfordia IV' 6-max Seat #1 is the button
Seat 1: reiyser ($109.52 in chips) 
Seat 2: Bessie0009 ($21.34 in chips) 
Seat 3: Unipoker11 ($102.91 in chips) 
Seat 4: dreimis190 ($100 in chips) 
Seat 5: NISIY ($134.57 in chips) 
Seat 6: JUANS2 ($100 in chips) 
Bessie0009: posts small blind $0.50
Unipoker11: posts big blind $1
*** HOLE CARDS ***
dreimis190: folds 
NISIY: folds 
JUANS2: raises $1.50 to $2.50
reiyser: folds 
Bessie0009: folds 
Unipoker11: calls $1.50
*** FLOP *** [Jc Tc 6d]
Unipoker11: checks 
JUANS2: checks 
*** TURN *** [Jc Tc 6d] [4c]
Unipoker11: bets $3.91
JUANS2: calls $3.91
*** RIVER *** [Jc Tc 6d 4c] [6s]
Unipoker11: bets $9.49
JUANS2: calls $9.49
*** SHOW DOWN ***
Unipoker11: shows [Jd Ad] (two pair, Jacks and Sixes)
JUANS2: mucks hand 
Unipoker11 collected $30.68 from pot
*** SUMMARY ***
Total pot $32.30 | Rake $1.62 
Board [Jc Tc 6d 4c 6s]
Seat 1: reiyser (button) folded before Flop (didn't bet)
Seat 2: Bessie0009 (small blind) folded before Flop
Seat 3: Unipoker11 (big blind) showed [Jd Ad] and won ($30.68) with two pair, Jacks and Sixes
Seat 4: dreimis190 folded before Flop (didn't bet)
Seat 5: NISIY folded before Flop (didn't bet)
Seat 6: JUANS2 mucked



PokerStars Hand #254517870255:  Hold'em No Limit ($0.50/$1.00 USD) - 2025/01/23 19:24:03 WET [2025/01/23 14:24:03 ET]
Table 'Erfordia IV' 6-max Seat #2 is the button
Seat 4: dreimis190 ($100 in chips) is sitting out
Seat 5: NISIY ($134.57 in chips) is sitting out
Seat 1: reiyser ($109.52 in chips) 
Seat 2: Bessie0009 ($20.84 in chips) 
Seat 3: Unipoker11 ($117.69 in chips) 
Seat 6: JUANS2 ($100 in chips) 
Unipoker11: posts small blind $0.50
NISIY: is sitting out 
JUANS2: posts big blind $1
*** HOLE CARDS ***
reiyser: folds 
Bessie0009: raises $2.50 to $3.50
Unipoker11: folds 
JUANS2: folds 
Uncalled bet ($2.50) returned to Bessie0009
Bessie0009 collected $2.50 from pot
*** SUMMARY ***
Total pot $2.50 | Rake $0 
Seat 4: dreimis190
Seat 5: NISIY
Seat 1: reiyser folded before Flop (didn't bet)
Seat 2: Bessie0009 (button) collected ($2.50)
Seat 3: Unipoker11 (small blind) folded before Flop
Seat 6: JUANS2 (big blind) folded before Flop



PokerStars Hand #254517873746:  Hold'em No Limit ($0.50/$1.00 USD) - 2025/01/23 19:24:18 WET [2025/01/23 14:24:18 ET]
Table 'Erfordia IV' 6-max Seat #3 is the button
Seat 4: dreimis190 ($100 in chips) is sitting out
Seat 5: NISIY ($134.57 in chips) is sitting out
Seat 1: reiyser ($109.52 in chips) 
Seat 2: Bessie0009 ($22.34 in chips) 
Seat 3: Unipoker11 ($117.19 in chips) 
Seat 6: JUANS2 ($100 in chips) 
JUANS2: posts small blind $0.50
reiyser: posts big blind $1
*** HOLE CARDS ***
Bessie0009: raises $2.50 to $3.50
Unipoker11: folds 
JUANS2: folds 
reiyser: folds 
Uncalled bet ($2.50) returned to Bessie0009
Bessie0009 collected $2.50 from pot
*** SUMMARY ***
Total pot $2.50 | Rake $0 
Seat 4: dreimis190
Seat 5: NISIY
Seat 1: reiyser (big blind) folded before Flop
Seat 2: Bessie0009 collected ($2.50)
Seat 3: Unipoker11 (button) folded before Flop (didn't bet)
Seat 6: JUANS2 (small blind) folded before Flop



PokerStars Hand #254517876447:  Hold'em No Limit ($0.50/$1.00 USD) - 2025/01/23 19:24:29 WET [2025/01/23 14:24:29 ET]
Table 'Erfordia IV' 6-max Seat #6 is the button
Seat 2: Bessie0009 ($23.84 in chips) is sitting out
Seat 4: dreimis190 ($100 in chips) is sitting out
Seat 5: NISIY ($134.57 in chips) is sitting out
Seat 1: reiyser ($108.52 in chips) 
Seat 3: Unipoker11 ($117.19 in chips) 
Seat 6: JUANS2 ($100 in chips) 
reiyser: posts small blind $0.50
Bessie0009: is sitting out 
Unipoker11: posts big blind $1
*** HOLE CARDS ***
JUANS2: folds 
reiyser: folds 
Uncalled bet ($0.50) returned to Unipoker11
Bessie0009 leaves the table
Unipoker11 collected $1 from pot
Unipoker11: doesn't show hand 
*** SUMMARY ***
Total pot $1 | Rake $0 
Seat 2: Bessie0009
Seat 4: dreimis190
Seat 5: NISIY
Seat 1: reiyser (small blind) folded before Flop
Seat 3: Unipoker11 (big blind) collected ($1)
Seat 6: JUANS2 (button) folded before Flop (didn't bet)



PokerStars Hand #254517878661:  Hold'em No Limit ($0.50/$1.00 USD) - 2025/01/23 19:24:38 WET [2025/01/23 14:24:38 ET]
Table 'Erfordia IV' 6-max Seat #1 is the button
Seat 4: dreimis190 ($100 in chips) is sitting out
Seat 1: reiyser ($108.02 in chips) 
Seat 3: Unipoker11 ($117.69 in chips) 
Seat 6: JUANS2 ($100 in chips) 
Unipoker11: posts small blind $0.50
NISIY leaves the table
JUANS2: posts big blind $1
*** HOLE CARDS ***
reiyser: folds 
Unipoker11: raises $2 to $3
JUANS2: folds 
Uncalled bet ($2) returned to Unipoker11
Unipoker11 collected $2 from pot
Unipoker11: doesn't show hand 
*** SUMMARY ***
Total pot $2 | Rake $0 
Seat 4: dreimis190
Seat 1: reiyser (button) folded before Flop (didn't bet)
Seat 3: Unipoker11 (small blind) collected ($2)
Seat 6: JUANS2 (big blind) folded before Flop



PokerStars Hand #254517882533:  Hold'em No Limit ($0.50/$1.00 USD) - 2025/01/23 19:24:54 WET [2025/01/23 14:24:54 ET]
Table 'Erfordia IV' 6-max Seat #6 is the button
Seat 1: reiyser ($108.02 in chips) is sitting out
Seat 4: dreimis190 ($100 in chips) is sitting out
Seat 3: Unipoker11 ($118.69 in chips) 
Seat 6: JUANS2 ($100 in chips) 
JUANS2: posts small blind $0.50
reiyser: is sitting out 
Unipoker11: posts big blind $1
*** HOLE CARDS ***
reiyser leaves the table
JUANS2: raises $2 to $3
Unipoker11: folds 
Uncalled bet ($2) returned to JUANS2
JUANS2 collected $2 from pot
JUANS2: doesn't show hand 
*** SUMMARY ***
Total pot $2 | Rake $0 
Seat 1: reiyser
Seat 4: dreimis190
Seat 3: Unipoker11 (big blind) folded before Flop
Seat 6: JUANS2 (button) (small blind) collected ($2)



