PokerStars Hand #254518942045:  Hold'em No Limit ($0.50/$1.00 USD) - 2025/01/23 20:31:05 WET [2025/01/23 15:31:05 ET]
Table 'Alchiba III' 6-max Seat #2 is the button
Seat 2: Joker007r ($100 in chips) 
Seat 4: Supermegopro ($100 in chips) 
Seat 5: Manifestorr ($100 in chips) 
Supermegopro: posts small blind $0.50
Manifestorr: posts big blind $1
*** HOLE CARDS ***
Joker007r: folds 
Supermegopro: raises $2 to $3
Manifestorr: calls $2
*** FLOP *** [Jc 6s 4s]
Supermegopro: checks 
Manifestorr: checks 
*** TURN *** [Jc 6s 4s] [Kd]
Supermegopro: bets $4
Manifestorr: calls $4
*** RIVER *** [Jc 6s 4s Kd] [6d]
Supermegopro: bets $4.39
Manifestorr: calls $4.39
*** SHOW DOWN ***
Supermegopro: shows [7c 9h] (a pair of Sixes)
Manifestorr: shows [Th Ks] (two pair, Kings and Sixes)
Manifestorr collected $21.78 from pot
*** SUMMARY ***
Total pot $22.78 | Rake $1 
Board [Jc 6s 4s Kd 6d]
Seat 2: Joker007r (button) folded before Flop (didn't bet)
Seat 4: Supermegopro (small blind) showed [7c 9h] and lost with a pair of Sixes
Seat 5: Manifestorr (big blind) showed [Th Ks] and won ($21.78) with two pair, Kings and Sixes



PokerStars Hand #254518952907:  Hold'em No Limit ($0.50/$1.00 USD) - 2025/01/23 20:31:41 WET [2025/01/23 15:31:41 ET]
Table 'Alchiba III' 6-max Seat #4 is the button
Seat 2: Joker007r ($100 in chips) 
Seat 4: Supermegopro ($100 in chips) 
Seat 5: Manifestorr ($110.39 in chips) 
Manifestorr: posts small blind $0.50
Joker007r: posts big blind $1
*** HOLE CARDS ***
Supermegopro: raises $1.50 to $2.50
Manifestorr: folds 
Joker007r: folds 
Uncalled bet ($1.50) returned to Supermegopro
Supermegopro collected $2.50 from pot
Supermegopro: doesn't show hand 
*** SUMMARY ***
Total pot $2.50 | Rake $0 
Seat 2: Joker007r (big blind) folded before Flop
Seat 4: Supermegopro (button) collected ($2.50)
Seat 5: Manifestorr (small blind) folded before Flop



PokerStars Hand #254518955923:  Hold'em No Limit ($0.50/$1.00 USD) - 2025/01/23 20:31:51 WET [2025/01/23 15:31:51 ET]
Table 'Alchiba III' 6-max Seat #5 is the button
Seat 2: Joker007r ($100 in chips) 
Seat 4: Supermegopro ($101.50 in chips) 
Seat 5: Manifestorr ($109.89 in chips) 
Joker007r: posts small blind $0.50
Supermegopro: posts big blind $1
*** HOLE CARDS ***
Manifestorr: raises $1.20 to $2.20
Joker007r: folds 
Supermegopro: calls $1.20
*** FLOP *** [Ac 3s As]
Supermegopro: checks 
Manifestorr: bets $1.54
Supermegopro: folds 
Uncalled bet ($1.54) returned to Manifestorr
Manifestorr collected $4.66 from pot
*** SUMMARY ***
Total pot $4.90 | Rake $0.24 
Board [Ac 3s As]
Seat 2: Joker007r (small blind) folded before Flop
Seat 4: Supermegopro (big blind) folded on the Flop
Seat 5: Manifestorr (button) collected ($4.66)



PokerStars Hand #254518962291:  Hold'em No Limit ($0.50/$1.00 USD) - 2025/01/23 20:32:13 WET [2025/01/23 15:32:13 ET]
Table 'Alchiba III' 6-max Seat #4 is the button
Seat 5: Manifestorr ($112.35 in chips) is sitting out
Seat 2: Joker007r ($100 in chips) 
Seat 4: Supermegopro ($100 in chips) 
Supermegopro: posts small blind $0.50
Manifestorr: is sitting out 
Joker007r: posts big blind $1
*** HOLE CARDS ***
Manifestorr leaves the table
Supermegopro: folds 
Uncalled bet ($0.50) returned to Joker007r
Joker007r collected $1 from pot
Joker007r: doesn't show hand 
*** SUMMARY ***
Total pot $1 | Rake $0 
Seat 5: Manifestorr
Seat 2: Joker007r (big blind) collected ($1)
Seat 4: Supermegopro (button) (small blind) folded before Flop



PokerStars Hand #254518964183:  Hold'em No Limit ($0.50/$1.00 USD) - 2025/01/23 20:32:19 WET [2025/01/23 15:32:19 ET]
Table 'Alchiba III' 6-max Seat #2 is the button
Seat 2: Joker007r ($100.50 in chips) 
Seat 4: Supermegopro ($100 in chips) 
Joker007r: posts small blind $0.50
Supermegopro: posts big blind $1
*** HOLE CARDS ***
Joker007r: raises $1.50 to $2.50
BoyLoc0 joins the table at seat #6 
Supermegopro: folds 
Uncalled bet ($1.50) returned to Joker007r
Joker007r collected $2 from pot
Joker007r: doesn't show hand 
*** SUMMARY ***
Total pot $2 | Rake $0 
Seat 2: Joker007r (button) (small blind) collected ($2)
Seat 4: Supermegopro (big blind) folded before Flop



PokerStars Hand #254518968871:  Hold'em No Limit ($0.50/$1.00 USD) - 2025/01/23 20:32:35 WET [2025/01/23 15:32:35 ET]
Table 'Alchiba III' 6-max Seat #2 is the button
Seat 4: Supermegopro ($100 in chips) is sitting out
Seat 2: Joker007r ($101.50 in chips) 
Seat 6: BoyLoc0 ($100 in chips) 
Joker007r: posts small blind $0.50
BoyLoc0: posts big blind $1
*** HOLE CARDS ***
Joker007r: folds 
Uncalled bet ($0.50) returned to BoyLoc0
BoyLoc0 collected $1 from pot
BoyLoc0: doesn't show hand 
*** SUMMARY ***
Total pot $1 | Rake $0 
Seat 4: Supermegopro
Seat 2: Joker007r (button) (small blind) folded before Flop
Seat 6: BoyLoc0 (big blind) collected ($1)



PokerStars Hand #254518970438:  Hold'em No Limit ($0.50/$1.00 USD) - 2025/01/23 20:32:40 WET [2025/01/23 15:32:40 ET]
Table 'Alchiba III' 6-max Seat #6 is the button
Seat 2: Joker007r ($101 in chips) 
Seat 4: Supermegopro ($100 in chips) 
Seat 6: BoyLoc0 ($100.50 in chips) 
Joker007r: posts small blind $0.50
Supermegopro: posts big blind $1
*** HOLE CARDS ***
BoyLoc0: folds 
Joker007r: folds 
Uncalled bet ($0.50) returned to Supermegopro
Supermegopro collected $1 from pot
Supermegopro: doesn't show hand 
*** SUMMARY ***
Total pot $1 | Rake $0 
Seat 2: Joker007r (small blind) folded before Flop
Seat 4: Supermegopro (big blind) collected ($1)
Seat 6: BoyLoc0 (button) folded before Flop (didn't bet)



PokerStars Hand #254518974889:  Hold'em No Limit ($0.50/$1.00 USD) - 2025/01/23 20:32:55 WET [2025/01/23 15:32:55 ET]
Table 'Alchiba III' 6-max Seat #2 is the button
Seat 2: Joker007r ($100.50 in chips) 
Seat 4: Supermegopro ($100.50 in chips) 
Seat 6: BoyLoc0 ($100.50 in chips) 
Supermegopro: posts small blind $0.50
BoyLoc0: posts big blind $1
*** HOLE CARDS ***
Joker007r: folds 
Supermegopro: raises $2 to $3
BoyLoc0: folds 
Uncalled bet ($2) returned to Supermegopro
Supermegopro collected $2 from pot
Supermegopro: doesn't show hand 
*** SUMMARY ***
Total pot $2 | Rake $0 
Seat 2: Joker007r (button) folded before Flop (didn't bet)
Seat 4: Supermegopro (small blind) collected ($2)
Seat 6: BoyLoc0 (big blind) folded before Flop



PokerStars Hand #254518978528:  Hold'em No Limit ($0.50/$1.00 USD) - 2025/01/23 20:33:07 WET [2025/01/23 15:33:07 ET]
Table 'Alchiba III' 6-max Seat #4 is the button
Seat 2: Joker007r ($100.50 in chips) 
Seat 4: Supermegopro ($101.50 in chips) 
Seat 6: BoyLoc0 ($100 in chips) 
BoyLoc0: posts small blind $0.50
Joker007r: posts big blind $1
*** HOLE CARDS ***
Supermegopro: raises $1.50 to $2.50
BoyLoc0: raises $9.50 to $12
Joker007r: folds 
Supermegopro: folds 
Uncalled bet ($9.50) returned to BoyLoc0
BoyLoc0 collected $6 from pot
BoyLoc0: doesn't show hand 
*** SUMMARY ***
Total pot $6 | Rake $0 
Seat 2: Joker007r (big blind) folded before Flop
Seat 4: Supermegopro (button) folded before Flop
Seat 6: BoyLoc0 (small blind) collected ($6)



PokerStars Hand #254518982949:  Hold'em No Limit ($0.50/$1.00 USD) - 2025/01/23 20:33:22 WET [2025/01/23 15:33:22 ET]
Table 'Alchiba III' 6-max Seat #6 is the button
Seat 2: Joker007r ($100 in chips) 
Seat 4: Supermegopro ($100 in chips) 
Seat 6: BoyLoc0 ($103.50 in chips) 
Joker007r: posts small blind $0.50
Supermegopro: posts big blind $1
*** HOLE CARDS ***
BoyLoc0: folds 
Joker007r: raises $2 to $3
Supermegopro: folds 
Uncalled bet ($2) returned to Joker007r
Joker007r collected $2 from pot
Joker007r: doesn't show hand 
*** SUMMARY ***
Total pot $2 | Rake $0 
Seat 2: Joker007r (small blind) collected ($2)
Seat 4: Supermegopro (big blind) folded before Flop
Seat 6: BoyLoc0 (button) folded before Flop (didn't bet)



PokerStars Hand #254518986276:  Hold'em No Limit ($0.50/$1.00 USD) - 2025/01/23 20:33:33 WET [2025/01/23 15:33:33 ET]
Table 'Alchiba III' 6-max Seat #2 is the button
Seat 2: Joker007r ($101 in chips) 
Seat 4: Supermegopro ($100 in chips) 
Seat 6: BoyLoc0 ($103.50 in chips) 
Supermegopro: posts small blind $0.50
BoyLoc0: posts big blind $1
*** HOLE CARDS ***
Joker007r: folds 
Supermegopro: folds 
Uncalled bet ($0.50) returned to BoyLoc0
BoyLoc0 collected $1 from pot
BoyLoc0: doesn't show hand 
*** SUMMARY ***
Total pot $1 | Rake $0 
Seat 2: Joker007r (button) folded before Flop (didn't bet)
Seat 4: Supermegopro (small blind) folded before Flop
Seat 6: BoyLoc0 (big blind) collected ($1)



PokerStars Hand #254518988639:  Hold'em No Limit ($0.50/$1.00 USD) - 2025/01/23 20:33:41 WET [2025/01/23 15:33:41 ET]
Table 'Alchiba III' 6-max Seat #4 is the button
Seat 2: Joker007r ($101 in chips) 
Seat 4: Supermegopro ($100 in chips) 
Seat 6: BoyLoc0 ($104 in chips) 
BoyLoc0: posts small blind $0.50
Joker007r: posts big blind $1
*** HOLE CARDS ***
Supermegopro: raises $1.50 to $2.50
BoyLoc0: folds 
Joker007r: folds 
Uncalled bet ($1.50) returned to Supermegopro
Supermegopro collected $2.50 from pot
Supermegopro: doesn't show hand 
*** SUMMARY ***
Total pot $2.50 | Rake $0 
Seat 2: Joker007r (big blind) folded before Flop
Seat 4: Supermegopro (button) collected ($2.50)
Seat 6: BoyLoc0 (small blind) folded before Flop



PokerStars Hand #254518992063:  Hold'em No Limit ($0.50/$1.00 USD) - 2025/01/23 20:33:53 WET [2025/01/23 15:33:53 ET]
Table 'Alchiba III' 6-max Seat #6 is the button
Seat 2: Joker007r ($100 in chips) 
Seat 4: Supermegopro ($101.50 in chips) 
Seat 6: BoyLoc0 ($103.50 in chips) 
Joker007r: posts small blind $0.50
Supermegopro: posts big blind $1
*** HOLE CARDS ***
BoyLoc0: folds 
Joker007r: folds 
Uncalled bet ($0.50) returned to Supermegopro
Supermegopro collected $1 from pot
Supermegopro: doesn't show hand 
*** SUMMARY ***
Total pot $1 | Rake $0 
Seat 2: Joker007r (small blind) folded before Flop
Seat 4: Supermegopro (big blind) collected ($1)
Seat 6: BoyLoc0 (button) folded before Flop (didn't bet)



PokerStars Hand #254518997322:  Hold'em No Limit ($0.50/$1.00 USD) - 2025/01/23 20:34:10 WET [2025/01/23 15:34:10 ET]
Table 'Alchiba III' 6-max Seat #2 is the button
Seat 2: Joker007r ($100 in chips) 
Seat 4: Supermegopro ($102 in chips) 
Seat 6: BoyLoc0 ($103.50 in chips) 
Supermegopro: posts small blind $0.50
BoyLoc0: posts big blind $1
*** HOLE CARDS ***
Joker007r: folds 
Supermegopro: folds 
Uncalled bet ($0.50) returned to BoyLoc0
BoyLoc0 collected $1 from pot
BoyLoc0: doesn't show hand 
*** SUMMARY ***
Total pot $1 | Rake $0 
Seat 2: Joker007r (button) folded before Flop (didn't bet)
Seat 4: Supermegopro (small blind) folded before Flop
Seat 6: BoyLoc0 (big blind) collected ($1)



PokerStars Hand #254518999121:  Hold'em No Limit ($0.50/$1.00 USD) - 2025/01/23 20:34:16 WET [2025/01/23 15:34:16 ET]
Table 'Alchiba III' 6-max Seat #4 is the button
Seat 2: Joker007r ($100 in chips) 
Seat 4: Supermegopro ($101.50 in chips) 
Seat 6: BoyLoc0 ($104 in chips) 
BoyLoc0: posts small blind $0.50
Joker007r: posts big blind $1
*** HOLE CARDS ***
Supermegopro: raises $2 to $3
BoyLoc0: raises $9 to $12
Joker007r: folds 
Supermegopro: folds 
Uncalled bet ($9) returned to BoyLoc0
BoyLoc0 collected $7 from pot
BoyLoc0: doesn't show hand 
*** SUMMARY ***
Total pot $7 | Rake $0 
Seat 2: Joker007r (big blind) folded before Flop
Seat 4: Supermegopro (button) folded before Flop
Seat 6: BoyLoc0 (small blind) collected ($7)



PokerStars Hand #254519002996:  Hold'em No Limit ($0.50/$1.00 USD) - 2025/01/23 20:34:29 WET [2025/01/23 15:34:29 ET]
Table 'Alchiba III' 6-max Seat #6 is the button
Seat 2: Joker007r ($100 in chips) 
Seat 4: Supermegopro ($100 in chips) 
Seat 6: BoyLoc0 ($108 in chips) 
Joker007r: posts small blind $0.50
Supermegopro: posts big blind $1
*** HOLE CARDS ***
BoyLoc0: raises $1.50 to $2.50
Joker007r: folds 
Supermegopro: folds 
Uncalled bet ($1.50) returned to BoyLoc0
BoyLoc0 collected $2.50 from pot
BoyLoc0: doesn't show hand 
*** SUMMARY ***
Total pot $2.50 | Rake $0 
Seat 2: Joker007r (small blind) folded before Flop
Seat 4: Supermegopro (big blind) folded before Flop
Seat 6: BoyLoc0 (button) collected ($2.50)



PokerStars Hand #254519005761:  Hold'em No Limit ($0.50/$1.00 USD) - 2025/01/23 20:34:39 WET [2025/01/23 15:34:39 ET]
Table 'Alchiba III' 6-max Seat #2 is the button
Seat 2: Joker007r ($100 in chips) 
Seat 4: Supermegopro ($100 in chips) 
Seat 6: BoyLoc0 ($109.50 in chips) 
Supermegopro: posts small blind $0.50
BoyLoc0: posts big blind $1
*** HOLE CARDS ***
Joker007r: folds 
Supermegopro: raises $2 to $3
BoyLoc0: folds 
Uncalled bet ($2) returned to Supermegopro
Supermegopro collected $2 from pot
Supermegopro: doesn't show hand 
*** SUMMARY ***
Total pot $2 | Rake $0 
Seat 2: Joker007r (button) folded before Flop (didn't bet)
Seat 4: Supermegopro (small blind) collected ($2)
Seat 6: BoyLoc0 (big blind) folded before Flop



PokerStars Hand #254519008136:  Hold'em No Limit ($0.50/$1.00 USD) - 2025/01/23 20:34:47 WET [2025/01/23 15:34:47 ET]
Table 'Alchiba III' 6-max Seat #4 is the button
Seat 2: Joker007r ($100 in chips) 
Seat 4: Supermegopro ($101 in chips) 
Seat 6: BoyLoc0 ($108.50 in chips) 
BoyLoc0: posts small blind $0.50
Joker007r: posts big blind $1
*** HOLE CARDS ***
Supermegopro: raises $1.50 to $2.50
BoyLoc0: folds 
Joker007r: folds 
Uncalled bet ($1.50) returned to Supermegopro
Supermegopro collected $2.50 from pot
Supermegopro: doesn't show hand 
*** SUMMARY ***
Total pot $2.50 | Rake $0 
Seat 2: Joker007r (big blind) folded before Flop
Seat 4: Supermegopro (button) collected ($2.50)
Seat 6: BoyLoc0 (small blind) folded before Flop



PokerStars Hand #254519015132:  Hold'em No Limit ($0.50/$1.00 USD) - 2025/01/23 20:35:11 WET [2025/01/23 15:35:11 ET]
Table 'Alchiba III' 6-max Seat #6 is the button
Seat 2: Joker007r ($100 in chips) 
Seat 4: Supermegopro ($102.50 in chips) 
Seat 6: BoyLoc0 ($108 in chips) 
Joker007r: posts small blind $0.50
Supermegopro: posts big blind $1
*** HOLE CARDS ***
BoyLoc0: folds 
Joker007r: raises $2 to $3
Supermegopro: calls $2
*** FLOP *** [3h Ac 8s]
Joker007r: checks 
Supermegopro: checks 
*** TURN *** [3h Ac 8s] [7h]
Joker007r: checks 
Supermegopro: bets $3.80
Joker007r: folds 
Uncalled bet ($3.80) returned to Supermegopro
Supermegopro collected $5.70 from pot
Supermegopro: doesn't show hand 
*** SUMMARY ***
Total pot $6 | Rake $0.30 
Board [3h Ac 8s 7h]
Seat 2: Joker007r (small blind) folded on the Turn
Seat 4: Supermegopro (big blind) collected ($5.70)
Seat 6: BoyLoc0 (button) folded before Flop (didn't bet)



PokerStars Hand #254519023217:  Hold'em No Limit ($0.50/$1.00 USD) - 2025/01/23 20:35:38 WET [2025/01/23 15:35:38 ET]
Table 'Alchiba III' 6-max Seat #2 is the button
Seat 2: Joker007r ($100 in chips) 
Seat 4: Supermegopro ($105.20 in chips) 
Seat 6: BoyLoc0 ($108 in chips) 
Supermegopro: posts small blind $0.50
BoyLoc0: posts big blind $1
*** HOLE CARDS ***
Joker007r: raises $1.50 to $2.50
Supermegopro: folds 
BoyLoc0: folds 
Uncalled bet ($1.50) returned to Joker007r
Joker007r collected $2.50 from pot
Joker007r: doesn't show hand 
*** SUMMARY ***
Total pot $2.50 | Rake $0 
Seat 2: Joker007r (button) collected ($2.50)
Seat 4: Supermegopro (small blind) folded before Flop
Seat 6: BoyLoc0 (big blind) folded before Flop



PokerStars Hand #254519025539:  Hold'em No Limit ($0.50/$1.00 USD) - 2025/01/23 20:35:46 WET [2025/01/23 15:35:46 ET]
Table 'Alchiba III' 6-max Seat #6 is the button
Seat 2: Joker007r ($101.50 in chips) is sitting out
Seat 4: Supermegopro ($104.70 in chips) 
Seat 6: BoyLoc0 ($107 in chips) 
BoyLoc0: posts small blind $0.50
Joker007r: is sitting out 
Supermegopro: posts big blind $1
*** HOLE CARDS ***
Joker007r leaves the table
BoyLoc0: raises $1.50 to $2.50
Supermegopro: raises $9.50 to $12
BoyLoc0: folds 
Uncalled bet ($9.50) returned to Supermegopro
Supermegopro collected $5 from pot
Supermegopro: doesn't show hand 
*** SUMMARY ***
Total pot $5 | Rake $0 
Seat 2: Joker007r
Seat 4: Supermegopro (big blind) collected ($5)
Seat 6: BoyLoc0 (button) (small blind) folded before Flop



PokerStars Hand #254519030338:  Hold'em No Limit ($0.50/$1.00 USD) - 2025/01/23 20:36:02 WET [2025/01/23 15:36:02 ET]
Table 'Alchiba III' 6-max Seat #4 is the button
Seat 4: Supermegopro ($107.20 in chips) 
Seat 6: BoyLoc0 ($104.50 in chips) 
Supermegopro: posts small blind $0.50
BoyLoc0: posts big blind $1
*** HOLE CARDS ***
Supermegopro: raises $2 to $3
BoyLoc0: calls $2
*** FLOP *** [As 7s 6c]
BoyLoc0: checks 
Supermegopro: bets $8.55
BoyLoc0: folds 
Uncalled bet ($8.55) returned to Supermegopro
Supermegopro collected $5.70 from pot
Supermegopro: doesn't show hand 
*** SUMMARY ***
Total pot $6 | Rake $0.30 
Board [As 7s 6c]
Seat 4: Supermegopro (button) (small blind) collected ($5.70)
Seat 6: BoyLoc0 (big blind) folded on the Flop



PokerStars Hand #254519039316:  Hold'em No Limit ($0.50/$1.00 USD) - 2025/01/23 20:36:32 WET [2025/01/23 15:36:32 ET]
Table 'Alchiba III' 6-max Seat #6 is the button
Seat 4: Supermegopro ($109.90 in chips) 
Seat 6: BoyLoc0 ($101.50 in chips) 
BoyLoc0: posts small blind $0.50
Supermegopro: posts big blind $1
*** HOLE CARDS ***
BoyLoc0: raises $1.50 to $2.50
Supermegopro: raises $9.50 to $12
BoyLoc0: folds 
Uncalled bet ($9.50) returned to Supermegopro
Supermegopro collected $5 from pot
Supermegopro: doesn't show hand 
*** SUMMARY ***
Total pot $5 | Rake $0 
Seat 4: Supermegopro (big blind) collected ($5)
Seat 6: BoyLoc0 (button) (small blind) folded before Flop



PokerStars Hand #254519043718:  Hold'em No Limit ($0.50/$1.00 USD) - 2025/01/23 20:36:47 WET [2025/01/23 15:36:47 ET]
Table 'Alchiba III' 6-max Seat #4 is the button
Seat 4: Supermegopro ($112.40 in chips) 
Seat 6: BoyLoc0 ($100 in chips) 
Supermegopro: posts small blind $0.50
BoyLoc0: posts big blind $1
*** HOLE CARDS ***
Supermegopro: folds 
Uncalled bet ($0.50) returned to BoyLoc0
BoyLoc0 collected $1 from pot
BoyLoc0: doesn't show hand 
*** SUMMARY ***
Total pot $1 | Rake $0 
Seat 4: Supermegopro (button) (small blind) folded before Flop
Seat 6: BoyLoc0 (big blind) collected ($1)



PokerStars Hand #254519045717:  Hold'em No Limit ($0.50/$1.00 USD) - 2025/01/23 20:36:54 WET [2025/01/23 15:36:54 ET]
Table 'Alchiba III' 6-max Seat #6 is the button
Seat 4: Supermegopro ($111.90 in chips) 
Seat 6: BoyLoc0 ($100.50 in chips) 
BoyLoc0: posts small blind $0.50
Supermegopro: posts big blind $1
*** HOLE CARDS ***
BoyLoc0: raises $1.50 to $2.50
Supermegopro: calls $1.50
*** FLOP *** [Ad 9h 7d]
Supermegopro: checks 
BoyLoc0: bets $1.57
Supermegopro: folds 
Uncalled bet ($1.57) returned to BoyLoc0
BoyLoc0 collected $4.75 from pot
BoyLoc0: doesn't show hand 
*** SUMMARY ***
Total pot $5 | Rake $0.25 
Board [Ad 9h 7d]
Seat 4: Supermegopro (big blind) folded on the Flop
Seat 6: BoyLoc0 (button) (small blind) collected ($4.75)



PokerStars Hand #254519050148:  Hold'em No Limit ($0.50/$1.00 USD) - 2025/01/23 20:37:08 WET [2025/01/23 15:37:08 ET]
Table 'Alchiba III' 6-max Seat #4 is the button
Seat 4: Supermegopro ($109.40 in chips) 
Seat 6: BoyLoc0 ($102.75 in chips) 
Supermegopro: posts small blind $0.50
BoyLoc0: posts big blind $1
*** HOLE CARDS ***
Supermegopro: raises $1.50 to $2.50
BoyLoc0: folds 
Uncalled bet ($1.50) returned to Supermegopro
Supermegopro collected $2 from pot
Supermegopro: doesn't show hand 
*** SUMMARY ***
Total pot $2 | Rake $0 
Seat 4: Supermegopro (button) (small blind) collected ($2)
Seat 6: BoyLoc0 (big blind) folded before Flop



PokerStars Hand #254519052591:  Hold'em No Limit ($0.50/$1.00 USD) - 2025/01/23 20:37:16 WET [2025/01/23 15:37:16 ET]
Table 'Alchiba III' 6-max Seat #6 is the button
Seat 4: Supermegopro ($110.40 in chips) 
Seat 6: BoyLoc0 ($101.75 in chips) 
BoyLoc0: posts small blind $0.50
Supermegopro: posts big blind $1
*** HOLE CARDS ***
BoyLoc0: raises $1.50 to $2.50
Supermegopro: calls $1.50
*** FLOP *** [9s Qh 6c]
Supermegopro: checks 
BoyLoc0: bets $1.57
Supermegopro: folds 
Uncalled bet ($1.57) returned to BoyLoc0
BoyLoc0 collected $4.75 from pot
BoyLoc0: doesn't show hand 
*** SUMMARY ***
Total pot $5 | Rake $0.25 
Board [9s Qh 6c]
Seat 4: Supermegopro (big blind) folded on the Flop
Seat 6: BoyLoc0 (button) (small blind) collected ($4.75)



PokerStars Hand #254519057365:  Hold'em No Limit ($0.50/$1.00 USD) - 2025/01/23 20:37:33 WET [2025/01/23 15:37:33 ET]
Table 'Alchiba III' 6-max Seat #4 is the button
Seat 4: Supermegopro ($107.90 in chips) 
Seat 6: BoyLoc0 ($104 in chips) 
Supermegopro: posts small blind $0.50
BoyLoc0: posts big blind $1
*** HOLE CARDS ***
Supermegopro: raises $2 to $3
BoyLoc0: folds 
Uncalled bet ($2) returned to Supermegopro
Supermegopro collected $2 from pot
Supermegopro: doesn't show hand 
*** SUMMARY ***
Total pot $2 | Rake $0 
Seat 4: Supermegopro (button) (small blind) collected ($2)
Seat 6: BoyLoc0 (big blind) folded before Flop



PokerStars Hand #254519060137:  Hold'em No Limit ($0.50/$1.00 USD) - 2025/01/23 20:37:42 WET [2025/01/23 15:37:42 ET]
Table 'Alchiba III' 6-max Seat #6 is the button
Seat 4: Supermegopro ($108.90 in chips) 
Seat 6: BoyLoc0 ($103 in chips) 
BoyLoc0: posts small blind $0.50
Supermegopro: posts big blind $1
*** HOLE CARDS ***
BoyLoc0: folds 
Uncalled bet ($0.50) returned to Supermegopro
Supermegopro collected $1 from pot
Supermegopro: doesn't show hand 
*** SUMMARY ***
Total pot $1 | Rake $0 
Seat 4: Supermegopro (big blind) collected ($1)
Seat 6: BoyLoc0 (button) (small blind) folded before Flop



PokerStars Hand #254519062661:  Hold'em No Limit ($0.50/$1.00 USD) - 2025/01/23 20:37:50 WET [2025/01/23 15:37:50 ET]
Table 'Alchiba III' 6-max Seat #4 is the button
Seat 4: Supermegopro ($109.40 in chips) 
Seat 6: BoyLoc0 ($102.50 in chips) 
Supermegopro: posts small blind $0.50
BoyLoc0: posts big blind $1
*** HOLE CARDS ***
erpaye joins the table at seat #2 
Supermegopro: folds 
Uncalled bet ($0.50) returned to BoyLoc0
BoyLoc0 collected $1 from pot
BoyLoc0: doesn't show hand 
*** SUMMARY ***
Total pot $1 | Rake $0 
Seat 4: Supermegopro (button) (small blind) folded before Flop
Seat 6: BoyLoc0 (big blind) collected ($1)



PokerStars Hand #254519064641:  Hold'em No Limit ($0.50/$1.00 USD) - 2025/01/23 20:37:57 WET [2025/01/23 15:37:57 ET]
Table 'Alchiba III' 6-max Seat #4 is the button
Seat 2: erpaye ($100 in chips) 
Seat 4: Supermegopro ($108.90 in chips) 
Seat 6: BoyLoc0 ($103 in chips) 
BoyLoc0: posts small blind $0.50
erpaye: posts big blind $1
*** HOLE CARDS ***
Supermegopro: raises $2 to $3
BoyLoc0: folds 
erpaye: calls $2
*** FLOP *** [4h Ac 7d]
erpaye: checks 
Supermegopro: bets $4.12
erpaye: raises $9.52 to $13.64
Supermegopro: calls $9.52
*** TURN *** [4h Ac 7d] [7s]
erpaye: checks 
Supermegopro: bets $10.82
erpaye: folds 
Uncalled bet ($10.82) returned to Supermegopro
Supermegopro collected $32.78 from pot
Supermegopro: doesn't show hand 
*** SUMMARY ***
Total pot $33.78 | Rake $1 
Board [4h Ac 7d 7s]
Seat 2: erpaye (big blind) folded on the Turn
Seat 4: Supermegopro (button) collected ($32.78)
Seat 6: BoyLoc0 (small blind) folded before Flop



PokerStars Hand #254519082840:  Hold'em No Limit ($0.50/$1.00 USD) - 2025/01/23 20:38:59 WET [2025/01/23 15:38:59 ET]
Table 'Alchiba III' 6-max Seat #6 is the button
Seat 2: erpaye ($100 in chips) 
Seat 4: Supermegopro ($125.04 in chips) 
Seat 6: BoyLoc0 ($102.50 in chips) 
erpaye: posts small blind $0.50
Supermegopro: posts big blind $1
*** HOLE CARDS ***
BoyLoc0: raises $1.50 to $2.50
erpaye: folds 
Supermegopro: folds 
Uncalled bet ($1.50) returned to BoyLoc0
BoyLoc0 collected $2.50 from pot
BoyLoc0: doesn't show hand 
*** SUMMARY ***
Total pot $2.50 | Rake $0 
Seat 2: erpaye (small blind) folded before Flop
Seat 4: Supermegopro (big blind) folded before Flop
Seat 6: BoyLoc0 (button) collected ($2.50)



PokerStars Hand #254519089254:  Hold'em No Limit ($0.50/$1.00 USD) - 2025/01/23 20:39:20 WET [2025/01/23 15:39:20 ET]
Table 'Alchiba III' 6-max Seat #2 is the button
Seat 2: erpaye ($100 in chips) 
Seat 4: Supermegopro ($124.04 in chips) 
Seat 6: BoyLoc0 ($104 in chips) 
Supermegopro: posts small blind $0.50
BoyLoc0: posts big blind $1
*** HOLE CARDS ***
erpaye: raises $1.30 to $2.30
Supermegopro: folds 
BoyLoc0: folds 
Uncalled bet ($1.30) returned to erpaye
erpaye collected $2.50 from pot
erpaye: doesn't show hand 
*** SUMMARY ***
Total pot $2.50 | Rake $0 
Seat 2: erpaye (button) collected ($2.50)
Seat 4: Supermegopro (small blind) folded before Flop
Seat 6: BoyLoc0 (big blind) folded before Flop



PokerStars Hand #254519094065:  Hold'em No Limit ($0.50/$1.00 USD) - 2025/01/23 20:39:37 WET [2025/01/23 15:39:37 ET]
Table 'Alchiba III' 6-max Seat #4 is the button
Seat 2: erpaye ($101.50 in chips) 
Seat 4: Supermegopro ($123.54 in chips) 
Seat 6: BoyLoc0 ($103 in chips) 
BoyLoc0: posts small blind $0.50
erpaye: posts big blind $1
*** HOLE CARDS ***
Supermegopro: raises $1.50 to $2.50
BoyLoc0: folds 
erpaye: folds 
Uncalled bet ($1.50) returned to Supermegopro
Supermegopro collected $2.50 from pot
Supermegopro: doesn't show hand 
*** SUMMARY ***
Total pot $2.50 | Rake $0 
Seat 2: erpaye (big blind) folded before Flop
Seat 4: Supermegopro (button) collected ($2.50)
Seat 6: BoyLoc0 (small blind) folded before Flop



PokerStars Hand #254519100237:  Hold'em No Limit ($0.50/$1.00 USD) - 2025/01/23 20:39:58 WET [2025/01/23 15:39:58 ET]
Table 'Alchiba III' 6-max Seat #6 is the button
Seat 2: erpaye ($100.50 in chips) 
Seat 4: Supermegopro ($125.04 in chips) 
Seat 6: BoyLoc0 ($102.50 in chips) 
erpaye: posts small blind $0.50
Supermegopro: posts big blind $1
*** HOLE CARDS ***
BoyLoc0: raises $1.50 to $2.50
erpaye: folds 
Supermegopro: calls $1.50
*** FLOP *** [Jd Td Ks]
Supermegopro: checks 
BoyLoc0: checks 
*** TURN *** [Jd Td Ks] [7h]
Supermegopro: checks 
BoyLoc0: checks 
*** RIVER *** [Jd Td Ks 7h] [As]
Supermegopro: checks 
BoyLoc0: checks 
*** SHOW DOWN ***
Supermegopro: shows [6s 6d] (a pair of Sixes)
BoyLoc0: shows [Jc 3c] (a pair of Jacks)
BoyLoc0 collected $5.22 from pot
*** SUMMARY ***
Total pot $5.50 | Rake $0.28 
Board [Jd Td Ks 7h As]
Seat 2: erpaye (small blind) folded before Flop
Seat 4: Supermegopro (big blind) showed [6s 6d] and lost with a pair of Sixes
Seat 6: BoyLoc0 (button) showed [Jc 3c] and won ($5.22) with a pair of Jacks



PokerStars Hand #254519116928:  Hold'em No Limit ($0.50/$1.00 USD) - 2025/01/23 20:40:54 WET [2025/01/23 15:40:54 ET]
Table 'Alchiba III' 6-max Seat #2 is the button
Seat 2: erpaye ($100 in chips) 
Seat 4: Supermegopro ($122.54 in chips) 
Seat 6: BoyLoc0 ($105.22 in chips) 
Supermegopro: posts small blind $0.50
BoyLoc0: posts big blind $1
*** HOLE CARDS ***
erpaye: folds 
Supermegopro: raises $2 to $3
BoyLoc0: calls $2
*** FLOP *** [Qh Jh 3c]
Supermegopro: checks 
BoyLoc0: bets $4.28
Supermegopro: folds 
Uncalled bet ($4.28) returned to BoyLoc0
BoyLoc0 collected $5.70 from pot
BoyLoc0: doesn't show hand 
*** SUMMARY ***
Total pot $6 | Rake $0.30 
Board [Qh Jh 3c]
Seat 2: erpaye (button) folded before Flop (didn't bet)
Seat 4: Supermegopro (small blind) folded on the Flop
Seat 6: BoyLoc0 (big blind) collected ($5.70)



PokerStars Hand #254519125906:  Hold'em No Limit ($0.50/$1.00 USD) - 2025/01/23 20:41:24 WET [2025/01/23 15:41:24 ET]
Table 'Alchiba III' 6-max Seat #4 is the button
Seat 2: erpaye ($100 in chips) 
Seat 4: Supermegopro ($119.54 in chips) 
Seat 6: BoyLoc0 ($107.92 in chips) 
BoyLoc0: posts small blind $0.50
erpaye: posts big blind $1
*** HOLE CARDS ***
Supermegopro: raises $1.50 to $2.50
BoyLoc0: raises $9.50 to $12
erpaye: folds 
Supermegopro: folds 
Uncalled bet ($9.50) returned to BoyLoc0
BoyLoc0 collected $6 from pot
BoyLoc0: doesn't show hand 
*** SUMMARY ***
Total pot $6 | Rake $0 
Seat 2: erpaye (big blind) folded before Flop
Seat 4: Supermegopro (button) folded before Flop
Seat 6: BoyLoc0 (small blind) collected ($6)



PokerStars Hand #254519131953:  Hold'em No Limit ($0.50/$1.00 USD) - 2025/01/23 20:41:45 WET [2025/01/23 15:41:45 ET]
Table 'Alchiba III' 6-max Seat #6 is the button
Seat 2: erpaye ($100 in chips) 
Seat 4: Supermegopro ($117.04 in chips) 
Seat 6: BoyLoc0 ($111.42 in chips) 
erpaye: posts small blind $0.50
Supermegopro: posts big blind $1
*** HOLE CARDS ***
Manifestorr joins the table at seat #5 
BoyLoc0: raises $1.50 to $2.50
erpaye: folds 
Supermegopro: raises $9.50 to $12
BoyLoc0: folds 
Uncalled bet ($9.50) returned to Supermegopro
Supermegopro collected $5.50 from pot
Supermegopro: doesn't show hand 
*** SUMMARY ***
Total pot $5.50 | Rake $0 
Seat 2: erpaye (small blind) folded before Flop
Seat 4: Supermegopro (big blind) collected ($5.50)
Seat 6: BoyLoc0 (button) folded before Flop



PokerStars Hand #254519140493:  Hold'em No Limit ($0.50/$1.00 USD) - 2025/01/23 20:42:14 WET [2025/01/23 15:42:14 ET]
Table 'Alchiba III' 6-max Seat #2 is the button
Seat 2: erpaye ($100 in chips) 
Seat 4: Supermegopro ($120.04 in chips) 
Seat 5: Manifestorr ($112.35 in chips) 
Seat 6: BoyLoc0 ($108.92 in chips) 
Supermegopro: posts small blind $0.50
Manifestorr: posts big blind $1
*** HOLE CARDS ***
BoyLoc0: folds 
erpaye: folds 
Supermegopro: folds 
Uncalled bet ($0.50) returned to Manifestorr
Manifestorr collected $1 from pot
*** SUMMARY ***
Total pot $1 | Rake $0 
Seat 2: erpaye (button) folded before Flop (didn't bet)
Seat 4: Supermegopro (small blind) folded before Flop
Seat 5: Manifestorr (big blind) collected ($1)
Seat 6: BoyLoc0 folded before Flop (didn't bet)



PokerStars Hand #254519143197:  Hold'em No Limit ($0.50/$1.00 USD) - 2025/01/23 20:42:23 WET [2025/01/23 15:42:23 ET]
Table 'Alchiba III' 6-max Seat #4 is the button
Seat 2: erpaye ($100 in chips) 
Seat 4: Supermegopro ($119.54 in chips) 
Seat 5: Manifestorr ($112.85 in chips) 
Seat 6: BoyLoc0 ($108.92 in chips) 
Manifestorr: posts small blind $0.50
BoyLoc0: posts big blind $1
*** HOLE CARDS ***
erpaye: raises $1.10 to $2.10
Supermegopro: folds 
Manifestorr: folds 
BoyLoc0: folds 
Uncalled bet ($1.10) returned to erpaye
erpaye collected $2.50 from pot
erpaye: doesn't show hand 
*** SUMMARY ***
Total pot $2.50 | Rake $0 
Seat 2: erpaye collected ($2.50)
Seat 4: Supermegopro (button) folded before Flop (didn't bet)
Seat 5: Manifestorr (small blind) folded before Flop
Seat 6: BoyLoc0 (big blind) folded before Flop



PokerStars Hand #254519148182:  Hold'em No Limit ($0.50/$1.00 USD) - 2025/01/23 20:42:39 WET [2025/01/23 15:42:39 ET]
Table 'Alchiba III' 6-max Seat #5 is the button
Seat 2: erpaye ($101.50 in chips) 
Seat 4: Supermegopro ($119.54 in chips) 
Seat 5: Manifestorr ($112.35 in chips) 
Seat 6: BoyLoc0 ($107.92 in chips) 
BoyLoc0: posts small blind $0.50
erpaye: posts big blind $1
*** HOLE CARDS ***
Supermegopro: folds 
Manifestorr: folds 
BoyLoc0: raises $2 to $3
erpaye: calls $2
*** FLOP *** [Ah Ac 3h]
BoyLoc0: bets $1.88
erpaye: folds 
Uncalled bet ($1.88) returned to BoyLoc0
BoyLoc0 collected $5.70 from pot
BoyLoc0: doesn't show hand 
*** SUMMARY ***
Total pot $6 | Rake $0.30 
Board [Ah Ac 3h]
Seat 2: erpaye (big blind) folded on the Flop
Seat 4: Supermegopro folded before Flop (didn't bet)
Seat 5: Manifestorr (button) folded before Flop (didn't bet)
Seat 6: BoyLoc0 (small blind) collected ($5.70)



PokerStars Hand #254519158589:  Hold'em No Limit ($0.50/$1.00 USD) - 2025/01/23 20:43:14 WET [2025/01/23 15:43:14 ET]
Table 'Alchiba III' 6-max Seat #6 is the button
Seat 2: erpaye ($100 in chips) 
Seat 4: Supermegopro ($119.54 in chips) 
Seat 5: Manifestorr ($112.35 in chips) 
Seat 6: BoyLoc0 ($110.62 in chips) 
erpaye: posts small blind $0.50
Supermegopro: posts big blind $1
*** HOLE CARDS ***
wojts joins the table at seat #3 
worker0k joins the table at seat #1 
Manifestorr: folds 
BoyLoc0: folds 
erpaye: raises $2.30 to $3.30
Supermegopro: raises $8.75 to $12.05
erpaye: calls $8.75
*** FLOP *** [7s 8c As]
erpaye: checks 
Supermegopro: bets $19.64
erpaye: folds 
Uncalled bet ($19.64) returned to Supermegopro
Supermegopro collected $23.10 from pot
Supermegopro: doesn't show hand 
*** SUMMARY ***
Total pot $24.10 | Rake $1 
Board [7s 8c As]
Seat 2: erpaye (small blind) folded on the Flop
Seat 4: Supermegopro (big blind) collected ($23.10)
Seat 5: Manifestorr folded before Flop (didn't bet)
Seat 6: BoyLoc0 (button) folded before Flop (didn't bet)



PokerStars Hand #254519176058:  Hold'em No Limit ($0.50/$1.00 USD) - 2025/01/23 20:44:14 WET [2025/01/23 15:44:14 ET]
Table 'Alchiba III' 6-max Seat #2 is the button
Seat 1: worker0k ($100 in chips) is sitting out
Seat 3: wojts ($100 in chips) is sitting out
Seat 2: erpaye ($100 in chips) 
Seat 4: Supermegopro ($130.59 in chips) 
Seat 5: Manifestorr ($112.35 in chips) 
Seat 6: BoyLoc0 ($110.62 in chips) 
Supermegopro: posts small blind $0.50
Manifestorr: posts big blind $1
worker0k: sits out 
*** HOLE CARDS ***
BoyLoc0: folds 
erpaye: folds 
Supermegopro: raises $2 to $3
Manifestorr: raises $6 to $9
erpaye leaves the table
Supermegopro: raises $17 to $26
Manifestorr: folds 
Uncalled bet ($17) returned to Supermegopro
Supermegopro collected $18 from pot
Supermegopro: doesn't show hand 
*** SUMMARY ***
Total pot $18 | Rake $0 
Seat 1: worker0k
Seat 3: wojts
Seat 2: erpaye (button) folded before Flop (didn't bet)
Seat 4: Supermegopro (small blind) collected ($18)
Seat 5: Manifestorr (big blind) folded before Flop
Seat 6: BoyLoc0 folded before Flop (didn't bet)



PokerStars Hand #254519184006:  Hold'em No Limit ($0.50/$1.00 USD) - 2025/01/23 20:44:40 WET [2025/01/23 15:44:40 ET]
Table 'Alchiba III' 6-max Seat #4 is the button
Seat 1: worker0k ($100 in chips) is sitting out
Seat 3: wojts ($100 in chips) is sitting out
Seat 4: Supermegopro ($139.59 in chips) 
Seat 5: Manifestorr ($103.35 in chips) 
Seat 6: BoyLoc0 ($110.62 in chips) 
Manifestorr: posts small blind $0.50
BoyLoc0: posts big blind $1
worker0k: sits out 
wojts: sits out 
*** HOLE CARDS ***
Supermegopro: folds 
Manifestorr: folds 
Uncalled bet ($0.50) returned to BoyLoc0
BoyLoc0 collected $1 from pot
BoyLoc0: doesn't show hand 
*** SUMMARY ***
Total pot $1 | Rake $0 
Seat 1: worker0k
Seat 3: wojts
Seat 4: Supermegopro (button) folded before Flop (didn't bet)
Seat 5: Manifestorr (small blind) folded before Flop
Seat 6: BoyLoc0 (big blind) collected ($1)



PokerStars Hand #254519186461:  Hold'em No Limit ($0.50/$1.00 USD) - 2025/01/23 20:44:48 WET [2025/01/23 15:44:48 ET]
Table 'Alchiba III' 6-max Seat #5 is the button
Seat 3: wojts ($100 in chips) is sitting out
Seat 1: worker0k ($100 in chips) 
Seat 4: Supermegopro ($139.59 in chips) 
Seat 5: Manifestorr ($102.85 in chips) 
Seat 6: BoyLoc0 ($111.12 in chips) 
BoyLoc0: posts small blind $0.50
worker0k: posts big blind $1
wojts: sits out 
*** HOLE CARDS ***
Supermegopro: folds 
Manifestorr: raises $1.20 to $2.20
BoyLoc0: raises $7.80 to $10
worker0k: folds 
Manifestorr: folds 
Uncalled bet ($7.80) returned to BoyLoc0
BoyLoc0 collected $5.40 from pot
BoyLoc0: doesn't show hand 
*** SUMMARY ***
Total pot $5.40 | Rake $0 
Seat 3: wojts
Seat 1: worker0k (big blind) folded before Flop
Seat 4: Supermegopro folded before Flop (didn't bet)
Seat 5: Manifestorr (button) folded before Flop
Seat 6: BoyLoc0 (small blind) collected ($5.40)



PokerStars Hand #254519194073:  Hold'em No Limit ($0.50/$1.00 USD) - 2025/01/23 20:45:14 WET [2025/01/23 15:45:14 ET]
Table 'Alchiba III' 6-max Seat #6 is the button
Seat 1: worker0k ($100 in chips) 
Seat 3: wojts ($100 in chips) 
Seat 4: Supermegopro ($139.59 in chips) 
Seat 5: Manifestorr ($100.65 in chips) 
Seat 6: BoyLoc0 ($114.32 in chips) 
worker0k: posts small blind $0.50
wojts: posts big blind $1
*** HOLE CARDS ***
Supermegopro: folds 
Manifestorr: raises $1.20 to $2.20
BoyLoc0: raises $5.30 to $7.50
worker0k: folds 
getjet1952 joins the table at seat #2 
wojts: raises $11.50 to $19
Manifestorr: folds 
BoyLoc0: folds 
Uncalled bet ($11.50) returned to wojts
wojts collected $17.70 from pot
wojts: doesn't show hand 
*** SUMMARY ***
Total pot $17.70 | Rake $0 
Seat 1: worker0k (small blind) folded before Flop
Seat 3: wojts (big blind) collected ($17.70)
Seat 4: Supermegopro folded before Flop (didn't bet)
Seat 5: Manifestorr folded before Flop
Seat 6: BoyLoc0 (button) folded before Flop



PokerStars Hand #254519210970:  Hold'em No Limit ($0.50/$1.00 USD) - 2025/01/23 20:46:10 WET [2025/01/23 15:46:10 ET]
Table 'Alchiba III' 6-max Seat #1 is the button
Seat 2: getjet1952 ($67.56 in chips) is sitting out
Seat 1: worker0k ($100 in chips) 
Seat 3: wojts ($110.20 in chips) 
Seat 4: Supermegopro ($139.59 in chips) 
Seat 5: Manifestorr ($100 in chips) 
Seat 6: BoyLoc0 ($106.82 in chips) 
wojts: posts small blind $0.50
Supermegopro: posts big blind $1
*** HOLE CARDS ***
Manifestorr: folds 
BoyLoc0: folds 
worker0k: folds 
wojts: calls $0.50
Supermegopro: checks 
*** FLOP *** [Kh 4h Kd]
wojts: bets $1
Supermegopro: folds 
Uncalled bet ($1) returned to wojts
wojts collected $1.90 from pot
wojts: doesn't show hand 
*** SUMMARY ***
Total pot $2 | Rake $0.10 
Board [Kh 4h Kd]
Seat 2: getjet1952
Seat 1: worker0k (button) folded before Flop (didn't bet)
Seat 3: wojts (small blind) collected ($1.90)
Seat 4: Supermegopro (big blind) folded on the Flop
Seat 5: Manifestorr folded before Flop (didn't bet)
Seat 6: BoyLoc0 folded before Flop (didn't bet)



PokerStars Hand #254519217156:  Hold'em No Limit ($0.50/$1.00 USD) - 2025/01/23 20:46:31 WET [2025/01/23 15:46:31 ET]
Table 'Alchiba III' 6-max Seat #3 is the button
Seat 1: worker0k ($100 in chips) 
Seat 2: getjet1952 ($67.56 in chips) 
Seat 3: wojts ($111.10 in chips) 
Seat 4: Supermegopro ($138.59 in chips) 
Seat 5: Manifestorr ($100 in chips) 
Seat 6: BoyLoc0 ($106.82 in chips) 
Supermegopro: posts small blind $0.50
Manifestorr: posts big blind $1
getjet1952: posts big blind $1
*** HOLE CARDS ***
BoyLoc0: folds 
worker0k: folds 
getjet1952: checks 
wojts: folds 
Supermegopro: folds 
Manifestorr: checks 
*** FLOP *** [2c 2s 9h]
Manifestorr: checks 
getjet1952: checks 
*** TURN *** [2c 2s 9h] [Ks]
Manifestorr: checks 
getjet1952: bets $1.19
Manifestorr: folds 
Uncalled bet ($1.19) returned to getjet1952
getjet1952 collected $2.38 from pot
getjet1952: doesn't show hand 
*** SUMMARY ***
Total pot $2.50 | Rake $0.12 
Board [2c 2s 9h Ks]
Seat 1: worker0k folded before Flop (didn't bet)
Seat 2: getjet1952 collected ($2.38)
Seat 3: wojts (button) folded before Flop (didn't bet)
Seat 4: Supermegopro (small blind) folded before Flop
Seat 5: Manifestorr (big blind) folded on the Turn
Seat 6: BoyLoc0 folded before Flop (didn't bet)



PokerStars Hand #254519225394:  Hold'em No Limit ($0.50/$1.00 USD) - 2025/01/23 20:46:58 WET [2025/01/23 15:46:58 ET]
Table 'Alchiba III' 6-max Seat #4 is the button
Seat 1: worker0k ($100 in chips) 
Seat 2: getjet1952 ($68.94 in chips) 
Seat 3: wojts ($111.10 in chips) 
Seat 4: Supermegopro ($138.09 in chips) 
Seat 5: Manifestorr ($100 in chips) 
Seat 6: BoyLoc0 ($106.82 in chips) 
Manifestorr: posts small blind $0.50
BoyLoc0: posts big blind $1
*** HOLE CARDS ***
worker0k: folds 
getjet1952: folds 
wojts: folds 
worker0k leaves the table
Supermegopro: raises $1.50 to $2.50
Manifestorr: folds 
Cositorto joins the table at seat #1 
BoyLoc0: folds 
Uncalled bet ($1.50) returned to Supermegopro
Supermegopro collected $2.50 from pot
Supermegopro: doesn't show hand 
*** SUMMARY ***
Total pot $2.50 | Rake $0 
Seat 1: worker0k folded before Flop (didn't bet)
Seat 2: getjet1952 folded before Flop (didn't bet)
Seat 3: wojts folded before Flop (didn't bet)
Seat 4: Supermegopro (button) collected ($2.50)
Seat 5: Manifestorr (small blind) folded before Flop
Seat 6: BoyLoc0 (big blind) folded before Flop



PokerStars Hand #254519228975:  Hold'em No Limit ($0.50/$1.00 USD) - 2025/01/23 20:47:10 WET [2025/01/23 15:47:10 ET]
Table 'Alchiba III' 6-max Seat #5 is the button
Seat 1: Cositorto ($100 in chips) 
Seat 2: getjet1952 ($68.94 in chips) 
Seat 3: wojts ($111.10 in chips) 
Seat 4: Supermegopro ($139.59 in chips) 
Seat 5: Manifestorr ($100 in chips) 
Seat 6: BoyLoc0 ($105.82 in chips) 
BoyLoc0: posts small blind $0.50
Cositorto: posts big blind $1
*** HOLE CARDS ***
getjet1952: calls $1
wojts: raises $3.50 to $4.50
Supermegopro: folds 
Manifestorr: calls $4.50
BoyLoc0: folds 
Cositorto: folds 
getjet1952: calls $3.50
*** FLOP *** [Ac Ts 6h]
getjet1952: checks 
wojts: bets $6
Manifestorr: folds 
getjet1952: calls $6
*** TURN *** [Ac Ts 6h] [Jd]
getjet1952: checks 
wojts: checks 
*** RIVER *** [Ac Ts 6h Jd] [3c]
getjet1952: bets $12.83
wojts: folds 
Uncalled bet ($12.83) returned to getjet1952
getjet1952 collected $25.65 from pot
getjet1952: doesn't show hand 
*** SUMMARY ***
Total pot $27 | Rake $1.35 
Board [Ac Ts 6h Jd 3c]
Seat 1: Cositorto (big blind) folded before Flop
Seat 2: getjet1952 collected ($25.65)
Seat 3: wojts folded on the River
Seat 4: Supermegopro folded before Flop (didn't bet)
Seat 5: Manifestorr (button) folded on the Flop
Seat 6: BoyLoc0 (small blind) folded before Flop



PokerStars Hand #254519243965:  Hold'em No Limit ($0.50/$1.00 USD) - 2025/01/23 20:48:01 WET [2025/01/23 15:48:01 ET]
Table 'Alchiba III' 6-max Seat #6 is the button
Seat 1: Cositorto ($100 in chips) 
Seat 2: getjet1952 ($84.09 in chips) 
Seat 3: wojts ($100.60 in chips) 
Seat 4: Supermegopro ($139.59 in chips) 
Seat 5: Manifestorr ($100 in chips) 
Seat 6: BoyLoc0 ($105.32 in chips) 
Cositorto: posts small blind $0.50
getjet1952: posts big blind $1
*** HOLE CARDS ***
wojts: folds 
Supermegopro: folds 
Manifestorr: folds 
BoyLoc0: folds 
Cositorto: folds 
Uncalled bet ($0.50) returned to getjet1952
getjet1952 collected $1 from pot
getjet1952: doesn't show hand 
*** SUMMARY ***
Total pot $1 | Rake $0 
Seat 1: Cositorto (small blind) folded before Flop
Seat 2: getjet1952 (big blind) collected ($1)
Seat 3: wojts folded before Flop (didn't bet)
Seat 4: Supermegopro folded before Flop (didn't bet)
Seat 5: Manifestorr folded before Flop (didn't bet)
Seat 6: BoyLoc0 (button) folded before Flop (didn't bet)



PokerStars Hand #254519247783:  Hold'em No Limit ($0.50/$1.00 USD) - 2025/01/23 20:48:14 WET [2025/01/23 15:48:14 ET]
Table 'Alchiba III' 6-max Seat #1 is the button
Seat 1: Cositorto ($100 in chips) 
Seat 2: getjet1952 ($84.59 in chips) 
Seat 3: wojts ($100.60 in chips) 
Seat 4: Supermegopro ($139.59 in chips) 
Seat 5: Manifestorr ($100 in chips) 
Seat 6: BoyLoc0 ($105.32 in chips) 
getjet1952: posts small blind $0.50
wojts: posts big blind $1
*** HOLE CARDS ***
Supermegopro: folds 
Manifestorr: folds 
BoyLoc0: folds 
Cositorto: folds 
Supermegopro leaves the table
getjet1952: calls $0.50
wojts: checks 
*** FLOP *** [7d 5c 2d]
getjet1952: checks 
wojts: bets $1
tintin641 joins the table at seat #4 
getjet1952: calls $1
*** TURN *** [7d 5c 2d] [5h]
getjet1952: checks 
wojts: checks 
*** RIVER *** [7d 5c 2d 5h] [Js]
getjet1952: checks 
wojts: bets $2
getjet1952: folds 
Uncalled bet ($2) returned to wojts
wojts collected $3.80 from pot
wojts: doesn't show hand 
*** SUMMARY ***
Total pot $4 | Rake $0.20 
Board [7d 5c 2d 5h Js]
Seat 1: Cositorto (button) folded before Flop (didn't bet)
Seat 2: getjet1952 (small blind) folded on the River
Seat 3: wojts (big blind) collected ($3.80)
Seat 4: Supermegopro folded before Flop (didn't bet)
Seat 5: Manifestorr folded before Flop (didn't bet)
Seat 6: BoyLoc0 folded before Flop (didn't bet)



PokerStars Hand #254519260115:  Hold'em No Limit ($0.50/$1.00 USD) - 2025/01/23 20:48:54 WET [2025/01/23 15:48:54 ET]
Table 'Alchiba III' 6-max Seat #2 is the button
Seat 1: Cositorto ($100 in chips) 
Seat 2: getjet1952 ($82.59 in chips) 
Seat 3: wojts ($102.40 in chips) 
Seat 4: tintin641 ($100 in chips) 
Seat 5: Manifestorr ($100 in chips) 
Seat 6: BoyLoc0 ($105.32 in chips) 
wojts: posts small blind $0.50
tintin641: posts big blind $1
*** HOLE CARDS ***
Manifestorr: folds 
BoyLoc0: folds 
Cositorto: raises $1 to $2
getjet1952: folds 
wojts: raises $7 to $9
tintin641: folds 
Cositorto: calls $7
*** FLOP *** [Kd 7c 2h]
wojts: bets $9.03
Cositorto: calls $9.03
*** TURN *** [Kd 7c 2h] [3s]
wojts: checks 
Cositorto: checks 
*** RIVER *** [Kd 7c 2h 3s] [9d]
wojts: checks 
Cositorto: checks 
*** SHOW DOWN ***
wojts: shows [Ad Qh] (high card Ace)
Cositorto: shows [Th Td] (a pair of Tens)
Cositorto collected $35.21 from pot
*** SUMMARY ***
Total pot $37.06 | Rake $1.85 
Board [Kd 7c 2h 3s 9d]
Seat 1: Cositorto showed [Th Td] and won ($35.21) with a pair of Tens
Seat 2: getjet1952 (button) folded before Flop (didn't bet)
Seat 3: wojts (small blind) showed [Ad Qh] and lost with high card Ace
Seat 4: tintin641 (big blind) folded before Flop
Seat 5: Manifestorr folded before Flop (didn't bet)
Seat 6: BoyLoc0 folded before Flop (didn't bet)



PokerStars Hand #254519274731:  Hold'em No Limit ($0.50/$1.00 USD) - 2025/01/23 20:49:43 WET [2025/01/23 15:49:43 ET]
Table 'Alchiba III' 6-max Seat #3 is the button
Seat 1: Cositorto ($117.18 in chips) 
Seat 2: getjet1952 ($82.59 in chips) 
Seat 3: wojts ($84.37 in chips) 
Seat 4: tintin641 ($100 in chips) 
Seat 5: Manifestorr ($100 in chips) 
Seat 6: BoyLoc0 ($105.32 in chips) 
tintin641: posts small blind $0.50
Manifestorr: posts big blind $1
*** HOLE CARDS ***
BoyLoc0: folds 
Cositorto: folds 
getjet1952: folds 
wojts: raises $2 to $3
tintin641: folds 
Manifestorr: folds 
Uncalled bet ($2) returned to wojts
wojts collected $2.50 from pot
wojts: doesn't show hand 
*** SUMMARY ***
Total pot $2.50 | Rake $0 
Seat 1: Cositorto folded before Flop (didn't bet)
Seat 2: getjet1952 folded before Flop (didn't bet)
Seat 3: wojts (button) collected ($2.50)
Seat 4: tintin641 (small blind) folded before Flop
Seat 5: Manifestorr (big blind) folded before Flop
Seat 6: BoyLoc0 folded before Flop (didn't bet)



PokerStars Hand #254519278792:  Hold'em No Limit ($0.50/$1.00 USD) - 2025/01/23 20:49:56 WET [2025/01/23 15:49:56 ET]
Table 'Alchiba III' 6-max Seat #4 is the button
Seat 1: Cositorto ($117.18 in chips) 
Seat 2: getjet1952 ($82.59 in chips) 
Seat 3: wojts ($85.87 in chips) 
Seat 4: tintin641 ($100 in chips) 
Seat 5: Manifestorr ($100 in chips) 
Seat 6: BoyLoc0 ($105.32 in chips) 
Manifestorr: posts small blind $0.50
BoyLoc0: posts big blind $1
*** HOLE CARDS ***
Cositorto: raises $1 to $2
getjet1952: folds 
wojts: folds 
tintin641: raises $5 to $7
Manifestorr: folds 
BoyLoc0: folds 
Cositorto: folds 
Uncalled bet ($5) returned to tintin641
tintin641 collected $5.50 from pot
tintin641: doesn't show hand 
*** SUMMARY ***
Total pot $5.50 | Rake $0 
Seat 1: Cositorto folded before Flop
Seat 2: getjet1952 folded before Flop (didn't bet)
Seat 3: wojts folded before Flop (didn't bet)
Seat 4: tintin641 (button) collected ($5.50)
Seat 5: Manifestorr (small blind) folded before Flop
Seat 6: BoyLoc0 (big blind) folded before Flop



PokerStars Hand #254519288611:  Hold'em No Limit ($0.50/$1.00 USD) - 2025/01/23 20:50:29 WET [2025/01/23 15:50:29 ET]
Table 'Alchiba III' 6-max Seat #5 is the button
Seat 1: Cositorto ($115.18 in chips) 
Seat 2: getjet1952 ($82.59 in chips) 
Seat 3: wojts ($85.87 in chips) 
Seat 4: tintin641 ($103.50 in chips) 
Seat 5: Manifestorr ($100 in chips) 
Seat 6: BoyLoc0 ($104.32 in chips) 
BoyLoc0: posts small blind $0.50
Cositorto: posts big blind $1
*** HOLE CARDS ***
getjet1952: folds 
wojts: folds 
tintin641: raises $1.50 to $2.50
Manifestorr: folds 
BoyLoc0: raises $7.50 to $10
Cositorto: folds 
tintin641: folds 
Uncalled bet ($7.50) returned to BoyLoc0
BoyLoc0 collected $6 from pot
BoyLoc0: doesn't show hand 
*** SUMMARY ***
Total pot $6 | Rake $0 
Seat 1: Cositorto (big blind) folded before Flop
Seat 2: getjet1952 folded before Flop (didn't bet)
Seat 3: wojts folded before Flop (didn't bet)
Seat 4: tintin641 folded before Flop
Seat 5: Manifestorr (button) folded before Flop (didn't bet)
Seat 6: BoyLoc0 (small blind) collected ($6)



PokerStars Hand #254519295159:  Hold'em No Limit ($0.50/$1.00 USD) - 2025/01/23 20:50:51 WET [2025/01/23 15:50:51 ET]
Table 'Alchiba III' 6-max Seat #1 is the button
Seat 1: Cositorto ($114.18 in chips) 
Seat 2: getjet1952 ($82.59 in chips) 
Seat 3: wojts ($85.87 in chips) 
Seat 4: tintin641 ($101 in chips) 
Seat 5: Manifestorr ($100 in chips) 
getjet1952: posts small blind $0.50
wojts: posts big blind $1
*** HOLE CARDS ***
tintin641: raises $1.50 to $2.50
Manifestorr: folds 
fugitive-Ty3 joins the table at seat #6 
Cositorto: folds 
getjet1952: folds 
wojts: calls $1.50
*** FLOP *** [Kc 2h Ah]
wojts: checks 
tintin641: bets $3.92
wojts: calls $3.92
*** TURN *** [Kc 2h Ah] [3h]
wojts: checks 
tintin641: bets $6.34
wojts: folds 
Uncalled bet ($6.34) returned to tintin641
tintin641 collected $12.67 from pot
tintin641: doesn't show hand 
*** SUMMARY ***
Total pot $13.34 | Rake $0.67 
Board [Kc 2h Ah 3h]
Seat 1: Cositorto (button) folded before Flop (didn't bet)
Seat 2: getjet1952 (small blind) folded before Flop
Seat 3: wojts (big blind) folded on the Turn
Seat 4: tintin641 collected ($12.67)
Seat 5: Manifestorr folded before Flop (didn't bet)



PokerStars Hand #254519314251:  Hold'em No Limit ($0.50/$1.00 USD) - 2025/01/23 20:51:54 WET [2025/01/23 15:51:54 ET]
Table 'Alchiba III' 6-max Seat #2 is the button
Seat 6: fugitive-Ty3 ($100 in chips) is sitting out
Seat 1: Cositorto ($114.18 in chips) 
Seat 2: getjet1952 ($82.09 in chips) 
Seat 3: wojts ($79.45 in chips) 
Seat 4: tintin641 ($107.25 in chips) 
Seat 5: Manifestorr ($100 in chips) 
wojts: posts small blind $0.50
tintin641: posts big blind $1
fugitive-Ty3: sits out 
*** HOLE CARDS ***
Manifestorr: raises $1.20 to $2.20
Cositorto: folds 
getjet1952: folds 
wojts: folds 
tintin641: folds 
Uncalled bet ($1.20) returned to Manifestorr
Manifestorr collected $2.50 from pot
*** SUMMARY ***
Total pot $2.50 | Rake $0 
Seat 6: fugitive-Ty3
Seat 1: Cositorto folded before Flop (didn't bet)
Seat 2: getjet1952 (button) folded before Flop (didn't bet)
Seat 3: wojts (small blind) folded before Flop
Seat 4: tintin641 (big blind) folded before Flop
Seat 5: Manifestorr collected ($2.50)



PokerStars Hand #254519318207:  Hold'em No Limit ($0.50/$1.00 USD) - 2025/01/23 20:52:08 WET [2025/01/23 15:52:08 ET]
Table 'Alchiba III' 6-max Seat #3 is the button
Seat 6: fugitive-Ty3 ($100 in chips) is sitting out
Seat 1: Cositorto ($114.18 in chips) 
Seat 2: getjet1952 ($82.09 in chips) 
Seat 3: wojts ($78.95 in chips) 
Seat 4: tintin641 ($106.25 in chips) 
Seat 5: Manifestorr ($101.50 in chips) 
tintin641: posts small blind $0.50
Manifestorr: posts big blind $1
fugitive-Ty3: sits out 
*** HOLE CARDS ***
Cositorto: raises $1 to $2
getjet1952: calls $2
wojts: folds 
tintin641: raises $11 to $13
Manifestorr: folds 
Cositorto: calls $11
getjet1952: folds 
*** FLOP *** [2h Qc Tc]
tintin641: bets $9.09
Cositorto: calls $9.09
*** TURN *** [2h Qc Tc] [5c]
tintin641: checks 
Cositorto: bets $14
tintin641: calls $14
*** RIVER *** [2h Qc Tc 5c] [4d]
tintin641: checks 
Cositorto: bets $78.09 and is all-in
tintin641: calls $70.16 and is all-in
Uncalled bet ($7.93) returned to Cositorto
*** SHOW DOWN ***
Cositorto: shows [6c 7c] (a flush, Queen high)
tintin641: shows [Qs Ks] (a pair of Queens)
Cositorto collected $213 from pot
*** SUMMARY ***
Total pot $215.50 | Rake $2.50 
Board [2h Qc Tc 5c 4d]
Seat 6: fugitive-Ty3
Seat 1: Cositorto showed [6c 7c] and won ($213) with a flush, Queen high
Seat 2: getjet1952 folded before Flop
Seat 3: wojts (button) folded before Flop (didn't bet)
Seat 4: tintin641 (small blind) showed [Qs Ks] and lost with a pair of Queens
Seat 5: Manifestorr (big blind) folded before Flop



PokerStars Hand #254519352464:  Hold'em No Limit ($0.50/$1.00 USD) - 2025/01/23 20:54:01 WET [2025/01/23 15:54:01 ET]
Table 'Alchiba III' 6-max Seat #4 is the button
Seat 1: Cositorto ($220.93 in chips) 
Seat 2: getjet1952 ($80.09 in chips) 
Seat 3: wojts ($78.95 in chips) 
Seat 4: tintin641 ($100 in chips) 
Seat 5: Manifestorr ($100.50 in chips) 
Seat 6: fugitive-Ty3 ($100 in chips) 
Manifestorr: posts small blind $0.50
fugitive-Ty3: posts big blind $1
*** HOLE CARDS ***
Cositorto: folds 
getjet1952: folds 
wojts: raises $2 to $3
tintin641: folds 
Manifestorr: folds 
fugitive-Ty3: folds 
Uncalled bet ($2) returned to wojts
wojts collected $2.50 from pot
wojts: doesn't show hand 
*** SUMMARY ***
Total pot $2.50 | Rake $0 
Seat 1: Cositorto folded before Flop (didn't bet)
Seat 2: getjet1952 folded before Flop (didn't bet)
Seat 3: wojts collected ($2.50)
Seat 4: tintin641 (button) folded before Flop (didn't bet)
Seat 5: Manifestorr (small blind) folded before Flop
Seat 6: fugitive-Ty3 (big blind) folded before Flop



PokerStars Hand #254519358771:  Hold'em No Limit ($0.50/$1.00 USD) - 2025/01/23 20:54:22 WET [2025/01/23 15:54:22 ET]
Table 'Alchiba III' 6-max Seat #5 is the button
Seat 1: Cositorto ($220.93 in chips) 
Seat 2: getjet1952 ($80.09 in chips) 
Seat 3: wojts ($80.45 in chips) 
Seat 4: tintin641 ($100 in chips) 
Seat 5: Manifestorr ($100 in chips) 
Seat 6: fugitive-Ty3 ($100 in chips) 
fugitive-Ty3: posts small blind $0.50
Cositorto: posts big blind $1
*** HOLE CARDS ***
getjet1952: calls $1
wojts: folds 
tintin641: folds 
Manifestorr: folds 
fugitive-Ty3: folds 
Cositorto: checks 
*** FLOP *** [4c Ah Td]
Cositorto: checks 
getjet1952: bets $1.19
Cositorto: folds 
Uncalled bet ($1.19) returned to getjet1952
getjet1952 collected $2.38 from pot
getjet1952: doesn't show hand 
*** SUMMARY ***
Total pot $2.50 | Rake $0.12 
Board [4c Ah Td]
Seat 1: Cositorto (big blind) folded on the Flop
Seat 2: getjet1952 collected ($2.38)
Seat 3: wojts folded before Flop (didn't bet)
Seat 4: tintin641 folded before Flop (didn't bet)
Seat 5: Manifestorr (button) folded before Flop (didn't bet)
Seat 6: fugitive-Ty3 (small blind) folded before Flop



PokerStars Hand #254519372757:  Hold'em No Limit ($0.50/$1.00 USD) - 2025/01/23 20:55:09 WET [2025/01/23 15:55:09 ET]
Table 'Alchiba III' 6-max Seat #6 is the button
Seat 1: Cositorto ($219.93 in chips) 
Seat 2: getjet1952 ($81.47 in chips) 
Seat 3: wojts ($80.45 in chips) 
Seat 4: tintin641 ($100 in chips) 
Seat 5: Manifestorr ($100 in chips) 
Seat 6: fugitive-Ty3 ($100 in chips) 
Cositorto: posts small blind $0.50
getjet1952: posts big blind $1
*** HOLE CARDS ***
wojts: folds 
tintin641: raises $1.50 to $2.50
Manifestorr: folds 
fugitive-Ty3: folds 
Cositorto: calls $2
getjet1952: folds 
*** FLOP *** [Qc Qh 9s]
Cositorto: checks 
tintin641: bets $1.88
Cositorto: calls $1.88
*** TURN *** [Qc Qh 9s] [Kd]
Cositorto: checks 
tintin641: checks 
*** RIVER *** [Qc Qh 9s Kd] [7c]
Cositorto: bets $1.50
tintin641: calls $1.50
*** SHOW DOWN ***
Cositorto: shows [9d Jd] (two pair, Queens and Nines)
tintin641: shows [Kc 8c] (two pair, Kings and Queens)
tintin641 collected $12.12 from pot
*** SUMMARY ***
Total pot $12.76 | Rake $0.64 
Board [Qc Qh 9s Kd 7c]
Seat 1: Cositorto (small blind) showed [9d Jd] and lost with two pair, Queens and Nines
Seat 2: getjet1952 (big blind) folded before Flop
Seat 3: wojts folded before Flop (didn't bet)
Seat 4: tintin641 showed [Kc 8c] and won ($12.12) with two pair, Kings and Queens
Seat 5: Manifestorr folded before Flop (didn't bet)
Seat 6: fugitive-Ty3 (button) folded before Flop (didn't bet)



PokerStars Hand #254519386438:  Hold'em No Limit ($0.50/$1.00 USD) - 2025/01/23 20:56:11 WET [2025/01/23 15:56:11 ET]
Table 'Alchiba III' 6-max Seat #1 is the button
Seat 3: wojts ($80.45 in chips) is sitting out
Seat 1: Cositorto ($214.05 in chips) 
Seat 2: getjet1952 ($80.47 in chips) 
Seat 4: tintin641 ($106.24 in chips) 
Seat 5: Manifestorr ($100 in chips) 
Seat 6: fugitive-Ty3 ($100 in chips) 
getjet1952: posts small blind $0.50
wojts: is sitting out 
tintin641: posts big blind $1
*** HOLE CARDS ***
Manifestorr: folds 
fugitive-Ty3: raises $1.50 to $2.50
Cositorto: raises $5 to $7.50
getjet1952: folds 
tintin641: folds 
fugitive-Ty3: folds 
Uncalled bet ($5) returned to Cositorto
Cositorto collected $6.50 from pot
Cositorto: doesn't show hand 
*** SUMMARY ***
Total pot $6.50 | Rake $0 
Seat 3: wojts
Seat 1: Cositorto (button) collected ($6.50)
Seat 2: getjet1952 (small blind) folded before Flop
Seat 4: tintin641 (big blind) folded before Flop
Seat 5: Manifestorr folded before Flop (didn't bet)
Seat 6: fugitive-Ty3 folded before Flop



PokerStars Hand #254519390858:  Hold'em No Limit ($0.50/$1.00 USD) - 2025/01/23 20:56:31 WET [2025/01/23 15:56:31 ET]
Table 'Alchiba III' 6-max Seat #2 is the button
Seat 3: wojts ($80.45 in chips) is sitting out
Seat 1: Cositorto ($218.05 in chips) 
Seat 2: getjet1952 ($79.97 in chips) 
Seat 4: tintin641 ($105.24 in chips) 
Seat 5: Manifestorr ($100 in chips) 
Seat 6: fugitive-Ty3 ($100 in chips) 
tintin641: posts small blind $0.50
Manifestorr: posts big blind $1
*** HOLE CARDS ***
fugitive-Ty3: raises $1.50 to $2.50
Cositorto: folds 
getjet1952: calls $2.50
tintin641: folds 
Manifestorr: folds 
*** FLOP *** [9s Kh Qc]
fugitive-Ty3: bets $2.04
getjet1952: calls $2.04
*** TURN *** [9s Kh Qc] [Ah]
fugitive-Ty3: bets $2.02
getjet1952: calls $2.02
*** RIVER *** [9s Kh Qc Ah] [4s]
fugitive-Ty3: bets $11.53
getjet1952: calls $11.53
*** SHOW DOWN ***
fugitive-Ty3: shows [Td Tc] (a pair of Tens)
getjet1952: shows [Qs Jc] (a pair of Queens)
getjet1952 collected $35.80 from pot
*** SUMMARY ***
Total pot $37.68 | Rake $1.88 
Board [9s Kh Qc Ah 4s]
Seat 3: wojts
Seat 1: Cositorto folded before Flop (didn't bet)
Seat 2: getjet1952 (button) showed [Qs Jc] and won ($35.80) with a pair of Queens
Seat 4: tintin641 (small blind) folded before Flop
Seat 5: Manifestorr (big blind) folded before Flop
Seat 6: fugitive-Ty3 showed [Td Tc] and lost with a pair of Tens



PokerStars Hand #254519400637:  Hold'em No Limit ($0.50/$1.00 USD) - 2025/01/23 20:57:15 WET [2025/01/23 15:57:15 ET]
Table 'Alchiba III' 6-max Seat #4 is the button
Seat 3: wojts ($80.45 in chips) is sitting out
Seat 6: fugitive-Ty3 ($100 in chips) is sitting out
Seat 1: Cositorto ($218.05 in chips) 
Seat 2: getjet1952 ($97.68 in chips) 
Seat 4: tintin641 ($104.74 in chips) 
Seat 5: Manifestorr ($100 in chips) 
Manifestorr: posts small blind $0.50
fugitive-Ty3: is sitting out 
Cositorto: posts big blind $1
*** HOLE CARDS ***
fugitive-Ty3 leaves the table
getjet1952: folds 
tintin641: folds 
Manifestorr: raises $2 to $3
Cositorto: folds 
Uncalled bet ($2) returned to Manifestorr
Manifestorr collected $2 from pot
Xenicide joins the table at seat #6 
*** SUMMARY ***
Total pot $2 | Rake $0 
Seat 3: wojts
Seat 6: fugitive-Ty3
Seat 1: Cositorto (big blind) folded before Flop
Seat 2: getjet1952 folded before Flop (didn't bet)
Seat 4: tintin641 (button) folded before Flop (didn't bet)
Seat 5: Manifestorr (small blind) collected ($2)



PokerStars Hand #254519403942:  Hold'em No Limit ($0.50/$1.00 USD) - 2025/01/23 20:57:30 WET [2025/01/23 15:57:30 ET]
Table 'Alchiba III' 6-max Seat #5 is the button
Seat 3: wojts ($80.45 in chips) is sitting out
Seat 6: Xenicide ($100 in chips) is sitting out
Seat 1: Cositorto ($217.05 in chips) 
Seat 2: getjet1952 ($97.68 in chips) 
Seat 4: tintin641 ($104.74 in chips) 
Seat 5: Manifestorr ($101 in chips) 
Cositorto: posts small blind $0.50
getjet1952: posts big blind $1
*** HOLE CARDS ***
tintin641: folds 
Manifestorr: folds 
Cositorto: folds 
Uncalled bet ($0.50) returned to getjet1952
getjet1952 collected $1 from pot
getjet1952: doesn't show hand 
*** SUMMARY ***
Total pot $1 | Rake $0 
Seat 3: wojts
Seat 6: Xenicide
Seat 1: Cositorto (small blind) folded before Flop
Seat 2: getjet1952 (big blind) collected ($1)
Seat 4: tintin641 folded before Flop (didn't bet)
Seat 5: Manifestorr (button) folded before Flop (didn't bet)



PokerStars Hand #254519405852:  Hold'em No Limit ($0.50/$1.00 USD) - 2025/01/23 20:57:39 WET [2025/01/23 15:57:39 ET]
Table 'Alchiba III' 6-max Seat #1 is the button
Seat 3: wojts ($80.45 in chips) is sitting out
Seat 6: Xenicide ($100 in chips) is sitting out
Seat 1: Cositorto ($216.55 in chips) 
Seat 2: getjet1952 ($98.18 in chips) 
Seat 4: tintin641 ($104.74 in chips) 
Seat 5: Manifestorr ($101 in chips) 
getjet1952: posts small blind $0.50
tintin641: posts big blind $1
Xenicide: sits out 
*** HOLE CARDS ***
Manifestorr: folds 
Cositorto: raises $1.50 to $2.50
getjet1952: calls $2
tintin641: folds 
*** FLOP *** [Js 4h Qs]
getjet1952: bets $1
Cositorto: raises $3.85 to $4.85
getjet1952: calls $3.85
*** TURN *** [Js 4h Qs] [3d]
getjet1952: checks 
Cositorto: bets $17.90
getjet1952: folds 
Uncalled bet ($17.90) returned to Cositorto
Cositorto collected $14.92 from pot
Cositorto: doesn't show hand 
*** SUMMARY ***
Total pot $15.70 | Rake $0.78 
Board [Js 4h Qs 3d]
Seat 3: wojts
Seat 6: Xenicide
Seat 1: Cositorto (button) collected ($14.92)
Seat 2: getjet1952 (small blind) folded on the Turn
Seat 4: tintin641 (big blind) folded before Flop
Seat 5: Manifestorr folded before Flop (didn't bet)



PokerStars Hand #254519413342:  Hold'em No Limit ($0.50/$1.00 USD) - 2025/01/23 20:58:12 WET [2025/01/23 15:58:12 ET]
Table 'Alchiba III' 6-max Seat #2 is the button
Seat 3: wojts ($80.45 in chips) is sitting out
Seat 6: Xenicide ($100 in chips) is sitting out
Seat 1: Cositorto ($224.12 in chips) 
Seat 2: getjet1952 ($90.83 in chips) 
Seat 4: tintin641 ($103.74 in chips) 
Seat 5: Manifestorr ($101 in chips) 
tintin641: posts small blind $0.50
Manifestorr: posts big blind $1
Xenicide: sits out 
*** HOLE CARDS ***
Cositorto: folds 
getjet1952: folds 
tintin641: raises $2 to $3
Manifestorr: calls $2
*** FLOP *** [8c 3h 9h]
tintin641: checks 
Manifestorr: bets $4.28
tintin641: raises $10.70 to $14.98
Manifestorr: raises $83.02 to $98 and is all-in
tintin641: folds 
Uncalled bet ($83.02) returned to Manifestorr
Manifestorr collected $34.96 from pot
*** SUMMARY ***
Total pot $35.96 | Rake $1 
Board [8c 3h 9h]
Seat 3: wojts
Seat 6: Xenicide
Seat 1: Cositorto folded before Flop (didn't bet)
Seat 2: getjet1952 (button) folded before Flop (didn't bet)
Seat 4: tintin641 (small blind) folded on the Flop
Seat 5: Manifestorr (big blind) collected ($34.96)



