PokerStars Hand #254510656647:  Hold'em No Limit ($0.50/$1.00 USD) - 2025/01/23 4:10:49 WET [2025/01/22 23:10:49 ET]
Table 'Terebellum III' 6-max Seat #1 is the button
Seat 1: joaquin612 ($113.80 in chips) 
Seat 2: 7bekon7 ($143.79 in chips) 
Seat 3: MaRKiToScoK ($107.46 in chips) 
Seat 4: Callan25 ($30.54 in chips) 
Seat 5: ponchua ($102.95 in chips) 
Seat 6: Rysiff ($100 in chips) 
7bekon7: posts small blind $0.50
MaRKiToScoK: posts big blind $1
*** HOLE CARDS ***
Callan25 has timed out
Callan25: folds 
ponchua: folds 
Rysiff: folds 
joaquin612: folds 
7bekon7: folds 
Uncalled bet ($0.50) returned to MaRKiToScoK
MaRKiToScoK collected $1 from pot
*** SUMMARY ***
Total pot $1 | Rake $0 
Seat 1: joaquin612 (button) folded before Flop (didn't bet)
Seat 2: 7bekon7 (small blind) folded before Flop
Seat 3: MaRKiToScoK (big blind) collected ($1)
Seat 4: Callan25 folded before Flop (didn't bet)
Seat 5: ponchua folded before Flop (didn't bet)
Seat 6: Rysiff folded before Flop (didn't bet)



PokerStars Hand #254510659103:  Hold'em No Limit ($0.50/$1.00 USD) - 2025/01/23 4:11:12 WET [2025/01/22 23:11:12 ET]
Table 'Terebellum III' 6-max Seat #2 is the button
Seat 4: Callan25 ($30.54 in chips) is sitting out
Seat 1: joaquin612 ($113.80 in chips) 
Seat 2: 7bekon7 ($143.29 in chips) 
Seat 3: MaRKiToScoK ($107.96 in chips) 
Seat 5: ponchua ($102.95 in chips) 
Seat 6: Rysiff ($100 in chips) 
MaRKiToScoK: posts small blind $0.50
ponchua: posts big blind $1
*** HOLE CARDS ***
Rysiff: folds 
joaquin612: folds 
7bekon7: raises $1.25 to $2.25
MaRKiToScoK: folds 
ponchua: folds 
Uncalled bet ($1.25) returned to 7bekon7
7bekon7 collected $2.50 from pot
7bekon7: doesn't show hand 
*** SUMMARY ***
Total pot $2.50 | Rake $0 
Seat 4: Callan25
Seat 1: joaquin612 folded before Flop (didn't bet)
Seat 2: 7bekon7 (button) collected ($2.50)
Seat 3: MaRKiToScoK (small blind) folded before Flop
Seat 5: ponchua (big blind) folded before Flop
Seat 6: Rysiff folded before Flop (didn't bet)



PokerStars Hand #254510660330:  Hold'em No Limit ($0.50/$1.00 USD) - 2025/01/23 4:11:23 WET [2025/01/22 23:11:23 ET]
Table 'Terebellum III' 6-max Seat #3 is the button
Seat 4: Callan25 ($30.54 in chips) is sitting out
Seat 1: joaquin612 ($113.80 in chips) 
Seat 2: 7bekon7 ($144.79 in chips) 
Seat 3: MaRKiToScoK ($107.46 in chips) 
Seat 5: ponchua ($101.95 in chips) 
Seat 6: Rysiff ($100 in chips) 
ponchua: posts small blind $0.50
Rysiff: posts big blind $1
*** HOLE CARDS ***
joaquin612: folds 
7bekon7: folds 
MaRKiToScoK: raises $1.50 to $2.50
ponchua: folds 
Rysiff: folds 
Uncalled bet ($1.50) returned to MaRKiToScoK
MaRKiToScoK collected $2.50 from pot
*** SUMMARY ***
Total pot $2.50 | Rake $0 
Seat 4: Callan25
Seat 1: joaquin612 folded before Flop (didn't bet)
Seat 2: 7bekon7 folded before Flop (didn't bet)
Seat 3: MaRKiToScoK (button) collected ($2.50)
Seat 5: ponchua (small blind) folded before Flop
Seat 6: Rysiff (big blind) folded before Flop



PokerStars Hand #254510662377:  Hold'em No Limit ($0.50/$1.00 USD) - 2025/01/23 4:11:43 WET [2025/01/22 23:11:43 ET]
Table 'Terebellum III' 6-max Seat #5 is the button
Seat 1: joaquin612 ($113.80 in chips) 
Seat 2: 7bekon7 ($144.79 in chips) 
Seat 3: MaRKiToScoK ($108.96 in chips) 
Seat 4: Callan25 ($30.54 in chips) 
Seat 5: ponchua ($101.45 in chips) 
Seat 6: Rysiff ($100 in chips) 
Rysiff: posts small blind $0.50
joaquin612: posts big blind $1
Callan25: posts small & big blinds $1.50
*** HOLE CARDS ***
7bekon7: folds 
MaRKiToScoK: folds 
Callan25 has timed out
Callan25: checks 
ponchua: raises $3 to $4
Rysiff: folds 
joaquin612: folds 
Callan25: folds 
Uncalled bet ($3) returned to ponchua
ponchua collected $4 from pot
ponchua: doesn't show hand 
*** SUMMARY ***
Total pot $4 | Rake $0 
Seat 1: joaquin612 (big blind) folded before Flop
Seat 2: 7bekon7 folded before Flop (didn't bet)
Seat 3: MaRKiToScoK folded before Flop (didn't bet)
Seat 4: Callan25 folded before Flop (didn't bet)
Seat 5: ponchua (button) collected ($4)
Seat 6: Rysiff (small blind) folded before Flop



PokerStars Hand #254510665857:  Hold'em No Limit ($0.50/$1.00 USD) - 2025/01/23 4:12:16 WET [2025/01/22 23:12:16 ET]
Table 'Terebellum III' 6-max Seat #6 is the button
Seat 1: joaquin612 ($112.80 in chips) 
Seat 2: 7bekon7 ($144.79 in chips) 
Seat 3: MaRKiToScoK ($108.96 in chips) 
Seat 4: Callan25 ($29.04 in chips) 
Seat 5: ponchua ($104.45 in chips) 
Seat 6: Rysiff ($100 in chips) 
joaquin612: posts small blind $0.50
7bekon7: posts big blind $1
*** HOLE CARDS ***
MaRKiToScoK: folds 
Callan25: folds 
ponchua: folds 
Rysiff: folds 
joaquin612: folds 
Uncalled bet ($0.50) returned to 7bekon7
7bekon7 collected $1 from pot
7bekon7: doesn't show hand 
*** SUMMARY ***
Total pot $1 | Rake $0 
Seat 1: joaquin612 (small blind) folded before Flop
Seat 2: 7bekon7 (big blind) collected ($1)
Seat 3: MaRKiToScoK folded before Flop (didn't bet)
Seat 4: Callan25 folded before Flop (didn't bet)
Seat 5: ponchua folded before Flop (didn't bet)
Seat 6: Rysiff (button) folded before Flop (didn't bet)



PokerStars Hand #254510666781:  Hold'em No Limit ($0.50/$1.00 USD) - 2025/01/23 4:12:24 WET [2025/01/22 23:12:24 ET]
Table 'Terebellum III' 6-max Seat #1 is the button
Seat 1: joaquin612 ($112.30 in chips) 
Seat 2: 7bekon7 ($145.29 in chips) 
Seat 3: MaRKiToScoK ($108.96 in chips) 
Seat 4: Callan25 ($29.04 in chips) 
Seat 5: ponchua ($104.45 in chips) 
Seat 6: Rysiff ($100 in chips) 
7bekon7: posts small blind $0.50
MaRKiToScoK: posts big blind $1
*** HOLE CARDS ***
Callan25 has timed out
Callan25: folds 
ponchua: folds 
Rysiff: folds 
joaquin612: folds 
7bekon7: folds 
Uncalled bet ($0.50) returned to MaRKiToScoK
MaRKiToScoK collected $1 from pot
*** SUMMARY ***
Total pot $1 | Rake $0 
Seat 1: joaquin612 (button) folded before Flop (didn't bet)
Seat 2: 7bekon7 (small blind) folded before Flop
Seat 3: MaRKiToScoK (big blind) collected ($1)
Seat 4: Callan25 folded before Flop (didn't bet)
Seat 5: ponchua folded before Flop (didn't bet)
Seat 6: Rysiff folded before Flop (didn't bet)



PokerStars Hand #254510668643:  Hold'em No Limit ($0.50/$1.00 USD) - 2025/01/23 4:12:42 WET [2025/01/22 23:12:42 ET]
Table 'Terebellum III' 6-max Seat #2 is the button
Seat 4: Callan25 ($29.04 in chips) is sitting out
Seat 1: joaquin612 ($112.30 in chips) 
Seat 2: 7bekon7 ($144.79 in chips) 
Seat 3: MaRKiToScoK ($109.46 in chips) 
Seat 5: ponchua ($104.45 in chips) 
Seat 6: Rysiff ($100 in chips) 
MaRKiToScoK: posts small blind $0.50
ponchua: posts big blind $1
*** HOLE CARDS ***
Rysiff: folds 
joaquin612: folds 
7bekon7: raises $1.25 to $2.25
MaRKiToScoK: folds 
ponchua: folds 
Uncalled bet ($1.25) returned to 7bekon7
7bekon7 collected $2.50 from pot
7bekon7: doesn't show hand 
*** SUMMARY ***
Total pot $2.50 | Rake $0 
Seat 4: Callan25
Seat 1: joaquin612 folded before Flop (didn't bet)
Seat 2: 7bekon7 (button) collected ($2.50)
Seat 3: MaRKiToScoK (small blind) folded before Flop
Seat 5: ponchua (big blind) folded before Flop
Seat 6: Rysiff folded before Flop (didn't bet)



PokerStars Hand #254510670478:  Hold'em No Limit ($0.50/$1.00 USD) - 2025/01/23 4:12:59 WET [2025/01/22 23:12:59 ET]
Table 'Terebellum III' 6-max Seat #3 is the button
Seat 4: Callan25 ($29.04 in chips) is sitting out
Seat 1: joaquin612 ($112.30 in chips) 
Seat 2: 7bekon7 ($146.29 in chips) 
Seat 3: MaRKiToScoK ($108.96 in chips) 
Seat 5: ponchua ($103.45 in chips) 
Seat 6: Rysiff ($100 in chips) 
ponchua: posts small blind $0.50
Rysiff: posts big blind $1
*** HOLE CARDS ***
joaquin612: folds 
7bekon7: folds 
MaRKiToScoK: raises $1.50 to $2.50
ponchua: folds 
Rysiff: folds 
Uncalled bet ($1.50) returned to MaRKiToScoK
MaRKiToScoK collected $2.50 from pot
*** SUMMARY ***
Total pot $2.50 | Rake $0 
Seat 4: Callan25
Seat 1: joaquin612 folded before Flop (didn't bet)
Seat 2: 7bekon7 folded before Flop (didn't bet)
Seat 3: MaRKiToScoK (button) collected ($2.50)
Seat 5: ponchua (small blind) folded before Flop
Seat 6: Rysiff (big blind) folded before Flop



PokerStars Hand #254510674024:  Hold'em No Limit ($0.50/$1.00 USD) - 2025/01/23 4:13:33 WET [2025/01/22 23:13:33 ET]
Table 'Terebellum III' 6-max Seat #5 is the button
Seat 1: joaquin612 ($112.30 in chips) 
Seat 2: 7bekon7 ($146.29 in chips) 
Seat 3: MaRKiToScoK ($110.46 in chips) 
Seat 4: Callan25 ($29.04 in chips) 
Seat 5: ponchua ($102.95 in chips) 
Seat 6: Rysiff ($100 in chips) 
Rysiff: posts small blind $0.50
joaquin612: posts big blind $1
Callan25: posts small & big blinds $1.50
*** HOLE CARDS ***
7bekon7: folds 
MaRKiToScoK: folds 
Callan25 has timed out
Callan25: checks 
ponchua: folds 
Rysiff: raises $3 to $4
joaquin612: calls $3
Callan25: raises $24.54 to $28.54 and is all-in
Rysiff: folds 
joaquin612: calls $24.54
joaquin612 has timed out
*** FLOP *** [Th 6c 4c]
*** TURN *** [Th 6c 4c] [3h]
*** RIVER *** [Th 6c 4c 3h] [Ks]
*** SHOW DOWN ***
joaquin612: shows [Jh Ac] (high card Ace)
Callan25: shows [Qh As] (high card Ace - King+Queen kicker)
Callan25 collected $59.08 from pot
*** SUMMARY ***
Total pot $61.58 | Rake $2.50 
Board [Th 6c 4c 3h Ks]
Seat 1: joaquin612 (big blind) showed [Jh Ac] and lost with high card Ace
Seat 2: 7bekon7 folded before Flop (didn't bet)
Seat 3: MaRKiToScoK folded before Flop (didn't bet)
Seat 4: Callan25 showed [Qh As] and won ($59.08) with high card Ace
Seat 5: ponchua (button) folded before Flop (didn't bet)
Seat 6: Rysiff (small blind) folded before Flop



PokerStars Hand #254510680746:  Hold'em No Limit ($0.50/$1.00 USD) - 2025/01/23 4:14:38 WET [2025/01/22 23:14:38 ET]
Table 'Terebellum III' 6-max Seat #6 is the button
Seat 1: joaquin612 ($100 in chips) 
Seat 2: 7bekon7 ($146.29 in chips) 
Seat 3: MaRKiToScoK ($110.46 in chips) 
Seat 4: Callan25 ($59.08 in chips) 
Seat 5: ponchua ($102.95 in chips) 
Seat 6: Rysiff ($100 in chips) 
joaquin612: posts small blind $0.50
7bekon7: posts big blind $1
*** HOLE CARDS ***
MaRKiToScoK: folds 
Callan25: raises $2 to $3
ponchua: folds 
Rysiff: folds 
joaquin612: folds 
7bekon7: calls $2
*** FLOP *** [7d 3h 2d]
7bekon7: checks 
Callan25: bets $12.18
7bekon7: raises $131.11 to $143.29 and is all-in
Callan25: calls $43.90 and is all-in
Uncalled bet ($87.21) returned to 7bekon7
*** TURN *** [7d 3h 2d] [Kd]
*** RIVER *** [7d 3h 2d Kd] [Ks]
*** SHOW DOWN ***
7bekon7: shows [6d 5d] (a flush, King high)
Callan25: shows [Ts Tc] (two pair, Kings and Tens)
7bekon7 collected $116.16 from pot
Callan25 cashed out the hand for $59.45 | Cash Out Fee $1.21
*** SUMMARY ***
Total pot $118.66 | Rake $2.50 
Board [7d 3h 2d Kd Ks]
Seat 1: joaquin612 (small blind) folded before Flop
Seat 2: 7bekon7 (big blind) showed [6d 5d] and won ($116.16) with a flush, King high
Seat 3: MaRKiToScoK folded before Flop (didn't bet)
Seat 4: Callan25 showed [Ts Tc] and lost with two pair, Kings and Tens (cashed out).
Seat 5: ponchua folded before Flop (didn't bet)
Seat 6: Rysiff (button) folded before Flop (didn't bet)



PokerStars Hand #254510686913:  Hold'em No Limit ($0.50/$1.00 USD) - 2025/01/23 4:15:37 WET [2025/01/22 23:15:37 ET]
Table 'Terebellum III' 6-max Seat #1 is the button
Seat 1: joaquin612 ($100 in chips) 
Seat 2: 7bekon7 ($203.37 in chips) 
Seat 3: MaRKiToScoK ($110.46 in chips) 
Seat 4: Callan25 ($59.45 in chips) 
Seat 5: ponchua ($102.95 in chips) 
Seat 6: Rysiff ($100 in chips) 
7bekon7: posts small blind $0.50
MaRKiToScoK: posts big blind $1
*** HOLE CARDS ***
Callan25: folds 
ponchua: folds 
Rysiff: folds 
joaquin612: folds 
7bekon7: raises $2 to $3
MaRKiToScoK: folds 
Uncalled bet ($2) returned to 7bekon7
7bekon7 collected $2 from pot
7bekon7: doesn't show hand 
*** SUMMARY ***
Total pot $2 | Rake $0 
Seat 1: joaquin612 (button) folded before Flop (didn't bet)
Seat 2: 7bekon7 (small blind) collected ($2)
Seat 3: MaRKiToScoK (big blind) folded before Flop
Seat 4: Callan25 folded before Flop (didn't bet)
Seat 5: ponchua folded before Flop (didn't bet)
Seat 6: Rysiff folded before Flop (didn't bet)



PokerStars Hand #254510689067:  Hold'em No Limit ($0.50/$1.00 USD) - 2025/01/23 4:15:57 WET [2025/01/22 23:15:57 ET]
Table 'Terebellum III' 6-max Seat #2 is the button
Seat 1: joaquin612 ($100 in chips) 
Seat 2: 7bekon7 ($204.37 in chips) 
Seat 3: MaRKiToScoK ($109.46 in chips) 
Seat 4: Callan25 ($59.45 in chips) 
Seat 5: ponchua ($102.95 in chips) 
Seat 6: Rysiff ($100 in chips) 
MaRKiToScoK: posts small blind $0.50
Callan25: posts big blind $1
*** HOLE CARDS ***
ponchua: folds 
Rysiff: raises $1.50 to $2.50
joaquin612: folds 
7bekon7: calls $2.50
MaRKiToScoK: folds 
Callan25: calls $1.50
*** FLOP *** [5d 6d 9d]
Callan25: checks 
Rysiff: checks 
7bekon7: checks 
*** TURN *** [5d 6d 9d] [Qh]
Callan25: bets $5.60
Rysiff: folds 
7bekon7: folds 
Uncalled bet ($5.60) returned to Callan25
Callan25 collected $7.60 from pot
*** SUMMARY ***
Total pot $8 | Rake $0.40 
Board [5d 6d 9d Qh]
Seat 1: joaquin612 folded before Flop (didn't bet)
Seat 2: 7bekon7 (button) folded on the Turn
Seat 3: MaRKiToScoK (small blind) folded before Flop
Seat 4: Callan25 (big blind) collected ($7.60)
Seat 5: ponchua folded before Flop (didn't bet)
Seat 6: Rysiff folded on the Turn



PokerStars Hand #254510695751:  Hold'em No Limit ($0.50/$1.00 USD) - 2025/01/23 4:17:02 WET [2025/01/22 23:17:02 ET]
Table 'Terebellum III' 6-max Seat #3 is the button
Seat 1: joaquin612 ($100 in chips) 
Seat 2: 7bekon7 ($201.87 in chips) 
Seat 3: MaRKiToScoK ($108.96 in chips) 
Seat 4: Callan25 ($64.55 in chips) 
Seat 5: ponchua ($102.95 in chips) 
Seat 6: Rysiff ($100 in chips) 
Callan25: posts small blind $0.50
ponchua: posts big blind $1
*** HOLE CARDS ***
Rysiff: folds 
joaquin612: folds 
7bekon7: folds 
MaRKiToScoK: raises $1.50 to $2.50
Callan25: calls $2
ponchua: calls $1.50
*** FLOP *** [7d 9d 9c]
Callan25: checks 
ponchua: checks 
MaRKiToScoK: bets $2.35
Callan25: calls $2.35
ponchua: folds 
*** TURN *** [7d 9d 9c] [8c]
Callan25: checks 
MaRKiToScoK: checks 
*** RIVER *** [7d 9d 9c 8c] [4d]
Callan25: bets $3
MaRKiToScoK: raises $9.75 to $12.75
Rysiff leaves the table
Callan25: folds 
Uncalled bet ($9.75) returned to MaRKiToScoK
MaRKiToScoK collected $17.29 from pot
CashfishT joins the table at seat #6 
*** SUMMARY ***
Total pot $18.20 | Rake $0.91 
Board [7d 9d 9c 8c 4d]
Seat 1: joaquin612 folded before Flop (didn't bet)
Seat 2: 7bekon7 folded before Flop (didn't bet)
Seat 3: MaRKiToScoK (button) collected ($17.29)
Seat 4: Callan25 (small blind) folded on the River
Seat 5: ponchua (big blind) folded on the Flop
Seat 6: Rysiff folded before Flop (didn't bet)



PokerStars Hand #254510705418:  Hold'em No Limit ($0.50/$1.00 USD) - 2025/01/23 4:18:34 WET [2025/01/22 23:18:34 ET]
Table 'Terebellum III' 6-max Seat #4 is the button
Seat 1: joaquin612 ($100 in chips) 
Seat 2: 7bekon7 ($201.87 in chips) 
Seat 3: MaRKiToScoK ($118.40 in chips) 
Seat 4: Callan25 ($56.70 in chips) 
Seat 5: ponchua ($100.45 in chips) 
Seat 6: CashfishT ($100 in chips) 
ponchua: posts small blind $0.50
CashfishT is connected 
CashfishT: posts big blind $1
*** HOLE CARDS ***
joaquin612: folds 
7bekon7: raises $1.25 to $2.25
MaRKiToScoK: folds 
Callan25: raises $7 to $9.25
ponchua: folds 
CashfishT: folds 
7bekon7: folds 
Uncalled bet ($7) returned to Callan25
Callan25 collected $6 from pot
*** SUMMARY ***
Total pot $6 | Rake $0 
Seat 1: joaquin612 folded before Flop (didn't bet)
Seat 2: 7bekon7 folded before Flop
Seat 3: MaRKiToScoK folded before Flop (didn't bet)
Seat 4: Callan25 (button) collected ($6)
Seat 5: ponchua (small blind) folded before Flop
Seat 6: CashfishT (big blind) folded before Flop



PokerStars Hand #254510710422:  Hold'em No Limit ($0.50/$1.00 USD) - 2025/01/23 4:19:23 WET [2025/01/22 23:19:23 ET]
Table 'Terebellum III' 6-max Seat #5 is the button
Seat 1: joaquin612 ($100 in chips) 
Seat 2: 7bekon7 ($199.62 in chips) 
Seat 3: MaRKiToScoK ($118.40 in chips) 
Seat 4: Callan25 ($60.45 in chips) 
Seat 5: ponchua ($100 in chips) 
Seat 6: CashfishT ($100 in chips) 
CashfishT: posts small blind $0.50
joaquin612: posts big blind $1
*** HOLE CARDS ***
7bekon7: raises $1.25 to $2.25
MaRKiToScoK: calls $2.25
Callan25: calls $2.25
ponchua: folds 
CashfishT: folds 
joaquin612: folds 
*** FLOP *** [9c 7h 6d]
7bekon7: checks 
MaRKiToScoK: checks 
Callan25: checks 
*** TURN *** [9c 7h 6d] [Qs]
7bekon7: bets $3.92
MaRKiToScoK: calls $3.92
Callan25: folds 
*** RIVER *** [9c 7h 6d Qs] [5c]
7bekon7: checks 
MaRKiToScoK: checks 
*** SHOW DOWN ***
7bekon7: shows [Kc Tc] (high card King)
MaRKiToScoK: shows [Kh Qc] (a pair of Queens)
MaRKiToScoK collected $15.29 from pot
*** SUMMARY ***
Total pot $16.09 | Rake $0.80 
Board [9c 7h 6d Qs 5c]
Seat 1: joaquin612 (big blind) folded before Flop
Seat 2: 7bekon7 showed [Kc Tc] and lost with high card King
Seat 3: MaRKiToScoK showed [Kh Qc] and won ($15.29) with a pair of Queens
Seat 4: Callan25 folded on the Turn
Seat 5: ponchua (button) folded before Flop (didn't bet)
Seat 6: CashfishT (small blind) folded before Flop



PokerStars Hand #254510719967:  Hold'em No Limit ($0.50/$1.00 USD) - 2025/01/23 4:20:57 WET [2025/01/22 23:20:57 ET]
Table 'Terebellum III' 6-max Seat #6 is the button
Seat 1: joaquin612 ($100 in chips) 
Seat 2: 7bekon7 ($193.45 in chips) 
Seat 3: MaRKiToScoK ($127.52 in chips) 
Seat 4: Callan25 ($58.20 in chips) 
Seat 5: ponchua ($100 in chips) 
Seat 6: CashfishT ($100 in chips) 
joaquin612: posts small blind $0.50
7bekon7: posts big blind $1
*** HOLE CARDS ***
MaRKiToScoK: folds 
Callan25: raises $2 to $3
ponchua: folds 
CashfishT: folds 
joaquin612: folds 
7bekon7: calls $2
*** FLOP *** [Jd 7s 2h]
7bekon7: checks 
Callan25: bets $4.18
7bekon7: raises $7.27 to $11.45
Callan25: folds 
Uncalled bet ($7.27) returned to 7bekon7
7bekon7 collected $14.12 from pot
7bekon7: doesn't show hand 
*** SUMMARY ***
Total pot $14.86 | Rake $0.74 
Board [Jd 7s 2h]
Seat 1: joaquin612 (small blind) folded before Flop
Seat 2: 7bekon7 (big blind) collected ($14.12)
Seat 3: MaRKiToScoK folded before Flop (didn't bet)
Seat 4: Callan25 folded on the Flop
Seat 5: ponchua folded before Flop (didn't bet)
Seat 6: CashfishT (button) folded before Flop (didn't bet)



PokerStars Hand #254510726317:  Hold'em No Limit ($0.50/$1.00 USD) - 2025/01/23 4:21:59 WET [2025/01/22 23:21:59 ET]
Table 'Terebellum III' 6-max Seat #1 is the button
Seat 1: joaquin612 ($100 in chips) 
Seat 2: 7bekon7 ($200.39 in chips) 
Seat 3: MaRKiToScoK ($127.52 in chips) 
Seat 4: Callan25 ($51.02 in chips) 
Seat 5: ponchua ($100 in chips) 
Seat 6: CashfishT ($100 in chips) 
7bekon7: posts small blind $0.50
MaRKiToScoK: posts big blind $1
*** HOLE CARDS ***
Callan25: folds 
ponchua: folds 
CashfishT: folds 
joaquin612: folds 
7bekon7: raises $2 to $3
MaRKiToScoK: calls $2
*** FLOP *** [Qc 9c 6d]
7bekon7: bets $2.85
MaRKiToScoK: calls $2.85
*** TURN *** [Qc 9c 6d] [3d]
7bekon7: bets $11.12
MaRKiToScoK: folds 
Uncalled bet ($11.12) returned to 7bekon7
7bekon7 collected $11.12 from pot
7bekon7: doesn't show hand 
*** SUMMARY ***
Total pot $11.70 | Rake $0.58 
Board [Qc 9c 6d 3d]
Seat 1: joaquin612 (button) folded before Flop (didn't bet)
Seat 2: 7bekon7 (small blind) collected ($11.12)
Seat 3: MaRKiToScoK (big blind) folded on the Turn
Seat 4: Callan25 folded before Flop (didn't bet)
Seat 5: ponchua folded before Flop (didn't bet)
Seat 6: CashfishT folded before Flop (didn't bet)



PokerStars Hand #254510729833:  Hold'em No Limit ($0.50/$1.00 USD) - 2025/01/23 4:22:33 WET [2025/01/22 23:22:33 ET]
Table 'Terebellum III' 6-max Seat #2 is the button
Seat 1: joaquin612 ($100 in chips) 
Seat 2: 7bekon7 ($205.66 in chips) 
Seat 3: MaRKiToScoK ($121.67 in chips) 
Seat 4: Callan25 ($51.02 in chips) 
Seat 5: ponchua ($100 in chips) 
Seat 6: CashfishT ($100 in chips) 
MaRKiToScoK: posts small blind $0.50
Callan25: posts big blind $1
*** HOLE CARDS ***
ponchua: folds 
CashfishT: raises $1.20 to $2.20
joaquin612: folds 
7bekon7: calls $2.20
MaRKiToScoK: calls $1.70
Callan25: raises $10.80 to $13
CashfishT: calls $10.80
7bekon7: calls $10.80
MaRKiToScoK: folds 
*** FLOP *** [2s 4d Js]
Callan25: bets $38.02 and is all-in
CashfishT: folds 
7bekon7: folds 
Uncalled bet ($38.02) returned to Callan25
Callan25 collected $39.14 from pot
*** SUMMARY ***
Total pot $41.20 | Rake $2.06 
Board [2s 4d Js]
Seat 1: joaquin612 folded before Flop (didn't bet)
Seat 2: 7bekon7 (button) folded on the Flop
Seat 3: MaRKiToScoK (small blind) folded before Flop
Seat 4: Callan25 (big blind) collected ($39.14)
Seat 5: ponchua folded before Flop (didn't bet)
Seat 6: CashfishT folded on the Flop



PokerStars Hand #254510736756:  Hold'em No Limit ($0.50/$1.00 USD) - 2025/01/23 4:23:42 WET [2025/01/22 23:23:42 ET]
Table 'Terebellum III' 6-max Seat #3 is the button
Seat 1: joaquin612 ($100 in chips) 
Seat 2: 7bekon7 ($192.66 in chips) 
Seat 3: MaRKiToScoK ($119.47 in chips) 
Seat 4: Callan25 ($77.16 in chips) 
Seat 5: ponchua ($100 in chips) 
Seat 6: CashfishT ($100 in chips) 
Callan25: posts small blind $0.50
ponchua: posts big blind $1
*** HOLE CARDS ***
CashfishT: folds 
joaquin612: folds 
7bekon7: folds 
MaRKiToScoK: folds 
Callan25: raises $2 to $3
ponchua: calls $2
*** FLOP *** [Jc 9s Th]
Callan25: checks 
ponchua: checks 
*** TURN *** [Jc 9s Th] [Kh]
Callan25: checks 
ponchua: bets $1.71
Callan25: calls $1.71
*** RIVER *** [Jc 9s Th Kh] [Ts]
Callan25: checks 
ponchua: checks 
*** SHOW DOWN ***
Callan25: shows [8d Tc] (three of a kind, Tens)
ponchua: mucks hand 
Callan25 collected $8.95 from pot
*** SUMMARY ***
Total pot $9.42 | Rake $0.47 
Board [Jc 9s Th Kh Ts]
Seat 1: joaquin612 folded before Flop (didn't bet)
Seat 2: 7bekon7 folded before Flop (didn't bet)
Seat 3: MaRKiToScoK (button) folded before Flop (didn't bet)
Seat 4: Callan25 (small blind) showed [8d Tc] and won ($8.95) with three of a kind, Tens
Seat 5: ponchua (big blind) mucked
Seat 6: CashfishT folded before Flop (didn't bet)



PokerStars Hand #254510743598:  Hold'em No Limit ($0.50/$1.00 USD) - 2025/01/23 4:24:52 WET [2025/01/22 23:24:52 ET]
Table 'Terebellum III' 6-max Seat #4 is the button
Seat 1: joaquin612 ($100 in chips) 
Seat 2: 7bekon7 ($192.66 in chips) 
Seat 3: MaRKiToScoK ($119.47 in chips) 
Seat 4: Callan25 ($81.40 in chips) 
Seat 5: ponchua ($100 in chips) 
Seat 6: CashfishT ($100 in chips) 
ponchua: posts small blind $0.50
CashfishT: posts big blind $1
*** HOLE CARDS ***
joaquin612: folds 
7bekon7: folds 
MaRKiToScoK: folds 
Callan25: raises $2 to $3
ponchua: folds 
CashfishT: calls $2
*** FLOP *** [5s 8d Kd]
CashfishT: checks 
Callan25: checks 
*** TURN *** [5s 8d Kd] [6c]
CashfishT: checks 
Callan25: checks 
*** RIVER *** [5s 8d Kd 6c] [Ac]
CashfishT: checks 
Callan25: bets $4.18
CashfishT: folds 
Uncalled bet ($4.18) returned to Callan25
Callan25 collected $6.18 from pot
*** SUMMARY ***
Total pot $6.50 | Rake $0.32 
Board [5s 8d Kd 6c Ac]
Seat 1: joaquin612 folded before Flop (didn't bet)
Seat 2: 7bekon7 folded before Flop (didn't bet)
Seat 3: MaRKiToScoK folded before Flop (didn't bet)
Seat 4: Callan25 (button) collected ($6.18)
Seat 5: ponchua (small blind) folded before Flop
Seat 6: CashfishT (big blind) folded on the River



PokerStars Hand #254510747720:  Hold'em No Limit ($0.50/$1.00 USD) - 2025/01/23 4:25:33 WET [2025/01/22 23:25:33 ET]
Table 'Terebellum III' 6-max Seat #5 is the button
Seat 1: joaquin612 ($100 in chips) 
Seat 2: 7bekon7 ($192.66 in chips) 
Seat 3: MaRKiToScoK ($119.47 in chips) 
Seat 4: Callan25 ($84.58 in chips) 
Seat 5: ponchua ($100 in chips) 
Seat 6: CashfishT ($100 in chips) 
CashfishT: posts small blind $0.50
joaquin612: posts big blind $1
*** HOLE CARDS ***
7bekon7: folds 
MaRKiToScoK: folds 
Callan25: folds 
ponchua: folds 
CashfishT: folds 
Uncalled bet ($0.50) returned to joaquin612
joaquin612 collected $1 from pot
joaquin612: doesn't show hand 
*** SUMMARY ***
Total pot $1 | Rake $0 
Seat 1: joaquin612 (big blind) collected ($1)
Seat 2: 7bekon7 folded before Flop (didn't bet)
Seat 3: MaRKiToScoK folded before Flop (didn't bet)
Seat 4: Callan25 folded before Flop (didn't bet)
Seat 5: ponchua (button) folded before Flop (didn't bet)
Seat 6: CashfishT (small blind) folded before Flop



PokerStars Hand #254510748550:  Hold'em No Limit ($0.50/$1.00 USD) - 2025/01/23 4:25:41 WET [2025/01/22 23:25:41 ET]
Table 'Terebellum III' 6-max Seat #6 is the button
Seat 1: joaquin612 ($100.50 in chips) 
Seat 2: 7bekon7 ($192.66 in chips) 
Seat 3: MaRKiToScoK ($119.47 in chips) 
Seat 4: Callan25 ($84.58 in chips) 
Seat 5: ponchua ($100 in chips) 
Seat 6: CashfishT ($100 in chips) 
joaquin612: posts small blind $0.50
7bekon7: posts big blind $1
*** HOLE CARDS ***
MaRKiToScoK: folds 
Callan25: raises $2 to $3
ponchua: folds 
CashfishT: folds 
joaquin612: folds 
7bekon7: folds 
Uncalled bet ($2) returned to Callan25
Callan25 collected $2.50 from pot
*** SUMMARY ***
Total pot $2.50 | Rake $0 
Seat 1: joaquin612 (small blind) folded before Flop
Seat 2: 7bekon7 (big blind) folded before Flop
Seat 3: MaRKiToScoK folded before Flop (didn't bet)
Seat 4: Callan25 collected ($2.50)
Seat 5: ponchua folded before Flop (didn't bet)
Seat 6: CashfishT (button) folded before Flop (didn't bet)



PokerStars Hand #254510751287:  Hold'em No Limit ($0.50/$1.00 USD) - 2025/01/23 4:26:09 WET [2025/01/22 23:26:09 ET]
Table 'Terebellum III' 6-max Seat #1 is the button
Seat 1: joaquin612 ($100 in chips) 
Seat 2: 7bekon7 ($191.66 in chips) 
Seat 3: MaRKiToScoK ($119.47 in chips) 
Seat 4: Callan25 ($86.08 in chips) 
Seat 5: ponchua ($100 in chips) 
Seat 6: CashfishT ($100 in chips) 
7bekon7: posts small blind $0.50
MaRKiToScoK: posts big blind $1
*** HOLE CARDS ***
Callan25: folds 
ponchua: folds 
CashfishT: folds 
joaquin612: folds 
7bekon7: raises $2 to $3
MaRKiToScoK: folds 
Uncalled bet ($2) returned to 7bekon7
7bekon7 collected $2 from pot
7bekon7: doesn't show hand 
*** SUMMARY ***
Total pot $2 | Rake $0 
Seat 1: joaquin612 (button) folded before Flop (didn't bet)
Seat 2: 7bekon7 (small blind) collected ($2)
Seat 3: MaRKiToScoK (big blind) folded before Flop
Seat 4: Callan25 folded before Flop (didn't bet)
Seat 5: ponchua folded before Flop (didn't bet)
Seat 6: CashfishT folded before Flop (didn't bet)



PokerStars Hand #254510753398:  Hold'em No Limit ($0.50/$1.00 USD) - 2025/01/23 4:26:30 WET [2025/01/22 23:26:30 ET]
Table 'Terebellum III' 6-max Seat #2 is the button
Seat 1: joaquin612 ($100 in chips) 
Seat 2: 7bekon7 ($192.66 in chips) 
Seat 3: MaRKiToScoK ($118.47 in chips) 
Seat 4: Callan25 ($86.08 in chips) 
Seat 5: ponchua ($100 in chips) 
Seat 6: CashfishT ($100 in chips) 
MaRKiToScoK: posts small blind $0.50
Callan25: posts big blind $1
*** HOLE CARDS ***
ponchua: folds 
CashfishT: folds 
joaquin612: folds 
7bekon7: folds 
MaRKiToScoK: folds 
Uncalled bet ($0.50) returned to Callan25
Callan25 collected $1 from pot
*** SUMMARY ***
Total pot $1 | Rake $0 
Seat 1: joaquin612 folded before Flop (didn't bet)
Seat 2: 7bekon7 (button) folded before Flop (didn't bet)
Seat 3: MaRKiToScoK (small blind) folded before Flop
Seat 4: Callan25 (big blind) collected ($1)
Seat 5: ponchua folded before Flop (didn't bet)
Seat 6: CashfishT folded before Flop (didn't bet)



PokerStars Hand #254510755184:  Hold'em No Limit ($0.50/$1.00 USD) - 2025/01/23 4:26:47 WET [2025/01/22 23:26:47 ET]
Table 'Terebellum III' 6-max Seat #3 is the button
Seat 1: joaquin612 ($100 in chips) 
Seat 2: 7bekon7 ($192.66 in chips) 
Seat 3: MaRKiToScoK ($117.97 in chips) 
Seat 4: Callan25 ($86.58 in chips) 
Seat 5: ponchua ($100 in chips) 
Seat 6: CashfishT ($100 in chips) 
Callan25: posts small blind $0.50
ponchua: posts big blind $1
*** HOLE CARDS ***
CashfishT: folds 
joaquin612: folds 
7bekon7: folds 
MaRKiToScoK: folds 
Callan25: raises $2 to $3
ponchua: calls $2
*** FLOP *** [Jc 6h 9h]
Callan25: checks 
ponchua: bets $1.77
Callan25: folds 
Uncalled bet ($1.77) returned to ponchua
ponchua collected $5.70 from pot
ponchua: doesn't show hand 
*** SUMMARY ***
Total pot $6 | Rake $0.30 
Board [Jc 6h 9h]
Seat 1: joaquin612 folded before Flop (didn't bet)
Seat 2: 7bekon7 folded before Flop (didn't bet)
Seat 3: MaRKiToScoK (button) folded before Flop (didn't bet)
Seat 4: Callan25 (small blind) folded on the Flop
Seat 5: ponchua (big blind) collected ($5.70)
Seat 6: CashfishT folded before Flop (didn't bet)



PokerStars Hand #254510758421:  Hold'em No Limit ($0.50/$1.00 USD) - 2025/01/23 4:27:19 WET [2025/01/22 23:27:19 ET]
Table 'Terebellum III' 6-max Seat #4 is the button
Seat 1: joaquin612 ($100 in chips) 
Seat 2: 7bekon7 ($192.66 in chips) 
Seat 3: MaRKiToScoK ($117.97 in chips) 
Seat 4: Callan25 ($83.58 in chips) 
Seat 5: ponchua ($102.70 in chips) 
Seat 6: CashfishT ($100 in chips) 
ponchua: posts small blind $0.50
CashfishT: posts big blind $1
*** HOLE CARDS ***
joaquin612: folds 
7bekon7: folds 
MaRKiToScoK: folds 
Callan25: raises $2 to $3
ponchua: raises $9 to $12
CashfishT: folds 
Callan25: raises $16 to $28
ponchua: raises $74.70 to $102.70 and is all-in
Callan25: calls $55.58 and is all-in
Uncalled bet ($19.12) returned to ponchua
*** FLOP *** [Th 9d 5d]
*** TURN *** [Th 9d 5d] [6s]
*** RIVER *** [Th 9d 5d 6s] [8c]
*** SHOW DOWN ***
ponchua: shows [Kd Ks] (a pair of Kings)
Callan25: shows [Ah Ad] (a pair of Aces)
Callan25 collected $165.66 from pot
*** SUMMARY ***
Total pot $168.16 | Rake $2.50 
Board [Th 9d 5d 6s 8c]
Seat 1: joaquin612 folded before Flop (didn't bet)
Seat 2: 7bekon7 folded before Flop (didn't bet)
Seat 3: MaRKiToScoK folded before Flop (didn't bet)
Seat 4: Callan25 (button) showed [Ah Ad] and won ($165.66) with a pair of Aces
Seat 5: ponchua (small blind) showed [Kd Ks] and lost with a pair of Kings
Seat 6: CashfishT (big blind) folded before Flop



PokerStars Hand #254510775165:  Hold'em No Limit ($0.50/$1.00 USD) - 2025/01/23 4:30:09 WET [2025/01/22 23:30:09 ET]
Table 'Terebellum III' 6-max Seat #6 is the button
Seat 1: joaquin612 ($100 in chips) 
Seat 2: 7bekon7 ($192.66 in chips) 
Seat 3: MaRKiToScoK ($117.97 in chips) 
Seat 4: Callan25 ($128.49 in chips) 
Seat 5: ponchua ($136.17 in chips) 
Seat 6: CashfishT ($100 in chips) 
joaquin612: posts small blind $0.50
7bekon7: posts big blind $1
*** HOLE CARDS ***
MaRKiToScoK: raises $1 to $2
Callan25: raises $6.50 to $8.50
ponchua: folds 
CashfishT: folds 
joaquin612: folds 
7bekon7: folds 
MaRKiToScoK: calls $6.50
*** FLOP *** [Kh 8s 8c]
MaRKiToScoK: checks 
Callan25: checks 
*** TURN *** [Kh 8s 8c] [Ts]
MaRKiToScoK: bets $17.50
Callan25: calls $17.50
*** RIVER *** [Kh 8s 8c Ts] [6s]
MaRKiToScoK: bets $12.75
Callan25: calls $12.75
*** SHOW DOWN ***
MaRKiToScoK: shows [8d 7d] (three of a kind, Eights)
Callan25: mucks hand 
MaRKiToScoK collected $76.50 from pot
*** SUMMARY ***
Total pot $79 | Rake $2.50 
Board [Kh 8s 8c Ts 6s]
Seat 1: joaquin612 (small blind) folded before Flop
Seat 2: 7bekon7 (big blind) folded before Flop
Seat 3: MaRKiToScoK showed [8d 7d] and won ($76.50) with three of a kind, Eights
Seat 4: Callan25 mucked
Seat 5: ponchua folded before Flop (didn't bet)
Seat 6: CashfishT (button) folded before Flop (didn't bet)



PokerStars Hand #254510780484:  Hold'em No Limit ($0.50/$1.00 USD) - 2025/01/23 4:31:03 WET [2025/01/22 23:31:03 ET]
Table 'Terebellum III' 6-max Seat #1 is the button
Seat 1: joaquin612 ($100 in chips) 
Seat 2: 7bekon7 ($191.66 in chips) 
Seat 3: MaRKiToScoK ($155.72 in chips) 
Seat 4: Callan25 ($89.74 in chips) 
Seat 5: ponchua ($136.17 in chips) 
Seat 6: CashfishT ($100 in chips) 
7bekon7: posts small blind $0.50
MaRKiToScoK: posts big blind $1
*** HOLE CARDS ***
Callan25: raises $2 to $3
ponchua: folds 
CashfishT: folds 
joaquin612: folds 
7bekon7: folds 
MaRKiToScoK: folds 
Uncalled bet ($2) returned to Callan25
Callan25 collected $2.50 from pot
*** SUMMARY ***
Total pot $2.50 | Rake $0 
Seat 1: joaquin612 (button) folded before Flop (didn't bet)
Seat 2: 7bekon7 (small blind) folded before Flop
Seat 3: MaRKiToScoK (big blind) folded before Flop
Seat 4: Callan25 collected ($2.50)
Seat 5: ponchua folded before Flop (didn't bet)
Seat 6: CashfishT folded before Flop (didn't bet)



PokerStars Hand #254510523925:  Hold'em No Limit ($0.50/$1.00 USD) - 2025/01/23 3:49:38 WET [2025/01/22 22:49:38 ET]
Table 'Terebellum III' 6-max Seat #2 is the button
Seat 3: MaRKiToScoK ($100 in chips) is sitting out
Seat 1: joaquin612 ($109.50 in chips) 
Seat 2: 7bekon7 ($100 in chips) 
Seat 5: ptolejmus ($10 in chips) 
Seat 6: alexpipa27 ($24.01 in chips) 
ptolejmus: posts small blind $0.50
alexpipa27: posts big blind $1
*** HOLE CARDS ***
joaquin612: folds 
7bekon7: folds 
ptolejmus: raises $2 to $3
alexpipa27: folds 
Uncalled bet ($2) returned to ptolejmus
ptolejmus collected $2 from pot
*** SUMMARY ***
Total pot $2 | Rake $0 
Seat 3: MaRKiToScoK
Seat 1: joaquin612 folded before Flop (didn't bet)
Seat 2: 7bekon7 (button) folded before Flop (didn't bet)
Seat 5: ptolejmus (small blind) collected ($2)
Seat 6: alexpipa27 (big blind) folded before Flop



PokerStars Hand #254510526703:  Hold'em No Limit ($0.50/$1.00 USD) - 2025/01/23 3:50:02 WET [2025/01/22 22:50:02 ET]
Table 'Terebellum III' 6-max Seat #5 is the button
Seat 3: MaRKiToScoK ($100 in chips) is sitting out
Seat 1: joaquin612 ($109.50 in chips) 
Seat 2: 7bekon7 ($100 in chips) 
Seat 5: ptolejmus ($11 in chips) 
Seat 6: alexpipa27 ($23.01 in chips) 
alexpipa27: posts small blind $0.50
joaquin612: posts big blind $1
MaRKiToScoK: sits out 
*** HOLE CARDS ***
7bekon7: folds 
ptolejmus: folds 
alexpipa27: folds 
Uncalled bet ($0.50) returned to joaquin612
joaquin612 collected $1 from pot
joaquin612: doesn't show hand 
*** SUMMARY ***
Total pot $1 | Rake $0 
Seat 3: MaRKiToScoK
Seat 1: joaquin612 (big blind) collected ($1)
Seat 2: 7bekon7 folded before Flop (didn't bet)
Seat 5: ptolejmus (button) folded before Flop (didn't bet)
Seat 6: alexpipa27 (small blind) folded before Flop



PokerStars Hand #254510528635:  Hold'em No Limit ($0.50/$1.00 USD) - 2025/01/23 3:50:19 WET [2025/01/22 22:50:19 ET]
Table 'Terebellum III' 6-max Seat #6 is the button
Seat 3: MaRKiToScoK ($100 in chips) is sitting out
Seat 1: joaquin612 ($110 in chips) 
Seat 2: 7bekon7 ($100 in chips) 
Seat 5: ptolejmus ($11 in chips) 
Seat 6: alexpipa27 ($22.51 in chips) 
joaquin612: posts small blind $0.50
7bekon7: posts big blind $1
MaRKiToScoK: sits out 
*** HOLE CARDS ***
ptolejmus: folds 
alexpipa27: folds 
joaquin612: raises $2 to $3
7bekon7: raises $6 to $9
joaquin612: calls $6
*** FLOP *** [4d Js 2d]
joaquin612: checks 
7bekon7: bets $8.55
joaquin612: folds 
Uncalled bet ($8.55) returned to 7bekon7
7bekon7 collected $17.10 from pot
7bekon7: doesn't show hand 
*** SUMMARY ***
Total pot $18 | Rake $0.90 
Board [4d Js 2d]
Seat 3: MaRKiToScoK
Seat 1: joaquin612 (small blind) folded on the Flop
Seat 2: 7bekon7 (big blind) collected ($17.10)
Seat 5: ptolejmus folded before Flop (didn't bet)
Seat 6: alexpipa27 (button) folded before Flop (didn't bet)



PokerStars Hand #254510533422:  Hold'em No Limit ($0.50/$1.00 USD) - 2025/01/23 3:51:01 WET [2025/01/22 22:51:01 ET]
Table 'Terebellum III' 6-max Seat #1 is the button
Seat 1: joaquin612 ($101 in chips) 
Seat 2: 7bekon7 ($108.10 in chips) 
Seat 3: MaRKiToScoK ($100 in chips) 
Seat 5: ptolejmus ($11 in chips) 
Seat 6: alexpipa27 ($22.51 in chips) 
7bekon7: posts small blind $0.50
MaRKiToScoK: posts big blind $1
*** HOLE CARDS ***
ptolejmus: folds 
alexpipa27: calls $1
joaquin612: folds 
7bekon7: folds 
MaRKiToScoK: raises $22 to $23
alexpipa27: folds 
Uncalled bet ($22) returned to MaRKiToScoK
MaRKiToScoK collected $2.50 from pot
*** SUMMARY ***
Total pot $2.50 | Rake $0 
Seat 1: joaquin612 (button) folded before Flop (didn't bet)
Seat 2: 7bekon7 (small blind) folded before Flop
Seat 3: MaRKiToScoK (big blind) collected ($2.50)
Seat 5: ptolejmus folded before Flop (didn't bet)
Seat 6: alexpipa27 folded before Flop



PokerStars Hand #254510536147:  Hold'em No Limit ($0.50/$1.00 USD) - 2025/01/23 3:51:26 WET [2025/01/22 22:51:26 ET]
Table 'Terebellum III' 6-max Seat #2 is the button
Seat 1: joaquin612 ($101 in chips) 
Seat 2: 7bekon7 ($107.60 in chips) 
Seat 3: MaRKiToScoK ($101.50 in chips) 
Seat 5: ptolejmus ($11 in chips) 
Seat 6: alexpipa27 ($21.51 in chips) 
MaRKiToScoK: posts small blind $0.50
ptolejmus: posts big blind $1
*** HOLE CARDS ***
Callan25 joins the table at seat #4 
Callan25 is disconnected 
alexpipa27: folds 
joaquin612: folds 
alexpipa27 leaves the table
7bekon7: raises $1 to $2
Rysiff joins the table at seat #6 
MaRKiToScoK: folds 
ptolejmus: calls $1
*** FLOP *** [Kc 4h 7c]
ptolejmus: checks 
7bekon7: bets $2.14
ptolejmus: folds 
Uncalled bet ($2.14) returned to 7bekon7
7bekon7 collected $4.28 from pot
7bekon7: doesn't show hand 
*** SUMMARY ***
Total pot $4.50 | Rake $0.22 
Board [Kc 4h 7c]
Seat 1: joaquin612 folded before Flop (didn't bet)
Seat 2: 7bekon7 (button) collected ($4.28)
Seat 3: MaRKiToScoK (small blind) folded before Flop
Seat 5: ptolejmus (big blind) folded on the Flop
Seat 6: alexpipa27 folded before Flop (didn't bet)



PokerStars Hand #254510543778:  Hold'em No Limit ($0.50/$1.00 USD) - 2025/01/23 3:52:33 WET [2025/01/22 22:52:33 ET]
Table 'Terebellum III' 6-max Seat #3 is the button
Seat 4: Callan25 ($77.66 in chips) is sitting out
Seat 1: joaquin612 ($101 in chips) 
Seat 2: 7bekon7 ($109.88 in chips) 
Seat 3: MaRKiToScoK ($101 in chips) 
Seat 5: ptolejmus ($10 in chips) 
Seat 6: Rysiff ($100 in chips) 
ptolejmus: posts small blind $0.50
Rysiff: posts big blind $1
*** HOLE CARDS ***
joaquin612: folds 
7bekon7: raises $1.25 to $2.25
MaRKiToScoK: folds 
ptolejmus: folds 
Rysiff: folds 
Uncalled bet ($1.25) returned to 7bekon7
7bekon7 collected $2.50 from pot
7bekon7: doesn't show hand 
*** SUMMARY ***
Total pot $2.50 | Rake $0 
Seat 4: Callan25
Seat 1: joaquin612 folded before Flop (didn't bet)
Seat 2: 7bekon7 collected ($2.50)
Seat 3: MaRKiToScoK (button) folded before Flop (didn't bet)
Seat 5: ptolejmus (small blind) folded before Flop
Seat 6: Rysiff (big blind) folded before Flop



PokerStars Hand #254510547384:  Hold'em No Limit ($0.50/$1.00 USD) - 2025/01/23 3:53:05 WET [2025/01/22 22:53:05 ET]
Table 'Terebellum III' 6-max Seat #5 is the button
Seat 1: joaquin612 ($101 in chips) 
Seat 2: 7bekon7 ($111.38 in chips) 
Seat 3: MaRKiToScoK ($101 in chips) 
Seat 4: Callan25 ($77.66 in chips) 
Seat 5: ptolejmus ($10 in chips) 
Seat 6: Rysiff ($100 in chips) 
Rysiff: posts small blind $0.50
joaquin612: posts big blind $1
Callan25: posts big blind $1
*** HOLE CARDS ***
7bekon7: raises $3 to $4
MaRKiToScoK: folds 
Callan25: calls $3
ptolejmus: folds 
Rysiff: folds 
joaquin612: folds 
*** FLOP *** [6c 4h 6d]
7bekon7: bets $4.51
Callan25: calls $4.51
*** TURN *** [6c 4h 6d] [Qc]
7bekon7: bets $8.80
Callan25: folds 
Uncalled bet ($8.80) returned to 7bekon7
7bekon7 collected $17.59 from pot
7bekon7: doesn't show hand 
*** SUMMARY ***
Total pot $18.52 | Rake $0.93 
Board [6c 4h 6d Qc]
Seat 1: joaquin612 (big blind) folded before Flop
Seat 2: 7bekon7 collected ($17.59)
Seat 3: MaRKiToScoK folded before Flop (didn't bet)
Seat 4: Callan25 folded on the Turn
Seat 5: ptolejmus (button) folded before Flop (didn't bet)
Seat 6: Rysiff (small blind) folded before Flop



PokerStars Hand #254510556110:  Hold'em No Limit ($0.50/$1.00 USD) - 2025/01/23 3:54:24 WET [2025/01/22 22:54:24 ET]
Table 'Terebellum III' 6-max Seat #6 is the button
Seat 1: joaquin612 ($100 in chips) 
Seat 2: 7bekon7 ($120.46 in chips) 
Seat 3: MaRKiToScoK ($101 in chips) 
Seat 4: Callan25 ($69.15 in chips) 
Seat 5: ptolejmus ($10 in chips) 
Seat 6: Rysiff ($100 in chips) 
joaquin612: posts small blind $0.50
7bekon7: posts big blind $1
*** HOLE CARDS ***
MaRKiToScoK: folds 
Callan25: folds 
ptolejmus: folds 
Rysiff: raises $1.50 to $2.50
joaquin612: folds 
7bekon7: calls $1.50
*** FLOP *** [Kc 6s 3s]
7bekon7: checks 
Rysiff: bets $1.72
7bekon7: folds 
Uncalled bet ($1.72) returned to Rysiff
Rysiff collected $5.22 from pot
Rysiff: doesn't show hand 
*** SUMMARY ***
Total pot $5.50 | Rake $0.28 
Board [Kc 6s 3s]
Seat 1: joaquin612 (small blind) folded before Flop
Seat 2: 7bekon7 (big blind) folded on the Flop
Seat 3: MaRKiToScoK folded before Flop (didn't bet)
Seat 4: Callan25 folded before Flop (didn't bet)
Seat 5: ptolejmus folded before Flop (didn't bet)
Seat 6: Rysiff (button) collected ($5.22)



PokerStars Hand #254510559511:  Hold'em No Limit ($0.50/$1.00 USD) - 2025/01/23 3:54:54 WET [2025/01/22 22:54:54 ET]
Table 'Terebellum III' 6-max Seat #1 is the button
Seat 1: joaquin612 ($100 in chips) 
Seat 2: 7bekon7 ($117.96 in chips) 
Seat 3: MaRKiToScoK ($101 in chips) 
Seat 4: Callan25 ($69.15 in chips) 
Seat 5: ptolejmus ($10 in chips) 
Seat 6: Rysiff ($102.72 in chips) 
7bekon7: posts small blind $0.50
MaRKiToScoK: posts big blind $1
*** HOLE CARDS ***
Callan25: raises $2 to $3
ptolejmus: folds 
Rysiff: folds 
joaquin612: folds 
7bekon7: raises $8 to $11
MaRKiToScoK: folds 
Callan25: calls $8
*** FLOP *** [9c 8c 9s]
7bekon7: bets $5.46
Callan25: calls $5.46
*** TURN *** [9c 8c 9s] [9d]
7bekon7: bets $16.11
Callan25: calls $16.11
*** RIVER *** [9c 8c 9s 9d] [6c]
7bekon7: bets $46.50
Callan25: folds [8s]
Uncalled bet ($46.50) returned to 7bekon7
7bekon7 collected $63.64 from pot
7bekon7: doesn't show hand 
*** SUMMARY ***
Total pot $66.14 | Rake $2.50 
Board [9c 8c 9s 9d 6c]
Seat 1: joaquin612 (button) folded before Flop (didn't bet)
Seat 2: 7bekon7 (small blind) collected ($63.64)
Seat 3: MaRKiToScoK (big blind) folded before Flop
Seat 4: Callan25 folded on the River
Seat 5: ptolejmus folded before Flop (didn't bet)
Seat 6: Rysiff folded before Flop (didn't bet)



PokerStars Hand #254510569082:  Hold'em No Limit ($0.50/$1.00 USD) - 2025/01/23 3:56:36 WET [2025/01/22 22:56:36 ET]
Table 'Terebellum III' 6-max Seat #2 is the button
Seat 1: joaquin612 ($100 in chips) 
Seat 2: 7bekon7 ($149.03 in chips) 
Seat 3: MaRKiToScoK ($100 in chips) 
Seat 4: Callan25 ($36.58 in chips) 
Seat 5: ptolejmus ($10 in chips) 
Seat 6: Rysiff ($102.72 in chips) 
MaRKiToScoK: posts small blind $0.50
Callan25: posts big blind $1
*** HOLE CARDS ***
ptolejmus: folds 
Rysiff: folds 
joaquin612: folds 
7bekon7: folds 
MaRKiToScoK: calls $0.50
Callan25: checks 
*** FLOP *** [4h Ac Js]
MaRKiToScoK: bets $1
Callan25: folds 
Uncalled bet ($1) returned to MaRKiToScoK
MaRKiToScoK collected $1.90 from pot
*** SUMMARY ***
Total pot $2 | Rake $0.10 
Board [4h Ac Js]
Seat 1: joaquin612 folded before Flop (didn't bet)
Seat 2: 7bekon7 (button) folded before Flop (didn't bet)
Seat 3: MaRKiToScoK (small blind) collected ($1.90)
Seat 4: Callan25 (big blind) folded on the Flop
Seat 5: ptolejmus folded before Flop (didn't bet)
Seat 6: Rysiff folded before Flop (didn't bet)



PokerStars Hand #254510571814:  Hold'em No Limit ($0.50/$1.00 USD) - 2025/01/23 3:57:06 WET [2025/01/22 22:57:06 ET]
Table 'Terebellum III' 6-max Seat #3 is the button
Seat 1: joaquin612 ($100 in chips) 
Seat 2: 7bekon7 ($149.03 in chips) 
Seat 3: MaRKiToScoK ($100.90 in chips) 
Seat 4: Callan25 ($35.58 in chips) 
Seat 5: ptolejmus ($10 in chips) 
Seat 6: Rysiff ($102.72 in chips) 
Callan25: posts small blind $0.50
ptolejmus: posts big blind $1
*** HOLE CARDS ***
Rysiff: folds 
joaquin612: folds 
7bekon7: folds 
MaRKiToScoK: raises $1.50 to $2.50
Callan25: calls $2
ptolejmus: folds 
*** FLOP *** [Ts 8d Jh]
Callan25: checks 
MaRKiToScoK: checks 
*** TURN *** [Ts 8d Jh] [5h]
Callan25: bets $3
MaRKiToScoK: folds 
Uncalled bet ($3) returned to Callan25
Callan25 collected $5.70 from pot
*** SUMMARY ***
Total pot $6 | Rake $0.30 
Board [Ts 8d Jh 5h]
Seat 1: joaquin612 folded before Flop (didn't bet)
Seat 2: 7bekon7 folded before Flop (didn't bet)
Seat 3: MaRKiToScoK (button) folded on the Turn
Seat 4: Callan25 (small blind) collected ($5.70)
Seat 5: ptolejmus (big blind) folded before Flop
Seat 6: Rysiff folded before Flop (didn't bet)



PokerStars Hand #254510575327:  Hold'em No Limit ($0.50/$1.00 USD) - 2025/01/23 3:57:46 WET [2025/01/22 22:57:46 ET]
Table 'Terebellum III' 6-max Seat #4 is the button
Seat 1: joaquin612 ($100 in chips) 
Seat 2: 7bekon7 ($149.03 in chips) 
Seat 3: MaRKiToScoK ($100 in chips) 
Seat 4: Callan25 ($38.78 in chips) 
Seat 5: ptolejmus ($10 in chips) 
Seat 6: Rysiff ($102.72 in chips) 
ptolejmus: posts small blind $0.50
Rysiff: posts big blind $1
*** HOLE CARDS ***
joaquin612: folds 
7bekon7: folds 
MaRKiToScoK: raises $1.25 to $2.25
Callan25: folds 
ptolejmus: folds 
Rysiff: folds 
Uncalled bet ($1.25) returned to MaRKiToScoK
MaRKiToScoK collected $2.50 from pot
*** SUMMARY ***
Total pot $2.50 | Rake $0 
Seat 1: joaquin612 folded before Flop (didn't bet)
Seat 2: 7bekon7 folded before Flop (didn't bet)
Seat 3: MaRKiToScoK collected ($2.50)
Seat 4: Callan25 (button) folded before Flop (didn't bet)
Seat 5: ptolejmus (small blind) folded before Flop
Seat 6: Rysiff (big blind) folded before Flop



PokerStars Hand #254510576437:  Hold'em No Limit ($0.50/$1.00 USD) - 2025/01/23 3:57:58 WET [2025/01/22 22:57:58 ET]
Table 'Terebellum III' 6-max Seat #5 is the button
Seat 1: joaquin612 ($100 in chips) 
Seat 2: 7bekon7 ($149.03 in chips) 
Seat 3: MaRKiToScoK ($101.50 in chips) 
Seat 4: Callan25 ($38.78 in chips) 
Seat 5: ptolejmus ($10 in chips) 
Seat 6: Rysiff ($101.72 in chips) 
Rysiff: posts small blind $0.50
joaquin612: posts big blind $1
*** HOLE CARDS ***
7bekon7: folds 
MaRKiToScoK: folds 
Callan25 has timed out
Callan25: folds 
ptolejmus: folds 
Rysiff: folds 
Uncalled bet ($0.50) returned to joaquin612
joaquin612 collected $1 from pot
joaquin612: doesn't show hand 
*** SUMMARY ***
Total pot $1 | Rake $0 
Seat 1: joaquin612 (big blind) collected ($1)
Seat 2: 7bekon7 folded before Flop (didn't bet)
Seat 3: MaRKiToScoK folded before Flop (didn't bet)
Seat 4: Callan25 folded before Flop (didn't bet)
Seat 5: ptolejmus (button) folded before Flop (didn't bet)
Seat 6: Rysiff (small blind) folded before Flop



PokerStars Hand #254510579426:  Hold'em No Limit ($0.50/$1.00 USD) - 2025/01/23 3:58:31 WET [2025/01/22 22:58:31 ET]
Table 'Terebellum III' 6-max Seat #6 is the button
Seat 1: joaquin612 ($100.50 in chips) 
Seat 2: 7bekon7 ($149.03 in chips) 
Seat 3: MaRKiToScoK ($101.50 in chips) 
Seat 4: Callan25 ($38.78 in chips) 
Seat 5: ptolejmus ($10 in chips) 
Seat 6: Rysiff ($101.22 in chips) 
joaquin612: posts small blind $0.50
7bekon7: posts big blind $1
*** HOLE CARDS ***
MaRKiToScoK: folds 
Callan25: raises $2 to $3
ptolejmus: folds 
Rysiff: folds 
joaquin612: folds 
7bekon7: folds 
Uncalled bet ($2) returned to Callan25
Callan25 collected $2.50 from pot
*** SUMMARY ***
Total pot $2.50 | Rake $0 
Seat 1: joaquin612 (small blind) folded before Flop
Seat 2: 7bekon7 (big blind) folded before Flop
Seat 3: MaRKiToScoK folded before Flop (didn't bet)
Seat 4: Callan25 collected ($2.50)
Seat 5: ptolejmus folded before Flop (didn't bet)
Seat 6: Rysiff (button) folded before Flop (didn't bet)



PokerStars Hand #254510625832:  Hold'em No Limit ($0.50/$1.00 USD) - 2025/01/23 4:06:02 WET [2025/01/22 23:06:02 ET]
Table 'Terebellum III' 6-max Seat #5 is the button
Seat 1: joaquin612 ($117.80 in chips) 
Seat 2: 7bekon7 ($141.82 in chips) 
Seat 3: MaRKiToScoK ($103.68 in chips) 
Seat 4: Callan25 ($32.04 in chips) 
Seat 5: ponchua ($102.70 in chips) 
Seat 6: Rysiff ($100 in chips) 
Rysiff: posts small blind $0.50
joaquin612: posts big blind $1
*** HOLE CARDS ***
7bekon7: folds 
MaRKiToScoK: raises $1 to $2
Callan25: folds 
ponchua: folds 
Rysiff: folds 
joaquin612: calls $1
*** FLOP *** [Ac 6s Qc]
joaquin612: checks 
MaRKiToScoK: bets $1.41
joaquin612: folds 
Uncalled bet ($1.41) returned to MaRKiToScoK
MaRKiToScoK collected $4.28 from pot
MaRKiToScoK: doesn't show hand 
*** SUMMARY ***
Total pot $4.50 | Rake $0.22 
Board [Ac 6s Qc]
Seat 1: joaquin612 (big blind) folded on the Flop
Seat 2: 7bekon7 folded before Flop (didn't bet)
Seat 3: MaRKiToScoK collected ($4.28)
Seat 4: Callan25 folded before Flop (didn't bet)
Seat 5: ponchua (button) folded before Flop (didn't bet)
Seat 6: Rysiff (small blind) folded before Flop



PokerStars Hand #254510631384:  Hold'em No Limit ($0.50/$1.00 USD) - 2025/01/23 4:06:54 WET [2025/01/22 23:06:54 ET]
Table 'Terebellum III' 6-max Seat #6 is the button
Seat 1: joaquin612 ($115.80 in chips) 
Seat 2: 7bekon7 ($141.82 in chips) 
Seat 3: MaRKiToScoK ($105.96 in chips) 
Seat 4: Callan25 ($32.04 in chips) 
Seat 5: ponchua ($102.70 in chips) 
Seat 6: Rysiff ($100 in chips) 
joaquin612: posts small blind $0.50
7bekon7: posts big blind $1
*** HOLE CARDS ***
MaRKiToScoK: folds 
Callan25: folds 
ponchua: folds 
Rysiff: folds 
joaquin612: folds 
Uncalled bet ($0.50) returned to 7bekon7
7bekon7 collected $1 from pot
7bekon7: doesn't show hand 
*** SUMMARY ***
Total pot $1 | Rake $0 
Seat 1: joaquin612 (small blind) folded before Flop
Seat 2: 7bekon7 (big blind) collected ($1)
Seat 3: MaRKiToScoK folded before Flop (didn't bet)
Seat 4: Callan25 folded before Flop (didn't bet)
Seat 5: ponchua folded before Flop (didn't bet)
Seat 6: Rysiff (button) folded before Flop (didn't bet)



PokerStars Hand #254510633791:  Hold'em No Limit ($0.50/$1.00 USD) - 2025/01/23 4:07:16 WET [2025/01/22 23:07:16 ET]
Table 'Terebellum III' 6-max Seat #1 is the button
Seat 1: joaquin612 ($115.30 in chips) 
Seat 2: 7bekon7 ($142.32 in chips) 
Seat 3: MaRKiToScoK ($105.96 in chips) 
Seat 4: Callan25 ($32.04 in chips) 
Seat 5: ponchua ($102.70 in chips) 
Seat 6: Rysiff ($100 in chips) 
7bekon7: posts small blind $0.50
MaRKiToScoK: posts big blind $1
*** HOLE CARDS ***
Callan25 has timed out
Callan25: folds 
ponchua: folds 
Rysiff: folds 
joaquin612: folds 
7bekon7: folds 
Uncalled bet ($0.50) returned to MaRKiToScoK
MaRKiToScoK collected $1 from pot
*** SUMMARY ***
Total pot $1 | Rake $0 
Seat 1: joaquin612 (button) folded before Flop (didn't bet)
Seat 2: 7bekon7 (small blind) folded before Flop
Seat 3: MaRKiToScoK (big blind) collected ($1)
Seat 4: Callan25 folded before Flop (didn't bet)
Seat 5: ponchua folded before Flop (didn't bet)
Seat 6: Rysiff folded before Flop (didn't bet)



PokerStars Hand #254510638101:  Hold'em No Limit ($0.50/$1.00 USD) - 2025/01/23 4:07:57 WET [2025/01/22 23:07:57 ET]
Table 'Terebellum III' 6-max Seat #2 is the button
Seat 1: joaquin612 ($115.30 in chips) 
Seat 2: 7bekon7 ($141.82 in chips) 
Seat 3: MaRKiToScoK ($106.46 in chips) 
Seat 4: Callan25 ($32.04 in chips) 
Seat 5: ponchua ($102.70 in chips) 
Seat 6: Rysiff ($100 in chips) 
MaRKiToScoK: posts small blind $0.50
Callan25: posts big blind $1
*** HOLE CARDS ***
ponchua: folds 
Rysiff: folds 
joaquin612: folds 
7bekon7: raises $2 to $3
MaRKiToScoK: folds 
Callan25: folds 
Uncalled bet ($2) returned to 7bekon7
7bekon7 collected $2.50 from pot
7bekon7: doesn't show hand 
*** SUMMARY ***
Total pot $2.50 | Rake $0 
Seat 1: joaquin612 folded before Flop (didn't bet)
Seat 2: 7bekon7 (button) collected ($2.50)
Seat 3: MaRKiToScoK (small blind) folded before Flop
Seat 4: Callan25 (big blind) folded before Flop
Seat 5: ponchua folded before Flop (didn't bet)
Seat 6: Rysiff folded before Flop (didn't bet)



PokerStars Hand #254510640565:  Hold'em No Limit ($0.50/$1.00 USD) - 2025/01/23 4:08:19 WET [2025/01/22 23:08:19 ET]
Table 'Terebellum III' 6-max Seat #3 is the button
Seat 1: joaquin612 ($115.30 in chips) 
Seat 2: 7bekon7 ($143.32 in chips) 
Seat 3: MaRKiToScoK ($105.96 in chips) 
Seat 4: Callan25 ($31.04 in chips) 
Seat 5: ponchua ($102.70 in chips) 
Seat 6: Rysiff ($100 in chips) 
Callan25: posts small blind $0.50
ponchua: posts big blind $1
*** HOLE CARDS ***
Rysiff: folds 
joaquin612: folds 
7bekon7: folds 
MaRKiToScoK: raises $1.50 to $2.50
Callan25 has timed out
Callan25: folds 
ponchua: folds 
Uncalled bet ($1.50) returned to MaRKiToScoK
MaRKiToScoK collected $2.50 from pot
MaRKiToScoK: doesn't show hand 
*** SUMMARY ***
Total pot $2.50 | Rake $0 
Seat 1: joaquin612 folded before Flop (didn't bet)
Seat 2: 7bekon7 folded before Flop (didn't bet)
Seat 3: MaRKiToScoK (button) collected ($2.50)
Seat 4: Callan25 (small blind) folded before Flop
Seat 5: ponchua (big blind) folded before Flop
Seat 6: Rysiff folded before Flop (didn't bet)



PokerStars Hand #254510644084:  Hold'em No Limit ($0.50/$1.00 USD) - 2025/01/23 4:08:53 WET [2025/01/22 23:08:53 ET]
Table 'Terebellum III' 6-max Seat #5 is the button
Seat 4: Callan25 ($30.54 in chips) is sitting out
Seat 1: joaquin612 ($115.30 in chips) 
Seat 2: 7bekon7 ($143.32 in chips) 
Seat 3: MaRKiToScoK ($107.46 in chips) 
Seat 5: ponchua ($101.70 in chips) 
Seat 6: Rysiff ($100 in chips) 
Rysiff: posts small blind $0.50
joaquin612: posts big blind $1
*** HOLE CARDS ***
7bekon7: raises $1.25 to $2.25
MaRKiToScoK: folds 
ponchua: raises $4.75 to $7
Rysiff: folds 
joaquin612: folds 
7bekon7: folds 
Uncalled bet ($4.75) returned to ponchua
ponchua collected $6 from pot
ponchua: doesn't show hand 
*** SUMMARY ***
Total pot $6 | Rake $0 
Seat 4: Callan25
Seat 1: joaquin612 (big blind) folded before Flop
Seat 2: 7bekon7 folded before Flop
Seat 3: MaRKiToScoK folded before Flop (didn't bet)
Seat 5: ponchua (button) collected ($6)
Seat 6: Rysiff (small blind) folded before Flop



PokerStars Hand #254510647540:  Hold'em No Limit ($0.50/$1.00 USD) - 2025/01/23 4:09:25 WET [2025/01/22 23:09:25 ET]
Table 'Terebellum III' 6-max Seat #6 is the button
Seat 1: joaquin612 ($114.30 in chips) 
Seat 2: 7bekon7 ($141.07 in chips) 
Seat 3: MaRKiToScoK ($107.46 in chips) 
Seat 4: Callan25 ($30.54 in chips) 
Seat 5: ponchua ($105.45 in chips) 
Seat 6: Rysiff ($100 in chips) 
joaquin612: posts small blind $0.50
7bekon7: posts big blind $1
*** HOLE CARDS ***
MaRKiToScoK: folds 
Callan25 has timed out
Callan25: folds 
ponchua: raises $1.50 to $2.50
Rysiff: folds 
joaquin612: folds 
7bekon7: calls $1.50
*** FLOP *** [Kh Qc Td]
7bekon7: checks 
ponchua has timed out
ponchua: checks 
*** TURN *** [Kh Qc Td] [9s]
7bekon7: bets $2.61
ponchua: folds 
Uncalled bet ($2.61) returned to 7bekon7
7bekon7 collected $5.22 from pot
7bekon7: doesn't show hand 
*** SUMMARY ***
Total pot $5.50 | Rake $0.28 
Board [Kh Qc Td 9s]
Seat 1: joaquin612 (small blind) folded before Flop
Seat 2: 7bekon7 (big blind) collected ($5.22)
Seat 3: MaRKiToScoK folded before Flop (didn't bet)
Seat 4: Callan25 folded before Flop (didn't bet)
Seat 5: ponchua folded on the Turn
Seat 6: Rysiff (button) folded before Flop (didn't bet)



PokerStars Hand #254510504866:  Hold'em No Limit ($0.50/$1.00 USD) - 2025/01/23 3:46:51 WET [2025/01/22 22:46:51 ET]
Table 'Terebellum III' 6-max Seat #1 is the button
Seat 1: joaquin612 ($100 in chips) 
Seat 5: ptolejmus ($12 in chips) 
joaquin612: posts small blind $0.50
ptolejmus: posts big blind $1
*** HOLE CARDS ***
joaquin612: folds 
Uncalled bet ($0.50) returned to ptolejmus
ptolejmus collected $1 from pot
*** SUMMARY ***
Total pot $1 | Rake $0 
Seat 1: joaquin612 (button) (small blind) folded before Flop
Seat 5: ptolejmus (big blind) collected ($1)



PokerStars Hand #254510505697:  Hold'em No Limit ($0.50/$1.00 USD) - 2025/01/23 3:46:59 WET [2025/01/22 22:46:59 ET]
Table 'Terebellum III' 6-max Seat #5 is the button
Seat 1: joaquin612 ($100 in chips) 
Seat 5: ptolejmus ($12.50 in chips) 
ptolejmus: posts small blind $0.50
joaquin612: posts big blind $1
*** HOLE CARDS ***
ptolejmus: calls $0.50
joaquin612: checks 
*** FLOP *** [Ac 4d 2h]
joaquin612: checks 
ptolejmus: checks 
*** TURN *** [Ac 4d 2h] [8h]
joaquin612: bets $1.05
ptolejmus: raises $1.95 to $3
joaquin612: raises $12 to $15
ptolejmus: calls $8.50 and is all-in
Uncalled bet ($3.50) returned to joaquin612
*** RIVER *** [Ac 4d 2h 8h] [6s]
*** SHOW DOWN ***
joaquin612: shows [3h 5h] (a straight, Deuce to Six)
ptolejmus: shows [9h 8s] (a pair of Eights)
joaquin612 collected $24 from pot
*** SUMMARY ***
Total pot $25 | Rake $1 
Board [Ac 4d 2h 8h 6s]
Seat 1: joaquin612 (big blind) showed [3h 5h] and won ($24) with a straight, Deuce to Six
Seat 5: ptolejmus (button) (small blind) showed [9h 8s] and lost with a pair of Eights



PokerStars Hand #254510510969:  Hold'em No Limit ($0.50/$1.00 USD) - 2025/01/23 3:47:44 WET [2025/01/22 22:47:44 ET]
Table 'Terebellum III' 6-max Seat #1 is the button
Seat 1: joaquin612 ($111.50 in chips) 
Seat 5: ptolejmus ($10 in chips) 
joaquin612: posts small blind $0.50
ptolejmus: posts big blind $1
*** HOLE CARDS ***
joaquin612: folds 
Uncalled bet ($0.50) returned to ptolejmus
ptolejmus collected $1 from pot
*** SUMMARY ***
Total pot $1 | Rake $0 
Seat 1: joaquin612 (button) (small blind) folded before Flop
Seat 5: ptolejmus (big blind) collected ($1)



PokerStars Hand #254510512952:  Hold'em No Limit ($0.50/$1.00 USD) - 2025/01/23 3:48:02 WET [2025/01/22 22:48:02 ET]
Table 'Terebellum III' 6-max Seat #2 is the button
Seat 1: joaquin612 ($111 in chips) 
Seat 2: 7bekon7 ($100 in chips) 
Seat 5: ptolejmus ($10.50 in chips) 
Seat 6: alexpipa27 ($21.23 in chips) 
ptolejmus: posts small blind $0.50
alexpipa27: posts big blind $1
*** HOLE CARDS ***
joaquin612: folds 
7bekon7: folds 
ptolejmus: folds 
Uncalled bet ($0.50) returned to alexpipa27
alexpipa27 collected $1 from pot
*** SUMMARY ***
Total pot $1 | Rake $0 
Seat 1: joaquin612 folded before Flop (didn't bet)
Seat 2: 7bekon7 (button) folded before Flop (didn't bet)
Seat 5: ptolejmus (small blind) folded before Flop
Seat 6: alexpipa27 (big blind) collected ($1)



PokerStars Hand #254510514576:  Hold'em No Limit ($0.50/$1.00 USD) - 2025/01/23 3:48:16 WET [2025/01/22 22:48:16 ET]
Table 'Terebellum III' 6-max Seat #5 is the button
Seat 1: joaquin612 ($111 in chips) 
Seat 2: 7bekon7 ($100 in chips) 
Seat 5: ptolejmus ($10 in chips) 
Seat 6: alexpipa27 ($21.73 in chips) 
alexpipa27: posts small blind $0.50
joaquin612: posts big blind $1
*** HOLE CARDS ***
7bekon7: folds 
ptolejmus: folds 
alexpipa27: calls $0.50
joaquin612: checks 
*** FLOP *** [Ah Th 4s]
alexpipa27: checks 
joaquin612: checks 
*** TURN *** [Ah Th 4s] [9d]
alexpipa27: checks 
joaquin612: checks 
*** RIVER *** [Ah Th 4s 9d] [Kc]
alexpipa27: bets $1.90
joaquin612: folds 
Uncalled bet ($1.90) returned to alexpipa27
alexpipa27 collected $1.90 from pot
*** SUMMARY ***
Total pot $2 | Rake $0.10 
Board [Ah Th 4s 9d Kc]
Seat 1: joaquin612 (big blind) folded on the River
Seat 2: 7bekon7 folded before Flop (didn't bet)
Seat 5: ptolejmus (button) folded before Flop (didn't bet)
Seat 6: alexpipa27 (small blind) collected ($1.90)



PokerStars Hand #254510519850:  Hold'em No Limit ($0.50/$1.00 USD) - 2025/01/23 3:49:02 WET [2025/01/22 22:49:02 ET]
Table 'Terebellum III' 6-max Seat #6 is the button
Seat 1: joaquin612 ($110 in chips) 
Seat 2: 7bekon7 ($100 in chips) 
Seat 5: ptolejmus ($10 in chips) 
Seat 6: alexpipa27 ($22.63 in chips) 
joaquin612: posts small blind $0.50
7bekon7: posts big blind $1
*** HOLE CARDS ***
ptolejmus: folds 
alexpipa27: folds 
joaquin612: folds 
Uncalled bet ($0.50) returned to 7bekon7
7bekon7 collected $1 from pot
7bekon7: doesn't show hand 
*** SUMMARY ***
Total pot $1 | Rake $0 
Seat 1: joaquin612 (small blind) folded before Flop
Seat 2: 7bekon7 (big blind) collected ($1)
Seat 5: ptolejmus folded before Flop (didn't bet)
Seat 6: alexpipa27 (button) folded before Flop (didn't bet)



PokerStars Hand #254510520879:  Hold'em No Limit ($0.50/$1.00 USD) - 2025/01/23 3:49:12 WET [2025/01/22 22:49:12 ET]
Table 'Terebellum III' 6-max Seat #1 is the button
Seat 1: joaquin612 ($109.50 in chips) 
Seat 2: 7bekon7 ($100.50 in chips) 
Seat 5: ptolejmus ($10 in chips) 
Seat 6: alexpipa27 ($22.63 in chips) 
7bekon7: posts small blind $0.50
ptolejmus: posts big blind $1
*** HOLE CARDS ***
alexpipa27: calls $1
joaquin612: folds 
7bekon7: folds 
ptolejmus: checks 
*** FLOP *** [Ac Td 2c]
ptolejmus: checks 
MaRKiToScoK joins the table at seat #3 
alexpipa27: bets $1
ptolejmus: folds 
Uncalled bet ($1) returned to alexpipa27
alexpipa27 collected $2.38 from pot
*** SUMMARY ***
Total pot $2.50 | Rake $0.12 
Board [Ac Td 2c]
Seat 1: joaquin612 (button) folded before Flop (didn't bet)
Seat 2: 7bekon7 (small blind) folded before Flop
Seat 5: ptolejmus (big blind) folded on the Flop
Seat 6: alexpipa27 collected ($2.38)



PokerStars Hand #254510901105:  Hold'em No Limit ($0.50/$1.00 USD) - 2025/01/23 4:52:25 WET [2025/01/22 23:52:25 ET]
Table 'Terebellum III' 6-max Seat #1 is the button
Seat 1: shootingGRID ($100 in chips) 
Seat 2: 7bekon7 ($167.98 in chips) 
Seat 3: MaRKiToScoK ($143.85 in chips) 
Seat 4: Callan25 ($66.27 in chips) 
Seat 5: ponchua ($192.13 in chips) 
Seat 6: CashfishT ($153.79 in chips) 
7bekon7: posts small blind $0.50
MaRKiToScoK: posts big blind $1
*** HOLE CARDS ***
Callan25: raises $2 to $3
ponchua: folds 
CashfishT: folds 
shootingGRID: calls $3
7bekon7: folds 
MaRKiToScoK: calls $2
*** FLOP *** [3c 6c 7c]
MaRKiToScoK: checks 
Callan25: bets $5.51
shootingGRID: calls $5.51
MaRKiToScoK: folds 
*** TURN *** [3c 6c 7c] [2s]
Callan25: bets $14.49
shootingGRID: calls $14.49
*** RIVER *** [3c 6c 7c 2s] [2h]
Callan25: bets $42
shootingGRID: calls $42
*** SHOW DOWN ***
Callan25: shows [9h Qd] (a pair of Deuces)
shootingGRID: shows [5h 5c] (two pair, Fives and Deuces)
shootingGRID collected $131 from pot
*** SUMMARY ***
Total pot $133.50 | Rake $2.50 
Board [3c 6c 7c 2s 2h]
Seat 1: shootingGRID (button) showed [5h 5c] and won ($131) with two pair, Fives and Deuces
Seat 2: 7bekon7 (small blind) folded before Flop
Seat 3: MaRKiToScoK (big blind) folded on the Flop
Seat 4: Callan25 showed [9h Qd] and lost with a pair of Deuces
Seat 5: ponchua folded before Flop (didn't bet)
Seat 6: CashfishT folded before Flop (didn't bet)



PokerStars Hand #254510909191:  Hold'em No Limit ($0.50/$1.00 USD) - 2025/01/23 4:53:54 WET [2025/01/22 23:53:54 ET]
Table 'Terebellum III' 6-max Seat #2 is the button
Seat 1: shootingGRID ($166 in chips) 
Seat 2: 7bekon7 ($167.48 in chips) 
Seat 3: MaRKiToScoK ($140.85 in chips) 
Seat 4: Callan25 ($1.27 in chips) 
Seat 5: ponchua ($192.13 in chips) 
Seat 6: CashfishT ($153.79 in chips) 
MaRKiToScoK: posts small blind $0.50
Callan25: posts big blind $1
*** HOLE CARDS ***
ponchua: raises $1.50 to $2.50
CashfishT: folds 
shootingGRID: folds 
7bekon7: folds 
MaRKiToScoK: folds 
Callan25: calls $0.27 and is all-in
Uncalled bet ($1.23) returned to ponchua
*** FLOP *** [3h 4d Ks]
*** TURN *** [3h 4d Ks] [Ad]
*** RIVER *** [3h 4d Ks Ad] [4h]
*** SHOW DOWN ***
Callan25: shows [9s 5s] (a pair of Fours)
ponchua: shows [8s 8h] (two pair, Eights and Fours)
ponchua collected $2.89 from pot
*** SUMMARY ***
Total pot $3.04 | Rake $0.15 
Board [3h 4d Ks Ad 4h]
Seat 1: shootingGRID folded before Flop (didn't bet)
Seat 2: 7bekon7 (button) folded before Flop (didn't bet)
Seat 3: MaRKiToScoK (small blind) folded before Flop
Seat 4: Callan25 (big blind) showed [9s 5s] and lost with a pair of Fours
Seat 5: ponchua showed [8s 8h] and won ($2.89) with two pair, Eights and Fours
Seat 6: CashfishT folded before Flop (didn't bet)



PokerStars Hand #254510912405:  Hold'em No Limit ($0.50/$1.00 USD) - 2025/01/23 4:54:30 WET [2025/01/22 23:54:30 ET]
Table 'Terebellum III' 6-max Seat #3 is the button
Seat 4: Callan25 ($0 in chips) is sitting out
Seat 1: shootingGRID ($166 in chips) 
Seat 2: 7bekon7 ($167.48 in chips) 
Seat 3: MaRKiToScoK ($140.35 in chips) 
Seat 5: ponchua ($193.75 in chips) 
Seat 6: CashfishT ($153.79 in chips) 
ponchua: posts small blind $0.50
CashfishT: posts big blind $1
*** HOLE CARDS ***
shootingGRID: raises $1.25 to $2.25
Callan25 leaves the table
7bekon7: folds 
MaRKiToScoK: folds 
ponchua: folds 
CashfishT: folds 
Uncalled bet ($1.25) returned to shootingGRID
shootingGRID collected $2.50 from pot
*** SUMMARY ***
Total pot $2.50 | Rake $0 
Seat 4: Callan25
Seat 1: shootingGRID collected ($2.50)
Seat 2: 7bekon7 folded before Flop (didn't bet)
Seat 3: MaRKiToScoK (button) folded before Flop (didn't bet)
Seat 5: ponchua (small blind) folded before Flop
Seat 6: CashfishT (big blind) folded before Flop



PokerStars Hand #254510914977:  Hold'em No Limit ($0.50/$1.00 USD) - 2025/01/23 4:54:59 WET [2025/01/22 23:54:59 ET]
Table 'Terebellum III' 6-max Seat #5 is the button
Seat 1: shootingGRID ($167.50 in chips) 
Seat 2: 7bekon7 ($167.48 in chips) 
Seat 3: MaRKiToScoK ($140.35 in chips) 
Seat 5: ponchua ($193.25 in chips) 
Seat 6: CashfishT ($152.79 in chips) 
CashfishT: posts small blind $0.50
shootingGRID: posts big blind $1
*** HOLE CARDS ***
7bekon7: folds 
MaRKiToScoK: raises $1.25 to $2.25
ponchua: folds 
CashfishT: folds 
shootingGRID: folds 
Uncalled bet ($1.25) returned to MaRKiToScoK
MaRKiToScoK collected $2.50 from pot
*** SUMMARY ***
Total pot $2.50 | Rake $0 
Seat 1: shootingGRID (big blind) folded before Flop
Seat 2: 7bekon7 folded before Flop (didn't bet)
Seat 3: MaRKiToScoK collected ($2.50)
Seat 5: ponchua (button) folded before Flop (didn't bet)
Seat 6: CashfishT (small blind) folded before Flop



PokerStars Hand #254510916085:  Hold'em No Limit ($0.50/$1.00 USD) - 2025/01/23 4:55:10 WET [2025/01/22 23:55:10 ET]
Table 'Terebellum III' 6-max Seat #6 is the button
Seat 2: 7bekon7 ($167.48 in chips) is sitting out
Seat 3: MaRKiToScoK ($141.85 in chips) is sitting out
Seat 1: shootingGRID ($166.50 in chips) 
Seat 5: ponchua ($193.25 in chips) 
Seat 6: CashfishT ($152.29 in chips) 
shootingGRID: posts small blind $0.50
7bekon7: is sitting out 
MaRKiToScoK: is sitting out 
ponchua: posts big blind $1
*** HOLE CARDS ***
CashfishT: folds 
7bekon7 leaves the table
shootingGRID: folds 
Uncalled bet ($0.50) returned to ponchua
ponchua collected $1 from pot
ponchua: doesn't show hand 
*** SUMMARY ***
Total pot $1 | Rake $0 
Seat 2: 7bekon7
Seat 3: MaRKiToScoK
Seat 1: shootingGRID (small blind) folded before Flop
Seat 5: ponchua (big blind) collected ($1)
Seat 6: CashfishT (button) folded before Flop (didn't bet)



PokerStars Hand #254510917513:  Hold'em No Limit ($0.50/$1.00 USD) - 2025/01/23 4:55:29 WET [2025/01/22 23:55:29 ET]
Table 'Terebellum III' 6-max Seat #5 is the button
Seat 3: MaRKiToScoK ($141.85 in chips) is sitting out
Seat 6: CashfishT ($152.29 in chips) is sitting out
Seat 1: shootingGRID ($166 in chips) 
Seat 5: ponchua ($193.75 in chips) 
ponchua: posts small blind $0.50
CashfishT: is sitting out 
shootingGRID: posts big blind $1
*** HOLE CARDS ***
ponchua: raises $1.50 to $2.50
MaRKiToScoK leaves the table
shootingGRID: raises $7.50 to $10
ponchua: folds 
Uncalled bet ($7.50) returned to shootingGRID
shootingGRID collected $5 from pot
ponchua leaves the table
*** SUMMARY ***
Total pot $5 | Rake $0 
Seat 3: MaRKiToScoK
Seat 6: CashfishT
Seat 1: shootingGRID (big blind) collected ($5)
Seat 5: ponchua (button) (small blind) folded before Flop



PokerStars Hand #254510803724:  Hold'em No Limit ($0.50/$1.00 USD) - 2025/01/23 4:35:03 WET [2025/01/22 23:35:03 ET]
Table 'Terebellum III' 6-max Seat #1 is the button
Seat 1: joaquin612 ($102.20 in chips) 
Seat 2: 7bekon7 ($181.96 in chips) 
Seat 3: MaRKiToScoK ($145.02 in chips) 
Seat 4: Callan25 ($134.68 in chips) 
Seat 5: ponchua ($105.67 in chips) 
Seat 6: CashfishT ($102 in chips) 
7bekon7: posts small blind $0.50
MaRKiToScoK: posts big blind $1
*** HOLE CARDS ***
Callan25 has timed out
Callan25: folds 
ponchua: folds 
CashfishT: raises $1.20 to $2.20
joaquin612: folds 
7bekon7: folds 
MaRKiToScoK: folds 
Uncalled bet ($1.20) returned to CashfishT
CashfishT collected $2.50 from pot
CashfishT: doesn't show hand 
*** SUMMARY ***
Total pot $2.50 | Rake $0 
Seat 1: joaquin612 (button) folded before Flop (didn't bet)
Seat 2: 7bekon7 (small blind) folded before Flop
Seat 3: MaRKiToScoK (big blind) folded before Flop
Seat 4: Callan25 folded before Flop (didn't bet)
Seat 5: ponchua folded before Flop (didn't bet)
Seat 6: CashfishT collected ($2.50)



PokerStars Hand #254510807091:  Hold'em No Limit ($0.50/$1.00 USD) - 2025/01/23 4:35:39 WET [2025/01/22 23:35:39 ET]
Table 'Terebellum III' 6-max Seat #2 is the button
Seat 1: joaquin612 ($102.20 in chips) 
Seat 2: 7bekon7 ($181.46 in chips) 
Seat 3: MaRKiToScoK ($144.02 in chips) 
Seat 4: Callan25 ($134.68 in chips) 
Seat 5: ponchua ($105.67 in chips) 
Seat 6: CashfishT ($103.50 in chips) 
MaRKiToScoK: posts small blind $0.50
Callan25: posts big blind $1
*** HOLE CARDS ***
ponchua: folds 
CashfishT: folds 
joaquin612: folds 
7bekon7: raises $2 to $3
MaRKiToScoK: folds 
Callan25 has timed out
Callan25: folds 
Uncalled bet ($2) returned to 7bekon7
7bekon7 collected $2.50 from pot
7bekon7: doesn't show hand 
*** SUMMARY ***
Total pot $2.50 | Rake $0 
Seat 1: joaquin612 folded before Flop (didn't bet)
Seat 2: 7bekon7 (button) collected ($2.50)
Seat 3: MaRKiToScoK (small blind) folded before Flop
Seat 4: Callan25 (big blind) folded before Flop
Seat 5: ponchua folded before Flop (didn't bet)
Seat 6: CashfishT folded before Flop (didn't bet)



PokerStars Hand #254510810786:  Hold'em No Limit ($0.50/$1.00 USD) - 2025/01/23 4:36:17 WET [2025/01/22 23:36:17 ET]
Table 'Terebellum III' 6-max Seat #3 is the button
Seat 4: Callan25 ($133.68 in chips) is sitting out
Seat 1: joaquin612 ($102.20 in chips) 
Seat 2: 7bekon7 ($182.96 in chips) 
Seat 3: MaRKiToScoK ($143.52 in chips) 
Seat 5: ponchua ($105.67 in chips) 
Seat 6: CashfishT ($103.50 in chips) 
ponchua: posts small blind $0.50
CashfishT: posts big blind $1
*** HOLE CARDS ***
joaquin612: folds 
7bekon7: folds 
MaRKiToScoK: raises $1.50 to $2.50
ponchua: folds 
CashfishT: calls $1.50
*** FLOP *** [Qd Th 5s]
CashfishT: checks 
MaRKiToScoK: bets $1.50
CashfishT: calls $1.50
*** TURN *** [Qd Th 5s] [Jd]
CashfishT: checks 
MaRKiToScoK: bets $6.06
CashfishT: folds 
Uncalled bet ($6.06) returned to MaRKiToScoK
MaRKiToScoK collected $8.08 from pot
*** SUMMARY ***
Total pot $8.50 | Rake $0.42 
Board [Qd Th 5s Jd]
Seat 4: Callan25
Seat 1: joaquin612 folded before Flop (didn't bet)
Seat 2: 7bekon7 folded before Flop (didn't bet)
Seat 3: MaRKiToScoK (button) collected ($8.08)
Seat 5: ponchua (small blind) folded before Flop
Seat 6: CashfishT (big blind) folded on the Turn



PokerStars Hand #254510815476:  Hold'em No Limit ($0.50/$1.00 USD) - 2025/01/23 4:37:07 WET [2025/01/22 23:37:07 ET]
Table 'Terebellum III' 6-max Seat #5 is the button
Seat 1: joaquin612 ($102.20 in chips) 
Seat 2: 7bekon7 ($182.96 in chips) 
Seat 3: MaRKiToScoK ($147.60 in chips) 
Seat 4: Callan25 ($133.68 in chips) 
Seat 5: ponchua ($105.17 in chips) 
Seat 6: CashfishT ($100 in chips) 
CashfishT: posts small blind $0.50
joaquin612: posts big blind $1
Callan25: posts small blind $0.50
*** HOLE CARDS ***
7bekon7: raises $1.50 to $2.50
MaRKiToScoK: folds 
Callan25: folds 
ponchua: folds 
CashfishT: folds 
joaquin612: folds 
Uncalled bet ($1.50) returned to 7bekon7
7bekon7 collected $3 from pot
7bekon7: doesn't show hand 
*** SUMMARY ***
Total pot $3 | Rake $0 
Seat 1: joaquin612 (big blind) folded before Flop
Seat 2: 7bekon7 collected ($3)
Seat 3: MaRKiToScoK folded before Flop (didn't bet)
Seat 4: Callan25 folded before Flop (didn't bet)
Seat 5: ponchua (button) folded before Flop (didn't bet)
Seat 6: CashfishT (small blind) folded before Flop



PokerStars Hand #254510818170:  Hold'em No Limit ($0.50/$1.00 USD) - 2025/01/23 4:37:36 WET [2025/01/22 23:37:36 ET]
Table 'Terebellum III' 6-max Seat #6 is the button
Seat 1: joaquin612 ($101.20 in chips) 
Seat 2: 7bekon7 ($184.96 in chips) 
Seat 3: MaRKiToScoK ($147.60 in chips) 
Seat 4: Callan25 ($133.18 in chips) 
Seat 5: ponchua ($105.17 in chips) 
Seat 6: CashfishT ($100 in chips) 
joaquin612: posts small blind $0.50
7bekon7: posts big blind $1
*** HOLE CARDS ***
MaRKiToScoK: folds 
Callan25: raises $2 to $3
ponchua: folds 
CashfishT: folds 
joaquin612: folds 
7bekon7: folds 
Uncalled bet ($2) returned to Callan25
Callan25 collected $2.50 from pot
*** SUMMARY ***
Total pot $2.50 | Rake $0 
Seat 1: joaquin612 (small blind) folded before Flop
Seat 2: 7bekon7 (big blind) folded before Flop
Seat 3: MaRKiToScoK folded before Flop (didn't bet)
Seat 4: Callan25 collected ($2.50)
Seat 5: ponchua folded before Flop (didn't bet)
Seat 6: CashfishT (button) folded before Flop (didn't bet)



PokerStars Hand #254510819462:  Hold'em No Limit ($0.50/$1.00 USD) - 2025/01/23 4:37:49 WET [2025/01/22 23:37:49 ET]
Table 'Terebellum III' 6-max Seat #1 is the button
Seat 1: joaquin612 ($100.70 in chips) 
Seat 2: 7bekon7 ($183.96 in chips) 
Seat 3: MaRKiToScoK ($147.60 in chips) 
Seat 4: Callan25 ($134.68 in chips) 
Seat 5: ponchua ($105.17 in chips) 
Seat 6: CashfishT ($100 in chips) 
7bekon7: posts small blind $0.50
MaRKiToScoK: posts big blind $1
*** HOLE CARDS ***
Callan25: raises $2 to $3
ponchua: folds 
CashfishT: folds 
joaquin612: folds 
7bekon7: raises $9 to $12
MaRKiToScoK: folds 
Callan25: calls $9
*** FLOP *** [Tc 2d 4c]
7bekon7: bets $17.81
Callan25: folds 
Uncalled bet ($17.81) returned to 7bekon7
7bekon7 collected $23.75 from pot
7bekon7: doesn't show hand 
*** SUMMARY ***
Total pot $25 | Rake $1.25 
Board [Tc 2d 4c]
Seat 1: joaquin612 (button) folded before Flop (didn't bet)
Seat 2: 7bekon7 (small blind) collected ($23.75)
Seat 3: MaRKiToScoK (big blind) folded before Flop
Seat 4: Callan25 folded on the Flop
Seat 5: ponchua folded before Flop (didn't bet)
Seat 6: CashfishT folded before Flop (didn't bet)



PokerStars Hand #254510823184:  Hold'em No Limit ($0.50/$1.00 USD) - 2025/01/23 4:38:28 WET [2025/01/22 23:38:28 ET]
Table 'Terebellum III' 6-max Seat #2 is the button
Seat 1: joaquin612 ($100.70 in chips) 
Seat 2: 7bekon7 ($195.71 in chips) 
Seat 3: MaRKiToScoK ($146.60 in chips) 
Seat 4: Callan25 ($122.68 in chips) 
Seat 5: ponchua ($105.17 in chips) 
Seat 6: CashfishT ($100 in chips) 
MaRKiToScoK: posts small blind $0.50
Callan25: posts big blind $1
*** HOLE CARDS ***
ponchua: raises $1.50 to $2.50
CashfishT: calls $2.50
joaquin612: folds 
7bekon7: folds 
MaRKiToScoK: folds 
Callan25: calls $1.50
*** FLOP *** [6s Ad 2s]
Callan25: checks 
ponchua: checks 
CashfishT: bets $3.80
Callan25: calls $3.80
ponchua: folds 
*** TURN *** [6s Ad 2s] [Kh]
Callan25: checks 
CashfishT: bets $11.12
Callan25: calls $11.12
*** RIVER *** [6s Ad 2s Kh] [5c]
Callan25: checks 
CashfishT: bets $25
Callan25: calls $25
*** SHOW DOWN ***
CashfishT: shows [Js Ah] (a pair of Aces)
Callan25: mucks hand 
CashfishT collected $85.34 from pot
*** SUMMARY ***
Total pot $87.84 | Rake $2.50 
Board [6s Ad 2s Kh 5c]
Seat 1: joaquin612 folded before Flop (didn't bet)
Seat 2: 7bekon7 (button) folded before Flop (didn't bet)
Seat 3: MaRKiToScoK (small blind) folded before Flop
Seat 4: Callan25 (big blind) mucked
Seat 5: ponchua folded on the Flop
Seat 6: CashfishT showed [Js Ah] and won ($85.34) with a pair of Aces



PokerStars Hand #254510830829:  Hold'em No Limit ($0.50/$1.00 USD) - 2025/01/23 4:39:48 WET [2025/01/22 23:39:48 ET]
Table 'Terebellum III' 6-max Seat #3 is the button
Seat 1: joaquin612 ($100.70 in chips) 
Seat 2: 7bekon7 ($195.71 in chips) 
Seat 3: MaRKiToScoK ($146.10 in chips) 
Seat 4: Callan25 ($80.26 in chips) 
Seat 5: ponchua ($102.67 in chips) 
Seat 6: CashfishT ($142.92 in chips) 
Callan25: posts small blind $0.50
ponchua: posts big blind $1
*** HOLE CARDS ***
CashfishT: folds 
joaquin612: folds 
7bekon7: raises $2 to $3
MaRKiToScoK: folds 
Callan25: raises $8 to $11
ponchua: folds 
7bekon7: calls $8
*** FLOP *** [6h Th Tc]
Callan25: bets $69.26 and is all-in
7bekon7: folds 
Uncalled bet ($69.26) returned to Callan25
Callan25 collected $21.85 from pot
*** SUMMARY ***
Total pot $23 | Rake $1.15 
Board [6h Th Tc]
Seat 1: joaquin612 folded before Flop (didn't bet)
Seat 2: 7bekon7 folded on the Flop
Seat 3: MaRKiToScoK (button) folded before Flop (didn't bet)
Seat 4: Callan25 (small blind) collected ($21.85)
Seat 5: ponchua (big blind) folded before Flop
Seat 6: CashfishT folded before Flop (didn't bet)



PokerStars Hand #254510838269:  Hold'em No Limit ($0.50/$1.00 USD) - 2025/01/23 4:41:09 WET [2025/01/22 23:41:09 ET]
Table 'Terebellum III' 6-max Seat #4 is the button
Seat 1: joaquin612 ($100.70 in chips) 
Seat 2: 7bekon7 ($184.71 in chips) 
Seat 3: MaRKiToScoK ($146.10 in chips) 
Seat 4: Callan25 ($91.11 in chips) 
Seat 5: ponchua ($101.67 in chips) 
Seat 6: CashfishT ($142.92 in chips) 
ponchua: posts small blind $0.50
CashfishT: posts big blind $1
*** HOLE CARDS ***
joaquin612: folds 
7bekon7: folds 
MaRKiToScoK: raises $1.25 to $2.25
Callan25: calls $2.25
ponchua: raises $11.75 to $14
CashfishT: folds 
MaRKiToScoK: folds 
Callan25: calls $11.75
*** FLOP *** [3c Tc Td]
ponchua: bets $9.20
Callan25: calls $9.20
*** TURN *** [3c Tc Td] [2c]
ponchua: bets $14.15
Callan25: folds 
Uncalled bet ($14.15) returned to ponchua
ponchua collected $47.17 from pot
ponchua: doesn't show hand 
*** SUMMARY ***
Total pot $49.65 | Rake $2.48 
Board [3c Tc Td 2c]
Seat 1: joaquin612 folded before Flop (didn't bet)
Seat 2: 7bekon7 folded before Flop (didn't bet)
Seat 3: MaRKiToScoK folded before Flop
Seat 4: Callan25 (button) folded on the Turn
Seat 5: ponchua (small blind) collected ($47.17)
Seat 6: CashfishT (big blind) folded before Flop



PokerStars Hand #254510846652:  Hold'em No Limit ($0.50/$1.00 USD) - 2025/01/23 4:42:37 WET [2025/01/22 23:42:37 ET]
Table 'Terebellum III' 6-max Seat #5 is the button
Seat 1: joaquin612 ($100.70 in chips) 
Seat 2: 7bekon7 ($184.71 in chips) 
Seat 3: MaRKiToScoK ($143.85 in chips) 
Seat 4: Callan25 ($67.91 in chips) 
Seat 5: ponchua ($125.64 in chips) 
Seat 6: CashfishT ($141.92 in chips) 
CashfishT: posts small blind $0.50
joaquin612: posts big blind $1
*** HOLE CARDS ***
7bekon7: folds 
MaRKiToScoK: folds 
Callan25: folds 
ponchua: raises $1.50 to $2.50
CashfishT: folds 
joaquin612: calls $1.50
*** FLOP *** [9d Qc 9s]
joaquin612: checks 
ponchua: bets $1.62
joaquin612: calls $1.62
*** TURN *** [9d Qc 9s] [4h]
joaquin612: checks 
ponchua: bets $6.06
joaquin612: raises $12.44 to $18.50
ponchua: calls $12.44
*** RIVER *** [9d Qc 9s 4h] [3h]
joaquin612: bets $38.50
ponchua: calls $38.50
*** SHOW DOWN ***
joaquin612: shows [Th 9h] (three of a kind, Nines)
ponchua: shows [9c Kc] (three of a kind, Nines - King kicker)
ponchua collected $120.24 from pot
*** SUMMARY ***
Total pot $122.74 | Rake $2.50 
Board [9d Qc 9s 4h 3h]
Seat 1: joaquin612 (big blind) showed [Th 9h] and lost with three of a kind, Nines
Seat 2: 7bekon7 folded before Flop (didn't bet)
Seat 3: MaRKiToScoK folded before Flop (didn't bet)
Seat 4: Callan25 folded before Flop (didn't bet)
Seat 5: ponchua (button) showed [9c Kc] and won ($120.24) with three of a kind, Nines
Seat 6: CashfishT (small blind) folded before Flop



PokerStars Hand #254510854775:  Hold'em No Limit ($0.50/$1.00 USD) - 2025/01/23 4:44:05 WET [2025/01/22 23:44:05 ET]
Table 'Terebellum III' 6-max Seat #6 is the button
Seat 1: joaquin612 ($100 in chips) 
Seat 2: 7bekon7 ($184.71 in chips) 
Seat 3: MaRKiToScoK ($143.85 in chips) 
Seat 4: Callan25 ($67.91 in chips) 
Seat 5: ponchua ($184.76 in chips) 
Seat 6: CashfishT ($141.42 in chips) 
joaquin612: posts small blind $0.50
7bekon7: posts big blind $1
*** HOLE CARDS ***
MaRKiToScoK: folds 
Callan25: raises $2 to $3
ponchua: folds 
CashfishT: folds 
joaquin612: folds 
7bekon7: calls $2
*** FLOP *** [Qd 4h 2s]
7bekon7: checks 
Callan25: bets $4.09
7bekon7: calls $4.09
*** TURN *** [Qd 4h 2s] [2h]
7bekon7: checks 
Callan25: checks 
*** RIVER *** [Qd 4h 2s 2h] [Kd]
7bekon7: checks 
Callan25: bets $28.95
7bekon7: folds 
Uncalled bet ($28.95) returned to Callan25
Callan25 collected $13.95 from pot
*** SUMMARY ***
Total pot $14.68 | Rake $0.73 
Board [Qd 4h 2s 2h Kd]
Seat 1: joaquin612 (small blind) folded before Flop
Seat 2: 7bekon7 (big blind) folded on the River
Seat 3: MaRKiToScoK folded before Flop (didn't bet)
Seat 4: Callan25 collected ($13.95)
Seat 5: ponchua folded before Flop (didn't bet)
Seat 6: CashfishT (button) folded before Flop (didn't bet)



PokerStars Hand #254510859695:  Hold'em No Limit ($0.50/$1.00 USD) - 2025/01/23 4:44:57 WET [2025/01/22 23:44:57 ET]
Table 'Terebellum III' 6-max Seat #1 is the button
Seat 1: joaquin612 ($100 in chips) 
Seat 2: 7bekon7 ($177.62 in chips) 
Seat 3: MaRKiToScoK ($143.85 in chips) 
Seat 4: Callan25 ($74.77 in chips) 
Seat 5: ponchua ($184.76 in chips) 
Seat 6: CashfishT ($141.42 in chips) 
7bekon7: posts small blind $0.50
MaRKiToScoK: posts big blind $1
*** HOLE CARDS ***
Callan25: folds 
ponchua: folds 
CashfishT: folds 
joaquin612: folds 
7bekon7: folds 
Uncalled bet ($0.50) returned to MaRKiToScoK
MaRKiToScoK collected $1 from pot
*** SUMMARY ***
Total pot $1 | Rake $0 
Seat 1: joaquin612 (button) folded before Flop (didn't bet)
Seat 2: 7bekon7 (small blind) folded before Flop
Seat 3: MaRKiToScoK (big blind) collected ($1)
Seat 4: Callan25 folded before Flop (didn't bet)
Seat 5: ponchua folded before Flop (didn't bet)
Seat 6: CashfishT folded before Flop (didn't bet)



PokerStars Hand #254510862618:  Hold'em No Limit ($0.50/$1.00 USD) - 2025/01/23 4:45:28 WET [2025/01/22 23:45:28 ET]
Table 'Terebellum III' 6-max Seat #2 is the button
Seat 1: joaquin612 ($100 in chips) 
Seat 2: 7bekon7 ($177.12 in chips) 
Seat 3: MaRKiToScoK ($144.35 in chips) 
Seat 4: Callan25 ($74.77 in chips) 
Seat 5: ponchua ($184.76 in chips) 
Seat 6: CashfishT ($141.42 in chips) 
MaRKiToScoK: posts small blind $0.50
Callan25: posts big blind $1
*** HOLE CARDS ***
ponchua: folds 
CashfishT: raises $1.20 to $2.20
joaquin612: calls $2.20
7bekon7: folds 
MaRKiToScoK: folds 
Callan25: folds 
*** FLOP *** [Kh 8d 5s]
CashfishT: bets $1.85
joaquin612: folds 
Uncalled bet ($1.85) returned to CashfishT
CashfishT collected $5.60 from pot
CashfishT: doesn't show hand 
*** SUMMARY ***
Total pot $5.90 | Rake $0.30 
Board [Kh 8d 5s]
Seat 1: joaquin612 folded on the Flop
Seat 2: 7bekon7 (button) folded before Flop (didn't bet)
Seat 3: MaRKiToScoK (small blind) folded before Flop
Seat 4: Callan25 (big blind) folded before Flop
Seat 5: ponchua folded before Flop (didn't bet)
Seat 6: CashfishT collected ($5.60)



PokerStars Hand #254510864982:  Hold'em No Limit ($0.50/$1.00 USD) - 2025/01/23 4:45:53 WET [2025/01/22 23:45:53 ET]
Table 'Terebellum III' 6-max Seat #3 is the button
Seat 1: joaquin612 ($100 in chips) 
Seat 2: 7bekon7 ($177.12 in chips) 
Seat 3: MaRKiToScoK ($143.85 in chips) 
Seat 4: Callan25 ($73.77 in chips) 
Seat 5: ponchua ($184.76 in chips) 
Seat 6: CashfishT ($144.82 in chips) 
Callan25: posts small blind $0.50
ponchua: posts big blind $1
*** HOLE CARDS ***
CashfishT: folds 
joaquin612: folds 
7bekon7: folds 
MaRKiToScoK: raises $1.50 to $2.50
Callan25 has timed out
Callan25: folds 
ponchua: folds 
Uncalled bet ($1.50) returned to MaRKiToScoK
MaRKiToScoK collected $2.50 from pot
*** SUMMARY ***
Total pot $2.50 | Rake $0 
Seat 1: joaquin612 folded before Flop (didn't bet)
Seat 2: 7bekon7 folded before Flop (didn't bet)
Seat 3: MaRKiToScoK (button) collected ($2.50)
Seat 4: Callan25 (small blind) folded before Flop
Seat 5: ponchua (big blind) folded before Flop
Seat 6: CashfishT folded before Flop (didn't bet)



PokerStars Hand #254510868435:  Hold'em No Limit ($0.50/$1.00 USD) - 2025/01/23 4:46:30 WET [2025/01/22 23:46:30 ET]
Table 'Terebellum III' 6-max Seat #5 is the button
Seat 1: joaquin612 ($100 in chips) is sitting out
Seat 4: Callan25 ($73.27 in chips) is sitting out
Seat 2: 7bekon7 ($177.12 in chips) 
Seat 3: MaRKiToScoK ($145.35 in chips) 
Seat 5: ponchua ($183.76 in chips) 
Seat 6: CashfishT ($144.82 in chips) 
CashfishT: posts small blind $0.50
joaquin612: is sitting out 
7bekon7: posts big blind $1
*** HOLE CARDS ***
joaquin612 leaves the table
MaRKiToScoK: folds 
ponchua: raises $1.50 to $2.50
shootingGRID joins the table at seat #1 
CashfishT: folds 
7bekon7: calls $1.50
*** FLOP *** [5c 2h 4d]
7bekon7: checks 
ponchua: bets $2.66
7bekon7: folds 
Uncalled bet ($2.66) returned to ponchua
ponchua collected $5.22 from pot
ponchua: doesn't show hand 
*** SUMMARY ***
Total pot $5.50 | Rake $0.28 
Board [5c 2h 4d]
Seat 1: joaquin612
Seat 4: Callan25
Seat 2: 7bekon7 (big blind) folded on the Flop
Seat 3: MaRKiToScoK folded before Flop (didn't bet)
Seat 5: ponchua (button) collected ($5.22)
Seat 6: CashfishT (small blind) folded before Flop



PokerStars Hand #254510874475:  Hold'em No Limit ($0.50/$1.00 USD) - 2025/01/23 4:47:36 WET [2025/01/22 23:47:36 ET]
Table 'Terebellum III' 6-max Seat #6 is the button
Seat 1: shootingGRID ($100 in chips) is sitting out
Seat 2: 7bekon7 ($174.62 in chips) 
Seat 3: MaRKiToScoK ($145.35 in chips) 
Seat 4: Callan25 ($73.27 in chips) 
Seat 5: ponchua ($186.48 in chips) 
Seat 6: CashfishT ($144.32 in chips) 
7bekon7: posts small blind $0.50
MaRKiToScoK: posts big blind $1
*** HOLE CARDS ***
Callan25: raises $2 to $3
ponchua: folds 
CashfishT: folds 
7bekon7: folds 
MaRKiToScoK: folds 
Uncalled bet ($2) returned to Callan25
Callan25 collected $2.50 from pot
*** SUMMARY ***
Total pot $2.50 | Rake $0 
Seat 1: shootingGRID
Seat 2: 7bekon7 (small blind) folded before Flop
Seat 3: MaRKiToScoK (big blind) folded before Flop
Seat 4: Callan25 collected ($2.50)
Seat 5: ponchua folded before Flop (didn't bet)
Seat 6: CashfishT (button) folded before Flop (didn't bet)



PokerStars Hand #254510877267:  Hold'em No Limit ($0.50/$1.00 USD) - 2025/01/23 4:48:06 WET [2025/01/22 23:48:06 ET]
Table 'Terebellum III' 6-max Seat #2 is the button
Seat 1: shootingGRID ($100 in chips) is sitting out
Seat 2: 7bekon7 ($174.12 in chips) 
Seat 3: MaRKiToScoK ($144.35 in chips) 
Seat 4: Callan25 ($74.77 in chips) 
Seat 5: ponchua ($186.48 in chips) 
Seat 6: CashfishT ($144.32 in chips) 
MaRKiToScoK: posts small blind $0.50
Callan25: posts big blind $1
shootingGRID: sits out 
*** HOLE CARDS ***
ponchua: raises $1.50 to $2.50
CashfishT: calls $2.50
7bekon7: folds 
MaRKiToScoK: folds 
Callan25: calls $1.50
*** FLOP *** [8d Ad 3d]
Callan25: checks 
ponchua: bets $2.36
CashfishT: calls $2.36
Callan25: calls $2.36
*** TURN *** [8d Ad 3d] [7h]
Callan25: checks 
ponchua: checks 
CashfishT: bets $10
Callan25: folds 
ponchua: folds 
Uncalled bet ($10) returned to CashfishT
CashfishT collected $14.33 from pot
CashfishT: doesn't show hand 
*** SUMMARY ***
Total pot $15.08 | Rake $0.75 
Board [8d Ad 3d 7h]
Seat 1: shootingGRID
Seat 2: 7bekon7 (button) folded before Flop (didn't bet)
Seat 3: MaRKiToScoK (small blind) folded before Flop
Seat 4: Callan25 (big blind) folded on the Turn
Seat 5: ponchua folded on the Turn
Seat 6: CashfishT collected ($14.33)



PokerStars Hand #254510886441:  Hold'em No Limit ($0.50/$1.00 USD) - 2025/01/23 4:49:46 WET [2025/01/22 23:49:46 ET]
Table 'Terebellum III' 6-max Seat #3 is the button
Seat 1: shootingGRID ($100 in chips) is sitting out
Seat 2: 7bekon7 ($174.12 in chips) 
Seat 3: MaRKiToScoK ($143.85 in chips) 
Seat 4: Callan25 ($69.91 in chips) 
Seat 5: ponchua ($181.62 in chips) 
Seat 6: CashfishT ($153.79 in chips) 
Callan25: posts small blind $0.50
ponchua: posts big blind $1
shootingGRID: sits out 
*** HOLE CARDS ***
CashfishT: folds 
7bekon7: raises $2 to $3
MaRKiToScoK: folds 
Callan25: calls $2.50
ponchua: calls $2
*** FLOP *** [6h 2d Tc]
Callan25: checks 
ponchua: checks 
7bekon7: bets $2.14
Callan25: calls $2.14
ponchua: raises $7.86 to $10
7bekon7: folds 
Callan25: folds 
Uncalled bet ($7.86) returned to ponchua
ponchua collected $14.65 from pot
ponchua: doesn't show hand 
*** SUMMARY ***
Total pot $15.42 | Rake $0.77 
Board [6h 2d Tc]
Seat 1: shootingGRID
Seat 2: 7bekon7 folded on the Flop
Seat 3: MaRKiToScoK (button) folded before Flop (didn't bet)
Seat 4: Callan25 (small blind) folded on the Flop
Seat 5: ponchua (big blind) collected ($14.65)
Seat 6: CashfishT folded before Flop (didn't bet)



PokerStars Hand #254510895798:  Hold'em No Limit ($0.50/$1.00 USD) - 2025/01/23 4:51:27 WET [2025/01/22 23:51:27 ET]
Table 'Terebellum III' 6-max Seat #4 is the button
Seat 1: shootingGRID ($100 in chips) is sitting out
Seat 2: 7bekon7 ($168.98 in chips) 
Seat 3: MaRKiToScoK ($143.85 in chips) 
Seat 4: Callan25 ($64.77 in chips) 
Seat 5: ponchua ($191.13 in chips) 
Seat 6: CashfishT ($153.79 in chips) 
ponchua: posts small blind $0.50
CashfishT: posts big blind $1
shootingGRID: sits out 
*** HOLE CARDS ***
7bekon7: folds 
MaRKiToScoK: folds 
Callan25: raises $2 to $3
ponchua: folds 
CashfishT: folds 
Uncalled bet ($2) returned to Callan25
Callan25 collected $2.50 from pot
*** SUMMARY ***
Total pot $2.50 | Rake $0 
Seat 1: shootingGRID
Seat 2: 7bekon7 folded before Flop (didn't bet)
Seat 3: MaRKiToScoK folded before Flop (didn't bet)
Seat 4: Callan25 (button) collected ($2.50)
Seat 5: ponchua (small blind) folded before Flop
Seat 6: CashfishT (big blind) folded before Flop



PokerStars Hand #254510897135:  Hold'em No Limit ($0.50/$1.00 USD) - 2025/01/23 4:51:41 WET [2025/01/22 23:51:41 ET]
Table 'Terebellum III' 6-max Seat #5 is the button
Seat 1: shootingGRID ($100 in chips) 
Seat 2: 7bekon7 ($168.98 in chips) 
Seat 3: MaRKiToScoK ($143.85 in chips) 
Seat 4: Callan25 ($66.27 in chips) 
Seat 5: ponchua ($190.63 in chips) 
Seat 6: CashfishT ($152.79 in chips) 
CashfishT: posts small blind $0.50
shootingGRID: posts big blind $1
*** HOLE CARDS ***
7bekon7: folds 
MaRKiToScoK: folds 
Callan25: folds 
ponchua: raises $1.50 to $2.50
CashfishT: folds 
shootingGRID: folds 
Uncalled bet ($1.50) returned to ponchua
ponchua collected $2.50 from pot
ponchua: doesn't show hand 
*** SUMMARY ***
Total pot $2.50 | Rake $0 
Seat 1: shootingGRID (big blind) folded before Flop
Seat 2: 7bekon7 folded before Flop (didn't bet)
Seat 3: MaRKiToScoK folded before Flop (didn't bet)
Seat 4: Callan25 folded before Flop (didn't bet)
Seat 5: ponchua (button) collected ($2.50)
Seat 6: CashfishT (small blind) folded before Flop



PokerStars Hand #254510898270:  Hold'em No Limit ($0.50/$1.00 USD) - 2025/01/23 4:51:54 WET [2025/01/22 23:51:54 ET]
Table 'Terebellum III' 6-max Seat #6 is the button
Seat 1: shootingGRID ($100 in chips) 
Seat 2: 7bekon7 ($168.98 in chips) 
Seat 3: MaRKiToScoK ($143.85 in chips) 
Seat 4: Callan25 ($66.27 in chips) 
Seat 5: ponchua ($192.13 in chips) 
Seat 6: CashfishT ($152.29 in chips) 
shootingGRID: posts small blind $0.50
7bekon7: posts big blind $1
*** HOLE CARDS ***
MaRKiToScoK: folds 
Callan25: folds 
ponchua: folds 
CashfishT: raises $1.20 to $2.20
shootingGRID: folds 
7bekon7: folds 
Uncalled bet ($1.20) returned to CashfishT
CashfishT collected $2.50 from pot
CashfishT: doesn't show hand 
*** SUMMARY ***
Total pot $2.50 | Rake $0 
Seat 1: shootingGRID (small blind) folded before Flop
Seat 2: 7bekon7 (big blind) folded before Flop
Seat 3: MaRKiToScoK folded before Flop (didn't bet)
Seat 4: Callan25 folded before Flop (didn't bet)
Seat 5: ponchua folded before Flop (didn't bet)
Seat 6: CashfishT (button) collected ($2.50)



PokerStars Hand #254510782627:  Hold'em No Limit ($0.50/$1.00 USD) - 2025/01/23 4:31:25 WET [2025/01/22 23:31:25 ET]
Table 'Terebellum III' 6-max Seat #2 is the button
Seat 1: joaquin612 ($100 in chips) 
Seat 2: 7bekon7 ($191.16 in chips) 
Seat 3: MaRKiToScoK ($154.72 in chips) 
Seat 4: Callan25 ($91.24 in chips) 
Seat 5: ponchua ($136.17 in chips) 
Seat 6: CashfishT ($100 in chips) 
MaRKiToScoK: posts small blind $0.50
Callan25: posts big blind $1
*** HOLE CARDS ***
ponchua: folds 
CashfishT: folds 
joaquin612: folds 
7bekon7: raises $3 to $4
MaRKiToScoK: calls $3.50
Callan25: calls $3
*** FLOP *** [8s Jc Tc]
MaRKiToScoK: checks 
Callan25: checks 
7bekon7: bets $5.70
MaRKiToScoK: calls $5.70
Callan25: calls $5.70
*** TURN *** [8s Jc Tc] [5h]
MaRKiToScoK: checks 
Callan25: checks 
7bekon7: checks 
*** RIVER *** [8s Jc Tc 5h] [4d]
MaRKiToScoK: checks 
Callan25: checks 
7bekon7: checks 
*** SHOW DOWN ***
MaRKiToScoK: shows [Ah Td] (a pair of Tens)
Callan25: shows [3s Js] (a pair of Jacks)
7bekon7: mucks hand 
Callan25 collected $27.64 from pot
*** SUMMARY ***
Total pot $29.10 | Rake $1.46 
Board [8s Jc Tc 5h 4d]
Seat 1: joaquin612 folded before Flop (didn't bet)
Seat 2: 7bekon7 (button) mucked
Seat 3: MaRKiToScoK (small blind) showed [Ah Td] and lost with a pair of Tens
Seat 4: Callan25 (big blind) showed [3s Js] and won ($27.64) with a pair of Jacks
Seat 5: ponchua folded before Flop (didn't bet)
Seat 6: CashfishT folded before Flop (didn't bet)



PokerStars Hand #254510789482:  Hold'em No Limit ($0.50/$1.00 USD) - 2025/01/23 4:32:36 WET [2025/01/22 23:32:36 ET]
Table 'Terebellum III' 6-max Seat #3 is the button
Seat 1: joaquin612 ($100 in chips) 
Seat 2: 7bekon7 ($181.46 in chips) 
Seat 3: MaRKiToScoK ($145.02 in chips) 
Seat 4: Callan25 ($109.18 in chips) 
Seat 5: ponchua ($136.17 in chips) 
Seat 6: CashfishT ($100 in chips) 
Callan25: posts small blind $0.50
ponchua: posts big blind $1
*** HOLE CARDS ***
CashfishT: raises $1.20 to $2.20
joaquin612: raises $5.30 to $7.50
7bekon7: folds 
MaRKiToScoK: folds 
Callan25: folds 
ponchua: folds 
CashfishT: folds 
Uncalled bet ($5.30) returned to joaquin612
joaquin612 collected $5.90 from pot
joaquin612: doesn't show hand 
*** SUMMARY ***
Total pot $5.90 | Rake $0 
Seat 1: joaquin612 collected ($5.90)
Seat 2: 7bekon7 folded before Flop (didn't bet)
Seat 3: MaRKiToScoK (button) folded before Flop (didn't bet)
Seat 4: Callan25 (small blind) folded before Flop
Seat 5: ponchua (big blind) folded before Flop
Seat 6: CashfishT folded before Flop



PokerStars Hand #254510791945:  Hold'em No Limit ($0.50/$1.00 USD) - 2025/01/23 4:33:02 WET [2025/01/22 23:33:02 ET]
Table 'Terebellum III' 6-max Seat #4 is the button
Seat 1: joaquin612 ($103.70 in chips) 
Seat 2: 7bekon7 ($181.46 in chips) 
Seat 3: MaRKiToScoK ($145.02 in chips) 
Seat 4: Callan25 ($108.68 in chips) 
Seat 5: ponchua ($135.17 in chips) 
Seat 6: CashfishT ($100 in chips) 
ponchua: posts small blind $0.50
CashfishT: posts big blind $1
*** HOLE CARDS ***
joaquin612: folds 
7bekon7: folds 
MaRKiToScoK: folds 
Callan25: folds 
ponchua: raises $1.50 to $2.50
CashfishT: raises $5.50 to $8
ponchua: folds 
Uncalled bet ($5.50) returned to CashfishT
CashfishT collected $5 from pot
CashfishT: doesn't show hand 
*** SUMMARY ***
Total pot $5 | Rake $0 
Seat 1: joaquin612 folded before Flop (didn't bet)
Seat 2: 7bekon7 folded before Flop (didn't bet)
Seat 3: MaRKiToScoK folded before Flop (didn't bet)
Seat 4: Callan25 (button) folded before Flop (didn't bet)
Seat 5: ponchua (small blind) folded before Flop
Seat 6: CashfishT (big blind) collected ($5)



PokerStars Hand #254510794802:  Hold'em No Limit ($0.50/$1.00 USD) - 2025/01/23 4:33:31 WET [2025/01/22 23:33:31 ET]
Table 'Terebellum III' 6-max Seat #5 is the button
Seat 1: joaquin612 ($103.70 in chips) 
Seat 2: 7bekon7 ($181.46 in chips) 
Seat 3: MaRKiToScoK ($145.02 in chips) 
Seat 4: Callan25 ($108.68 in chips) 
Seat 5: ponchua ($132.67 in chips) 
Seat 6: CashfishT ($102.50 in chips) 
CashfishT: posts small blind $0.50
joaquin612: posts big blind $1
*** HOLE CARDS ***
7bekon7: folds 
MaRKiToScoK: folds 
Callan25: raises $2 to $3
ponchua: raises $9 to $12
CashfishT: folds 
joaquin612: folds 
Callan25: raises $15 to $27
ponchua: calls $15
*** FLOP *** [6c Qc 2s]
Callan25: bets $31.50
ponchua: folds 
Uncalled bet ($31.50) returned to Callan25
Callan25 collected $53 from pot
*** SUMMARY ***
Total pot $55.50 | Rake $2.50 
Board [6c Qc 2s]
Seat 1: joaquin612 (big blind) folded before Flop
Seat 2: 7bekon7 folded before Flop (didn't bet)
Seat 3: MaRKiToScoK folded before Flop (didn't bet)
Seat 4: Callan25 collected ($53)
Seat 5: ponchua (button) folded on the Flop
Seat 6: CashfishT (small blind) folded before Flop



PokerStars Hand #254510801879:  Hold'em No Limit ($0.50/$1.00 USD) - 2025/01/23 4:34:44 WET [2025/01/22 23:34:44 ET]
Table 'Terebellum III' 6-max Seat #6 is the button
Seat 1: joaquin612 ($102.70 in chips) 
Seat 2: 7bekon7 ($181.46 in chips) 
Seat 3: MaRKiToScoK ($145.02 in chips) 
Seat 4: Callan25 ($134.68 in chips) 
Seat 5: ponchua ($105.67 in chips) 
Seat 6: CashfishT ($102 in chips) 
joaquin612: posts small blind $0.50
7bekon7: posts big blind $1
*** HOLE CARDS ***
MaRKiToScoK: folds 
Callan25: folds 
ponchua: folds 
CashfishT: folds 
joaquin612: folds 
Uncalled bet ($0.50) returned to 7bekon7
7bekon7 collected $1 from pot
7bekon7: doesn't show hand 
*** SUMMARY ***
Total pot $1 | Rake $0 
Seat 1: joaquin612 (small blind) folded before Flop
Seat 2: 7bekon7 (big blind) collected ($1)
Seat 3: MaRKiToScoK folded before Flop (didn't bet)
Seat 4: Callan25 folded before Flop (didn't bet)
Seat 5: ponchua folded before Flop (didn't bet)
Seat 6: CashfishT (button) folded before Flop (didn't bet)



PokerStars Hand #254519225513:  Hold'em No Limit ($0.50/$1.00 USD) - 2025/01/23 20:46:59 WET [2025/01/23 15:46:59 ET]
Table 'Terebellum IV' 6-max Seat #3 is the button
Seat 1: Xenicide ($101.50 in chips) 
Seat 3: Supermegopro ($102 in chips) 
Seat 4: kars0n ($100 in chips) 
kars0n: posts small blind $0.50
Xenicide: posts big blind $1
*** HOLE CARDS ***
Supermegopro: raises $1.50 to $2.50
kars0n: folds 
Xenicide: calls $1.50
*** FLOP *** [5s 5d Qc]
Xenicide: checks 
Supermegopro: bets $2.61
Xenicide: folds 
Uncalled bet ($2.61) returned to Supermegopro
Supermegopro collected $5.22 from pot
Supermegopro: doesn't show hand 
*** SUMMARY ***
Total pot $5.50 | Rake $0.28 
Board [5s 5d Qc]
Seat 1: Xenicide (big blind) folded on the Flop
Seat 3: Supermegopro (button) collected ($5.22)
Seat 4: kars0n (small blind) folded before Flop



PokerStars Hand #254519236573:  Hold'em No Limit ($0.50/$1.00 USD) - 2025/01/23 20:47:36 WET [2025/01/23 15:47:36 ET]
Table 'Terebellum IV' 6-max Seat #4 is the button
Seat 1: Xenicide ($100 in chips) 
Seat 3: Supermegopro ($104.72 in chips) 
Seat 4: kars0n ($100 in chips) 
Xenicide: posts small blind $0.50
Supermegopro: posts big blind $1
*** HOLE CARDS ***
kars0n: raises $1.50 to $2.50
Xenicide: folds 
Supermegopro: folds 
Uncalled bet ($1.50) returned to kars0n
kars0n collected $2.50 from pot
kars0n: doesn't show hand 
*** SUMMARY ***
Total pot $2.50 | Rake $0 
Seat 1: Xenicide (small blind) folded before Flop
Seat 3: Supermegopro (big blind) folded before Flop
Seat 4: kars0n (button) collected ($2.50)



PokerStars Hand #254519242022:  Hold'em No Limit ($0.50/$1.00 USD) - 2025/01/23 20:47:54 WET [2025/01/23 15:47:54 ET]
Table 'Terebellum IV' 6-max Seat #1 is the button
Seat 1: Xenicide ($100 in chips) 
Seat 3: Supermegopro ($103.72 in chips) 
Seat 4: kars0n ($101.50 in chips) 
Supermegopro: posts small blind $0.50
kars0n: posts big blind $1
*** HOLE CARDS ***
Xenicide: raises $1.25 to $2.25
Supermegopro: folds 
kars0n: calls $1.25
*** FLOP *** [6c Kc 3d]
kars0n: checks 
Xenicide: bets $1.19
kars0n: calls $1.19
*** TURN *** [6c Kc 3d] [5h]
kars0n: checks 
Xenicide: bets $10.52
kars0n: calls $10.52
*** RIVER *** [6c Kc 3d 5h] [As]
kars0n: checks 
Xenicide: bets $86.04 and is all-in
kars0n: folds 
Uncalled bet ($86.04) returned to Xenicide
Xenicide collected $27.42 from pot
*** SUMMARY ***
Total pot $28.42 | Rake $1 
Board [6c Kc 3d 5h As]
Seat 1: Xenicide (button) collected ($27.42)
Seat 3: Supermegopro (small blind) folded before Flop
Seat 4: kars0n (big blind) folded on the River



PokerStars Hand #254519262503:  Hold'em No Limit ($0.50/$1.00 USD) - 2025/01/23 20:49:02 WET [2025/01/23 15:49:02 ET]
Table 'Terebellum IV' 6-max Seat #3 is the button
Seat 1: Xenicide ($113.46 in chips) 
Seat 3: Supermegopro ($103.22 in chips) 
Seat 4: kars0n ($100 in chips) 
kars0n: posts small blind $0.50
Xenicide: posts big blind $1
*** HOLE CARDS ***
Supermegopro: folds 
kars0n: raises $1.50 to $2.50
Xenicide: calls $1.50
*** FLOP *** [5d Qc 9s]
kars0n: checks 
Xenicide: bets $1.19
kars0n: calls $1.19
*** TURN *** [5d Qc 9s] [9h]
kars0n: checks 
Xenicide: checks 
*** RIVER *** [5d Qc 9s 9h] [3d]
kars0n: bets $5.26
Xenicide: folds 
Uncalled bet ($5.26) returned to kars0n
kars0n collected $7.01 from pot
kars0n: doesn't show hand 
*** SUMMARY ***
Total pot $7.38 | Rake $0.37 
Board [5d Qc 9s 9h 3d]
Seat 1: Xenicide (big blind) folded on the River
Seat 3: Supermegopro (button) folded before Flop (didn't bet)
Seat 4: kars0n (small blind) collected ($7.01)



PokerStars Hand #254519283592:  Hold'em No Limit ($0.50/$1.00 USD) - 2025/01/23 20:50:12 WET [2025/01/23 15:50:12 ET]
Table 'Terebellum IV' 6-max Seat #4 is the button
Seat 1: Xenicide ($109.77 in chips) 
Seat 3: Supermegopro ($103.22 in chips) 
Seat 4: kars0n ($103.32 in chips) 
Xenicide: posts small blind $0.50
Supermegopro: posts big blind $1
*** HOLE CARDS ***
kars0n: folds 
Xenicide: raises $2.50 to $3.50
Supermegopro: raises $9.25 to $12.75
Xenicide: folds 
Uncalled bet ($9.25) returned to Supermegopro
Supermegopro collected $7 from pot
Supermegopro: doesn't show hand 
*** SUMMARY ***
Total pot $7 | Rake $0 
Seat 1: Xenicide (small blind) folded before Flop
Seat 3: Supermegopro (big blind) collected ($7)
Seat 4: kars0n (button) folded before Flop (didn't bet)



PokerStars Hand #254519293462:  Hold'em No Limit ($0.50/$1.00 USD) - 2025/01/23 20:50:45 WET [2025/01/23 15:50:45 ET]
Table 'Terebellum IV' 6-max Seat #1 is the button
Seat 1: Xenicide ($106.27 in chips) 
Seat 3: Supermegopro ($106.72 in chips) 
Seat 4: kars0n ($103.32 in chips) 
Supermegopro: posts small blind $0.50
kars0n: posts big blind $1
*** HOLE CARDS ***
Xenicide: raises $1.25 to $2.25
Supermegopro: folds 
kars0n: folds 
Uncalled bet ($1.25) returned to Xenicide
Xenicide collected $2.50 from pot
*** SUMMARY ***
Total pot $2.50 | Rake $0 
Seat 1: Xenicide (button) collected ($2.50)
Seat 3: Supermegopro (small blind) folded before Flop
Seat 4: kars0n (big blind) folded before Flop



PokerStars Hand #254519297405:  Hold'em No Limit ($0.50/$1.00 USD) - 2025/01/23 20:50:59 WET [2025/01/23 15:50:59 ET]
Table 'Terebellum IV' 6-max Seat #3 is the button
Seat 1: Xenicide ($107.77 in chips) 
Seat 3: Supermegopro ($106.22 in chips) 
Seat 4: kars0n ($102.32 in chips) 
kars0n: posts small blind $0.50
Xenicide: posts big blind $1
*** HOLE CARDS ***
Supermegopro: folds 
kars0n: folds 
Uncalled bet ($0.50) returned to Xenicide
Xenicide collected $1 from pot
*** SUMMARY ***
Total pot $1 | Rake $0 
Seat 1: Xenicide (big blind) collected ($1)
Seat 3: Supermegopro (button) folded before Flop (didn't bet)
Seat 4: kars0n (small blind) folded before Flop



PokerStars Hand #254519301087:  Hold'em No Limit ($0.50/$1.00 USD) - 2025/01/23 20:51:11 WET [2025/01/23 15:51:11 ET]
Table 'Terebellum IV' 6-max Seat #4 is the button
Seat 1: Xenicide ($108.27 in chips) 
Seat 3: Supermegopro ($106.22 in chips) 
Seat 4: kars0n ($101.82 in chips) 
Xenicide: posts small blind $0.50
Supermegopro: posts big blind $1
*** HOLE CARDS ***
kars0n: folds 
Xenicide: folds 
Uncalled bet ($0.50) returned to Supermegopro
Supermegopro collected $1 from pot
Supermegopro: doesn't show hand 
kars0n leaves the table
*** SUMMARY ***
Total pot $1 | Rake $0 
Seat 1: Xenicide (small blind) folded before Flop
Seat 3: Supermegopro (big blind) collected ($1)
Seat 4: kars0n (button) folded before Flop (didn't bet)



PokerStars Hand #254519303278:  Hold'em No Limit ($0.50/$1.00 USD) - 2025/01/23 20:51:18 WET [2025/01/23 15:51:18 ET]
Table 'Terebellum IV' 6-max Seat #3 is the button
Seat 1: Xenicide ($107.77 in chips) 
Seat 3: Supermegopro ($106.72 in chips) 
Supermegopro: posts small blind $0.50
Xenicide: posts big blind $1
*** HOLE CARDS ***
Supermegopro: raises $1.50 to $2.50
Xenicide: raises $7.50 to $10
Supermegopro: folds 
Uncalled bet ($7.50) returned to Xenicide
Xenicide collected $5 from pot
*** SUMMARY ***
Total pot $5 | Rake $0 
Seat 1: Xenicide (big blind) collected ($5)
Seat 3: Supermegopro (button) (small blind) folded before Flop



PokerStars Hand #254519309986:  Hold'em No Limit ($0.50/$1.00 USD) - 2025/01/23 20:51:40 WET [2025/01/23 15:51:40 ET]
Table 'Terebellum IV' 6-max Seat #1 is the button
Seat 1: Xenicide ($110.27 in chips) 
Seat 3: Supermegopro ($104.22 in chips) 
Xenicide: posts small blind $0.50
Supermegopro: posts big blind $1
*** HOLE CARDS ***
Xenicide: raises $1.25 to $2.25
Supermegopro: folds 
Uncalled bet ($1.25) returned to Xenicide
Xenicide collected $2 from pot
*** SUMMARY ***
Total pot $2 | Rake $0 
Seat 1: Xenicide (button) (small blind) collected ($2)
Seat 3: Supermegopro (big blind) folded before Flop



