PokerStars Hand #254326556821:  Hold'em No Limit ($0.50/$1.00 USD) - 2025/01/12 6:13:20 WET [2025/01/12 1:13:20 ET]
Table 'Summa II' 6-max Seat #6 is the button
Seat 1: m0nTTu ($80 in chips) is sitting out
Seat 2: MaRKiToScoK ($100 in chips) 
Seat 4: Manifestorr ($100 in chips) 
Seat 6: MoRsCeReBruM ($100 in chips) 
MaRKiToScoK: posts small blind $0.50
Manifestorr: posts big blind $1
*** HOLE CARDS ***
MoRsCeReBruM: folds 
MaRKiToScoK: folds 
Uncalled bet ($0.50) returned to Manifestorr
Manifestorr collected $1 from pot
*** SUMMARY ***
Total pot $1 | Rake $0 
Seat 1: m0nTTu
Seat 2: MaRKiToScoK (small blind) folded before Flop
Seat 4: Manifestorr (big blind) collected ($1)
Seat 6: MoRsCeReBruM (button) folded before Flop (didn't bet)



PokerStars Hand #254326557691:  Hold'em No Limit ($0.50/$1.00 USD) - 2025/01/12 6:13:30 WET [2025/01/12 1:13:30 ET]
Table 'Summa II' 6-max Seat #2 is the button
Seat 1: m0nTTu ($80 in chips) is sitting out
Seat 2: MaRKiToScoK ($100 in chips) 
Seat 4: Manifestorr ($100.50 in chips) 
Seat 6: MoRsCeReBruM ($100 in chips) 
Manifestorr: posts small blind $0.50
MoRsCeReBruM: posts big blind $1
*** HOLE CARDS ***
MaRKiToScoK: folds 
Manifestorr: raises $2 to $3
MoRsCeReBruM: folds 
Uncalled bet ($2) returned to Manifestorr
Manifestorr collected $2 from pot
*** SUMMARY ***
Total pot $2 | Rake $0 
Seat 1: m0nTTu
Seat 2: MaRKiToScoK (button) folded before Flop (didn't bet)
Seat 4: Manifestorr (small blind) collected ($2)
Seat 6: MoRsCeReBruM (big blind) folded before Flop



PokerStars Hand #254326558781:  Hold'em No Limit ($0.50/$1.00 USD) - 2025/01/12 6:13:43 WET [2025/01/12 1:13:43 ET]
Table 'Summa II' 6-max Seat #4 is the button
Seat 1: m0nTTu ($80 in chips) is sitting out
Seat 2: MaRKiToScoK ($100 in chips) 
Seat 4: Manifestorr ($101.50 in chips) 
Seat 6: MoRsCeReBruM ($100 in chips) 
MoRsCeReBruM: posts small blind $0.50
MaRKiToScoK: posts big blind $1
*** HOLE CARDS ***
Manifestorr: folds 
MoRsCeReBruM: folds 
Uncalled bet ($0.50) returned to MaRKiToScoK
MaRKiToScoK collected $1 from pot
m0nTTu leaves the table
*** SUMMARY ***
Total pot $1 | Rake $0 
Seat 1: m0nTTu
Seat 2: MaRKiToScoK (big blind) collected ($1)
Seat 4: Manifestorr (button) folded before Flop (didn't bet)
Seat 6: MoRsCeReBruM (small blind) folded before Flop



PokerStars Hand #254326559502:  Hold'em No Limit ($0.50/$1.00 USD) - 2025/01/12 6:13:51 WET [2025/01/12 1:13:51 ET]
Table 'Summa II' 6-max Seat #6 is the button
Seat 2: MaRKiToScoK ($100.50 in chips) 
Seat 4: Manifestorr ($101.50 in chips) 
Seat 6: MoRsCeReBruM ($100 in chips) 
MaRKiToScoK: posts small blind $0.50
Manifestorr: posts big blind $1
*** HOLE CARDS ***
MoRsCeReBruM: folds 
MaRKiToScoK: folds 
Uncalled bet ($0.50) returned to Manifestorr
Manifestorr collected $1 from pot
*** SUMMARY ***
Total pot $1 | Rake $0 
Seat 2: MaRKiToScoK (small blind) folded before Flop
Seat 4: Manifestorr (big blind) collected ($1)
Seat 6: MoRsCeReBruM (button) folded before Flop (didn't bet)



PokerStars Hand #254326561209:  Hold'em No Limit ($0.50/$1.00 USD) - 2025/01/12 6:14:11 WET [2025/01/12 1:14:11 ET]
Table 'Summa II' 6-max Seat #2 is the button
Seat 2: MaRKiToScoK ($100 in chips) 
Seat 4: Manifestorr ($102 in chips) 
Seat 6: MoRsCeReBruM ($100 in chips) 
Manifestorr: posts small blind $0.50
MoRsCeReBruM: posts big blind $1
*** HOLE CARDS ***
MaRKiToScoK: folds 
Manifestorr: raises $2 to $3
MoRsCeReBruM: folds 
Uncalled bet ($2) returned to Manifestorr
Manifestorr collected $2 from pot
*** SUMMARY ***
Total pot $2 | Rake $0 
Seat 2: MaRKiToScoK (button) folded before Flop (didn't bet)
Seat 4: Manifestorr (small blind) collected ($2)
Seat 6: MoRsCeReBruM (big blind) folded before Flop



PokerStars Hand #254326563141:  Hold'em No Limit ($0.50/$1.00 USD) - 2025/01/12 6:14:34 WET [2025/01/12 1:14:34 ET]
Table 'Summa II' 6-max Seat #4 is the button
Seat 2: MaRKiToScoK ($100 in chips) 
Seat 4: Manifestorr ($103 in chips) 
Seat 6: MoRsCeReBruM ($100 in chips) 
MoRsCeReBruM: posts small blind $0.50
MaRKiToScoK: posts big blind $1
*** HOLE CARDS ***
Manifestorr: raises $1.20 to $2.20
MoRsCeReBruM: raises $8.80 to $11
MaRKiToScoK: folds 
Manifestorr: folds 
Uncalled bet ($8.80) returned to MoRsCeReBruM
MoRsCeReBruM collected $5.40 from pot
MoRsCeReBruM: doesn't show hand 
*** SUMMARY ***
Total pot $5.40 | Rake $0 
Seat 2: MaRKiToScoK (big blind) folded before Flop
Seat 4: Manifestorr (button) folded before Flop
Seat 6: MoRsCeReBruM (small blind) collected ($5.40)



PokerStars Hand #254336997896:  Hold'em No Limit ($0.50/$1.00 USD) - 2025/01/12 19:36:02 WET [2025/01/12 14:36:02 ET]
Table 'Summa III' 6-max Seat #1 is the button
Seat 4: MaRKiToScoK ($100 in chips) is sitting out
Seat 1: mr.Jckpot ($100.88 in chips) 
Seat 2: Manifestorr ($100 in chips) 
Seat 3: IREQO ($100 in chips) 
Seat 5: Baton1307 ($24.65 in chips) 
Seat 6: Gfoer ($105.48 in chips) 
Manifestorr: posts small blind $0.50
IREQO: posts big blind $1
MaRKiToScoK: sits out 
*** HOLE CARDS ***
Baton1307: calls $1
Gfoer: folds 
mr.Jckpot: folds 
Manifestorr: folds 
IREQO: checks 
*** FLOP *** [6h Ts 2s]
IREQO: checks 
Baton1307: checks 
*** TURN *** [6h Ts 2s] [6s]
IREQO: bets $1.19
Baton1307: calls $1.19
*** RIVER *** [6h Ts 2s 6s] [9s]
IREQO: bets $1.53
Baton1307: folds 
Uncalled bet ($1.53) returned to IREQO
IREQO collected $4.64 from pot
IREQO: doesn't show hand 
*** SUMMARY ***
Total pot $4.88 | Rake $0.24 
Board [6h Ts 2s 6s 9s]
Seat 4: MaRKiToScoK
Seat 1: mr.Jckpot (button) folded before Flop (didn't bet)
Seat 2: Manifestorr (small blind) folded before Flop
Seat 3: IREQO (big blind) collected ($4.64)
Seat 5: Baton1307 folded on the River
Seat 6: Gfoer folded before Flop (didn't bet)



PokerStars Hand #254337014734:  Hold'em No Limit ($0.50/$1.00 USD) - 2025/01/12 19:36:47 WET [2025/01/12 14:36:47 ET]
Table 'Summa III' 6-max Seat #2 is the button
Seat 1: mr.Jckpot ($100.88 in chips) 
Seat 2: Manifestorr ($100 in chips) 
Seat 3: IREQO ($102.45 in chips) 
Seat 4: MaRKiToScoK ($100 in chips) 
Seat 5: Baton1307 ($22.46 in chips) 
Seat 6: Gfoer ($105.48 in chips) 
IREQO: posts small blind $0.50
MaRKiToScoK: posts big blind $1
*** HOLE CARDS ***
Baton1307: calls $1
Gfoer: folds 
mr.Jckpot: folds 
Manifestorr: folds 
IREQO: folds 
MaRKiToScoK: checks 
*** FLOP *** [Th 2h Jd]
MaRKiToScoK: checks 
Baton1307: bets $1
MaRKiToScoK: raises $3.29 to $4.29
Baton1307: raises $3.29 to $7.58
MaRKiToScoK: raises $24.64 to $32.22
Baton1307: calls $13.88 and is all-in
Uncalled bet ($10.76) returned to MaRKiToScoK
*** TURN *** [Th 2h Jd] [9d]
*** RIVER *** [Th 2h Jd 9d] [6c]
*** SHOW DOWN ***
MaRKiToScoK: shows [2c Jc] (two pair, Jacks and Deuces)
Baton1307: shows [Js 2d] (two pair, Jacks and Deuces)
MaRKiToScoK collected $21.58 from pot
Baton1307 collected $21.29 from pot
*** SUMMARY ***
Total pot $45.42 | Rake $2.55 
Board [Th 2h Jd 9d 6c]
Seat 1: mr.Jckpot folded before Flop (didn't bet)
Seat 2: Manifestorr (button) folded before Flop (didn't bet)
Seat 3: IREQO (small blind) folded before Flop
Seat 4: MaRKiToScoK (big blind) showed [2c Jc] and won ($21.58) with two pair, Jacks and Deuces
Seat 5: Baton1307 showed [Js 2d] and won ($21.29) with two pair, Jacks and Deuces
Seat 6: Gfoer folded before Flop (didn't bet)



PokerStars Hand #254337037882:  Hold'em No Limit ($0.50/$1.00 USD) - 2025/01/12 19:37:48 WET [2025/01/12 14:37:48 ET]
Table 'Summa III' 6-max Seat #3 is the button
Seat 1: mr.Jckpot ($100.88 in chips) 
Seat 2: Manifestorr ($100 in chips) 
Seat 3: IREQO ($101.95 in chips) 
Seat 4: MaRKiToScoK ($100 in chips) 
Seat 5: Baton1307 ($21.29 in chips) 
Seat 6: Gfoer ($105.48 in chips) 
MaRKiToScoK: posts small blind $0.50
Baton1307: posts big blind $1
*** HOLE CARDS ***
Gfoer: folds 
mr.Jckpot: folds 
Manifestorr: folds 
IREQO has timed out
IREQO: folds 
MaRKiToScoK: raises $1.27 to $2.27
Baton1307: calls $1.27
*** FLOP *** [Qc 5s 6s]
MaRKiToScoK: bets $1.29
Baton1307: raises $17.73 to $19.02 and is all-in
MaRKiToScoK: folds 
Uncalled bet ($17.73) returned to Baton1307
Baton1307 collected $6.67 from pot
*** SUMMARY ***
Total pot $7.12 | Rake $0.45 
Board [Qc 5s 6s]
Seat 1: mr.Jckpot folded before Flop (didn't bet)
Seat 2: Manifestorr folded before Flop (didn't bet)
Seat 3: IREQO (button) folded before Flop (didn't bet)
Seat 4: MaRKiToScoK (small blind) folded on the Flop
Seat 5: Baton1307 (big blind) collected ($6.67)
Seat 6: Gfoer folded before Flop (didn't bet)



PokerStars Hand #254337055910:  Hold'em No Limit ($0.50/$1.00 USD) - 2025/01/12 19:38:37 WET [2025/01/12 14:38:37 ET]
Table 'Summa III' 6-max Seat #4 is the button
Seat 3: IREQO ($101.95 in chips) is sitting out
Seat 1: mr.Jckpot ($100.88 in chips) 
Seat 2: Manifestorr ($100 in chips) 
Seat 4: MaRKiToScoK ($100 in chips) 
Seat 5: Baton1307 ($24.40 in chips) 
Seat 6: Gfoer ($105.48 in chips) 
Baton1307: posts small blind $0.50
Gfoer: posts big blind $1
*** HOLE CARDS ***
mr.Jckpot: folds 
Manifestorr: folds 
MaRKiToScoK: folds 
Baton1307: calls $0.50
Gfoer: raises $3.50 to $4.50
Baton1307: folds 
Uncalled bet ($3.50) returned to Gfoer
Gfoer collected $2 from pot
Gfoer: doesn't show hand 
*** SUMMARY ***
Total pot $2 | Rake $0 
Seat 3: IREQO
Seat 1: mr.Jckpot folded before Flop (didn't bet)
Seat 2: Manifestorr folded before Flop (didn't bet)
Seat 4: MaRKiToScoK (button) folded before Flop (didn't bet)
Seat 5: Baton1307 (small blind) folded before Flop
Seat 6: Gfoer (big blind) collected ($2)



PokerStars Hand #254337070578:  Hold'em No Limit ($0.50/$1.00 USD) - 2025/01/12 19:39:16 WET [2025/01/12 14:39:16 ET]
Table 'Summa III' 6-max Seat #5 is the button
Seat 1: mr.Jckpot ($100.88 in chips) 
Seat 2: Manifestorr ($100 in chips) 
Seat 3: IREQO ($101.95 in chips) 
Seat 4: MaRKiToScoK ($100 in chips) 
Seat 5: Baton1307 ($23.40 in chips) 
Seat 6: Gfoer ($106.48 in chips) 
Gfoer: posts small blind $0.50
mr.Jckpot: posts big blind $1
*** HOLE CARDS ***
Manifestorr: folds 
IREQO: folds 
MaRKiToScoK: folds 
Baton1307: calls $1
Gfoer: folds 
mr.Jckpot: checks 
*** FLOP *** [3s Jc Qd]
mr.Jckpot: checks 
Baton1307: checks 
*** TURN *** [3s Jc Qd] [9c]
mr.Jckpot: checks 
Baton1307: checks 
*** RIVER *** [3s Jc Qd 9c] [4h]
mr.Jckpot: checks 
Baton1307: checks 
*** SHOW DOWN ***
mr.Jckpot: shows [2d 5h] (high card Queen)
Baton1307: shows [2c 7c] (high card Queen - Jack+Nine+Seven kicker)
Baton1307 collected $2.35 from pot
*** SUMMARY ***
Total pot $2.50 | Rake $0.15 
Board [3s Jc Qd 9c 4h]
Seat 1: mr.Jckpot (big blind) showed [2d 5h] and lost with high card Queen
Seat 2: Manifestorr folded before Flop (didn't bet)
Seat 3: IREQO folded before Flop (didn't bet)
Seat 4: MaRKiToScoK folded before Flop (didn't bet)
Seat 5: Baton1307 (button) showed [2c 7c] and won ($2.35) with high card Queen
Seat 6: Gfoer (small blind) folded before Flop



PokerStars Hand #254337087392:  Hold'em No Limit ($0.50/$1.00 USD) - 2025/01/12 19:40:01 WET [2025/01/12 14:40:01 ET]
Table 'Summa III' 6-max Seat #6 is the button
Seat 1: mr.Jckpot ($100 in chips) 
Seat 2: Manifestorr ($100 in chips) 
Seat 3: IREQO ($101.95 in chips) 
Seat 4: MaRKiToScoK ($100 in chips) 
Seat 5: Baton1307 ($24.75 in chips) 
Seat 6: Gfoer ($105.98 in chips) 
mr.Jckpot: posts small blind $0.50
Manifestorr: posts big blind $1
*** HOLE CARDS ***
IREQO: folds 
MaRKiToScoK: raises $1.07 to $2.07
Baton1307: folds 
Gfoer: folds 
mr.Jckpot: folds 
Manifestorr: folds 
Uncalled bet ($1.07) returned to MaRKiToScoK
MaRKiToScoK collected $2.50 from pot
*** SUMMARY ***
Total pot $2.50 | Rake $0 
Seat 1: mr.Jckpot (small blind) folded before Flop
Seat 2: Manifestorr (big blind) folded before Flop
Seat 3: IREQO folded before Flop (didn't bet)
Seat 4: MaRKiToScoK collected ($2.50)
Seat 5: Baton1307 folded before Flop (didn't bet)
Seat 6: Gfoer (button) folded before Flop (didn't bet)



PokerStars Hand #254337095716:  Hold'em No Limit ($0.50/$1.00 USD) - 2025/01/12 19:40:23 WET [2025/01/12 14:40:23 ET]
Table 'Summa III' 6-max Seat #1 is the button
Seat 1: mr.Jckpot ($100 in chips) 
Seat 2: Manifestorr ($100 in chips) 
Seat 3: IREQO ($101.95 in chips) 
Seat 4: MaRKiToScoK ($101.50 in chips) 
Seat 5: Baton1307 ($24.75 in chips) 
Seat 6: Gfoer ($105.98 in chips) 
Manifestorr: posts small blind $0.50
IREQO: posts big blind $1
*** HOLE CARDS ***
MaRKiToScoK: folds 
Baton1307: calls $1
Gfoer: raises $3.50 to $4.50
mr.Jckpot: folds 
Manifestorr: folds 
IREQO: folds 
Baton1307: folds 
Uncalled bet ($3.50) returned to Gfoer
Gfoer collected $3.50 from pot
Gfoer: doesn't show hand 
*** SUMMARY ***
Total pot $3.50 | Rake $0 
Seat 1: mr.Jckpot (button) folded before Flop (didn't bet)
Seat 2: Manifestorr (small blind) folded before Flop
Seat 3: IREQO (big blind) folded before Flop
Seat 4: MaRKiToScoK folded before Flop (didn't bet)
Seat 5: Baton1307 folded before Flop
Seat 6: Gfoer collected ($3.50)



PokerStars Hand #254337103952:  Hold'em No Limit ($0.50/$1.00 USD) - 2025/01/12 19:40:45 WET [2025/01/12 14:40:45 ET]
Table 'Summa III' 6-max Seat #2 is the button
Seat 1: mr.Jckpot ($100 in chips) 
Seat 2: Manifestorr ($100 in chips) 
Seat 3: IREQO ($100.95 in chips) 
Seat 4: MaRKiToScoK ($101.50 in chips) 
Seat 5: Baton1307 ($23.75 in chips) 
Seat 6: Gfoer ($108.48 in chips) 
IREQO: posts small blind $0.50
MaRKiToScoK: posts big blind $1
*** HOLE CARDS ***
Baton1307: calls $1
Gfoer: folds 
mr.Jckpot: folds 
Manifestorr: folds 
IREQO: raises $4 to $5
MaRKiToScoK: folds 
Baton1307: raises $18.75 to $23.75 and is all-in
IREQO: folds 
Uncalled bet ($18.75) returned to Baton1307
Baton1307 collected $11 from pot
*** SUMMARY ***
Total pot $11 | Rake $0 
Seat 1: mr.Jckpot folded before Flop (didn't bet)
Seat 2: Manifestorr (button) folded before Flop (didn't bet)
Seat 3: IREQO (small blind) folded before Flop
Seat 4: MaRKiToScoK (big blind) folded before Flop
Seat 5: Baton1307 collected ($11)
Seat 6: Gfoer folded before Flop (didn't bet)



PokerStars Hand #254337118072:  Hold'em No Limit ($0.50/$1.00 USD) - 2025/01/12 19:41:22 WET [2025/01/12 14:41:22 ET]
Table 'Summa III' 6-max Seat #3 is the button
Seat 1: mr.Jckpot ($100 in chips) 
Seat 2: Manifestorr ($100 in chips) 
Seat 3: IREQO ($100 in chips) 
Seat 4: MaRKiToScoK ($100.50 in chips) 
Seat 5: Baton1307 ($29.75 in chips) 
Seat 6: Gfoer ($108.48 in chips) 
MaRKiToScoK: posts small blind $0.50
Baton1307: posts big blind $1
*** HOLE CARDS ***
Gfoer: folds 
mr.Jckpot: folds 
Manifestorr: folds 
IREQO: raises $1.50 to $2.50
MaRKiToScoK: folds 
Baton1307: calls $1.50
*** FLOP *** [5h Kd Td]
Baton1307: checks 
IREQO: bets $5
Baton1307: raises $22.25 to $27.25 and is all-in
IREQO: calls $22.25
*** TURN *** [5h Kd Td] [7c]
*** RIVER *** [5h Kd Td 7c] [Jd]
*** SHOW DOWN ***
Baton1307: shows [Kh 7d] (two pair, Kings and Sevens)
IREQO: shows [Qs Ks] (a pair of Kings)
Baton1307 collected $56.88 from pot
*** SUMMARY ***
Total pot $60 | Rake $3.12 
Board [5h Kd Td 7c Jd]
Seat 1: mr.Jckpot folded before Flop (didn't bet)
Seat 2: Manifestorr folded before Flop (didn't bet)
Seat 3: IREQO (button) showed [Qs Ks] and lost with a pair of Kings
Seat 4: MaRKiToScoK (small blind) folded before Flop
Seat 5: Baton1307 (big blind) showed [Kh 7d] and won ($56.88) with two pair, Kings and Sevens
Seat 6: Gfoer folded before Flop (didn't bet)



PokerStars Hand #254337138572:  Hold'em No Limit ($0.50/$1.00 USD) - 2025/01/12 19:42:16 WET [2025/01/12 14:42:16 ET]
Table 'Summa III' 6-max Seat #4 is the button
Seat 1: mr.Jckpot ($100 in chips) 
Seat 2: Manifestorr ($100 in chips) 
Seat 3: IREQO ($82.52 in chips) 
Seat 4: MaRKiToScoK ($100 in chips) 
Seat 5: Baton1307 ($56.88 in chips) 
Seat 6: Gfoer ($108.48 in chips) 
Baton1307: posts small blind $0.50
Gfoer: posts big blind $1
*** HOLE CARDS ***
mr.Jckpot: folds 
Manifestorr: raises $1.20 to $2.20
IREQO: folds 
MaRKiToScoK: folds 
Baton1307: calls $1.70
Gfoer: folds 
*** FLOP *** [9c 3c 8s]
Baton1307: checks 
Manifestorr: checks 
*** TURN *** [9c 3c 8s] [8d]
Baton1307: checks 
Manifestorr: checks 
*** RIVER *** [9c 3c 8s 8d] [Qc]
Baton1307: checks 
Manifestorr: checks 
*** SHOW DOWN ***
Baton1307: shows [2d Kh] (a pair of Eights)
Manifestorr: shows [Ac Jd] (a pair of Eights - Ace kicker)
Manifestorr collected $5.13 from pot
*** SUMMARY ***
Total pot $5.40 | Rake $0.27 
Board [9c 3c 8s 8d Qc]
Seat 1: mr.Jckpot folded before Flop (didn't bet)
Seat 2: Manifestorr showed [Ac Jd] and won ($5.13) with a pair of Eights
Seat 3: IREQO folded before Flop (didn't bet)
Seat 4: MaRKiToScoK (button) folded before Flop (didn't bet)
Seat 5: Baton1307 (small blind) showed [2d Kh] and lost with a pair of Eights
Seat 6: Gfoer (big blind) folded before Flop



PokerStars Hand #254337155935:  Hold'em No Limit ($0.50/$1.00 USD) - 2025/01/12 19:43:02 WET [2025/01/12 14:43:02 ET]
Table 'Summa III' 6-max Seat #5 is the button
Seat 1: mr.Jckpot ($100 in chips) 
Seat 2: Manifestorr ($102.93 in chips) 
Seat 3: IREQO ($82.52 in chips) 
Seat 4: MaRKiToScoK ($100 in chips) 
Seat 5: Baton1307 ($54.68 in chips) 
Seat 6: Gfoer ($107.48 in chips) 
Gfoer: posts small blind $0.50
mr.Jckpot: posts big blind $1
*** HOLE CARDS ***
Manifestorr: folds 
IREQO: folds 
MaRKiToScoK: raises $1.22 to $2.22
Baton1307: calls $2.22
Gfoer: folds 
mr.Jckpot: folds 
*** FLOP *** [Tc 8d Ks]
MaRKiToScoK: checks 
Baton1307: checks 
*** TURN *** [Tc 8d Ks] [8s]
MaRKiToScoK: checks 
Baton1307: checks 
*** RIVER *** [Tc 8d Ks 8s] [4d]
MaRKiToScoK: bets $4.23
Baton1307: folds 
Uncalled bet ($4.23) returned to MaRKiToScoK
MaRKiToScoK collected $5.64 from pot
*** SUMMARY ***
Total pot $5.94 | Rake $0.30 
Board [Tc 8d Ks 8s 4d]
Seat 1: mr.Jckpot (big blind) folded before Flop
Seat 2: Manifestorr folded before Flop (didn't bet)
Seat 3: IREQO folded before Flop (didn't bet)
Seat 4: MaRKiToScoK collected ($5.64)
Seat 5: Baton1307 (button) folded on the River
Seat 6: Gfoer (small blind) folded before Flop



PokerStars Hand #254337175481:  Hold'em No Limit ($0.50/$1.00 USD) - 2025/01/12 19:43:54 WET [2025/01/12 14:43:54 ET]
Table 'Summa III' 6-max Seat #6 is the button
Seat 1: mr.Jckpot ($100 in chips) 
Seat 2: Manifestorr ($102.93 in chips) 
Seat 3: IREQO ($82.52 in chips) 
Seat 4: MaRKiToScoK ($103.42 in chips) 
Seat 5: Baton1307 ($52.46 in chips) 
Seat 6: Gfoer ($106.98 in chips) 
mr.Jckpot: posts small blind $0.50
Manifestorr: posts big blind $1
*** HOLE CARDS ***
IREQO: folds 
MaRKiToScoK: folds 
Baton1307: calls $1
Gfoer: folds 
mr.Jckpot: folds 
Manifestorr: raises $4 to $5
Baton1307: calls $4
*** FLOP *** [Kc 9c 4c]
Manifestorr: bets $4.99
Baton1307: raises $42.47 to $47.46 and is all-in
Manifestorr: calls $42.47
*** TURN *** [Kc 9c 4c] [As]
*** RIVER *** [Kc 9c 4c As] [Td]
*** SHOW DOWN ***
Manifestorr: shows [8c Qc] (a flush, King high)
Baton1307: shows [Kd Ts] (two pair, Kings and Tens)
Manifestorr collected $102.92 from pot
*** SUMMARY ***
Total pot $105.42 | Rake $2.50 
Board [Kc 9c 4c As Td]
Seat 1: mr.Jckpot (small blind) folded before Flop
Seat 2: Manifestorr (big blind) showed [8c Qc] and won ($102.92) with a flush, King high
Seat 3: IREQO folded before Flop (didn't bet)
Seat 4: MaRKiToScoK folded before Flop (didn't bet)
Seat 5: Baton1307 showed [Kd Ts] and lost with two pair, Kings and Tens
Seat 6: Gfoer (button) folded before Flop (didn't bet)



PokerStars Hand #254337187362:  Hold'em No Limit ($0.50/$1.00 USD) - 2025/01/12 19:44:25 WET [2025/01/12 14:44:25 ET]
Table 'Summa III' 6-max Seat #1 is the button
Seat 5: Baton1307 ($0 in chips) is sitting out
Seat 1: mr.Jckpot ($100 in chips) 
Seat 2: Manifestorr ($153.39 in chips) 
Seat 3: IREQO ($82.52 in chips) 
Seat 4: MaRKiToScoK ($103.42 in chips) 
Seat 6: Gfoer ($106.98 in chips) 
Manifestorr: posts small blind $0.50
IREQO: posts big blind $1
*** HOLE CARDS ***
MaRKiToScoK: folds 
Gfoer: folds 
Baton1307 leaves the table
mr.Jckpot: raises $1.50 to $2.50
Manifestorr: folds 
IREQO: folds 
Uncalled bet ($1.50) returned to mr.Jckpot
mr.Jckpot collected $2.50 from pot
mr.Jckpot: doesn't show hand 
*** SUMMARY ***
Total pot $2.50 | Rake $0 
Seat 5: Baton1307
Seat 1: mr.Jckpot (button) collected ($2.50)
Seat 2: Manifestorr (small blind) folded before Flop
Seat 3: IREQO (big blind) folded before Flop
Seat 4: MaRKiToScoK folded before Flop (didn't bet)
Seat 6: Gfoer folded before Flop (didn't bet)



PokerStars Hand #254337195395:  Hold'em No Limit ($0.50/$1.00 USD) - 2025/01/12 19:44:45 WET [2025/01/12 14:44:45 ET]
Table 'Summa III' 6-max Seat #2 is the button
Seat 1: mr.Jckpot ($101.50 in chips) 
Seat 2: Manifestorr ($152.89 in chips) 
Seat 3: IREQO ($81.52 in chips) 
Seat 4: MaRKiToScoK ($103.42 in chips) 
Seat 6: Gfoer ($106.98 in chips) 
IREQO: posts small blind $0.50
MaRKiToScoK: posts big blind $1
*** HOLE CARDS ***
Gfoer: folds 
mr.Jckpot: folds 
Manifestorr: folds 
IREQO: raises $1.50 to $2.50
MaRKiToScoK: folds 
Uncalled bet ($1.50) returned to IREQO
IREQO collected $2 from pot
IREQO: doesn't show hand 
*** SUMMARY ***
Total pot $2 | Rake $0 
Seat 1: mr.Jckpot folded before Flop (didn't bet)
Seat 2: Manifestorr (button) folded before Flop (didn't bet)
Seat 3: IREQO (small blind) collected ($2)
Seat 4: MaRKiToScoK (big blind) folded before Flop
Seat 6: Gfoer folded before Flop (didn't bet)



PokerStars Hand #254337205667:  Hold'em No Limit ($0.50/$1.00 USD) - 2025/01/12 19:45:12 WET [2025/01/12 14:45:12 ET]
Table 'Summa III' 6-max Seat #3 is the button
Seat 6: Gfoer ($106.98 in chips) is sitting out
Seat 1: mr.Jckpot ($101.50 in chips) 
Seat 2: Manifestorr ($152.89 in chips) 
Seat 3: IREQO ($82.52 in chips) 
Seat 4: MaRKiToScoK ($102.42 in chips) 
MaRKiToScoK: posts small blind $0.50
Gfoer: is sitting out 
mr.Jckpot: posts big blind $1
*** HOLE CARDS ***
Manifestorr: folds 
Gfoer leaves the table
IREQO: folds 
MaRKiToScoK: folds 
Uncalled bet ($0.50) returned to mr.Jckpot
mr.Jckpot collected $1 from pot
mr.Jckpot: doesn't show hand 
*** SUMMARY ***
Total pot $1 | Rake $0 
Seat 6: Gfoer
Seat 1: mr.Jckpot (big blind) collected ($1)
Seat 2: Manifestorr folded before Flop (didn't bet)
Seat 3: IREQO (button) folded before Flop (didn't bet)
Seat 4: MaRKiToScoK (small blind) folded before Flop



