PokerStars Hand #254338357028:  Hold'em No Limit ($0.50/$1.00 USD) - 2025/01/12 20:36:32 WET [2025/01/12 15:36:32 ET]
Table 'Hveen III' 6-max Seat #3 is the button
Seat 1: 1fudihara ($109.72 in chips) 
Seat 2: MAO_DZEDYN_S ($107.90 in chips) 
Seat 3: mr.Jckpot ($100 in chips) 
Seat 4: EvilReality ($100 in chips) 
Seat 5: Manifestorr ($133.18 in chips) 
Seat 6: kekoccc ($102 in chips) 
EvilReality: posts small blind $0.50
Manifestorr: posts big blind $1
*** HOLE CARDS ***
kekoccc: folds 
1fudihara: raises $1.50 to $2.50
MAO_DZEDYN_S: folds 
mr.Jckpot: folds 
EvilReality: folds 
Manifestorr: raises $9.50 to $12
1fudihara: calls $9.50
*** FLOP *** [Qd Kd Qc]
Manifestorr: bets $7.68
1fudihara: calls $7.68
*** TURN *** [Qd Kd Qc] [Kc]
Manifestorr: checks 
1fudihara: checks 
*** RIVER *** [Qd Kd Qc Kc] [4h]
Manifestorr: bets $12.50
1fudihara: calls $12.50
*** SHOW DOWN ***
Manifestorr: shows [Jc Js] (two pair, Kings and Queens)
1fudihara: shows [4d Ad] (two pair, Kings and Queens - Ace kicker)
1fudihara collected $62.36 from pot
*** SUMMARY ***
Total pot $64.86 | Rake $2.50 
Board [Qd Kd Qc Kc 4h]
Seat 1: 1fudihara showed [4d Ad] and won ($62.36) with two pair, Kings and Queens
Seat 2: MAO_DZEDYN_S folded before Flop (didn't bet)
Seat 3: mr.Jckpot (button) folded before Flop (didn't bet)
Seat 4: EvilReality (small blind) folded before Flop
Seat 5: Manifestorr (big blind) showed [Jc Js] and lost with two pair, Kings and Queens
Seat 6: kekoccc folded before Flop (didn't bet)



PokerStars Hand #254338378491:  Hold'em No Limit ($0.50/$1.00 USD) - 2025/01/12 20:37:25 WET [2025/01/12 15:37:25 ET]
Table 'Hveen III' 6-max Seat #4 is the button
Seat 1: 1fudihara ($139.90 in chips) 
Seat 2: MAO_DZEDYN_S ($107.90 in chips) 
Seat 3: mr.Jckpot ($100 in chips) 
Seat 4: EvilReality ($100 in chips) 
Seat 5: Manifestorr ($101 in chips) 
Seat 6: kekoccc ($102 in chips) 
Manifestorr: posts small blind $0.50
kekoccc: posts big blind $1
*** HOLE CARDS ***
1fudihara has timed out
1fudihara: folds 
MAO_DZEDYN_S: raises $1.25 to $2.25
mr.Jckpot: folds 
EvilReality: folds 
Manifestorr: folds 
kekoccc: folds 
Uncalled bet ($1.25) returned to MAO_DZEDYN_S
MAO_DZEDYN_S collected $2.50 from pot
MAO_DZEDYN_S: doesn't show hand 
*** SUMMARY ***
Total pot $2.50 | Rake $0 
Seat 1: 1fudihara folded before Flop (didn't bet)
Seat 2: MAO_DZEDYN_S collected ($2.50)
Seat 3: mr.Jckpot folded before Flop (didn't bet)
Seat 4: EvilReality (button) folded before Flop (didn't bet)
Seat 5: Manifestorr (small blind) folded before Flop
Seat 6: kekoccc (big blind) folded before Flop



PokerStars Hand #254338390322:  Hold'em No Limit ($0.50/$1.00 USD) - 2025/01/12 20:37:55 WET [2025/01/12 15:37:55 ET]
Table 'Hveen III' 6-max Seat #5 is the button
Seat 1: 1fudihara ($139.90 in chips) 
Seat 2: MAO_DZEDYN_S ($109.40 in chips) 
Seat 3: mr.Jckpot ($100 in chips) 
Seat 4: EvilReality ($100 in chips) 
Seat 5: Manifestorr ($100.50 in chips) 
Seat 6: kekoccc ($101 in chips) 
kekoccc: posts small blind $0.50
1fudihara: posts big blind $1
*** HOLE CARDS ***
MAO_DZEDYN_S: folds 
mr.Jckpot: folds 
EvilReality: folds 
Manifestorr: raises $1.20 to $2.20
kekoccc: folds 
1fudihara: raises $8.80 to $11
Manifestorr: folds 
Uncalled bet ($8.80) returned to 1fudihara
1fudihara collected $4.90 from pot
1fudihara: doesn't show hand 
*** SUMMARY ***
Total pot $4.90 | Rake $0 
Seat 1: 1fudihara (big blind) collected ($4.90)
Seat 2: MAO_DZEDYN_S folded before Flop (didn't bet)
Seat 3: mr.Jckpot folded before Flop (didn't bet)
Seat 4: EvilReality folded before Flop (didn't bet)
Seat 5: Manifestorr (button) folded before Flop
Seat 6: kekoccc (small blind) folded before Flop



PokerStars Hand #254338402347:  Hold'em No Limit ($0.50/$1.00 USD) - 2025/01/12 20:38:25 WET [2025/01/12 15:38:25 ET]
Table 'Hveen III' 6-max Seat #6 is the button
Seat 1: 1fudihara ($142.60 in chips) 
Seat 2: MAO_DZEDYN_S ($109.40 in chips) 
Seat 3: mr.Jckpot ($100 in chips) 
Seat 4: EvilReality ($100 in chips) 
Seat 5: Manifestorr ($100 in chips) 
Seat 6: kekoccc ($100.50 in chips) 
1fudihara: posts small blind $0.50
MAO_DZEDYN_S: posts big blind $1
*** HOLE CARDS ***
mr.Jckpot: folds 
EvilReality: folds 
Manifestorr: raises $1.20 to $2.20
kekoccc: folds 
1fudihara: calls $1.70
MAO_DZEDYN_S: folds 
*** FLOP *** [6c Jd 9h]
1fudihara: checks 
Manifestorr: checks 
*** TURN *** [6c Jd 9h] [3h]
1fudihara: bets $2.31
Manifestorr: calls $2.31
*** RIVER *** [6c Jd 9h 3h] [Ks]
1fudihara: checks 
Manifestorr: checks 
*** SHOW DOWN ***
1fudihara: shows [Qc Qh] (a pair of Queens)
Manifestorr: mucks hand 
1fudihara collected $9.52 from pot
*** SUMMARY ***
Total pot $10.02 | Rake $0.50 
Board [6c Jd 9h 3h Ks]
Seat 1: 1fudihara (small blind) showed [Qc Qh] and won ($9.52) with a pair of Queens
Seat 2: MAO_DZEDYN_S (big blind) folded before Flop
Seat 3: mr.Jckpot folded before Flop (didn't bet)
Seat 4: EvilReality folded before Flop (didn't bet)
Seat 5: Manifestorr mucked
Seat 6: kekoccc (button) folded before Flop (didn't bet)



PokerStars Hand #254338428107:  Hold'em No Limit ($0.50/$1.00 USD) - 2025/01/12 20:39:29 WET [2025/01/12 15:39:29 ET]
Table 'Hveen III' 6-max Seat #1 is the button
Seat 1: 1fudihara ($147.61 in chips) 
Seat 2: MAO_DZEDYN_S ($108.40 in chips) 
Seat 3: mr.Jckpot ($100 in chips) 
Seat 4: EvilReality ($100 in chips) 
Seat 5: Manifestorr ($100 in chips) 
Seat 6: kekoccc ($100.50 in chips) 
MAO_DZEDYN_S: posts small blind $0.50
mr.Jckpot: posts big blind $1
*** HOLE CARDS ***
EvilReality: raises $1.50 to $2.50
Manifestorr: folds 
kekoccc: raises $5 to $7.50
1fudihara: folds 
MAO_DZEDYN_S: folds 
mr.Jckpot: folds 
EvilReality: folds 
Uncalled bet ($5) returned to kekoccc
kekoccc collected $6.50 from pot
kekoccc: doesn't show hand 
*** SUMMARY ***
Total pot $6.50 | Rake $0 
Seat 1: 1fudihara (button) folded before Flop (didn't bet)
Seat 2: MAO_DZEDYN_S (small blind) folded before Flop
Seat 3: mr.Jckpot (big blind) folded before Flop
Seat 4: EvilReality folded before Flop
Seat 5: Manifestorr folded before Flop (didn't bet)
Seat 6: kekoccc collected ($6.50)



PokerStars Hand #254338435560:  Hold'em No Limit ($0.50/$1.00 USD) - 2025/01/12 20:39:48 WET [2025/01/12 15:39:48 ET]
Table 'Hveen III' 6-max Seat #2 is the button
Seat 1: 1fudihara ($147.61 in chips) 
Seat 2: MAO_DZEDYN_S ($107.90 in chips) 
Seat 3: mr.Jckpot ($100 in chips) 
Seat 4: EvilReality ($100 in chips) 
Seat 5: Manifestorr ($100 in chips) 
Seat 6: kekoccc ($104.50 in chips) 
mr.Jckpot: posts small blind $0.50
EvilReality: posts big blind $1
*** HOLE CARDS ***
Manifestorr: folds 
kekoccc: raises $1.50 to $2.50
1fudihara: raises $8.50 to $11
MAO_DZEDYN_S: folds 
mr.Jckpot: folds 
EvilReality: folds 
kekoccc: calls $8.50
*** FLOP *** [Jd Td 6d]
kekoccc: checks 
1fudihara: bets $7.04
kekoccc: calls $7.04
*** TURN *** [Jd Td 6d] [Qs]
kekoccc: checks 
1fudihara: bets $14
kekoccc: calls $14
*** RIVER *** [Jd Td 6d Qs] [7h]
kekoccc: checks 
1fudihara: bets $24.39
kekoccc: folds 
Uncalled bet ($24.39) returned to 1fudihara
1fudihara collected $63.08 from pot
1fudihara: doesn't show hand 
*** SUMMARY ***
Total pot $65.58 | Rake $2.50 
Board [Jd Td 6d Qs 7h]
Seat 1: 1fudihara collected ($63.08)
Seat 2: MAO_DZEDYN_S (button) folded before Flop (didn't bet)
Seat 3: mr.Jckpot (small blind) folded before Flop
Seat 4: EvilReality (big blind) folded before Flop
Seat 5: Manifestorr folded before Flop (didn't bet)
Seat 6: kekoccc folded on the River



PokerStars Hand #254338469619:  Hold'em No Limit ($0.50/$1.00 USD) - 2025/01/12 20:41:14 WET [2025/01/12 15:41:14 ET]
Table 'Hveen III' 6-max Seat #3 is the button
Seat 1: 1fudihara ($178.65 in chips) 
Seat 2: MAO_DZEDYN_S ($107.90 in chips) 
Seat 3: mr.Jckpot ($100 in chips) 
Seat 4: EvilReality ($100 in chips) 
Seat 5: Manifestorr ($100 in chips) 
Seat 6: kekoccc ($100 in chips) 
EvilReality: posts small blind $0.50
Manifestorr: posts big blind $1
*** HOLE CARDS ***
kekoccc: folds 
1fudihara: folds 
MAO_DZEDYN_S: raises $1.25 to $2.25
mr.Jckpot: folds 
EvilReality: folds 
Manifestorr: folds 
Uncalled bet ($1.25) returned to MAO_DZEDYN_S
MAO_DZEDYN_S collected $2.50 from pot
MAO_DZEDYN_S: doesn't show hand 
*** SUMMARY ***
Total pot $2.50 | Rake $0 
Seat 1: 1fudihara folded before Flop (didn't bet)
Seat 2: MAO_DZEDYN_S collected ($2.50)
Seat 3: mr.Jckpot (button) folded before Flop (didn't bet)
Seat 4: EvilReality (small blind) folded before Flop
Seat 5: Manifestorr (big blind) folded before Flop
Seat 6: kekoccc folded before Flop (didn't bet)



PokerStars Hand #254338478343:  Hold'em No Limit ($0.50/$1.00 USD) - 2025/01/12 20:41:36 WET [2025/01/12 15:41:36 ET]
Table 'Hveen III' 6-max Seat #4 is the button
Seat 1: 1fudihara ($178.65 in chips) 
Seat 2: MAO_DZEDYN_S ($109.40 in chips) 
Seat 3: mr.Jckpot ($100 in chips) 
Seat 4: EvilReality ($100 in chips) 
Seat 5: Manifestorr ($100 in chips) 
Seat 6: kekoccc ($100 in chips) 
Manifestorr: posts small blind $0.50
kekoccc: posts big blind $1
*** HOLE CARDS ***
1fudihara: folds 
MAO_DZEDYN_S: raises $1.25 to $2.25
mr.Jckpot: folds 
EvilReality: calls $2.25
Manifestorr: folds 
kekoccc: folds 
*** FLOP *** [9d 6d 7c]
MAO_DZEDYN_S: checks 
EvilReality: bets $3.02
MAO_DZEDYN_S: folds 
Uncalled bet ($3.02) returned to EvilReality
EvilReality collected $5.70 from pot
EvilReality: doesn't show hand 
*** SUMMARY ***
Total pot $6 | Rake $0.30 
Board [9d 6d 7c]
Seat 1: 1fudihara folded before Flop (didn't bet)
Seat 2: MAO_DZEDYN_S folded on the Flop
Seat 3: mr.Jckpot folded before Flop (didn't bet)
Seat 4: EvilReality (button) collected ($5.70)
Seat 5: Manifestorr (small blind) folded before Flop
Seat 6: kekoccc (big blind) folded before Flop



PokerStars Hand #254338496515:  Hold'em No Limit ($0.50/$1.00 USD) - 2025/01/12 20:42:21 WET [2025/01/12 15:42:21 ET]
Table 'Hveen III' 6-max Seat #5 is the button
Seat 1: 1fudihara ($178.65 in chips) 
Seat 2: MAO_DZEDYN_S ($107.15 in chips) 
Seat 3: mr.Jckpot ($100 in chips) 
Seat 4: EvilReality ($103.45 in chips) 
Seat 5: Manifestorr ($100 in chips) 
Seat 6: kekoccc ($100 in chips) 
kekoccc: posts small blind $0.50
1fudihara: posts big blind $1
*** HOLE CARDS ***
MAO_DZEDYN_S: folds 
mr.Jckpot: folds 
EvilReality: folds 
Manifestorr: raises $1.20 to $2.20
kekoccc: folds 
1fudihara: calls $1.20
*** FLOP *** [Js 5s Ah]
1fudihara: checks 
Manifestorr: bets $6.29
1fudihara: folds 
Uncalled bet ($6.29) returned to Manifestorr
Manifestorr collected $4.66 from pot
*** SUMMARY ***
Total pot $4.90 | Rake $0.24 
Board [Js 5s Ah]
Seat 1: 1fudihara (big blind) folded on the Flop
Seat 2: MAO_DZEDYN_S folded before Flop (didn't bet)
Seat 3: mr.Jckpot folded before Flop (didn't bet)
Seat 4: EvilReality folded before Flop (didn't bet)
Seat 5: Manifestorr (button) collected ($4.66)
Seat 6: kekoccc (small blind) folded before Flop



PokerStars Hand #254338507221:  Hold'em No Limit ($0.50/$1.00 USD) - 2025/01/12 20:42:48 WET [2025/01/12 15:42:48 ET]
Table 'Hveen III' 6-max Seat #6 is the button
Seat 1: 1fudihara ($176.45 in chips) 
Seat 2: MAO_DZEDYN_S ($107.15 in chips) 
Seat 3: mr.Jckpot ($100 in chips) 
Seat 4: EvilReality ($103.45 in chips) 
Seat 5: Manifestorr ($102.46 in chips) 
Seat 6: kekoccc ($100 in chips) 
1fudihara: posts small blind $0.50
MAO_DZEDYN_S: posts big blind $1
*** HOLE CARDS ***
mr.Jckpot: folds 
EvilReality: raises $1.50 to $2.50
Manifestorr: folds 
kekoccc: folds 
1fudihara: calls $2
MAO_DZEDYN_S: folds 
*** FLOP *** [Qh 8d 8c]
1fudihara: checks 
EvilReality: bets $3
1fudihara: folds 
Uncalled bet ($3) returned to EvilReality
EvilReality collected $5.70 from pot
EvilReality: doesn't show hand 
*** SUMMARY ***
Total pot $6 | Rake $0.30 
Board [Qh 8d 8c]
Seat 1: 1fudihara (small blind) folded on the Flop
Seat 2: MAO_DZEDYN_S (big blind) folded before Flop
Seat 3: mr.Jckpot folded before Flop (didn't bet)
Seat 4: EvilReality collected ($5.70)
Seat 5: Manifestorr folded before Flop (didn't bet)
Seat 6: kekoccc (button) folded before Flop (didn't bet)



PokerStars Hand #254338524460:  Hold'em No Limit ($0.50/$1.00 USD) - 2025/01/12 20:43:31 WET [2025/01/12 15:43:31 ET]
Table 'Hveen III' 6-max Seat #1 is the button
Seat 3: mr.Jckpot ($100 in chips) is sitting out
Seat 1: 1fudihara ($173.95 in chips) 
Seat 2: MAO_DZEDYN_S ($106.15 in chips) 
Seat 4: EvilReality ($106.65 in chips) 
Seat 5: Manifestorr ($102.46 in chips) 
Seat 6: kekoccc ($100 in chips) 
MAO_DZEDYN_S: posts small blind $0.50
mr.Jckpot: is sitting out 
EvilReality: posts big blind $1
*** HOLE CARDS ***
Manifestorr: folds 
kekoccc: folds 
1fudihara: folds 
MAO_DZEDYN_S: raises $2 to $3
EvilReality: raises $6 to $9
mr.Jckpot leaves the table
MAO_DZEDYN_S: folds 
Uncalled bet ($6) returned to EvilReality
EvilReality collected $6 from pot
EvilReality: doesn't show hand 
*** SUMMARY ***
Total pot $6 | Rake $0 
Seat 3: mr.Jckpot
Seat 1: 1fudihara (button) folded before Flop (didn't bet)
Seat 2: MAO_DZEDYN_S (small blind) folded before Flop
Seat 4: EvilReality (big blind) collected ($6)
Seat 5: Manifestorr folded before Flop (didn't bet)
Seat 6: kekoccc folded before Flop (didn't bet)



PokerStars Hand #254338538045:  Hold'em No Limit ($0.50/$1.00 USD) - 2025/01/12 20:44:06 WET [2025/01/12 15:44:06 ET]
Table 'Hveen III' 6-max Seat #2 is the button
Seat 1: 1fudihara ($173.95 in chips) 
Seat 2: MAO_DZEDYN_S ($103.15 in chips) 
Seat 4: EvilReality ($109.65 in chips) 
Seat 5: Manifestorr ($102.46 in chips) 
Seat 6: kekoccc ($100 in chips) 
EvilReality: posts small blind $0.50
Manifestorr: posts big blind $1
*** HOLE CARDS ***
kekoccc: raises $1.50 to $2.50
AlexPinsk1 joins the table at seat #3 
1fudihara: folds 
MAO_DZEDYN_S: folds 
EvilReality: folds 
Manifestorr: calls $1.50
*** FLOP *** [3s 9d Ah]
Manifestorr: checks 
kekoccc: bets $1.72
Manifestorr: folds 
Uncalled bet ($1.72) returned to kekoccc
kekoccc collected $5.22 from pot
kekoccc: doesn't show hand 
*** SUMMARY ***
Total pot $5.50 | Rake $0.28 
Board [3s 9d Ah]
Seat 1: 1fudihara folded before Flop (didn't bet)
Seat 2: MAO_DZEDYN_S (button) folded before Flop (didn't bet)
Seat 4: EvilReality (small blind) folded before Flop
Seat 5: Manifestorr (big blind) folded on the Flop
Seat 6: kekoccc collected ($5.22)



PokerStars Hand #254338549834:  Hold'em No Limit ($0.50/$1.00 USD) - 2025/01/12 20:44:35 WET [2025/01/12 15:44:35 ET]
Table 'Hveen III' 6-max Seat #4 is the button
Seat 3: AlexPinsk1 ($100 in chips) is sitting out
Seat 1: 1fudihara ($173.95 in chips) 
Seat 2: MAO_DZEDYN_S ($103.15 in chips) 
Seat 4: EvilReality ($109.15 in chips) 
Seat 5: Manifestorr ($100 in chips) 
Seat 6: kekoccc ($102.72 in chips) 
Manifestorr: posts small blind $0.50
kekoccc: posts big blind $1
AlexPinsk1: sits out 
*** HOLE CARDS ***
1fudihara: folds 
MAO_DZEDYN_S: raises $1.25 to $2.25
EvilReality: folds 
Manifestorr: folds 
kekoccc: folds 
Uncalled bet ($1.25) returned to MAO_DZEDYN_S
MAO_DZEDYN_S collected $2.50 from pot
MAO_DZEDYN_S: doesn't show hand 
*** SUMMARY ***
Total pot $2.50 | Rake $0 
Seat 3: AlexPinsk1
Seat 1: 1fudihara folded before Flop (didn't bet)
Seat 2: MAO_DZEDYN_S collected ($2.50)
Seat 4: EvilReality (button) folded before Flop (didn't bet)
Seat 5: Manifestorr (small blind) folded before Flop
Seat 6: kekoccc (big blind) folded before Flop



PokerStars Hand #254338558348:  Hold'em No Limit ($0.50/$1.00 USD) - 2025/01/12 20:44:56 WET [2025/01/12 15:44:56 ET]
Table 'Hveen III' 6-max Seat #5 is the button
Seat 3: AlexPinsk1 ($100 in chips) is sitting out
Seat 1: 1fudihara ($173.95 in chips) 
Seat 2: MAO_DZEDYN_S ($104.65 in chips) 
Seat 4: EvilReality ($109.15 in chips) 
Seat 5: Manifestorr ($100 in chips) 
Seat 6: kekoccc ($101.72 in chips) 
kekoccc: posts small blind $0.50
1fudihara: posts big blind $1
AlexPinsk1: sits out 
*** HOLE CARDS ***
MAO_DZEDYN_S: folds 
EvilReality: folds 
Manifestorr: folds 
kekoccc: raises $2 to $3
1fudihara: calls $2
*** FLOP *** [3s 8h 7c]
kekoccc: checks 
1fudihara: checks 
*** TURN *** [3s 8h 7c] [Ts]
kekoccc: checks 
1fudihara: bets $3
kekoccc: calls $3
*** RIVER *** [3s 8h 7c Ts] [4h]
kekoccc: checks 
1fudihara: bets $7
kekoccc: folds 
Uncalled bet ($7) returned to 1fudihara
1fudihara collected $11.40 from pot
1fudihara: doesn't show hand 
*** SUMMARY ***
Total pot $12 | Rake $0.60 
Board [3s 8h 7c Ts 4h]
Seat 3: AlexPinsk1
Seat 1: 1fudihara (big blind) collected ($11.40)
Seat 2: MAO_DZEDYN_S folded before Flop (didn't bet)
Seat 4: EvilReality folded before Flop (didn't bet)
Seat 5: Manifestorr (button) folded before Flop (didn't bet)
Seat 6: kekoccc (small blind) folded on the River



PokerStars Hand #254338585668:  Hold'em No Limit ($0.50/$1.00 USD) - 2025/01/12 20:46:04 WET [2025/01/12 15:46:04 ET]
Table 'Hveen III' 6-max Seat #6 is the button
Seat 3: AlexPinsk1 ($100 in chips) is sitting out
Seat 1: 1fudihara ($179.35 in chips) 
Seat 2: MAO_DZEDYN_S ($104.65 in chips) 
Seat 4: EvilReality ($109.15 in chips) 
Seat 5: Manifestorr ($100 in chips) 
Seat 6: kekoccc ($100 in chips) 
1fudihara: posts small blind $0.50
MAO_DZEDYN_S: posts big blind $1
AlexPinsk1: sits out 
*** HOLE CARDS ***
EvilReality: folds 
Manifestorr: folds 
kekoccc: folds 
1fudihara: raises $2 to $3
MAO_DZEDYN_S: folds 
Uncalled bet ($2) returned to 1fudihara
1fudihara collected $2 from pot
1fudihara: doesn't show hand 
*** SUMMARY ***
Total pot $2 | Rake $0 
Seat 3: AlexPinsk1
Seat 1: 1fudihara (small blind) collected ($2)
Seat 2: MAO_DZEDYN_S (big blind) folded before Flop
Seat 4: EvilReality folded before Flop (didn't bet)
Seat 5: Manifestorr folded before Flop (didn't bet)
Seat 6: kekoccc (button) folded before Flop (didn't bet)



PokerStars Hand #254338604799:  Hold'em No Limit ($0.50/$1.00 USD) - 2025/01/12 20:46:52 WET [2025/01/12 15:46:52 ET]
Table 'Hveen III' 6-max Seat #1 is the button
Seat 1: 1fudihara ($180.35 in chips) 
Seat 2: MAO_DZEDYN_S ($103.65 in chips) 
Seat 3: AlexPinsk1 ($100 in chips) 
Seat 4: EvilReality ($109.15 in chips) 
Seat 5: Manifestorr ($100 in chips) 
Seat 6: kekoccc ($100 in chips) 
MAO_DZEDYN_S: posts small blind $0.50
AlexPinsk1: posts big blind $1
*** HOLE CARDS ***
EvilReality: folds 
Manifestorr: raises $1.20 to $2.20
kekoccc: folds 
1fudihara: calls $2.20
MAO_DZEDYN_S: folds 
AlexPinsk1: calls $1.20
*** FLOP *** [9d 5d As]
AlexPinsk1: checks 
Manifestorr: checks 
1fudihara: checks 
*** TURN *** [9d 5d As] [6h]
AlexPinsk1: bets $5.06
Manifestorr: folds 
1fudihara: calls $5.06
*** RIVER *** [9d 5d As 6h] [Jc]
AlexPinsk1: bets $12.27
1fudihara: folds 
Uncalled bet ($12.27) returned to AlexPinsk1
AlexPinsk1 collected $16.36 from pot
AlexPinsk1: doesn't show hand 
*** SUMMARY ***
Total pot $17.22 | Rake $0.86 
Board [9d 5d As 6h Jc]
Seat 1: 1fudihara (button) folded on the River
Seat 2: MAO_DZEDYN_S (small blind) folded before Flop
Seat 3: AlexPinsk1 (big blind) collected ($16.36)
Seat 4: EvilReality folded before Flop (didn't bet)
Seat 5: Manifestorr folded on the Turn
Seat 6: kekoccc folded before Flop (didn't bet)



PokerStars Hand #254338635819:  Hold'em No Limit ($0.50/$1.00 USD) - 2025/01/12 20:48:10 WET [2025/01/12 15:48:10 ET]
Table 'Hveen III' 6-max Seat #2 is the button
Seat 1: 1fudihara ($173.09 in chips) 
Seat 2: MAO_DZEDYN_S ($103.15 in chips) 
Seat 3: AlexPinsk1 ($109.10 in chips) 
Seat 4: EvilReality ($109.15 in chips) 
Seat 5: Manifestorr ($100 in chips) 
Seat 6: kekoccc ($100 in chips) 
AlexPinsk1: posts small blind $0.50
EvilReality: posts big blind $1
*** HOLE CARDS ***
Manifestorr: folds 
kekoccc: raises $1.50 to $2.50
1fudihara: folds 
MAO_DZEDYN_S: folds 
AlexPinsk1: folds 
EvilReality: folds 
Uncalled bet ($1.50) returned to kekoccc
kekoccc collected $2.50 from pot
kekoccc: doesn't show hand 
*** SUMMARY ***
Total pot $2.50 | Rake $0 
Seat 1: 1fudihara folded before Flop (didn't bet)
Seat 2: MAO_DZEDYN_S (button) folded before Flop (didn't bet)
Seat 3: AlexPinsk1 (small blind) folded before Flop
Seat 4: EvilReality (big blind) folded before Flop
Seat 5: Manifestorr folded before Flop (didn't bet)
Seat 6: kekoccc collected ($2.50)



PokerStars Hand #254338647484:  Hold'em No Limit ($0.50/$1.00 USD) - 2025/01/12 20:48:39 WET [2025/01/12 15:48:39 ET]
Table 'Hveen III' 6-max Seat #3 is the button
Seat 1: 1fudihara ($173.09 in chips) 
Seat 2: MAO_DZEDYN_S ($103.15 in chips) 
Seat 3: AlexPinsk1 ($108.60 in chips) 
Seat 4: EvilReality ($108.15 in chips) 
Seat 5: Manifestorr ($100 in chips) 
Seat 6: kekoccc ($101.50 in chips) 
EvilReality: posts small blind $0.50
Manifestorr: posts big blind $1
*** HOLE CARDS ***
kekoccc: folds 
1fudihara: raises $1.50 to $2.50
MAO_DZEDYN_S: folds 
AlexPinsk1: folds 
EvilReality: calls $2
Manifestorr: folds 
*** FLOP *** [3s 9d 2d]
EvilReality: checks 
1fudihara: bets $2.57
EvilReality: calls $2.57
*** TURN *** [3s 9d 2d] [Ah]
EvilReality: checks 
1fudihara: checks 
*** RIVER *** [3s 9d 2d Ah] [Ad]
EvilReality: checks 
1fudihara: bets $7
EvilReality: raises $96.08 to $103.08 and is all-in
1fudihara: folds [As]
Uncalled bet ($96.08) returned to EvilReality
EvilReality collected $23.88 from pot
EvilReality: doesn't show hand 
*** SUMMARY ***
Total pot $25.14 | Rake $1.26 
Board [3s 9d 2d Ah Ad]
Seat 1: 1fudihara folded on the River
Seat 2: MAO_DZEDYN_S folded before Flop (didn't bet)
Seat 3: AlexPinsk1 (button) folded before Flop (didn't bet)
Seat 4: EvilReality (small blind) collected ($23.88)
Seat 5: Manifestorr (big blind) folded before Flop
Seat 6: kekoccc folded before Flop (didn't bet)



PokerStars Hand #254338691109:  Hold'em No Limit ($0.50/$1.00 USD) - 2025/01/12 20:50:29 WET [2025/01/12 15:50:29 ET]
Table 'Hveen III' 6-max Seat #4 is the button
Seat 1: 1fudihara ($161.02 in chips) 
Seat 2: MAO_DZEDYN_S ($103.15 in chips) 
Seat 3: AlexPinsk1 ($108.60 in chips) 
Seat 4: EvilReality ($119.96 in chips) 
Seat 5: Manifestorr ($100 in chips) 
Seat 6: kekoccc ($101.50 in chips) 
Manifestorr: posts small blind $0.50
kekoccc: posts big blind $1
*** HOLE CARDS ***
1fudihara: folds 
MAO_DZEDYN_S: folds 
AlexPinsk1: folds 
EvilReality: folds 
Manifestorr: folds 
Uncalled bet ($0.50) returned to kekoccc
kekoccc collected $1 from pot
kekoccc: doesn't show hand 
*** SUMMARY ***
Total pot $1 | Rake $0 
Seat 1: 1fudihara folded before Flop (didn't bet)
Seat 2: MAO_DZEDYN_S folded before Flop (didn't bet)
Seat 3: AlexPinsk1 folded before Flop (didn't bet)
Seat 4: EvilReality (button) folded before Flop (didn't bet)
Seat 5: Manifestorr (small blind) folded before Flop
Seat 6: kekoccc (big blind) collected ($1)



PokerStars Hand #254338694720:  Hold'em No Limit ($0.50/$1.00 USD) - 2025/01/12 20:50:39 WET [2025/01/12 15:50:39 ET]
Table 'Hveen III' 6-max Seat #5 is the button
Seat 1: 1fudihara ($161.02 in chips) 
Seat 2: MAO_DZEDYN_S ($103.15 in chips) 
Seat 3: AlexPinsk1 ($108.60 in chips) 
Seat 4: EvilReality ($119.96 in chips) 
Seat 5: Manifestorr ($100 in chips) 
Seat 6: kekoccc ($102 in chips) 
kekoccc: posts small blind $0.50
1fudihara: posts big blind $1
*** HOLE CARDS ***
MAO_DZEDYN_S: folds 
AlexPinsk1: folds 
EvilReality: folds 
Manifestorr: raises $1.20 to $2.20
kekoccc: folds 
1fudihara: calls $1.20
*** FLOP *** [5c 9d 5s]
1fudihara: bets $4
Manifestorr: calls $4
*** TURN *** [5c 9d 5s] [4c]
1fudihara: bets $6
Manifestorr: calls $6
*** RIVER *** [5c 9d 5s 4c] [Qh]
1fudihara: bets $12
Manifestorr: calls $12
*** SHOW DOWN ***
1fudihara: shows [2h Th] (a pair of Fives)
Manifestorr: shows [9s Js] (two pair, Nines and Fives)
Manifestorr collected $46.46 from pot
*** SUMMARY ***
Total pot $48.90 | Rake $2.44 
Board [5c 9d 5s 4c Qh]
Seat 1: 1fudihara (big blind) showed [2h Th] and lost with a pair of Fives
Seat 2: MAO_DZEDYN_S folded before Flop (didn't bet)
Seat 3: AlexPinsk1 folded before Flop (didn't bet)
Seat 4: EvilReality folded before Flop (didn't bet)
Seat 5: Manifestorr (button) showed [9s Js] and won ($46.46) with two pair, Nines and Fives
Seat 6: kekoccc (small blind) folded before Flop



PokerStars Hand #254338732011:  Hold'em No Limit ($0.50/$1.00 USD) - 2025/01/12 20:52:13 WET [2025/01/12 15:52:13 ET]
Table 'Hveen III' 6-max Seat #6 is the button
Seat 1: 1fudihara ($136.82 in chips) 
Seat 2: MAO_DZEDYN_S ($103.15 in chips) 
Seat 3: AlexPinsk1 ($108.60 in chips) 
Seat 4: EvilReality ($119.96 in chips) 
Seat 5: Manifestorr ($122.26 in chips) 
Seat 6: kekoccc ($101.50 in chips) 
1fudihara: posts small blind $0.50
MAO_DZEDYN_S: posts big blind $1
*** HOLE CARDS ***
AlexPinsk1: folds 
EvilReality: folds 
Manifestorr: folds 
kekoccc: raises $1.50 to $2.50
1fudihara: raises $6.50 to $9
MAO_DZEDYN_S: folds 
kekoccc: calls $6.50
*** FLOP *** [9d Jd Jh]
1fudihara: bets $6.12
kekoccc: folds 
Uncalled bet ($6.12) returned to 1fudihara
1fudihara collected $18.05 from pot
1fudihara: doesn't show hand 
*** SUMMARY ***
Total pot $19 | Rake $0.95 
Board [9d Jd Jh]
Seat 1: 1fudihara (small blind) collected ($18.05)
Seat 2: MAO_DZEDYN_S (big blind) folded before Flop
Seat 3: AlexPinsk1 folded before Flop (didn't bet)
Seat 4: EvilReality folded before Flop (didn't bet)
Seat 5: Manifestorr folded before Flop (didn't bet)
Seat 6: kekoccc (button) folded on the Flop



PokerStars Hand #254338753292:  Hold'em No Limit ($0.50/$1.00 USD) - 2025/01/12 20:53:07 WET [2025/01/12 15:53:07 ET]
Table 'Hveen III' 6-max Seat #1 is the button
Seat 1: 1fudihara ($145.87 in chips) 
Seat 2: MAO_DZEDYN_S ($102.15 in chips) 
Seat 3: AlexPinsk1 ($108.60 in chips) 
Seat 4: EvilReality ($119.96 in chips) 
Seat 5: Manifestorr ($122.26 in chips) 
Seat 6: kekoccc ($100 in chips) 
MAO_DZEDYN_S: posts small blind $0.50
AlexPinsk1: posts big blind $1
*** HOLE CARDS ***
EvilReality: folds 
Manifestorr has timed out
Manifestorr: folds 
kekoccc: folds 
1fudihara: raises $1.32 to $2.32
MAO_DZEDYN_S: folds 
Manifestorr leaves the table
AlexPinsk1: calls $1.32
*** FLOP *** [9s Qs 2c]
AlexPinsk1: checks 
1fudihara: bets $2.20
kars0n joins the table at seat #5 
AlexPinsk1: raises $5.80 to $8
1fudihara: folds 
Uncalled bet ($5.80) returned to AlexPinsk1
AlexPinsk1 collected $9.06 from pot
AlexPinsk1: doesn't show hand 
*** SUMMARY ***
Total pot $9.54 | Rake $0.48 
Board [9s Qs 2c]
Seat 1: 1fudihara (button) folded on the Flop
Seat 2: MAO_DZEDYN_S (small blind) folded before Flop
Seat 3: AlexPinsk1 (big blind) collected ($9.06)
Seat 4: EvilReality folded before Flop (didn't bet)
Seat 5: Manifestorr folded before Flop (didn't bet)
Seat 6: kekoccc folded before Flop (didn't bet)



PokerStars Hand #254338776911:  Hold'em No Limit ($0.50/$1.00 USD) - 2025/01/12 20:54:07 WET [2025/01/12 15:54:07 ET]
Table 'Hveen III' 6-max Seat #2 is the button
Seat 5: kars0n ($100 in chips) is sitting out
Seat 1: 1fudihara ($141.35 in chips) 
Seat 2: MAO_DZEDYN_S ($101.65 in chips) 
Seat 3: AlexPinsk1 ($113.14 in chips) 
Seat 4: EvilReality ($119.96 in chips) 
Seat 6: kekoccc ($100 in chips) 
AlexPinsk1: posts small blind $0.50
EvilReality: posts big blind $1
kars0n: sits out 
*** HOLE CARDS ***
kekoccc: folds 
1fudihara: raises $1.50 to $2.50
MAO_DZEDYN_S: folds 
AlexPinsk1: folds 
EvilReality: folds 
Uncalled bet ($1.50) returned to 1fudihara
1fudihara collected $2.50 from pot
1fudihara: doesn't show hand 
*** SUMMARY ***
Total pot $2.50 | Rake $0 
Seat 5: kars0n
Seat 1: 1fudihara collected ($2.50)
Seat 2: MAO_DZEDYN_S (button) folded before Flop (didn't bet)
Seat 3: AlexPinsk1 (small blind) folded before Flop
Seat 4: EvilReality (big blind) folded before Flop
Seat 6: kekoccc folded before Flop (didn't bet)



PokerStars Hand #254338792828:  Hold'em No Limit ($0.50/$1.00 USD) - 2025/01/12 20:54:48 WET [2025/01/12 15:54:48 ET]
Table 'Hveen III' 6-max Seat #3 is the button
Seat 1: 1fudihara ($142.85 in chips) 
Seat 2: MAO_DZEDYN_S ($101.65 in chips) 
Seat 3: AlexPinsk1 ($112.64 in chips) 
Seat 4: EvilReality ($118.96 in chips) 
Seat 5: kars0n ($100 in chips) 
Seat 6: kekoccc ($100 in chips) 
EvilReality: posts small blind $0.50
kars0n: posts big blind $1
*** HOLE CARDS ***
kekoccc: folds 
1fudihara: raises $1.32 to $2.32
MAO_DZEDYN_S: raises $5.33 to $7.65
AlexPinsk1: folds 
EvilReality: folds 
kars0n: folds 
1fudihara: calls $5.33
*** FLOP *** [Ah 7c 5d]
1fudihara: checks 
MAO_DZEDYN_S: checks 
*** TURN *** [Ah 7c 5d] [8h]
1fudihara: bets $10
MAO_DZEDYN_S: calls $10
*** RIVER *** [Ah 7c 5d 8h] [6h]
1fudihara: bets $16
MAO_DZEDYN_S: folds 
Uncalled bet ($16) returned to 1fudihara
1fudihara collected $34.96 from pot
1fudihara: doesn't show hand 
*** SUMMARY ***
Total pot $36.80 | Rake $1.84 
Board [Ah 7c 5d 8h 6h]
Seat 1: 1fudihara collected ($34.96)
Seat 2: MAO_DZEDYN_S folded on the River
Seat 3: AlexPinsk1 (button) folded before Flop (didn't bet)
Seat 4: EvilReality (small blind) folded before Flop
Seat 5: kars0n (big blind) folded before Flop
Seat 6: kekoccc folded before Flop (didn't bet)



PokerStars Hand #254338812746:  Hold'em No Limit ($0.50/$1.00 USD) - 2025/01/12 20:56:08 WET [2025/01/12 15:56:08 ET]
Table 'Hveen III' 6-max Seat #4 is the button
Seat 1: 1fudihara ($160.16 in chips) 
Seat 2: MAO_DZEDYN_S ($100 in chips) 
Seat 3: AlexPinsk1 ($112.64 in chips) 
Seat 4: EvilReality ($118.46 in chips) 
Seat 5: kars0n ($100 in chips) 
Seat 6: kekoccc ($100 in chips) 
kars0n: posts small blind $0.50
kekoccc: posts big blind $1
*** HOLE CARDS ***
1fudihara: folds 
MAO_DZEDYN_S: folds 
AlexPinsk1: raises $1.50 to $2.50
EvilReality: folds 
kars0n: folds 
kekoccc: folds 
Uncalled bet ($1.50) returned to AlexPinsk1
AlexPinsk1 collected $2.50 from pot
AlexPinsk1: doesn't show hand 
*** SUMMARY ***
Total pot $2.50 | Rake $0 
Seat 1: 1fudihara folded before Flop (didn't bet)
Seat 2: MAO_DZEDYN_S folded before Flop (didn't bet)
Seat 3: AlexPinsk1 collected ($2.50)
Seat 4: EvilReality (button) folded before Flop (didn't bet)
Seat 5: kars0n (small blind) folded before Flop
Seat 6: kekoccc (big blind) folded before Flop



PokerStars Hand #254338817006:  Hold'em No Limit ($0.50/$1.00 USD) - 2025/01/12 20:56:26 WET [2025/01/12 15:56:26 ET]
Table 'Hveen III' 6-max Seat #5 is the button
Seat 1: 1fudihara ($160.16 in chips) 
Seat 2: MAO_DZEDYN_S ($100 in chips) 
Seat 3: AlexPinsk1 ($114.14 in chips) 
Seat 4: EvilReality ($118.46 in chips) 
Seat 5: kars0n ($100 in chips) 
Seat 6: kekoccc ($100 in chips) 
kekoccc: posts small blind $0.50
1fudihara: posts big blind $1
*** HOLE CARDS ***
MAO_DZEDYN_S: folds 
AlexPinsk1: folds 
EvilReality: raises $1.50 to $2.50
kars0n: calls $2.50
kekoccc: folds 
1fudihara: calls $1.50
*** FLOP *** [7s 4d 4h]
1fudihara: bets $2.43
EvilReality: calls $2.43
kars0n: calls $2.43
*** TURN *** [7s 4d 4h] [3d]
1fudihara: bets $7
EvilReality: folds 
kars0n: calls $7
*** RIVER *** [7s 4d 4h 3d] [6s]
1fudihara: bets $20
kars0n: calls $20
*** SHOW DOWN ***
1fudihara: shows [8c 5h] (a straight, Four to Eight)
kars0n: mucks hand 
1fudihara collected $66.79 from pot
*** SUMMARY ***
Total pot $69.29 | Rake $2.50 
Board [7s 4d 4h 3d 6s]
Seat 1: 1fudihara (big blind) showed [8c 5h] and won ($66.79) with a straight, Four to Eight
Seat 2: MAO_DZEDYN_S folded before Flop (didn't bet)
Seat 3: AlexPinsk1 folded before Flop (didn't bet)
Seat 4: EvilReality folded on the Turn
Seat 5: kars0n (button) mucked
Seat 6: kekoccc (small blind) folded before Flop



PokerStars Hand #254338829492:  Hold'em No Limit ($0.50/$1.00 USD) - 2025/01/12 20:57:23 WET [2025/01/12 15:57:23 ET]
Table 'Hveen III' 6-max Seat #6 is the button
Seat 1: 1fudihara ($195.02 in chips) 
Seat 2: MAO_DZEDYN_S ($100 in chips) 
Seat 3: AlexPinsk1 ($114.14 in chips) 
Seat 4: EvilReality ($113.53 in chips) 
Seat 5: kars0n ($100 in chips) 
Seat 6: kekoccc ($100 in chips) 
1fudihara: posts small blind $0.50
MAO_DZEDYN_S: posts big blind $1
*** HOLE CARDS ***
AlexPinsk1: folds 
EvilReality: folds 
kars0n: raises $1.50 to $2.50
kekoccc: folds 
1fudihara: calls $2
MAO_DZEDYN_S: folds 
*** FLOP *** [3s 8h Tc]
1fudihara: checks 
kars0n: checks 
*** TURN *** [3s 8h Tc] [3h]
1fudihara: checks 
kars0n: checks 
*** RIVER *** [3s 8h Tc 3h] [7d]
1fudihara: bets $5.70
kars0n: folds 
Uncalled bet ($5.70) returned to 1fudihara
1fudihara collected $5.70 from pot
1fudihara: doesn't show hand 
*** SUMMARY ***
Total pot $6 | Rake $0.30 
Board [3s 8h Tc 3h 7d]
Seat 1: 1fudihara (small blind) collected ($5.70)
Seat 2: MAO_DZEDYN_S (big blind) folded before Flop
Seat 3: AlexPinsk1 folded before Flop (didn't bet)
Seat 4: EvilReality folded before Flop (didn't bet)
Seat 5: kars0n folded on the River
Seat 6: kekoccc (button) folded before Flop (didn't bet)



PokerStars Hand #254338840120:  Hold'em No Limit ($0.50/$1.00 USD) - 2025/01/12 20:58:11 WET [2025/01/12 15:58:11 ET]
Table 'Hveen III' 6-max Seat #1 is the button
Seat 1: 1fudihara ($198.22 in chips) 
Seat 2: MAO_DZEDYN_S ($100 in chips) 
Seat 3: AlexPinsk1 ($114.14 in chips) 
Seat 4: EvilReality ($113.53 in chips) 
Seat 5: kars0n ($100 in chips) 
Seat 6: kekoccc ($100 in chips) 
MAO_DZEDYN_S: posts small blind $0.50
AlexPinsk1: posts big blind $1
*** HOLE CARDS ***
EvilReality: folds 
kars0n: raises $1 to $2
kekoccc: folds 
1fudihara: folds 
MAO_DZEDYN_S: folds 
AlexPinsk1: folds 
Uncalled bet ($1) returned to kars0n
kars0n collected $2.50 from pot
kars0n: doesn't show hand 
*** SUMMARY ***
Total pot $2.50 | Rake $0 
Seat 1: 1fudihara (button) folded before Flop (didn't bet)
Seat 2: MAO_DZEDYN_S (small blind) folded before Flop
Seat 3: AlexPinsk1 (big blind) folded before Flop
Seat 4: EvilReality folded before Flop (didn't bet)
Seat 5: kars0n collected ($2.50)
Seat 6: kekoccc folded before Flop (didn't bet)



PokerStars Hand #254338844400:  Hold'em No Limit ($0.50/$1.00 USD) - 2025/01/12 20:58:29 WET [2025/01/12 15:58:29 ET]
Table 'Hveen III' 6-max Seat #2 is the button
Seat 1: 1fudihara ($198.22 in chips) 
Seat 2: MAO_DZEDYN_S ($100 in chips) 
Seat 3: AlexPinsk1 ($113.14 in chips) 
Seat 4: EvilReality ($113.53 in chips) 
Seat 5: kars0n ($101.50 in chips) 
Seat 6: kekoccc ($100 in chips) 
AlexPinsk1: posts small blind $0.50
EvilReality: posts big blind $1
*** HOLE CARDS ***
kars0n: folds 
kekoccc: raises $1.50 to $2.50
1fudihara: folds 
MAO_DZEDYN_S: folds 
AlexPinsk1: folds 
EvilReality: calls $1.50
*** FLOP *** [Ad Ac Jc]
EvilReality: checks 
kekoccc: checks 
*** TURN *** [Ad Ac Jc] [8c]
EvilReality: bets $3.91
kekoccc: calls $3.91
*** RIVER *** [Ad Ac Jc 8c] [Qs]
EvilReality: bets $7.59
kekoccc: folds 
Uncalled bet ($7.59) returned to EvilReality
EvilReality collected $12.65 from pot
EvilReality: doesn't show hand 
*** SUMMARY ***
Total pot $13.32 | Rake $0.67 
Board [Ad Ac Jc 8c Qs]
Seat 1: 1fudihara folded before Flop (didn't bet)
Seat 2: MAO_DZEDYN_S (button) folded before Flop (didn't bet)
Seat 3: AlexPinsk1 (small blind) folded before Flop
Seat 4: EvilReality (big blind) collected ($12.65)
Seat 5: kars0n folded before Flop (didn't bet)
Seat 6: kekoccc folded on the River



PokerStars Hand #254338865635:  Hold'em No Limit ($0.50/$1.00 USD) - 2025/01/12 21:00:03 WET [2025/01/12 16:00:03 ET]
Table 'Hveen III' 6-max Seat #3 is the button
Seat 1: 1fudihara ($198.22 in chips) 
Seat 2: MAO_DZEDYN_S ($100 in chips) 
Seat 3: AlexPinsk1 ($112.64 in chips) 
Seat 4: EvilReality ($119.77 in chips) 
Seat 5: kars0n ($101.50 in chips) 
Seat 6: kekoccc ($100 in chips) 
EvilReality: posts small blind $0.50
kars0n: posts big blind $1
*** HOLE CARDS ***
kekoccc: folds 
1fudihara: folds 
MAO_DZEDYN_S: folds 
AlexPinsk1: raises $1.50 to $2.50
EvilReality: folds 
kars0n: folds 
Uncalled bet ($1.50) returned to AlexPinsk1
AlexPinsk1 collected $2.50 from pot
AlexPinsk1: doesn't show hand 
*** SUMMARY ***
Total pot $2.50 | Rake $0 
Seat 1: 1fudihara folded before Flop (didn't bet)
Seat 2: MAO_DZEDYN_S folded before Flop (didn't bet)
Seat 3: AlexPinsk1 (button) collected ($2.50)
Seat 4: EvilReality (small blind) folded before Flop
Seat 5: kars0n (big blind) folded before Flop
Seat 6: kekoccc folded before Flop (didn't bet)



PokerStars Hand #254338869793:  Hold'em No Limit ($0.50/$1.00 USD) - 2025/01/12 21:00:21 WET [2025/01/12 16:00:21 ET]
Table 'Hveen III' 6-max Seat #4 is the button
Seat 1: 1fudihara ($198.22 in chips) 
Seat 2: MAO_DZEDYN_S ($100 in chips) 
Seat 3: AlexPinsk1 ($114.14 in chips) 
Seat 4: EvilReality ($119.27 in chips) 
Seat 5: kars0n ($100.50 in chips) 
Seat 6: kekoccc ($100 in chips) 
kars0n: posts small blind $0.50
kekoccc: posts big blind $1
*** HOLE CARDS ***
1fudihara has timed out
1fudihara: folds 
MAO_DZEDYN_S: folds 
AlexPinsk1: raises $1.50 to $2.50
EvilReality: folds 
kars0n: folds 
kekoccc: calls $1.50
*** FLOP *** [5h Jh Ks]
kekoccc: checks 
AlexPinsk1: bets $3.92
kekoccc: calls $3.92
*** TURN *** [5h Jh Ks] [9s]
kekoccc: checks 
AlexPinsk1: checks 
*** RIVER *** [5h Jh Ks 9s] [6h]
kekoccc: checks 
AlexPinsk1: checks 
*** SHOW DOWN ***
kekoccc: shows [Qd As] (high card Ace)
AlexPinsk1: mucks hand 
kekoccc collected $12.67 from pot
*** SUMMARY ***
Total pot $13.34 | Rake $0.67 
Board [5h Jh Ks 9s 6h]
Seat 1: 1fudihara folded before Flop (didn't bet)
Seat 2: MAO_DZEDYN_S folded before Flop (didn't bet)
Seat 3: AlexPinsk1 mucked
Seat 4: EvilReality (button) folded before Flop (didn't bet)
Seat 5: kars0n (small blind) folded before Flop
Seat 6: kekoccc (big blind) showed [Qd As] and won ($12.67) with high card Ace



PokerStars Hand #254338892842:  Hold'em No Limit ($0.50/$1.00 USD) - 2025/01/12 21:01:43 WET [2025/01/12 16:01:43 ET]
Table 'Hveen III' 6-max Seat #5 is the button
Seat 1: 1fudihara ($198.22 in chips) 
Seat 2: MAO_DZEDYN_S ($100 in chips) 
Seat 3: AlexPinsk1 ($107.72 in chips) 
Seat 4: EvilReality ($119.27 in chips) 
Seat 5: kars0n ($100 in chips) 
Seat 6: kekoccc ($106.25 in chips) 
kekoccc: posts small blind $0.50
1fudihara: posts big blind $1
*** HOLE CARDS ***
MAO_DZEDYN_S: folds 
AlexPinsk1: folds 
EvilReality: raises $1.50 to $2.50
kars0n: folds 
kekoccc: folds 
1fudihara: calls $1.50
*** FLOP *** [5h Ah 9s]
1fudihara: checks 
EvilReality: checks 
*** TURN *** [5h Ah 9s] [Jh]
1fudihara: checks 
EvilReality: checks 
*** RIVER *** [5h Ah 9s Jh] [4d]
1fudihara: checks 
EvilReality: checks 
*** SHOW DOWN ***
1fudihara: shows [Jd Qc] (a pair of Jacks)
EvilReality: mucks hand 
1fudihara collected $5.22 from pot
*** SUMMARY ***
Total pot $5.50 | Rake $0.28 
Board [5h Ah 9s Jh 4d]
Seat 1: 1fudihara (big blind) showed [Jd Qc] and won ($5.22) with a pair of Jacks
Seat 2: MAO_DZEDYN_S folded before Flop (didn't bet)
Seat 3: AlexPinsk1 folded before Flop (didn't bet)
Seat 4: EvilReality mucked
Seat 5: kars0n (button) folded before Flop (didn't bet)
Seat 6: kekoccc (small blind) folded before Flop



PokerStars Hand #254338904793:  Hold'em No Limit ($0.50/$1.00 USD) - 2025/01/12 21:02:15 WET [2025/01/12 16:02:15 ET]
Table 'Hveen III' 6-max Seat #6 is the button
Seat 1: 1fudihara ($200.94 in chips) 
Seat 2: MAO_DZEDYN_S ($100 in chips) 
Seat 3: AlexPinsk1 ($107.72 in chips) 
Seat 4: EvilReality ($116.77 in chips) 
Seat 5: kars0n ($100 in chips) 
Seat 6: kekoccc ($105.75 in chips) 
1fudihara: posts small blind $0.50
MAO_DZEDYN_S: posts big blind $1
*** HOLE CARDS ***
AlexPinsk1: folds 
EvilReality: folds 
kars0n: raises $1.50 to $2.50
kekoccc: folds 
1fudihara: folds 
MAO_DZEDYN_S: folds 
Uncalled bet ($1.50) returned to kars0n
kars0n collected $2.50 from pot
kars0n: doesn't show hand 
*** SUMMARY ***
Total pot $2.50 | Rake $0 
Seat 1: 1fudihara (small blind) folded before Flop
Seat 2: MAO_DZEDYN_S (big blind) folded before Flop
Seat 3: AlexPinsk1 folded before Flop (didn't bet)
Seat 4: EvilReality folded before Flop (didn't bet)
Seat 5: kars0n collected ($2.50)
Seat 6: kekoccc (button) folded before Flop (didn't bet)



PokerStars Hand #254338915516:  Hold'em No Limit ($0.50/$1.00 USD) - 2025/01/12 21:02:47 WET [2025/01/12 16:02:47 ET]
Table 'Hveen III' 6-max Seat #1 is the button
Seat 1: 1fudihara ($200.44 in chips) 
Seat 2: MAO_DZEDYN_S ($100 in chips) 
Seat 3: AlexPinsk1 ($107.72 in chips) 
Seat 4: EvilReality ($116.77 in chips) 
Seat 5: kars0n ($101.50 in chips) 
Seat 6: kekoccc ($105.75 in chips) 
MAO_DZEDYN_S: posts small blind $0.50
AlexPinsk1: posts big blind $1
*** HOLE CARDS ***
EvilReality: folds 
kars0n: folds 
kekoccc: folds 
1fudihara: folds 
MAO_DZEDYN_S: raises $2 to $3
AlexPinsk1: folds 
Uncalled bet ($2) returned to MAO_DZEDYN_S
MAO_DZEDYN_S collected $2 from pot
MAO_DZEDYN_S: doesn't show hand 
*** SUMMARY ***
Total pot $2 | Rake $0 
Seat 1: 1fudihara (button) folded before Flop (didn't bet)
Seat 2: MAO_DZEDYN_S (small blind) collected ($2)
Seat 3: AlexPinsk1 (big blind) folded before Flop
Seat 4: EvilReality folded before Flop (didn't bet)
Seat 5: kars0n folded before Flop (didn't bet)
Seat 6: kekoccc folded before Flop (didn't bet)



PokerStars Hand #254338932897:  Hold'em No Limit ($0.50/$1.00 USD) - 2025/01/12 21:03:32 WET [2025/01/12 16:03:32 ET]
Table 'Hveen III' 6-max Seat #2 is the button
Seat 1: 1fudihara ($200.44 in chips) 
Seat 2: MAO_DZEDYN_S ($101 in chips) 
Seat 3: AlexPinsk1 ($106.72 in chips) 
Seat 4: EvilReality ($116.77 in chips) 
Seat 5: kars0n ($101.50 in chips) 
Seat 6: kekoccc ($105.75 in chips) 
AlexPinsk1: posts small blind $0.50
EvilReality: posts big blind $1
*** HOLE CARDS ***
kars0n: folds 
kekoccc: folds 
1fudihara: folds 
MAO_DZEDYN_S: folds 
AlexPinsk1: raises $2 to $3
EvilReality: calls $2
*** FLOP *** [5s Kc Jd]
AlexPinsk1: bets $1.88
EvilReality: calls $1.88
*** TURN *** [5s Kc Jd] [Qd]
AlexPinsk1: checks 
EvilReality: bets $7.88
AlexPinsk1: calls $7.88
*** RIVER *** [5s Kc Jd Qd] [Th]
AlexPinsk1: checks 
EvilReality: bets $12.85
AlexPinsk1: calls $12.85
*** SHOW DOWN ***
EvilReality: shows [Ad Tc] (a straight, Ten to Ace)
AlexPinsk1: mucks hand 
EvilReality collected $48.72 from pot
*** SUMMARY ***
Total pot $51.22 | Rake $2.50 
Board [5s Kc Jd Qd Th]
Seat 1: 1fudihara folded before Flop (didn't bet)
Seat 2: MAO_DZEDYN_S (button) folded before Flop (didn't bet)
Seat 3: AlexPinsk1 (small blind) mucked
Seat 4: EvilReality (big blind) showed [Ad Tc] and won ($48.72) with a straight, Ten to Ace
Seat 5: kars0n folded before Flop (didn't bet)
Seat 6: kekoccc folded before Flop (didn't bet)



PokerStars Hand #254338974029:  Hold'em No Limit ($0.50/$1.00 USD) - 2025/01/12 21:05:14 WET [2025/01/12 16:05:14 ET]
Table 'Hveen III' 6-max Seat #3 is the button
Seat 1: 1fudihara ($200.44 in chips) 
Seat 2: MAO_DZEDYN_S ($101 in chips) 
Seat 3: AlexPinsk1 ($100 in chips) 
Seat 4: EvilReality ($139.88 in chips) 
Seat 5: kars0n ($101.50 in chips) 
Seat 6: kekoccc ($105.75 in chips) 
EvilReality: posts small blind $0.50
kars0n: posts big blind $1
*** HOLE CARDS ***
kekoccc: folds 
1fudihara: folds 
MAO_DZEDYN_S: folds 
AlexPinsk1: folds 
EvilReality: raises $2 to $3
kars0n: calls $2
*** FLOP *** [8s Qc 6s]
EvilReality: checks 
kars0n: checks 
*** TURN *** [8s Qc 6s] [2h]
EvilReality: checks 
kars0n: bets $8.55
EvilReality: folds 
Uncalled bet ($8.55) returned to kars0n
kars0n collected $5.70 from pot
kars0n: doesn't show hand 
*** SUMMARY ***
Total pot $6 | Rake $0.30 
Board [8s Qc 6s 2h]
Seat 1: 1fudihara folded before Flop (didn't bet)
Seat 2: MAO_DZEDYN_S folded before Flop (didn't bet)
Seat 3: AlexPinsk1 (button) folded before Flop (didn't bet)
Seat 4: EvilReality (small blind) folded on the Turn
Seat 5: kars0n (big blind) collected ($5.70)
Seat 6: kekoccc folded before Flop (didn't bet)



PokerStars Hand #254338995882:  Hold'em No Limit ($0.50/$1.00 USD) - 2025/01/12 21:06:09 WET [2025/01/12 16:06:09 ET]
Table 'Hveen III' 6-max Seat #4 is the button
Seat 1: 1fudihara ($200.44 in chips) 
Seat 2: MAO_DZEDYN_S ($101 in chips) 
Seat 3: AlexPinsk1 ($100 in chips) 
Seat 4: EvilReality ($136.88 in chips) 
Seat 5: kars0n ($104.20 in chips) 
Seat 6: kekoccc ($105.75 in chips) 
kars0n: posts small blind $0.50
kekoccc: posts big blind $1
*** HOLE CARDS ***
1fudihara: folds 
MAO_DZEDYN_S: folds 
AlexPinsk1: folds 
EvilReality: folds 
kars0n: raises $2 to $3
kekoccc: calls $2
*** FLOP *** [8c 8h 6c]
kars0n: checks 
kekoccc: checks 
*** TURN *** [8c 8h 6c] [4c]
kars0n: checks 
kekoccc: bets $2.28
kars0n: folds 
Uncalled bet ($2.28) returned to kekoccc
kekoccc collected $5.70 from pot
kekoccc: doesn't show hand 
*** SUMMARY ***
Total pot $6 | Rake $0.30 
Board [8c 8h 6c 4c]
Seat 1: 1fudihara folded before Flop (didn't bet)
Seat 2: MAO_DZEDYN_S folded before Flop (didn't bet)
Seat 3: AlexPinsk1 folded before Flop (didn't bet)
Seat 4: EvilReality (button) folded before Flop (didn't bet)
Seat 5: kars0n (small blind) folded on the Turn
Seat 6: kekoccc (big blind) collected ($5.70)



PokerStars Hand #254339018849:  Hold'em No Limit ($0.50/$1.00 USD) - 2025/01/12 21:07:06 WET [2025/01/12 16:07:06 ET]
Table 'Hveen III' 6-max Seat #5 is the button
Seat 1: 1fudihara ($200.44 in chips) 
Seat 2: MAO_DZEDYN_S ($101 in chips) 
Seat 3: AlexPinsk1 ($100 in chips) 
Seat 4: EvilReality ($136.88 in chips) 
Seat 5: kars0n ($101.20 in chips) 
Seat 6: kekoccc ($108.45 in chips) 
kekoccc: posts small blind $0.50
1fudihara: posts big blind $1
*** HOLE CARDS ***
MAO_DZEDYN_S: folds 
AlexPinsk1: raises $1.50 to $2.50
EvilReality: folds 
kars0n: folds 
kekoccc: folds 
1fudihara: calls $1.50
*** FLOP *** [Js Tc Jc]
1fudihara: checks 
AlexPinsk1: bets $1.72
1fudihara: folds 
Uncalled bet ($1.72) returned to AlexPinsk1
AlexPinsk1 collected $5.22 from pot
AlexPinsk1: doesn't show hand 
*** SUMMARY ***
Total pot $5.50 | Rake $0.28 
Board [Js Tc Jc]
Seat 1: 1fudihara (big blind) folded on the Flop
Seat 2: MAO_DZEDYN_S folded before Flop (didn't bet)
Seat 3: AlexPinsk1 collected ($5.22)
Seat 4: EvilReality folded before Flop (didn't bet)
Seat 5: kars0n (button) folded before Flop (didn't bet)
Seat 6: kekoccc (small blind) folded before Flop



PokerStars Hand #254339032413:  Hold'em No Limit ($0.50/$1.00 USD) - 2025/01/12 21:07:40 WET [2025/01/12 16:07:40 ET]
Table 'Hveen III' 6-max Seat #6 is the button
Seat 1: 1fudihara ($197.94 in chips) 
Seat 2: MAO_DZEDYN_S ($101 in chips) 
Seat 3: AlexPinsk1 ($102.72 in chips) 
Seat 4: EvilReality ($136.88 in chips) 
Seat 5: kars0n ($101.20 in chips) 
Seat 6: kekoccc ($107.95 in chips) 
1fudihara: posts small blind $0.50
MAO_DZEDYN_S: posts big blind $1
*** HOLE CARDS ***
AlexPinsk1: folds 
EvilReality: folds 
kars0n: folds 
kekoccc: folds 
1fudihara: calls $0.50
MAO_DZEDYN_S: checks 
*** FLOP *** [Kh 8h 4s]
1fudihara: checks 
MAO_DZEDYN_S: checks 
*** TURN *** [Kh 8h 4s] [2s]
1fudihara: bets $1
MAO_DZEDYN_S: calls $1
*** RIVER *** [Kh 8h 4s 2s] [9h]
1fudihara: checks 
MAO_DZEDYN_S: checks 
*** SHOW DOWN ***
1fudihara: shows [As 2h] (a pair of Deuces)
MAO_DZEDYN_S: mucks hand 
1fudihara collected $3.80 from pot
*** SUMMARY ***
Total pot $4 | Rake $0.20 
Board [Kh 8h 4s 2s 9h]
Seat 1: 1fudihara (small blind) showed [As 2h] and won ($3.80) with a pair of Deuces
Seat 2: MAO_DZEDYN_S (big blind) mucked
Seat 3: AlexPinsk1 folded before Flop (didn't bet)
Seat 4: EvilReality folded before Flop (didn't bet)
Seat 5: kars0n folded before Flop (didn't bet)
Seat 6: kekoccc (button) folded before Flop (didn't bet)



PokerStars Hand #254339056561:  Hold'em No Limit ($0.50/$1.00 USD) - 2025/01/12 21:08:41 WET [2025/01/12 16:08:41 ET]
Table 'Hveen III' 6-max Seat #1 is the button
Seat 1: 1fudihara ($199.74 in chips) 
Seat 2: MAO_DZEDYN_S ($100 in chips) 
Seat 3: AlexPinsk1 ($102.72 in chips) 
Seat 4: EvilReality ($136.88 in chips) 
Seat 5: kars0n ($101.20 in chips) 
Seat 6: kekoccc ($107.95 in chips) 
MAO_DZEDYN_S: posts small blind $0.50
AlexPinsk1: posts big blind $1
*** HOLE CARDS ***
EvilReality: folds 
kars0n: folds 
kekoccc: folds 
1fudihara: raises $1.50 to $2.50
MAO_DZEDYN_S: folds 
AlexPinsk1: folds 
Uncalled bet ($1.50) returned to 1fudihara
1fudihara collected $2.50 from pot
1fudihara: doesn't show hand 
*** SUMMARY ***
Total pot $2.50 | Rake $0 
Seat 1: 1fudihara (button) collected ($2.50)
Seat 2: MAO_DZEDYN_S (small blind) folded before Flop
Seat 3: AlexPinsk1 (big blind) folded before Flop
Seat 4: EvilReality folded before Flop (didn't bet)
Seat 5: kars0n folded before Flop (didn't bet)
Seat 6: kekoccc folded before Flop (didn't bet)



PokerStars Hand #254339064270:  Hold'em No Limit ($0.50/$1.00 USD) - 2025/01/12 21:09:00 WET [2025/01/12 16:09:00 ET]
Table 'Hveen III' 6-max Seat #2 is the button
Seat 1: 1fudihara ($201.24 in chips) 
Seat 2: MAO_DZEDYN_S ($100 in chips) 
Seat 3: AlexPinsk1 ($101.72 in chips) 
Seat 4: EvilReality ($136.88 in chips) 
Seat 5: kars0n ($101.20 in chips) 
Seat 6: kekoccc ($107.95 in chips) 
AlexPinsk1: posts small blind $0.50
EvilReality: posts big blind $1
*** HOLE CARDS ***
kars0n: folds 
kekoccc: folds 
1fudihara: folds 
MAO_DZEDYN_S: folds 
AlexPinsk1: raises $2 to $3
EvilReality: calls $2
*** FLOP *** [4c 5s Jc]
AlexPinsk1: checks 
EvilReality: checks 
*** TURN *** [4c 5s Jc] [Ad]
AlexPinsk1: checks 
EvilReality: bets $4.27
AlexPinsk1: folds 
Uncalled bet ($4.27) returned to EvilReality
EvilReality collected $5.70 from pot
EvilReality: doesn't show hand 
*** SUMMARY ***
Total pot $6 | Rake $0.30 
Board [4c 5s Jc Ad]
Seat 1: 1fudihara folded before Flop (didn't bet)
Seat 2: MAO_DZEDYN_S (button) folded before Flop (didn't bet)
Seat 3: AlexPinsk1 (small blind) folded on the Turn
Seat 4: EvilReality (big blind) collected ($5.70)
Seat 5: kars0n folded before Flop (didn't bet)
Seat 6: kekoccc folded before Flop (didn't bet)



PokerStars Hand #254339080776:  Hold'em No Limit ($0.50/$1.00 USD) - 2025/01/12 21:09:42 WET [2025/01/12 16:09:42 ET]
Table 'Hveen III' 6-max Seat #3 is the button
Seat 1: 1fudihara ($201.24 in chips) 
Seat 2: MAO_DZEDYN_S ($100 in chips) 
Seat 3: AlexPinsk1 ($100 in chips) 
Seat 4: EvilReality ($139.58 in chips) 
Seat 5: kars0n ($101.20 in chips) 
Seat 6: kekoccc ($107.95 in chips) 
EvilReality: posts small blind $0.50
kars0n: posts big blind $1
*** HOLE CARDS ***
kekoccc: folds 
kekoccc leaves the table
1fudihara: folds 
MAO_DZEDYN_S: raises $1.25 to $2.25
AlexPinsk1: folds 
EvilReality: folds 
kars0n: folds 
Uncalled bet ($1.25) returned to MAO_DZEDYN_S
MAO_DZEDYN_S collected $2.50 from pot
MAO_DZEDYN_S: doesn't show hand 
*** SUMMARY ***
Total pot $2.50 | Rake $0 
Seat 1: 1fudihara folded before Flop (didn't bet)
Seat 2: MAO_DZEDYN_S collected ($2.50)
Seat 3: AlexPinsk1 (button) folded before Flop (didn't bet)
Seat 4: EvilReality (small blind) folded before Flop
Seat 5: kars0n (big blind) folded before Flop
Seat 6: kekoccc folded before Flop (didn't bet)



PokerStars Hand #254339087956:  Hold'em No Limit ($0.50/$1.00 USD) - 2025/01/12 21:10:00 WET [2025/01/12 16:10:00 ET]
Table 'Hveen III' 6-max Seat #4 is the button
Seat 1: 1fudihara ($201.24 in chips) 
Seat 2: MAO_DZEDYN_S ($101.50 in chips) 
Seat 3: AlexPinsk1 ($100 in chips) 
Seat 4: EvilReality ($139.08 in chips) 
Seat 5: kars0n ($100.20 in chips) 
kars0n: posts small blind $0.50
Joe_Li7 joins the table at seat #6 
1fudihara: posts big blind $1
*** HOLE CARDS ***
MAO_DZEDYN_S: folds 
AlexPinsk1: folds 
EvilReality: folds 
kars0n: raises $2 to $3
1fudihara: folds 
Uncalled bet ($2) returned to kars0n
kars0n collected $2 from pot
kars0n: doesn't show hand 
*** SUMMARY ***
Total pot $2 | Rake $0 
Seat 1: 1fudihara (big blind) folded before Flop
Seat 2: MAO_DZEDYN_S folded before Flop (didn't bet)
Seat 3: AlexPinsk1 folded before Flop (didn't bet)
Seat 4: EvilReality (button) folded before Flop (didn't bet)
Seat 5: kars0n (small blind) collected ($2)



PokerStars Hand #254339093915:  Hold'em No Limit ($0.50/$1.00 USD) - 2025/01/12 21:10:14 WET [2025/01/12 16:10:14 ET]
Table 'Hveen III' 6-max Seat #5 is the button
Seat 6: Joe_Li7 ($100 in chips) is sitting out
Seat 1: 1fudihara ($200.24 in chips) 
Seat 2: MAO_DZEDYN_S ($101.50 in chips) 
Seat 3: AlexPinsk1 ($100 in chips) 
Seat 4: EvilReality ($139.08 in chips) 
Seat 5: kars0n ($101.20 in chips) 
1fudihara: posts small blind $0.50
MAO_DZEDYN_S: posts big blind $1
*** HOLE CARDS ***
AlexPinsk1: raises $1.50 to $2.50
EvilReality: folds 
kars0n: raises $5 to $7.50
1fudihara: folds 
MAO_DZEDYN_S: folds 
AlexPinsk1: calls $5
*** FLOP *** [Th 8s Qd]
AlexPinsk1: checks 
kars0n: bets $5.17
AlexPinsk1: folds 
Uncalled bet ($5.17) returned to kars0n
kars0n collected $15.68 from pot
kars0n: doesn't show hand 
*** SUMMARY ***
Total pot $16.50 | Rake $0.82 
Board [Th 8s Qd]
Seat 6: Joe_Li7
Seat 1: 1fudihara (small blind) folded before Flop
Seat 2: MAO_DZEDYN_S (big blind) folded before Flop
Seat 3: AlexPinsk1 folded on the Flop
Seat 4: EvilReality folded before Flop (didn't bet)
Seat 5: kars0n (button) collected ($15.68)



PokerStars Hand #254339106506:  Hold'em No Limit ($0.50/$1.00 USD) - 2025/01/12 21:10:45 WET [2025/01/12 16:10:45 ET]
Table 'Hveen III' 6-max Seat #1 is the button
Seat 6: Joe_Li7 ($100 in chips) is sitting out
Seat 1: 1fudihara ($199.74 in chips) 
Seat 2: MAO_DZEDYN_S ($100.50 in chips) 
Seat 3: AlexPinsk1 ($100 in chips) 
Seat 4: EvilReality ($139.08 in chips) 
Seat 5: kars0n ($109.38 in chips) 
MAO_DZEDYN_S: posts small blind $0.50
AlexPinsk1: posts big blind $1
Joe_Li7: sits out 
*** HOLE CARDS ***
EvilReality: folds 
kars0n: folds 
1fudihara: raises $2 to $3
MAO_DZEDYN_S: folds 
AlexPinsk1: folds 
Uncalled bet ($2) returned to 1fudihara
1fudihara collected $2.50 from pot
1fudihara: doesn't show hand 
*** SUMMARY ***
Total pot $2.50 | Rake $0 
Seat 6: Joe_Li7
Seat 1: 1fudihara (button) collected ($2.50)
Seat 2: MAO_DZEDYN_S (small blind) folded before Flop
Seat 3: AlexPinsk1 (big blind) folded before Flop
Seat 4: EvilReality folded before Flop (didn't bet)
Seat 5: kars0n folded before Flop (didn't bet)



PokerStars Hand #254339115302:  Hold'em No Limit ($0.50/$1.00 USD) - 2025/01/12 21:11:07 WET [2025/01/12 16:11:07 ET]
Table 'Hveen III' 6-max Seat #2 is the button
Seat 6: Joe_Li7 ($100 in chips) is sitting out
Seat 1: 1fudihara ($201.24 in chips) 
Seat 2: MAO_DZEDYN_S ($100 in chips) 
Seat 3: AlexPinsk1 ($100 in chips) 
Seat 4: EvilReality ($139.08 in chips) 
Seat 5: kars0n ($109.38 in chips) 
AlexPinsk1: posts small blind $0.50
EvilReality: posts big blind $1
Joe_Li7: sits out 
*** HOLE CARDS ***
kars0n: folds 
1fudihara: raises $2 to $3
MAO_DZEDYN_S: folds 
AlexPinsk1: folds 
EvilReality: calls $2
*** FLOP *** [2h 9c 8s]
EvilReality: checks 
1fudihara: bets $2.78
EvilReality: calls $2.78
*** TURN *** [2h 9c 8s] [8d]
EvilReality: checks 
1fudihara: checks 
*** RIVER *** [2h 9c 8s 8d] [Ts]
EvilReality: bets $8.60
1fudihara: folds 
Uncalled bet ($8.60) returned to EvilReality
EvilReality collected $11.46 from pot
EvilReality: doesn't show hand 
*** SUMMARY ***
Total pot $12.06 | Rake $0.60 
Board [2h 9c 8s 8d Ts]
Seat 6: Joe_Li7
Seat 1: 1fudihara folded on the River
Seat 2: MAO_DZEDYN_S (button) folded before Flop (didn't bet)
Seat 3: AlexPinsk1 (small blind) folded before Flop
Seat 4: EvilReality (big blind) collected ($11.46)
Seat 5: kars0n folded before Flop (didn't bet)



PokerStars Hand #254339137931:  Hold'em No Limit ($0.50/$1.00 USD) - 2025/01/12 21:12:02 WET [2025/01/12 16:12:02 ET]
Table 'Hveen III' 6-max Seat #3 is the button
Seat 6: Joe_Li7 ($100 in chips) is sitting out
Seat 1: 1fudihara ($195.46 in chips) 
Seat 2: MAO_DZEDYN_S ($100 in chips) 
Seat 3: AlexPinsk1 ($100 in chips) 
Seat 4: EvilReality ($144.76 in chips) 
Seat 5: kars0n ($109.38 in chips) 
EvilReality: posts small blind $0.50
kars0n: posts big blind $1
Joe_Li7: sits out 
*** HOLE CARDS ***
1fudihara: raises $1.50 to $2.50
MAO_DZEDYN_S: folds 
AlexPinsk1: folds 
EvilReality: folds 
kars0n: folds 
Uncalled bet ($1.50) returned to 1fudihara
1fudihara collected $2.50 from pot
1fudihara: doesn't show hand 
*** SUMMARY ***
Total pot $2.50 | Rake $0 
Seat 6: Joe_Li7
Seat 1: 1fudihara collected ($2.50)
Seat 2: MAO_DZEDYN_S folded before Flop (didn't bet)
Seat 3: AlexPinsk1 (button) folded before Flop (didn't bet)
Seat 4: EvilReality (small blind) folded before Flop
Seat 5: kars0n (big blind) folded before Flop



PokerStars Hand #254339144063:  Hold'em No Limit ($0.50/$1.00 USD) - 2025/01/12 21:12:18 WET [2025/01/12 16:12:18 ET]
Table 'Hveen III' 6-max Seat #4 is the button
Seat 1: 1fudihara ($196.96 in chips) 
Seat 2: MAO_DZEDYN_S ($100 in chips) 
Seat 3: AlexPinsk1 ($100 in chips) 
Seat 4: EvilReality ($144.26 in chips) 
Seat 5: kars0n ($108.38 in chips) 
Seat 6: Joe_Li7 ($100 in chips) 
kars0n: posts small blind $0.50
Joe_Li7: posts big blind $1
*** HOLE CARDS ***
1fudihara: folds 
MAO_DZEDYN_S: folds 
AlexPinsk1: folds 
EvilReality: folds 
kars0n: folds 
Uncalled bet ($0.50) returned to Joe_Li7
Joe_Li7 collected $1 from pot
*** SUMMARY ***
Total pot $1 | Rake $0 
Seat 1: 1fudihara folded before Flop (didn't bet)
Seat 2: MAO_DZEDYN_S folded before Flop (didn't bet)
Seat 3: AlexPinsk1 folded before Flop (didn't bet)
Seat 4: EvilReality (button) folded before Flop (didn't bet)
Seat 5: kars0n (small blind) folded before Flop
Seat 6: Joe_Li7 (big blind) collected ($1)



PokerStars Hand #254339149540:  Hold'em No Limit ($0.50/$1.00 USD) - 2025/01/12 21:12:31 WET [2025/01/12 16:12:31 ET]
Table 'Hveen III' 6-max Seat #5 is the button
Seat 1: 1fudihara ($196.96 in chips) 
Seat 2: MAO_DZEDYN_S ($100 in chips) 
Seat 3: AlexPinsk1 ($100 in chips) 
Seat 4: EvilReality ($144.26 in chips) 
Seat 5: kars0n ($107.88 in chips) 
Seat 6: Joe_Li7 ($100.50 in chips) 
Joe_Li7: posts small blind $0.50
1fudihara: posts big blind $1
*** HOLE CARDS ***
MAO_DZEDYN_S: folds 
AlexPinsk1: raises $1.50 to $2.50
EvilReality: folds 
kars0n: folds 
Joe_Li7: folds 
1fudihara: folds 
Uncalled bet ($1.50) returned to AlexPinsk1
AlexPinsk1 collected $2.50 from pot
AlexPinsk1: doesn't show hand 
*** SUMMARY ***
Total pot $2.50 | Rake $0 
Seat 1: 1fudihara (big blind) folded before Flop
Seat 2: MAO_DZEDYN_S folded before Flop (didn't bet)
Seat 3: AlexPinsk1 collected ($2.50)
Seat 4: EvilReality folded before Flop (didn't bet)
Seat 5: kars0n (button) folded before Flop (didn't bet)
Seat 6: Joe_Li7 (small blind) folded before Flop



PokerStars Hand #254339163222:  Hold'em No Limit ($0.50/$1.00 USD) - 2025/01/12 21:13:04 WET [2025/01/12 16:13:04 ET]
Table 'Hveen III' 6-max Seat #6 is the button
Seat 1: 1fudihara ($195.96 in chips) 
Seat 2: MAO_DZEDYN_S ($100 in chips) 
Seat 3: AlexPinsk1 ($101.50 in chips) 
Seat 4: EvilReality ($144.26 in chips) 
Seat 5: kars0n ($107.88 in chips) 
Seat 6: Joe_Li7 ($100 in chips) 
1fudihara: posts small blind $0.50
MAO_DZEDYN_S: posts big blind $1
*** HOLE CARDS ***
AlexPinsk1: folds 
EvilReality: folds 
kars0n: folds 
Joe_Li7: folds 
1fudihara: calls $0.50
MAO_DZEDYN_S: checks 
*** FLOP *** [5h Kh 6d]
1fudihara: checks 
MAO_DZEDYN_S: bets $1
1fudihara: raises $4 to $5
MAO_DZEDYN_S: calls $4
*** TURN *** [5h Kh 6d] [As]
1fudihara: bets $9
MAO_DZEDYN_S: folds 
Uncalled bet ($9) returned to 1fudihara
1fudihara collected $11.40 from pot
1fudihara: doesn't show hand 
*** SUMMARY ***
Total pot $12 | Rake $0.60 
Board [5h Kh 6d As]
Seat 1: 1fudihara (small blind) collected ($11.40)
Seat 2: MAO_DZEDYN_S (big blind) folded on the Turn
Seat 3: AlexPinsk1 folded before Flop (didn't bet)
Seat 4: EvilReality folded before Flop (didn't bet)
Seat 5: kars0n folded before Flop (didn't bet)
Seat 6: Joe_Li7 (button) folded before Flop (didn't bet)



PokerStars Hand #254339191923:  Hold'em No Limit ($0.50/$1.00 USD) - 2025/01/12 21:14:14 WET [2025/01/12 16:14:14 ET]
Table 'Hveen III' 6-max Seat #1 is the button
Seat 1: 1fudihara ($201.36 in chips) 
Seat 2: MAO_DZEDYN_S ($100 in chips) 
Seat 3: AlexPinsk1 ($101.50 in chips) 
Seat 4: EvilReality ($144.26 in chips) 
Seat 5: kars0n ($107.88 in chips) 
Seat 6: Joe_Li7 ($100 in chips) 
MAO_DZEDYN_S: posts small blind $0.50
AlexPinsk1: posts big blind $1
*** HOLE CARDS ***
EvilReality: folds 
kars0n: folds 
Joe_Li7: raises $1.20 to $2.20
1fudihara: folds 
MAO_DZEDYN_S: folds 
AlexPinsk1: folds 
Uncalled bet ($1.20) returned to Joe_Li7
Joe_Li7 collected $2.50 from pot
*** SUMMARY ***
Total pot $2.50 | Rake $0 
Seat 1: 1fudihara (button) folded before Flop (didn't bet)
Seat 2: MAO_DZEDYN_S (small blind) folded before Flop
Seat 3: AlexPinsk1 (big blind) folded before Flop
Seat 4: EvilReality folded before Flop (didn't bet)
Seat 5: kars0n folded before Flop (didn't bet)
Seat 6: Joe_Li7 collected ($2.50)



PokerStars Hand #254339201882:  Hold'em No Limit ($0.50/$1.00 USD) - 2025/01/12 21:14:38 WET [2025/01/12 16:14:38 ET]
Table 'Hveen III' 6-max Seat #2 is the button
Seat 1: 1fudihara ($201.36 in chips) 
Seat 2: MAO_DZEDYN_S ($100 in chips) 
Seat 3: AlexPinsk1 ($100.50 in chips) 
Seat 4: EvilReality ($144.26 in chips) 
Seat 5: kars0n ($107.88 in chips) 
Seat 6: Joe_Li7 ($101.50 in chips) 
AlexPinsk1: posts small blind $0.50
EvilReality: posts big blind $1
*** HOLE CARDS ***
kars0n: folds 
Joe_Li7: folds 
1fudihara: raises $1.50 to $2.50
MAO_DZEDYN_S: folds 
AlexPinsk1: folds 
EvilReality: calls $1.50
*** FLOP *** [Qs 2s 5c]
EvilReality: checks 
1fudihara: bets $2.35
EvilReality: calls $2.35
*** TURN *** [Qs 2s 5c] [Jh]
EvilReality: checks 
1fudihara: checks 
*** RIVER *** [Qs 2s 5c Jh] [Qd]
EvilReality: bets $5.14
1fudihara: calls $5.14
*** SHOW DOWN ***
EvilReality: shows [Jc Kh] (two pair, Queens and Jacks)
1fudihara: mucks hand 
EvilReality collected $19.46 from pot
*** SUMMARY ***
Total pot $20.48 | Rake $1.02 
Board [Qs 2s 5c Jh Qd]
Seat 1: 1fudihara mucked
Seat 2: MAO_DZEDYN_S (button) folded before Flop (didn't bet)
Seat 3: AlexPinsk1 (small blind) folded before Flop
Seat 4: EvilReality (big blind) showed [Jc Kh] and won ($19.46) with two pair, Queens and Jacks
Seat 5: kars0n folded before Flop (didn't bet)
Seat 6: Joe_Li7 folded before Flop (didn't bet)



PokerStars Hand #254339215891:  Hold'em No Limit ($0.50/$1.00 USD) - 2025/01/12 21:15:12 WET [2025/01/12 16:15:12 ET]
Table 'Hveen III' 6-max Seat #3 is the button
Seat 1: 1fudihara ($191.37 in chips) 
Seat 2: MAO_DZEDYN_S ($100 in chips) 
Seat 3: AlexPinsk1 ($100 in chips) 
Seat 4: EvilReality ($153.73 in chips) 
Seat 5: kars0n ($107.88 in chips) 
Seat 6: Joe_Li7 ($101.50 in chips) 
EvilReality: posts small blind $0.50
kars0n: posts big blind $1
*** HOLE CARDS ***
Joe_Li7: folds 
1fudihara: folds 
MAO_DZEDYN_S: folds 
AlexPinsk1: raises $1.50 to $2.50
EvilReality: folds 
kars0n: calls $1.50
*** FLOP *** [Th 5d Ks]
kars0n: checks 
AlexPinsk1: checks 
*** TURN *** [Th 5d Ks] [8c]
kars0n: checks 
AlexPinsk1: checks 
*** RIVER *** [Th 5d Ks 8c] [4h]
kars0n: bets $5.22
AlexPinsk1: folds 
Uncalled bet ($5.22) returned to kars0n
kars0n collected $5.22 from pot
kars0n: doesn't show hand 
*** SUMMARY ***
Total pot $5.50 | Rake $0.28 
Board [Th 5d Ks 8c 4h]
Seat 1: 1fudihara folded before Flop (didn't bet)
Seat 2: MAO_DZEDYN_S folded before Flop (didn't bet)
Seat 3: AlexPinsk1 (button) folded on the River
Seat 4: EvilReality (small blind) folded before Flop
Seat 5: kars0n (big blind) collected ($5.22)
Seat 6: Joe_Li7 folded before Flop (didn't bet)



PokerStars Hand #254339236390:  Hold'em No Limit ($0.50/$1.00 USD) - 2025/01/12 21:16:02 WET [2025/01/12 16:16:02 ET]
Table 'Hveen III' 6-max Seat #4 is the button
Seat 1: 1fudihara ($191.37 in chips) 
Seat 2: MAO_DZEDYN_S ($100 in chips) 
Seat 3: AlexPinsk1 ($100 in chips) 
Seat 4: EvilReality ($153.23 in chips) 
Seat 5: kars0n ($110.60 in chips) 
Seat 6: Joe_Li7 ($101.50 in chips) 
kars0n: posts small blind $0.50
Joe_Li7: posts big blind $1
*** HOLE CARDS ***
1fudihara: folds 
MAO_DZEDYN_S: folds 
AlexPinsk1: folds 
EvilReality: folds 
kars0n: raises $2 to $3
Joe_Li7: folds 
Uncalled bet ($2) returned to kars0n
kars0n collected $2 from pot
kars0n: doesn't show hand 
*** SUMMARY ***
Total pot $2 | Rake $0 
Seat 1: 1fudihara folded before Flop (didn't bet)
Seat 2: MAO_DZEDYN_S folded before Flop (didn't bet)
Seat 3: AlexPinsk1 folded before Flop (didn't bet)
Seat 4: EvilReality (button) folded before Flop (didn't bet)
Seat 5: kars0n (small blind) collected ($2)
Seat 6: Joe_Li7 (big blind) folded before Flop



PokerStars Hand #254339261216:  Hold'em No Limit ($0.50/$1.00 USD) - 2025/01/12 21:17:02 WET [2025/01/12 16:17:02 ET]
Table 'Hveen III' 6-max Seat #5 is the button
Seat 1: 1fudihara ($191.37 in chips) 
Seat 2: MAO_DZEDYN_S ($100 in chips) 
Seat 3: AlexPinsk1 ($100 in chips) 
Seat 4: EvilReality ($153.23 in chips) 
Seat 5: kars0n ($111.60 in chips) 
Seat 6: Joe_Li7 ($100.50 in chips) 
Joe_Li7: posts small blind $0.50
1fudihara: posts big blind $1
*** HOLE CARDS ***
MAO_DZEDYN_S: folds 
AlexPinsk1: raises $1.50 to $2.50
EvilReality: folds 
kars0n: folds 
Joe_Li7: raises $8 to $10.50
1fudihara: folds 
AlexPinsk1: folds 
Uncalled bet ($8) returned to Joe_Li7
Joe_Li7 collected $6 from pot
*** SUMMARY ***
Total pot $6 | Rake $0 
Seat 1: 1fudihara (big blind) folded before Flop
Seat 2: MAO_DZEDYN_S folded before Flop (didn't bet)
Seat 3: AlexPinsk1 folded before Flop
Seat 4: EvilReality folded before Flop (didn't bet)
Seat 5: kars0n (button) folded before Flop (didn't bet)
Seat 6: Joe_Li7 (small blind) collected ($6)



PokerStars Hand #254339277191:  Hold'em No Limit ($0.50/$1.00 USD) - 2025/01/12 21:17:40 WET [2025/01/12 16:17:40 ET]
Table 'Hveen III' 6-max Seat #6 is the button
Seat 1: 1fudihara ($190.37 in chips) 
Seat 2: MAO_DZEDYN_S ($100 in chips) 
Seat 3: AlexPinsk1 ($100 in chips) 
Seat 4: EvilReality ($153.23 in chips) 
Seat 5: kars0n ($111.60 in chips) 
Seat 6: Joe_Li7 ($104 in chips) 
1fudihara: posts small blind $0.50
MAO_DZEDYN_S: posts big blind $1
*** HOLE CARDS ***
AlexPinsk1: raises $1.50 to $2.50
EvilReality: folds 
kars0n: folds 
Joe_Li7: raises $5 to $7.50
1fudihara: folds 
MAO_DZEDYN_S: folds 
AlexPinsk1: folds 
Uncalled bet ($5) returned to Joe_Li7
Joe_Li7 collected $6.50 from pot
*** SUMMARY ***
Total pot $6.50 | Rake $0 
Seat 1: 1fudihara (small blind) folded before Flop
Seat 2: MAO_DZEDYN_S (big blind) folded before Flop
Seat 3: AlexPinsk1 folded before Flop
Seat 4: EvilReality folded before Flop (didn't bet)
Seat 5: kars0n folded before Flop (didn't bet)
Seat 6: Joe_Li7 (button) collected ($6.50)



PokerStars Hand #254339291905:  Hold'em No Limit ($0.50/$1.00 USD) - 2025/01/12 21:18:16 WET [2025/01/12 16:18:16 ET]
Table 'Hveen III' 6-max Seat #1 is the button
Seat 1: 1fudihara ($189.87 in chips) 
Seat 2: MAO_DZEDYN_S ($100 in chips) 
Seat 3: AlexPinsk1 ($100 in chips) 
Seat 4: EvilReality ($153.23 in chips) 
Seat 5: kars0n ($111.60 in chips) 
Seat 6: Joe_Li7 ($108 in chips) 
MAO_DZEDYN_S: posts small blind $0.50
AlexPinsk1: posts big blind $1
*** HOLE CARDS ***
EvilReality: folds 
kars0n: folds 
Joe_Li7: folds 
1fudihara: raises $1.50 to $2.50
MAO_DZEDYN_S: folds 
AlexPinsk1: folds 
Uncalled bet ($1.50) returned to 1fudihara
1fudihara collected $2.50 from pot
1fudihara: doesn't show hand 
*** SUMMARY ***
Total pot $2.50 | Rake $0 
Seat 1: 1fudihara (button) collected ($2.50)
Seat 2: MAO_DZEDYN_S (small blind) folded before Flop
Seat 3: AlexPinsk1 (big blind) folded before Flop
Seat 4: EvilReality folded before Flop (didn't bet)
Seat 5: kars0n folded before Flop (didn't bet)
Seat 6: Joe_Li7 folded before Flop (didn't bet)



PokerStars Hand #254339298508:  Hold'em No Limit ($0.50/$1.00 USD) - 2025/01/12 21:18:32 WET [2025/01/12 16:18:32 ET]
Table 'Hveen III' 6-max Seat #2 is the button
Seat 1: 1fudihara ($191.37 in chips) 
Seat 2: MAO_DZEDYN_S ($100 in chips) 
Seat 3: AlexPinsk1 ($100 in chips) 
Seat 4: EvilReality ($153.23 in chips) 
Seat 5: kars0n ($111.60 in chips) 
Seat 6: Joe_Li7 ($108 in chips) 
AlexPinsk1: posts small blind $0.50
EvilReality: posts big blind $1
*** HOLE CARDS ***
kars0n: folds 
Joe_Li7: folds 
1fudihara: folds 
MAO_DZEDYN_S: raises $1.50 to $2.50
AlexPinsk1: raises $7.50 to $10
EvilReality: folds 
MAO_DZEDYN_S: raises $14.86 to $24.86
AlexPinsk1: calls $14.86
*** FLOP *** [Kd Kh Ac]
AlexPinsk1: checks 
MAO_DZEDYN_S: bets $9.18
AlexPinsk1: folds 
Uncalled bet ($9.18) returned to MAO_DZEDYN_S
MAO_DZEDYN_S collected $48.22 from pot
MAO_DZEDYN_S: doesn't show hand 
*** SUMMARY ***
Total pot $50.72 | Rake $2.50 
Board [Kd Kh Ac]
Seat 1: 1fudihara folded before Flop (didn't bet)
Seat 2: MAO_DZEDYN_S (button) collected ($48.22)
Seat 3: AlexPinsk1 (small blind) folded on the Flop
Seat 4: EvilReality (big blind) folded before Flop
Seat 5: kars0n folded before Flop (didn't bet)
Seat 6: Joe_Li7 folded before Flop (didn't bet)



PokerStars Hand #254339335267:  Hold'em No Limit ($0.50/$1.00 USD) - 2025/01/12 21:20:02 WET [2025/01/12 16:20:02 ET]
Table 'Hveen III' 6-max Seat #3 is the button
Seat 1: 1fudihara ($191.37 in chips) 
Seat 2: MAO_DZEDYN_S ($123.36 in chips) 
Seat 3: AlexPinsk1 ($100 in chips) 
Seat 4: EvilReality ($152.23 in chips) 
Seat 5: kars0n ($111.60 in chips) 
Seat 6: Joe_Li7 ($108 in chips) 
EvilReality: posts small blind $0.50
kars0n: posts big blind $1
*** HOLE CARDS ***
Joe_Li7: folds 
1fudihara: folds 
MAO_DZEDYN_S: folds 
AlexPinsk1: folds 
EvilReality: folds 
Uncalled bet ($0.50) returned to kars0n
kars0n collected $1 from pot
kars0n: doesn't show hand 
*** SUMMARY ***
Total pot $1 | Rake $0 
Seat 1: 1fudihara folded before Flop (didn't bet)
Seat 2: MAO_DZEDYN_S folded before Flop (didn't bet)
Seat 3: AlexPinsk1 (button) folded before Flop (didn't bet)
Seat 4: EvilReality (small blind) folded before Flop
Seat 5: kars0n (big blind) collected ($1)
Seat 6: Joe_Li7 folded before Flop (didn't bet)



PokerStars Hand #254339343732:  Hold'em No Limit ($0.50/$1.00 USD) - 2025/01/12 21:20:23 WET [2025/01/12 16:20:23 ET]
Table 'Hveen III' 6-max Seat #4 is the button
Seat 1: 1fudihara ($191.37 in chips) 
Seat 2: MAO_DZEDYN_S ($123.36 in chips) 
Seat 3: AlexPinsk1 ($100 in chips) 
Seat 4: EvilReality ($151.73 in chips) 
Seat 5: kars0n ($112.10 in chips) 
Seat 6: Joe_Li7 ($108 in chips) 
kars0n: posts small blind $0.50
Joe_Li7: posts big blind $1
*** HOLE CARDS ***
1fudihara: folds 
MAO_DZEDYN_S: folds 
AlexPinsk1: raises $1.50 to $2.50
EvilReality: folds 
kars0n: raises $10 to $12.50
Joe_Li7: folds 
AlexPinsk1: folds 
Uncalled bet ($10) returned to kars0n
kars0n collected $6 from pot
kars0n: doesn't show hand 
*** SUMMARY ***
Total pot $6 | Rake $0 
Seat 1: 1fudihara folded before Flop (didn't bet)
Seat 2: MAO_DZEDYN_S folded before Flop (didn't bet)
Seat 3: AlexPinsk1 folded before Flop
Seat 4: EvilReality (button) folded before Flop (didn't bet)
Seat 5: kars0n (small blind) collected ($6)
Seat 6: Joe_Li7 (big blind) folded before Flop



PokerStars Hand #254339360293:  Hold'em No Limit ($0.50/$1.00 USD) - 2025/01/12 21:21:03 WET [2025/01/12 16:21:03 ET]
Table 'Hveen III' 6-max Seat #5 is the button
Seat 1: 1fudihara ($191.37 in chips) 
Seat 2: MAO_DZEDYN_S ($123.36 in chips) 
Seat 3: AlexPinsk1 ($100 in chips) 
Seat 4: EvilReality ($151.73 in chips) 
Seat 5: kars0n ($115.60 in chips) 
Seat 6: Joe_Li7 ($107 in chips) 
Joe_Li7: posts small blind $0.50
1fudihara: posts big blind $1
*** HOLE CARDS ***
MAO_DZEDYN_S: folds 
AlexPinsk1: folds 
EvilReality: folds 
kars0n: folds 
Joe_Li7: folds 
Uncalled bet ($0.50) returned to 1fudihara
1fudihara collected $1 from pot
1fudihara: doesn't show hand 
*** SUMMARY ***
Total pot $1 | Rake $0 
Seat 1: 1fudihara (big blind) collected ($1)
Seat 2: MAO_DZEDYN_S folded before Flop (didn't bet)
Seat 3: AlexPinsk1 folded before Flop (didn't bet)
Seat 4: EvilReality folded before Flop (didn't bet)
Seat 5: kars0n (button) folded before Flop (didn't bet)
Seat 6: Joe_Li7 (small blind) folded before Flop



PokerStars Hand #254339366018:  Hold'em No Limit ($0.50/$1.00 USD) - 2025/01/12 21:21:17 WET [2025/01/12 16:21:17 ET]
Table 'Hveen III' 6-max Seat #6 is the button
Seat 1: 1fudihara ($191.87 in chips) 
Seat 2: MAO_DZEDYN_S ($123.36 in chips) 
Seat 3: AlexPinsk1 ($100 in chips) 
Seat 4: EvilReality ($151.73 in chips) 
Seat 5: kars0n ($115.60 in chips) 
Seat 6: Joe_Li7 ($106.50 in chips) 
1fudihara: posts small blind $0.50
MAO_DZEDYN_S: posts big blind $1
*** HOLE CARDS ***
AlexPinsk1: folds 
EvilReality: raises $1.50 to $2.50
kars0n: folds 
Joe_Li7: calls $2.50
1fudihara: raises $9.50 to $12
MAO_DZEDYN_S: folds 
EvilReality: raises $16 to $28
Joe_Li7: folds 
1fudihara: calls $16
*** FLOP *** [4s Qd 3s]
1fudihara: checks 
EvilReality: bets $30.21
1fudihara: calls $30.21
*** TURN *** [4s Qd 3s] [9c]
1fudihara: checks 
EvilReality: bets $93.52 and is all-in
1fudihara: folds 
Uncalled bet ($93.52) returned to EvilReality
EvilReality collected $117.42 from pot
EvilReality: doesn't show hand 
*** SUMMARY ***
Total pot $119.92 | Rake $2.50 
Board [4s Qd 3s 9c]
Seat 1: 1fudihara (small blind) folded on the Turn
Seat 2: MAO_DZEDYN_S (big blind) folded before Flop
Seat 3: AlexPinsk1 folded before Flop (didn't bet)
Seat 4: EvilReality collected ($117.42)
Seat 5: kars0n folded before Flop (didn't bet)
Seat 6: Joe_Li7 (button) folded before Flop



PokerStars Hand #254339394462:  Hold'em No Limit ($0.50/$1.00 USD) - 2025/01/12 21:22:27 WET [2025/01/12 16:22:27 ET]
Table 'Hveen III' 6-max Seat #1 is the button
Seat 1: 1fudihara ($133.66 in chips) 
Seat 2: MAO_DZEDYN_S ($122.36 in chips) 
Seat 3: AlexPinsk1 ($100 in chips) 
Seat 4: EvilReality ($210.94 in chips) 
Seat 5: kars0n ($115.60 in chips) 
Seat 6: Joe_Li7 ($104 in chips) 
MAO_DZEDYN_S: posts small blind $0.50
AlexPinsk1: posts big blind $1
*** HOLE CARDS ***
EvilReality: folds 
kars0n: folds 
Joe_Li7: folds 
1fudihara: raises $1.50 to $2.50
MAO_DZEDYN_S: calls $2
AlexPinsk1: folds 
*** FLOP *** [2s 6c 8d]
MAO_DZEDYN_S: checks 
1fudihara: checks 
*** TURN *** [2s 6c 8d] [Qh]
MAO_DZEDYN_S: checks 
1fudihara: checks 
*** RIVER *** [2s 6c 8d Qh] [4d]
MAO_DZEDYN_S: checks 
1fudihara: bets $2
MAO_DZEDYN_S: folds 
Uncalled bet ($2) returned to 1fudihara
1fudihara collected $5.70 from pot
1fudihara: doesn't show hand 
*** SUMMARY ***
Total pot $6 | Rake $0.30 
Board [2s 6c 8d Qh 4d]
Seat 1: 1fudihara (button) collected ($5.70)
Seat 2: MAO_DZEDYN_S (small blind) folded on the River
Seat 3: AlexPinsk1 (big blind) folded before Flop
Seat 4: EvilReality folded before Flop (didn't bet)
Seat 5: kars0n folded before Flop (didn't bet)
Seat 6: Joe_Li7 folded before Flop (didn't bet)



PokerStars Hand #254339421186:  Hold'em No Limit ($0.50/$1.00 USD) - 2025/01/12 21:23:33 WET [2025/01/12 16:23:33 ET]
Table 'Hveen III' 6-max Seat #2 is the button
Seat 1: 1fudihara ($136.86 in chips) 
Seat 2: MAO_DZEDYN_S ($119.86 in chips) 
Seat 3: AlexPinsk1 ($100 in chips) 
Seat 4: EvilReality ($210.94 in chips) 
Seat 5: kars0n ($115.60 in chips) 
Seat 6: Joe_Li7 ($104 in chips) 
AlexPinsk1: posts small blind $0.50
EvilReality: posts big blind $1
*** HOLE CARDS ***
kars0n: folds 
Joe_Li7: raises $1.20 to $2.20
1fudihara: calls $2.20
MAO_DZEDYN_S: calls $2.20
AlexPinsk1: folds 
EvilReality: folds 
*** FLOP *** [7h 6s 8s]
Joe_Li7: checks 
1fudihara: checks 
MAO_DZEDYN_S: checks 
*** TURN *** [7h 6s 8s] [6c]
Joe_Li7: checks 
1fudihara: checks 
MAO_DZEDYN_S: checks 
*** RIVER *** [7h 6s 8s 6c] [Qd]
Joe_Li7: checks 
1fudihara: checks 
MAO_DZEDYN_S: checks 
*** SHOW DOWN ***
Joe_Li7: shows [Ad 3d] (a pair of Sixes)
1fudihara: mucks hand 
MAO_DZEDYN_S: shows [4c Ac] (a pair of Sixes)
Joe_Li7 collected $3.85 from pot
MAO_DZEDYN_S collected $3.85 from pot
*** SUMMARY ***
Total pot $8.10 | Rake $0.40 
Board [7h 6s 8s 6c Qd]
Seat 1: 1fudihara mucked
Seat 2: MAO_DZEDYN_S (button) showed [4c Ac] and won ($3.85) with a pair of Sixes
Seat 3: AlexPinsk1 (small blind) folded before Flop
Seat 4: EvilReality (big blind) folded before Flop
Seat 5: kars0n folded before Flop (didn't bet)
Seat 6: Joe_Li7 showed [Ad 3d] and won ($3.85) with a pair of Sixes



PokerStars Hand #254339459302:  Hold'em No Limit ($0.50/$1.00 USD) - 2025/01/12 21:25:07 WET [2025/01/12 16:25:07 ET]
Table 'Hveen III' 6-max Seat #3 is the button
Seat 1: 1fudihara ($134.66 in chips) 
Seat 2: MAO_DZEDYN_S ($121.51 in chips) 
Seat 3: AlexPinsk1 ($100 in chips) 
Seat 4: EvilReality ($209.94 in chips) 
Seat 5: kars0n ($115.60 in chips) 
Seat 6: Joe_Li7 ($105.65 in chips) 
EvilReality: posts small blind $0.50
kars0n: posts big blind $1
*** HOLE CARDS ***
Joe_Li7: folds 
1fudihara has timed out
1fudihara: folds 
MAO_DZEDYN_S: raises $1.25 to $2.25
AlexPinsk1: folds 
EvilReality: folds 
kars0n: calls $1.25
*** FLOP *** [7c 4c Js]
kars0n: checks 
MAO_DZEDYN_S: bets $1.43
kars0n: raises $4.07 to $5.50
MAO_DZEDYN_S: calls $4.07
*** TURN *** [7c 4c Js] [5d]
kars0n: bets $22.80
MAO_DZEDYN_S: folds 
Uncalled bet ($22.80) returned to kars0n
kars0n collected $15.20 from pot
kars0n: doesn't show hand 
*** SUMMARY ***
Total pot $16 | Rake $0.80 
Board [7c 4c Js 5d]
Seat 1: 1fudihara folded before Flop (didn't bet)
Seat 2: MAO_DZEDYN_S folded on the Turn
Seat 3: AlexPinsk1 (button) folded before Flop (didn't bet)
Seat 4: EvilReality (small blind) folded before Flop
Seat 5: kars0n (big blind) collected ($15.20)
Seat 6: Joe_Li7 folded before Flop (didn't bet)



PokerStars Hand #254339501759:  Hold'em No Limit ($0.50/$1.00 USD) - 2025/01/12 21:26:52 WET [2025/01/12 16:26:52 ET]
Table 'Hveen III' 6-max Seat #4 is the button
Seat 1: 1fudihara ($134.66 in chips) 
Seat 2: MAO_DZEDYN_S ($113.76 in chips) 
Seat 3: AlexPinsk1 ($100 in chips) 
Seat 4: EvilReality ($209.44 in chips) 
Seat 5: kars0n ($123.05 in chips) 
Seat 6: Joe_Li7 ($105.65 in chips) 
kars0n: posts small blind $0.50
Joe_Li7: posts big blind $1
*** HOLE CARDS ***
1fudihara: folds 
MAO_DZEDYN_S: folds 
AlexPinsk1: folds 
EvilReality: folds 
kars0n: raises $2 to $3
Joe_Li7: calls $2
*** FLOP *** [4h Tc 3h]
kars0n: checks 
Joe_Li7: bets $2.85
kars0n: calls $2.85
*** TURN *** [4h Tc 3h] [Qh]
kars0n: checks 
Joe_Li7: bets $7.44
kars0n: folds 
Uncalled bet ($7.44) returned to Joe_Li7
Joe_Li7 collected $11.12 from pot
*** SUMMARY ***
Total pot $11.70 | Rake $0.58 
Board [4h Tc 3h Qh]
Seat 1: 1fudihara folded before Flop (didn't bet)
Seat 2: MAO_DZEDYN_S folded before Flop (didn't bet)
Seat 3: AlexPinsk1 folded before Flop (didn't bet)
Seat 4: EvilReality (button) folded before Flop (didn't bet)
Seat 5: kars0n (small blind) folded on the Turn
Seat 6: Joe_Li7 (big blind) collected ($11.12)



PokerStars Hand #254339529080:  Hold'em No Limit ($0.50/$1.00 USD) - 2025/01/12 21:28:00 WET [2025/01/12 16:28:00 ET]
Table 'Hveen III' 6-max Seat #5 is the button
Seat 1: 1fudihara ($134.66 in chips) 
Seat 2: MAO_DZEDYN_S ($113.76 in chips) 
Seat 3: AlexPinsk1 ($100 in chips) 
Seat 4: EvilReality ($209.44 in chips) 
Seat 5: kars0n ($117.20 in chips) 
Seat 6: Joe_Li7 ($110.92 in chips) 
Joe_Li7: posts small blind $0.50
1fudihara: posts big blind $1
*** HOLE CARDS ***
MAO_DZEDYN_S: folds 
AlexPinsk1: folds 
EvilReality: raises $1.50 to $2.50
kars0n: folds 
Joe_Li7: folds 
1fudihara: calls $1.50
*** FLOP *** [3h 9c 5h]
1fudihara: checks 
EvilReality: bets $3.91
1fudihara: folds 
Uncalled bet ($3.91) returned to EvilReality
EvilReality collected $5.22 from pot
EvilReality: doesn't show hand 
*** SUMMARY ***
Total pot $5.50 | Rake $0.28 
Board [3h 9c 5h]
Seat 1: 1fudihara (big blind) folded on the Flop
Seat 2: MAO_DZEDYN_S folded before Flop (didn't bet)
Seat 3: AlexPinsk1 folded before Flop (didn't bet)
Seat 4: EvilReality collected ($5.22)
Seat 5: kars0n (button) folded before Flop (didn't bet)
Seat 6: Joe_Li7 (small blind) folded before Flop



PokerStars Hand #254339541083:  Hold'em No Limit ($0.50/$1.00 USD) - 2025/01/12 21:28:29 WET [2025/01/12 16:28:29 ET]
Table 'Hveen III' 6-max Seat #6 is the button
Seat 1: 1fudihara ($132.16 in chips) 
Seat 2: MAO_DZEDYN_S ($113.76 in chips) 
Seat 3: AlexPinsk1 ($100 in chips) 
Seat 4: EvilReality ($212.16 in chips) 
Seat 5: kars0n ($117.20 in chips) 
Seat 6: Joe_Li7 ($110.42 in chips) 
1fudihara: posts small blind $0.50
MAO_DZEDYN_S: posts big blind $1
*** HOLE CARDS ***
AlexPinsk1: folds 
EvilReality: folds 
kars0n: folds 
Joe_Li7: folds 
1fudihara: folds 
Uncalled bet ($0.50) returned to MAO_DZEDYN_S
MAO_DZEDYN_S collected $1 from pot
MAO_DZEDYN_S: doesn't show hand 
*** SUMMARY ***
Total pot $1 | Rake $0 
Seat 1: 1fudihara (small blind) folded before Flop
Seat 2: MAO_DZEDYN_S (big blind) collected ($1)
Seat 3: AlexPinsk1 folded before Flop (didn't bet)
Seat 4: EvilReality folded before Flop (didn't bet)
Seat 5: kars0n folded before Flop (didn't bet)
Seat 6: Joe_Li7 (button) folded before Flop (didn't bet)



PokerStars Hand #254339548347:  Hold'em No Limit ($0.50/$1.00 USD) - 2025/01/12 21:28:48 WET [2025/01/12 16:28:48 ET]
Table 'Hveen III' 6-max Seat #1 is the button
Seat 1: 1fudihara ($131.66 in chips) 
Seat 2: MAO_DZEDYN_S ($114.26 in chips) 
Seat 3: AlexPinsk1 ($100 in chips) 
Seat 4: EvilReality ($212.16 in chips) 
Seat 5: kars0n ($117.20 in chips) 
Seat 6: Joe_Li7 ($110.42 in chips) 
MAO_DZEDYN_S: posts small blind $0.50
AlexPinsk1: posts big blind $1
*** HOLE CARDS ***
EvilReality: raises $1.50 to $2.50
kars0n: folds 
Joe_Li7: folds 
1fudihara: calls $2.50
MAO_DZEDYN_S: folds 
AlexPinsk1: folds 
*** FLOP *** [8h 4d 3s]
EvilReality: bets $4.63
1fudihara: calls $4.63
*** TURN *** [8h 4d 3s] [Ts]
EvilReality: bets $12.72
1fudihara: raises $15.28 to $28
EvilReality: calls $15.28
*** RIVER *** [8h 4d 3s Ts] [4s]
EvilReality: checks 
1fudihara: checks 
*** SHOW DOWN ***
EvilReality: shows [Jc Jh] (two pair, Jacks and Fours)
1fudihara: mucks hand 
EvilReality collected $69.26 from pot
*** SUMMARY ***
Total pot $71.76 | Rake $2.50 
Board [8h 4d 3s Ts 4s]
Seat 1: 1fudihara (button) mucked
Seat 2: MAO_DZEDYN_S (small blind) folded before Flop
Seat 3: AlexPinsk1 (big blind) folded before Flop
Seat 4: EvilReality showed [Jc Jh] and won ($69.26) with two pair, Jacks and Fours
Seat 5: kars0n folded before Flop (didn't bet)
Seat 6: Joe_Li7 folded before Flop (didn't bet)



PokerStars Hand #254339581951:  Hold'em No Limit ($0.50/$1.00 USD) - 2025/01/12 21:30:11 WET [2025/01/12 16:30:11 ET]
Table 'Hveen III' 6-max Seat #2 is the button
Seat 1: 1fudihara ($96.53 in chips) 
Seat 2: MAO_DZEDYN_S ($113.76 in chips) 
Seat 3: AlexPinsk1 ($100 in chips) 
Seat 4: EvilReality ($246.29 in chips) 
Seat 5: kars0n ($117.20 in chips) 
Seat 6: Joe_Li7 ($110.42 in chips) 
AlexPinsk1: posts small blind $0.50
EvilReality: posts big blind $1
*** HOLE CARDS ***
kars0n: folds 
Joe_Li7: folds 
1fudihara: folds 
MAO_DZEDYN_S: folds 
AlexPinsk1: folds 
Uncalled bet ($0.50) returned to EvilReality
EvilReality collected $1 from pot
EvilReality: doesn't show hand 
*** SUMMARY ***
Total pot $1 | Rake $0 
Seat 1: 1fudihara folded before Flop (didn't bet)
Seat 2: MAO_DZEDYN_S (button) folded before Flop (didn't bet)
Seat 3: AlexPinsk1 (small blind) folded before Flop
Seat 4: EvilReality (big blind) collected ($1)
Seat 5: kars0n folded before Flop (didn't bet)
Seat 6: Joe_Li7 folded before Flop (didn't bet)



PokerStars Hand #254339588778:  Hold'em No Limit ($0.50/$1.00 USD) - 2025/01/12 21:30:28 WET [2025/01/12 16:30:28 ET]
Table 'Hveen III' 6-max Seat #3 is the button
Seat 1: 1fudihara ($96.53 in chips) 
Seat 2: MAO_DZEDYN_S ($113.76 in chips) 
Seat 3: AlexPinsk1 ($100 in chips) 
Seat 4: EvilReality ($246.79 in chips) 
Seat 5: kars0n ($117.20 in chips) 
Seat 6: Joe_Li7 ($110.42 in chips) 
EvilReality: posts small blind $0.50
kars0n: posts big blind $1
*** HOLE CARDS ***
Joe_Li7: folds 
1fudihara: folds 
MAO_DZEDYN_S: raises $1.25 to $2.25
AlexPinsk1: folds 
EvilReality: folds 
kars0n: folds 
Uncalled bet ($1.25) returned to MAO_DZEDYN_S
MAO_DZEDYN_S collected $2.50 from pot
MAO_DZEDYN_S: doesn't show hand 
*** SUMMARY ***
Total pot $2.50 | Rake $0 
Seat 1: 1fudihara folded before Flop (didn't bet)
Seat 2: MAO_DZEDYN_S collected ($2.50)
Seat 3: AlexPinsk1 (button) folded before Flop (didn't bet)
Seat 4: EvilReality (small blind) folded before Flop
Seat 5: kars0n (big blind) folded before Flop
Seat 6: Joe_Li7 folded before Flop (didn't bet)



PokerStars Hand #254339600534:  Hold'em No Limit ($0.50/$1.00 USD) - 2025/01/12 21:30:57 WET [2025/01/12 16:30:57 ET]
Table 'Hveen III' 6-max Seat #4 is the button
Seat 1: 1fudihara ($96.53 in chips) 
Seat 2: MAO_DZEDYN_S ($115.26 in chips) 
Seat 3: AlexPinsk1 ($100 in chips) 
Seat 4: EvilReality ($246.29 in chips) 
Seat 5: kars0n ($116.20 in chips) 
Seat 6: Joe_Li7 ($110.42 in chips) 
kars0n: posts small blind $0.50
Joe_Li7: posts big blind $1
*** HOLE CARDS ***
1fudihara: raises $1.50 to $2.50
MAO_DZEDYN_S: folds 
AlexPinsk1: folds 
EvilReality: folds 
kars0n: folds 
Joe_Li7: folds 
Uncalled bet ($1.50) returned to 1fudihara
1fudihara collected $2.50 from pot
1fudihara: doesn't show hand 
*** SUMMARY ***
Total pot $2.50 | Rake $0 
Seat 1: 1fudihara collected ($2.50)
Seat 2: MAO_DZEDYN_S folded before Flop (didn't bet)
Seat 3: AlexPinsk1 folded before Flop (didn't bet)
Seat 4: EvilReality (button) folded before Flop (didn't bet)
Seat 5: kars0n (small blind) folded before Flop
Seat 6: Joe_Li7 (big blind) folded before Flop



PokerStars Hand #254339608724:  Hold'em No Limit ($0.50/$1.00 USD) - 2025/01/12 21:31:17 WET [2025/01/12 16:31:17 ET]
Table 'Hveen III' 6-max Seat #5 is the button
Seat 1: 1fudihara ($98.03 in chips) 
Seat 2: MAO_DZEDYN_S ($115.26 in chips) 
Seat 3: AlexPinsk1 ($100 in chips) 
Seat 4: EvilReality ($246.29 in chips) 
Seat 5: kars0n ($115.70 in chips) 
Seat 6: Joe_Li7 ($109.42 in chips) 
Joe_Li7: posts small blind $0.50
1fudihara: posts big blind $1
*** HOLE CARDS ***
MAO_DZEDYN_S: folds 
AlexPinsk1: folds 
EvilReality: raises $1.50 to $2.50
kars0n: folds 
Joe_Li7: folds 
1fudihara: raises $7.50 to $10
EvilReality: calls $7.50
*** FLOP *** [Td 7c Kd]
1fudihara: bets $7.77
EvilReality: calls $7.77
*** TURN *** [Td 7c Kd] [Ks]
1fudihara: bets $12.41
EvilReality: calls $12.41
*** RIVER *** [Td 7c Kd Ks] [Kc]
1fudihara: bets $21
EvilReality: calls $21
*** SHOW DOWN ***
1fudihara: shows [8c Ad] (three of a kind, Kings)
EvilReality: shows [Ts 9s] (a full house, Kings full of Tens)
EvilReality collected $100.36 from pot
*** SUMMARY ***
Total pot $102.86 | Rake $2.50 
Board [Td 7c Kd Ks Kc]
Seat 1: 1fudihara (big blind) showed [8c Ad] and lost with three of a kind, Kings
Seat 2: MAO_DZEDYN_S folded before Flop (didn't bet)
Seat 3: AlexPinsk1 folded before Flop (didn't bet)
Seat 4: EvilReality showed [Ts 9s] and won ($100.36) with a full house, Kings full of Tens
Seat 5: kars0n (button) folded before Flop (didn't bet)
Seat 6: Joe_Li7 (small blind) folded before Flop



PokerStars Hand #254339636915:  Hold'em No Limit ($0.50/$1.00 USD) - 2025/01/12 21:32:27 WET [2025/01/12 16:32:27 ET]
Table 'Hveen III' 6-max Seat #6 is the button
Seat 1: 1fudihara ($46.85 in chips) 
Seat 2: MAO_DZEDYN_S ($115.26 in chips) 
Seat 3: AlexPinsk1 ($100 in chips) 
Seat 4: EvilReality ($295.47 in chips) 
Seat 5: kars0n ($115.70 in chips) 
Seat 6: Joe_Li7 ($108.92 in chips) 
1fudihara: posts small blind $0.50
MAO_DZEDYN_S: posts big blind $1
*** HOLE CARDS ***
AlexPinsk1: folds 
EvilReality: raises $1.50 to $2.50
kars0n: folds 
Joe_Li7: folds 
1fudihara: folds 
MAO_DZEDYN_S: folds 
Uncalled bet ($1.50) returned to EvilReality
EvilReality collected $2.50 from pot
EvilReality: doesn't show hand 
*** SUMMARY ***
Total pot $2.50 | Rake $0 
Seat 1: 1fudihara (small blind) folded before Flop
Seat 2: MAO_DZEDYN_S (big blind) folded before Flop
Seat 3: AlexPinsk1 folded before Flop (didn't bet)
Seat 4: EvilReality collected ($2.50)
Seat 5: kars0n folded before Flop (didn't bet)
Seat 6: Joe_Li7 (button) folded before Flop (didn't bet)



PokerStars Hand #254339646928:  Hold'em No Limit ($0.50/$1.00 USD) - 2025/01/12 21:32:51 WET [2025/01/12 16:32:51 ET]
Table 'Hveen III' 6-max Seat #1 is the button
Seat 1: 1fudihara ($100 in chips) 
Seat 2: MAO_DZEDYN_S ($114.26 in chips) 
Seat 3: AlexPinsk1 ($100 in chips) 
Seat 4: EvilReality ($296.97 in chips) 
Seat 5: kars0n ($115.70 in chips) 
Seat 6: Joe_Li7 ($108.92 in chips) 
MAO_DZEDYN_S: posts small blind $0.50
AlexPinsk1: posts big blind $1
*** HOLE CARDS ***
EvilReality: folds 
kars0n: folds 
Joe_Li7: folds 
1fudihara: raises $1.50 to $2.50
MAO_DZEDYN_S: raises $8 to $10.50
AlexPinsk1: folds 
1fudihara: raises $89.50 to $100 and is all-in
MAO_DZEDYN_S: calls $89.50
*** FIRST FLOP *** [Jc Tc 8s]
*** FIRST TURN *** [Jc Tc 8s] [Kd]
*** FIRST RIVER *** [Jc Tc 8s Kd] [2h]
*** SECOND FLOP *** [Js 3h 3d]
*** SECOND TURN *** [Js 3h 3d] [Qd]
*** SECOND RIVER *** [Js 3h 3d Qd] [6s]
*** FIRST SHOW DOWN ***
MAO_DZEDYN_S: shows [Ks Ah] (a pair of Kings)
1fudihara: shows [6c 6d] (a pair of Sixes)
MAO_DZEDYN_S collected $99.25 from pot
*** SECOND SHOW DOWN ***
MAO_DZEDYN_S: shows [Ks Ah] (a pair of Threes)
1fudihara: shows [6c 6d] (a full house, Sixes full of Threes)
1fudihara collected $99.25 from pot
*** SUMMARY ***
Total pot $201 | Rake $2.50 
Hand was run twice
FIRST Board [Jc Tc 8s Kd 2h]
SECOND Board [Js 3h 3d Qd 6s]
Seat 1: 1fudihara (button) showed [6c 6d] and lost with a pair of Sixes, and won ($99.25) with a full house, Sixes full of Threes
Seat 2: MAO_DZEDYN_S (small blind) showed [Ks Ah] and won ($99.25) with a pair of Kings, and lost with a pair of Threes
Seat 3: AlexPinsk1 (big blind) folded before Flop
Seat 4: EvilReality folded before Flop (didn't bet)
Seat 5: kars0n folded before Flop (didn't bet)
Seat 6: Joe_Li7 folded before Flop (didn't bet)



PokerStars Hand #254339662156:  Hold'em No Limit ($0.50/$1.00 USD) - 2025/01/12 21:33:29 WET [2025/01/12 16:33:29 ET]
Table 'Hveen III' 6-max Seat #2 is the button
Seat 1: 1fudihara ($99.25 in chips) 
Seat 2: MAO_DZEDYN_S ($113.51 in chips) 
Seat 3: AlexPinsk1 ($100 in chips) 
Seat 4: EvilReality ($296.97 in chips) 
Seat 5: kars0n ($115.70 in chips) 
Seat 6: Joe_Li7 ($108.92 in chips) 
AlexPinsk1: posts small blind $0.50
EvilReality: posts big blind $1
*** HOLE CARDS ***
kars0n: folds 
Joe_Li7: folds 
1fudihara: raises $1.50 to $2.50
MAO_DZEDYN_S: calls $2.50
AlexPinsk1: folds 
EvilReality: calls $1.50
*** FLOP *** [9h Qc 9s]
EvilReality: checks 
1fudihara: checks 
MAO_DZEDYN_S: bets $2.28
EvilReality: folds 
1fudihara: raises $5.72 to $8
MAO_DZEDYN_S: calls $5.72
*** TURN *** [9h Qc 9s] [Jc]
1fudihara: checks 
MAO_DZEDYN_S: bets $17.10
1fudihara: calls $17.10
*** RIVER *** [9h Qc 9s Jc] [6s]
1fudihara: bets $71.65 and is all-in
MAO_DZEDYN_S: calls $71.65
*** SHOW DOWN ***
1fudihara: shows [Jd Ks] (two pair, Jacks and Nines)
MAO_DZEDYN_S: shows [9c 8c] (three of a kind, Nines)
MAO_DZEDYN_S collected $199 from pot
*** SUMMARY ***
Total pot $201.50 | Rake $2.50 
Board [9h Qc 9s Jc 6s]
Seat 1: 1fudihara showed [Jd Ks] and lost with two pair, Jacks and Nines
Seat 2: MAO_DZEDYN_S (button) showed [9c 8c] and won ($199) with three of a kind, Nines
Seat 3: AlexPinsk1 (small blind) folded before Flop
Seat 4: EvilReality (big blind) folded on the Flop
Seat 5: kars0n folded before Flop (didn't bet)
Seat 6: Joe_Li7 folded before Flop (didn't bet)



PokerStars Hand #254339706284:  Hold'em No Limit ($0.50/$1.00 USD) - 2025/01/12 21:35:18 WET [2025/01/12 16:35:18 ET]
Table 'Hveen III' 6-max Seat #3 is the button
Seat 1: 1fudihara ($0 in chips) is sitting out
Seat 2: MAO_DZEDYN_S ($213.26 in chips) 
Seat 3: AlexPinsk1 ($100 in chips) 
Seat 4: EvilReality ($294.47 in chips) 
Seat 5: kars0n ($115.70 in chips) 
Seat 6: Joe_Li7 ($108.92 in chips) 
EvilReality: posts small blind $0.50
kars0n: posts big blind $1
*** HOLE CARDS ***
Joe_Li7: folds 
MAO_DZEDYN_S: folds 
AlexPinsk1: folds 
EvilReality: folds 
Uncalled bet ($0.50) returned to kars0n
kars0n collected $1 from pot
kars0n: doesn't show hand 
*** SUMMARY ***
Total pot $1 | Rake $0 
Seat 1: 1fudihara
Seat 2: MAO_DZEDYN_S folded before Flop (didn't bet)
Seat 3: AlexPinsk1 (button) folded before Flop (didn't bet)
Seat 4: EvilReality (small blind) folded before Flop
Seat 5: kars0n (big blind) collected ($1)
Seat 6: Joe_Li7 folded before Flop (didn't bet)



PokerStars Hand #254339711325:  Hold'em No Limit ($0.50/$1.00 USD) - 2025/01/12 21:35:30 WET [2025/01/12 16:35:30 ET]
Table 'Hveen III' 6-max Seat #4 is the button
Seat 1: 1fudihara ($0 in chips) is sitting out
Seat 6: Joe_Li7 ($108.92 in chips) is sitting out
Seat 2: MAO_DZEDYN_S ($213.26 in chips) 
Seat 3: AlexPinsk1 ($100 in chips) 
Seat 4: EvilReality ($293.97 in chips) 
Seat 5: kars0n ($116.20 in chips) 
kars0n: posts small blind $0.50
Joe_Li7: is sitting out 
MAO_DZEDYN_S: posts big blind $1
*** HOLE CARDS ***
1fudihara leaves the table
AlexPinsk1: folds 
EvilReality: folds 
kars0n: folds 
Uncalled bet ($0.50) returned to MAO_DZEDYN_S
MAO_DZEDYN_S collected $1 from pot
MAO_DZEDYN_S: doesn't show hand 
*** SUMMARY ***
Total pot $1 | Rake $0 
Seat 1: 1fudihara
Seat 6: Joe_Li7
Seat 2: MAO_DZEDYN_S (big blind) collected ($1)
Seat 3: AlexPinsk1 folded before Flop (didn't bet)
Seat 4: EvilReality (button) folded before Flop (didn't bet)
Seat 5: kars0n (small blind) folded before Flop



PokerStars Hand #254339716292:  Hold'em No Limit ($0.50/$1.00 USD) - 2025/01/12 21:35:43 WET [2025/01/12 16:35:43 ET]
Table 'Hveen III' 6-max Seat #2 is the button
Seat 3: AlexPinsk1 ($100 in chips) is sitting out
Seat 4: EvilReality ($293.97 in chips) is sitting out
Seat 6: Joe_Li7 ($108.92 in chips) is sitting out
Seat 2: MAO_DZEDYN_S ($213.76 in chips) 
Seat 5: kars0n ($115.70 in chips) 
MAO_DZEDYN_S: posts small blind $0.50
AlexPinsk1: is sitting out 
EvilReality: is sitting out 
kars0n: posts big blind $1
*** HOLE CARDS ***
EvilReality leaves the table
MAO_DZEDYN_S: raises $1.25 to $2.25
kars0n: folds 
Uncalled bet ($1.25) returned to MAO_DZEDYN_S
Joe_Li7 leaves the table
MAO_DZEDYN_S collected $2 from pot
MAO_DZEDYN_S: doesn't show hand 
*** SUMMARY ***
Total pot $2 | Rake $0 
Seat 3: AlexPinsk1
Seat 4: EvilReality
Seat 6: Joe_Li7
Seat 2: MAO_DZEDYN_S (button) (small blind) collected ($2)
Seat 5: kars0n (big blind) folded before Flop



