PokerStars Hand #254336920604:  Hold'em No Limit ($0.50/$1.00 USD) - 2025/01/12 19:32:37 WET [2025/01/12 14:32:37 ET]
Table 'Donnera III' 6-max Seat #3 is the button
Seat 1: Palacios777 ($100 in chips) 
Seat 2: Gfoer ($100 in chips) 
Seat 3: EvilReality ($100 in chips) 
Seat 4: blistein ($100 in chips) 
Seat 5: easy_sarcasm ($100 in chips) 
Seat 6: Appeltaart44 ($100 in chips) 
blistein: posts small blind $0.50
easy_sarcasm: posts big blind $1
*** HOLE CARDS ***
Appeltaart44: folds 
Palacios777: folds 
Gfoer: folds 
EvilReality: raises $1.50 to $2.50
blistein: folds 
easy_sarcasm: folds 
Uncalled bet ($1.50) returned to EvilReality
EvilReality collected $2.50 from pot
EvilReality: doesn't show hand 
*** SUMMARY ***
Total pot $2.50 | Rake $0 
Seat 1: Palacios777 folded before Flop (didn't bet)
Seat 2: Gfoer folded before Flop (didn't bet)
Seat 3: EvilReality (button) collected ($2.50)
Seat 4: blistein (small blind) folded before Flop
Seat 5: easy_sarcasm (big blind) folded before Flop
Seat 6: Appeltaart44 folded before Flop (didn't bet)



PokerStars Hand #254336927143:  Hold'em No Limit ($0.50/$1.00 USD) - 2025/01/12 19:32:54 WET [2025/01/12 14:32:54 ET]
Table 'Donnera III' 6-max Seat #4 is the button
Seat 1: Palacios777 ($100 in chips) 
Seat 2: Gfoer ($100 in chips) 
Seat 3: EvilReality ($101.50 in chips) 
Seat 4: blistein ($100 in chips) 
Seat 5: easy_sarcasm ($100 in chips) 
Seat 6: Appeltaart44 ($100 in chips) 
easy_sarcasm: posts small blind $0.50
Appeltaart44: posts big blind $1
*** HOLE CARDS ***
Palacios777: folds 
Gfoer: folds 
EvilReality: folds 
blistein: folds 
easy_sarcasm: raises $2 to $3
Appeltaart44: raises $2 to $5
easy_sarcasm: calls $2
*** FLOP *** [Jd 8d 7h]
easy_sarcasm: checks 
Appeltaart44: checks 
*** TURN *** [Jd 8d 7h] [2s]
easy_sarcasm: bets $4.75
Appeltaart44: calls $4.75
*** RIVER *** [Jd 8d 7h 2s] [3c]
easy_sarcasm: checks 
Appeltaart44: checks 
*** SHOW DOWN ***
easy_sarcasm: shows [Jc Qs] (a pair of Jacks)
Appeltaart44: mucks hand 
easy_sarcasm collected $18.52 from pot
*** SUMMARY ***
Total pot $19.50 | Rake $0.98 
Board [Jd 8d 7h 2s 3c]
Seat 1: Palacios777 folded before Flop (didn't bet)
Seat 2: Gfoer folded before Flop (didn't bet)
Seat 3: EvilReality folded before Flop (didn't bet)
Seat 4: blistein (button) folded before Flop (didn't bet)
Seat 5: easy_sarcasm (small blind) showed [Jc Qs] and won ($18.52) with a pair of Jacks
Seat 6: Appeltaart44 (big blind) mucked



PokerStars Hand #254336942133:  Hold'em No Limit ($0.50/$1.00 USD) - 2025/01/12 19:33:34 WET [2025/01/12 14:33:34 ET]
Table 'Donnera III' 6-max Seat #5 is the button
Seat 1: Palacios777 ($100 in chips) 
Seat 2: Gfoer ($100 in chips) 
Seat 3: EvilReality ($101.50 in chips) 
Seat 4: blistein ($100 in chips) 
Seat 5: easy_sarcasm ($108.77 in chips) 
Seat 6: Appeltaart44 ($90.25 in chips) 
Appeltaart44: posts small blind $0.50
Palacios777: posts big blind $1
*** HOLE CARDS ***
Gfoer: folds 
EvilReality: folds 
blistein: folds 
easy_sarcasm: raises $1.20 to $2.20
Appeltaart44: calls $1.70
Palacios777: folds 
*** FLOP *** [4d 2d Td]
Appeltaart44: checks 
easy_sarcasm: bets $2.50
Appeltaart44: folds 
Uncalled bet ($2.50) returned to easy_sarcasm
easy_sarcasm collected $5.13 from pot
*** SUMMARY ***
Total pot $5.40 | Rake $0.27 
Board [4d 2d Td]
Seat 1: Palacios777 (big blind) folded before Flop
Seat 2: Gfoer folded before Flop (didn't bet)
Seat 3: EvilReality folded before Flop (didn't bet)
Seat 4: blistein folded before Flop (didn't bet)
Seat 5: easy_sarcasm (button) collected ($5.13)
Seat 6: Appeltaart44 (small blind) folded on the Flop



PokerStars Hand #254336952265:  Hold'em No Limit ($0.50/$1.00 USD) - 2025/01/12 19:34:01 WET [2025/01/12 14:34:01 ET]
Table 'Donnera III' 6-max Seat #6 is the button
Seat 1: Palacios777 ($100 in chips) 
Seat 2: Gfoer ($100 in chips) 
Seat 3: EvilReality ($101.50 in chips) 
Seat 4: blistein ($100 in chips) 
Seat 5: easy_sarcasm ($111.70 in chips) 
Seat 6: Appeltaart44 ($88.05 in chips) 
Palacios777: posts small blind $0.50
Gfoer: posts big blind $1
*** HOLE CARDS ***
EvilReality: raises $1.50 to $2.50
blistein: folds 
easy_sarcasm: folds 
Appeltaart44: folds 
Palacios777: folds 
Gfoer: folds 
Uncalled bet ($1.50) returned to EvilReality
EvilReality collected $2.50 from pot
EvilReality: doesn't show hand 
*** SUMMARY ***
Total pot $2.50 | Rake $0 
Seat 1: Palacios777 (small blind) folded before Flop
Seat 2: Gfoer (big blind) folded before Flop
Seat 3: EvilReality collected ($2.50)
Seat 4: blistein folded before Flop (didn't bet)
Seat 5: easy_sarcasm folded before Flop (didn't bet)
Seat 6: Appeltaart44 (button) folded before Flop (didn't bet)



PokerStars Hand #254336958430:  Hold'em No Limit ($0.50/$1.00 USD) - 2025/01/12 19:34:18 WET [2025/01/12 14:34:18 ET]
Table 'Donnera III' 6-max Seat #1 is the button
Seat 1: Palacios777 ($100 in chips) 
Seat 2: Gfoer ($100 in chips) 
Seat 3: EvilReality ($103 in chips) 
Seat 4: blistein ($100 in chips) 
Seat 5: easy_sarcasm ($111.70 in chips) 
Seat 6: Appeltaart44 ($88.05 in chips) 
Gfoer: posts small blind $0.50
EvilReality: posts big blind $1
*** HOLE CARDS ***
blistein: folds 
easy_sarcasm: raises $2 to $3
Appeltaart44: folds 
Palacios777: raises $6 to $9
Gfoer: folds 
EvilReality: folds 
easy_sarcasm: folds 
Uncalled bet ($6) returned to Palacios777
Palacios777 collected $7.50 from pot
Palacios777: doesn't show hand 
*** SUMMARY ***
Total pot $7.50 | Rake $0 
Seat 1: Palacios777 (button) collected ($7.50)
Seat 2: Gfoer (small blind) folded before Flop
Seat 3: EvilReality (big blind) folded before Flop
Seat 4: blistein folded before Flop (didn't bet)
Seat 5: easy_sarcasm folded before Flop
Seat 6: Appeltaart44 folded before Flop (didn't bet)



PokerStars Hand #254336968709:  Hold'em No Limit ($0.50/$1.00 USD) - 2025/01/12 19:34:45 WET [2025/01/12 14:34:45 ET]
Table 'Donnera III' 6-max Seat #2 is the button
Seat 1: Palacios777 ($104.50 in chips) 
Seat 2: Gfoer ($100 in chips) 
Seat 3: EvilReality ($102 in chips) 
Seat 4: blistein ($100 in chips) 
Seat 5: easy_sarcasm ($108.70 in chips) 
Seat 6: Appeltaart44 ($88.05 in chips) 
EvilReality: posts small blind $0.50
blistein: posts big blind $1
*** HOLE CARDS ***
easy_sarcasm: folds 
Appeltaart44: folds 
Palacios777: raises $1.50 to $2.50
Gfoer: folds 
EvilReality: folds 
blistein: folds 
Uncalled bet ($1.50) returned to Palacios777
Palacios777 collected $2.50 from pot
Palacios777: doesn't show hand 
*** SUMMARY ***
Total pot $2.50 | Rake $0 
Seat 1: Palacios777 collected ($2.50)
Seat 2: Gfoer (button) folded before Flop (didn't bet)
Seat 3: EvilReality (small blind) folded before Flop
Seat 4: blistein (big blind) folded before Flop
Seat 5: easy_sarcasm folded before Flop (didn't bet)
Seat 6: Appeltaart44 folded before Flop (didn't bet)



PokerStars Hand #254336977741:  Hold'em No Limit ($0.50/$1.00 USD) - 2025/01/12 19:35:09 WET [2025/01/12 14:35:09 ET]
Table 'Donnera III' 6-max Seat #3 is the button
Seat 1: Palacios777 ($106 in chips) 
Seat 2: Gfoer ($100 in chips) 
Seat 3: EvilReality ($101.50 in chips) 
Seat 4: blistein ($100 in chips) 
Seat 5: easy_sarcasm ($108.70 in chips) 
Seat 6: Appeltaart44 ($88.05 in chips) 
blistein: posts small blind $0.50
easy_sarcasm: posts big blind $1
*** HOLE CARDS ***
Appeltaart44: raises $1 to $2
Palacios777: folds 
Gfoer: folds 
EvilReality: raises $5 to $7
blistein: folds 
easy_sarcasm: folds 
Appeltaart44: calls $5
*** FLOP *** [Ts Kh 3s]
Appeltaart44: checks 
Gfoer leaves the table
EvilReality: checks 
*** TURN *** [Ts Kh 3s] [Jc]
Appeltaart44: bets $7.36
EvilReality: folds 
Uncalled bet ($7.36) returned to Appeltaart44
Appeltaart44 collected $14.72 from pot
AlexPinsk1 joins the table at seat #2 
*** SUMMARY ***
Total pot $15.50 | Rake $0.78 
Board [Ts Kh 3s Jc]
Seat 1: Palacios777 folded before Flop (didn't bet)
Seat 2: Gfoer folded before Flop (didn't bet)
Seat 3: EvilReality (button) folded on the Turn
Seat 4: blistein (small blind) folded before Flop
Seat 5: easy_sarcasm (big blind) folded before Flop
Seat 6: Appeltaart44 collected ($14.72)



PokerStars Hand #254336993570:  Hold'em No Limit ($0.50/$1.00 USD) - 2025/01/12 19:35:51 WET [2025/01/12 14:35:51 ET]
Table 'Donnera III' 6-max Seat #4 is the button
Seat 2: AlexPinsk1 ($100 in chips) is sitting out
Seat 1: Palacios777 ($106 in chips) 
Seat 3: EvilReality ($100 in chips) 
Seat 4: blistein ($100 in chips) 
Seat 5: easy_sarcasm ($107.70 in chips) 
Seat 6: Appeltaart44 ($95.77 in chips) 
easy_sarcasm: posts small blind $0.50
Appeltaart44: posts big blind $1
AlexPinsk1: sits out 
*** HOLE CARDS ***
Palacios777: folds 
EvilReality: folds 
blistein: raises $1.50 to $2.50
easy_sarcasm: folds 
Appeltaart44: folds 
Uncalled bet ($1.50) returned to blistein
blistein collected $2.50 from pot
blistein: doesn't show hand 
*** SUMMARY ***
Total pot $2.50 | Rake $0 
Seat 2: AlexPinsk1
Seat 1: Palacios777 folded before Flop (didn't bet)
Seat 3: EvilReality folded before Flop (didn't bet)
Seat 4: blistein (button) collected ($2.50)
Seat 5: easy_sarcasm (small blind) folded before Flop
Seat 6: Appeltaart44 (big blind) folded before Flop



PokerStars Hand #254336999313:  Hold'em No Limit ($0.50/$1.00 USD) - 2025/01/12 19:36:06 WET [2025/01/12 14:36:06 ET]
Table 'Donnera III' 6-max Seat #5 is the button
Seat 2: AlexPinsk1 ($100 in chips) is sitting out
Seat 1: Palacios777 ($106 in chips) 
Seat 3: EvilReality ($100 in chips) 
Seat 4: blistein ($101.50 in chips) 
Seat 5: easy_sarcasm ($107.20 in chips) 
Seat 6: Appeltaart44 ($94.77 in chips) 
Appeltaart44: posts small blind $0.50
Palacios777: posts big blind $1
AlexPinsk1: sits out 
*** HOLE CARDS ***
EvilReality: folds 
blistein: raises $1.30 to $2.30
easy_sarcasm: folds 
Appeltaart44: calls $1.80
Palacios777: folds 
*** FLOP *** [Th Ts 2h]
Appeltaart44: checks 
blistein: bets $1.81
Appeltaart44: calls $1.81
*** TURN *** [Th Ts 2h] [8s]
Appeltaart44: checks 
blistein: bets $5.87
Appeltaart44: calls $5.87
*** RIVER *** [Th Ts 2h 8s] [Ah]
Appeltaart44: checks 
blistein: checks 
*** SHOW DOWN ***
Appeltaart44: shows [Jd Kc] (a pair of Tens)
blistein: shows [7s 7d] (two pair, Tens and Sevens)
blistein collected $19.91 from pot
*** SUMMARY ***
Total pot $20.96 | Rake $1.05 
Board [Th Ts 2h 8s Ah]
Seat 2: AlexPinsk1
Seat 1: Palacios777 (big blind) folded before Flop
Seat 3: EvilReality folded before Flop (didn't bet)
Seat 4: blistein showed [7s 7d] and won ($19.91) with two pair, Tens and Sevens
Seat 5: easy_sarcasm (button) folded before Flop (didn't bet)
Seat 6: Appeltaart44 (small blind) showed [Jd Kc] and lost with a pair of Tens



PokerStars Hand #254337016152:  Hold'em No Limit ($0.50/$1.00 USD) - 2025/01/12 19:36:51 WET [2025/01/12 14:36:51 ET]
Table 'Donnera III' 6-max Seat #6 is the button
Seat 1: Palacios777 ($105 in chips) 
Seat 2: AlexPinsk1 ($100 in chips) 
Seat 3: EvilReality ($100 in chips) 
Seat 4: blistein ($111.43 in chips) 
Seat 5: easy_sarcasm ($107.20 in chips) 
Seat 6: Appeltaart44 ($84.79 in chips) 
Palacios777: posts small blind $0.50
AlexPinsk1: posts big blind $1
*** HOLE CARDS ***
EvilReality: folds 
blistein: raises $1.20 to $2.20
easy_sarcasm: folds 
Appeltaart44: folds 
Palacios777: folds 
AlexPinsk1: folds 
Uncalled bet ($1.20) returned to blistein
blistein collected $2.50 from pot
blistein: doesn't show hand 
*** SUMMARY ***
Total pot $2.50 | Rake $0 
Seat 1: Palacios777 (small blind) folded before Flop
Seat 2: AlexPinsk1 (big blind) folded before Flop
Seat 3: EvilReality folded before Flop (didn't bet)
Seat 4: blistein collected ($2.50)
Seat 5: easy_sarcasm folded before Flop (didn't bet)
Seat 6: Appeltaart44 (button) folded before Flop (didn't bet)



PokerStars Hand #254337024851:  Hold'em No Limit ($0.50/$1.00 USD) - 2025/01/12 19:37:14 WET [2025/01/12 14:37:14 ET]
Table 'Donnera III' 6-max Seat #1 is the button
Seat 4: blistein ($112.93 in chips) is sitting out
Seat 1: Palacios777 ($104.50 in chips) 
Seat 2: AlexPinsk1 ($100 in chips) 
Seat 3: EvilReality ($100 in chips) 
Seat 5: easy_sarcasm ($107.20 in chips) 
Seat 6: Appeltaart44 ($84.79 in chips) 
AlexPinsk1: posts small blind $0.50
EvilReality: posts big blind $1
*** HOLE CARDS ***
blistein leaves the table
easy_sarcasm: folds 
Appeltaart44: folds 
Palacios777: raises $1.50 to $2.50
AlexPinsk1: folds 
EvilReality: folds 
Uncalled bet ($1.50) returned to Palacios777
Palacios777 collected $2.50 from pot
Palacios777: doesn't show hand 
*** SUMMARY ***
Total pot $2.50 | Rake $0 
Seat 4: blistein
Seat 1: Palacios777 (button) collected ($2.50)
Seat 2: AlexPinsk1 (small blind) folded before Flop
Seat 3: EvilReality (big blind) folded before Flop
Seat 5: easy_sarcasm folded before Flop (didn't bet)
Seat 6: Appeltaart44 folded before Flop (didn't bet)



PokerStars Hand #254337030294:  Hold'em No Limit ($0.50/$1.00 USD) - 2025/01/12 19:37:28 WET [2025/01/12 14:37:28 ET]
Table 'Donnera III' 6-max Seat #2 is the button
Seat 5: easy_sarcasm ($107.20 in chips) is sitting out
Seat 1: Palacios777 ($106 in chips) 
Seat 2: AlexPinsk1 ($100 in chips) 
Seat 3: EvilReality ($100 in chips) 
Seat 6: Appeltaart44 ($84.79 in chips) 
EvilReality: posts small blind $0.50
easy_sarcasm: is sitting out 
Appeltaart44: posts big blind $1
*** HOLE CARDS ***
Palacios777: raises $1.50 to $2.50
easy_sarcasm leaves the table
AlexPinsk1: folds 
EvilReality: folds 
Appeltaart44: calls $1.50
*** FLOP *** [Jd 4d Ks]
Appeltaart44: checks 
Palacios777: bets $2.61
Appeltaart44: folds 
Uncalled bet ($2.61) returned to Palacios777
BronzéDuPoker joins the table at seat #4 
BronzéDuPoker is disconnected 
Palacios777 collected $5.22 from pot
Palacios777: doesn't show hand 
*** SUMMARY ***
Total pot $5.50 | Rake $0.28 
Board [Jd 4d Ks]
Seat 5: easy_sarcasm
Seat 1: Palacios777 collected ($5.22)
Seat 2: AlexPinsk1 (button) folded before Flop (didn't bet)
Seat 3: EvilReality (small blind) folded before Flop
Seat 6: Appeltaart44 (big blind) folded on the Flop



PokerStars Hand #254337038863:  Hold'em No Limit ($0.50/$1.00 USD) - 2025/01/12 19:37:51 WET [2025/01/12 14:37:51 ET]
Table 'Donnera III' 6-max Seat #3 is the button
Seat 4: BronzéDuPoker ($100 in chips) is sitting out
Seat 1: Palacios777 ($108.72 in chips) 
Seat 2: AlexPinsk1 ($100 in chips) 
Seat 3: EvilReality ($100 in chips) 
Seat 6: Appeltaart44 ($82.29 in chips) 
Appeltaart44: posts small blind $0.50
Palacios777: posts big blind $1
*** HOLE CARDS ***
AlexPinsk1: raises $1.50 to $2.50
kvcsszblcs joins the table at seat #5 
EvilReality: raises $5 to $7.50
Appeltaart44: folds 
Palacios777: folds 
AlexPinsk1: folds 
Uncalled bet ($5) returned to EvilReality
EvilReality collected $6.50 from pot
EvilReality: doesn't show hand 
*** SUMMARY ***
Total pot $6.50 | Rake $0 
Seat 4: BronzéDuPoker
Seat 1: Palacios777 (big blind) folded before Flop
Seat 2: AlexPinsk1 folded before Flop
Seat 3: EvilReality (button) collected ($6.50)
Seat 6: Appeltaart44 (small blind) folded before Flop



PokerStars Hand #254337049874:  Hold'em No Limit ($0.50/$1.00 USD) - 2025/01/12 19:38:20 WET [2025/01/12 14:38:20 ET]
Table 'Donnera III' 6-max Seat #6 is the button
Seat 4: BronzéDuPoker ($100 in chips) is sitting out
Seat 5: kvcsszblcs ($100 in chips) is sitting out
Seat 1: Palacios777 ($107.72 in chips) 
Seat 2: AlexPinsk1 ($100 in chips) 
Seat 3: EvilReality ($104 in chips) 
Seat 6: Appeltaart44 ($81.79 in chips) 
Palacios777: posts small blind $0.50
AlexPinsk1: posts big blind $1
BronzéDuPoker: sits out 
kvcsszblcs: sits out 
*** HOLE CARDS ***
EvilReality: raises $1.50 to $2.50
Appeltaart44: folds 
Palacios777: folds 
AlexPinsk1: folds 
Uncalled bet ($1.50) returned to EvilReality
EvilReality collected $2.50 from pot
EvilReality: doesn't show hand 
*** SUMMARY ***
Total pot $2.50 | Rake $0 
Seat 4: BronzéDuPoker
Seat 5: kvcsszblcs
Seat 1: Palacios777 (small blind) folded before Flop
Seat 2: AlexPinsk1 (big blind) folded before Flop
Seat 3: EvilReality collected ($2.50)
Seat 6: Appeltaart44 (button) folded before Flop (didn't bet)



PokerStars Hand #254337054606:  Hold'em No Limit ($0.50/$1.00 USD) - 2025/01/12 19:38:33 WET [2025/01/12 14:38:33 ET]
Table 'Donnera III' 6-max Seat #1 is the button
Seat 3: EvilReality ($105.50 in chips) is sitting out
Seat 5: kvcsszblcs ($100 in chips) is sitting out
Seat 1: Palacios777 ($107.22 in chips) 
Seat 2: AlexPinsk1 ($100 in chips) 
Seat 4: BronzéDuPoker ($100 in chips) 
Seat 6: Appeltaart44 ($81.79 in chips) 
AlexPinsk1: posts small blind $0.50
EvilReality: is sitting out 
BronzéDuPoker: posts big blind $1
kvcsszblcs: sits out 
*** HOLE CARDS ***
Appeltaart44: raises $1 to $2
Palacios777: folds 
AlexPinsk1: folds 
BronzéDuPoker: calls $1
*** FLOP *** [9s 3c 2s]
EvilReality leaves the table
BronzéDuPoker: checks 
Appeltaart44: bets $2.14
BronzéDuPoker: folds 
Uncalled bet ($2.14) returned to Appeltaart44
Appeltaart44 collected $4.28 from pot
*** SUMMARY ***
Total pot $4.50 | Rake $0.22 
Board [9s 3c 2s]
Seat 3: EvilReality
Seat 5: kvcsszblcs
Seat 1: Palacios777 (button) folded before Flop (didn't bet)
Seat 2: AlexPinsk1 (small blind) folded before Flop
Seat 4: BronzéDuPoker (big blind) folded on the Flop
Seat 6: Appeltaart44 collected ($4.28)



PokerStars Hand #254337067707:  Hold'em No Limit ($0.50/$1.00 USD) - 2025/01/12 19:39:08 WET [2025/01/12 14:39:08 ET]
Table 'Donnera III' 6-max Seat #2 is the button
Seat 1: Palacios777 ($107.22 in chips) 
Seat 2: AlexPinsk1 ($100 in chips) 
Seat 4: BronzéDuPoker ($98 in chips) 
Seat 5: kvcsszblcs ($100 in chips) 
Seat 6: Appeltaart44 ($84.07 in chips) 
BronzéDuPoker: posts small blind $0.50
kvcsszblcs: posts big blind $1
*** HOLE CARDS ***
Appeltaart44: folds 
Palacios777: folds 
AlexPinsk1: folds 
BronzéDuPoker: folds 
Uncalled bet ($0.50) returned to kvcsszblcs
kvcsszblcs collected $1 from pot
kvcsszblcs: doesn't show hand 
*** SUMMARY ***
Total pot $1 | Rake $0 
Seat 1: Palacios777 folded before Flop (didn't bet)
Seat 2: AlexPinsk1 (button) folded before Flop (didn't bet)
Seat 4: BronzéDuPoker (small blind) folded before Flop
Seat 5: kvcsszblcs (big blind) collected ($1)
Seat 6: Appeltaart44 folded before Flop (didn't bet)



PokerStars Hand #254337071315:  Hold'em No Limit ($0.50/$1.00 USD) - 2025/01/12 19:39:18 WET [2025/01/12 14:39:18 ET]
Table 'Donnera III' 6-max Seat #4 is the button
Seat 1: Palacios777 ($107.22 in chips) 
Seat 2: AlexPinsk1 ($100 in chips) 
Seat 4: BronzéDuPoker ($97.50 in chips) 
Seat 5: kvcsszblcs ($100.50 in chips) 
Seat 6: Appeltaart44 ($84.07 in chips) 
kvcsszblcs: posts small blind $0.50
Appeltaart44: posts big blind $1
*** HOLE CARDS ***
Palacios777: folds 
AlexPinsk1: raises $1.50 to $2.50
BronzéDuPoker: folds 
kvcsszblcs: folds 
Appeltaart44: calls $1.50
*** FLOP *** [2s 6d 2h]
coeeeelho joins the table at seat #3 
Appeltaart44: bets $2.61
AlexPinsk1: calls $2.61
*** TURN *** [2s 6d 2h] [4d]
Appeltaart44: bets $4.09
AlexPinsk1: calls $4.09
*** RIVER *** [2s 6d 2h 4d] [3s]
Appeltaart44: bets $7.98
AlexPinsk1: folds 
Uncalled bet ($7.98) returned to Appeltaart44
Appeltaart44 collected $17.96 from pot
*** SUMMARY ***
Total pot $18.90 | Rake $0.94 
Board [2s 6d 2h 4d 3s]
Seat 1: Palacios777 folded before Flop (didn't bet)
Seat 2: AlexPinsk1 folded on the River
Seat 4: BronzéDuPoker (button) folded before Flop (didn't bet)
Seat 5: kvcsszblcs (small blind) folded before Flop
Seat 6: Appeltaart44 (big blind) collected ($17.96)



PokerStars Hand #254337097188:  Hold'em No Limit ($0.50/$1.00 USD) - 2025/01/12 19:40:27 WET [2025/01/12 14:40:27 ET]
Table 'Donnera III' 6-max Seat #5 is the button
Seat 3: coeeeelho ($100 in chips) is sitting out
Seat 1: Palacios777 ($107.22 in chips) 
Seat 2: AlexPinsk1 ($100 in chips) 
Seat 4: BronzéDuPoker ($97.50 in chips) 
Seat 5: kvcsszblcs ($100 in chips) 
Seat 6: Appeltaart44 ($92.83 in chips) 
Appeltaart44: posts small blind $0.50
Palacios777: posts big blind $1
coeeeelho: sits out 
*** HOLE CARDS ***
AlexPinsk1: folds 
BronzéDuPoker: raises $2 to $3
kvcsszblcs: folds 
Appeltaart44: folds 
Palacios777: folds 
Uncalled bet ($2) returned to BronzéDuPoker
BronzéDuPoker collected $2.50 from pot
*** SUMMARY ***
Total pot $2.50 | Rake $0 
Seat 3: coeeeelho
Seat 1: Palacios777 (big blind) folded before Flop
Seat 2: AlexPinsk1 folded before Flop (didn't bet)
Seat 4: BronzéDuPoker collected ($2.50)
Seat 5: kvcsszblcs (button) folded before Flop (didn't bet)
Seat 6: Appeltaart44 (small blind) folded before Flop



PokerStars Hand #254337103236:  Hold'em No Limit ($0.50/$1.00 USD) - 2025/01/12 19:40:43 WET [2025/01/12 14:40:43 ET]
Table 'Donnera III' 6-max Seat #6 is the button
Seat 3: coeeeelho ($100 in chips) is sitting out
Seat 1: Palacios777 ($106.22 in chips) 
Seat 2: AlexPinsk1 ($100 in chips) 
Seat 4: BronzéDuPoker ($99 in chips) 
Seat 5: kvcsszblcs ($100 in chips) 
Seat 6: Appeltaart44 ($92.33 in chips) 
Palacios777: posts small blind $0.50
AlexPinsk1: posts big blind $1
coeeeelho: sits out 
*** HOLE CARDS ***
BronzéDuPoker: folds 
kvcsszblcs: folds 
Appeltaart44: calls $1
Palacios777: folds 
AlexPinsk1: checks 
*** FLOP *** [Ts Td Jh]
AlexPinsk1: checks 
Appeltaart44: checks 
*** TURN *** [Ts Td Jh] [7h]
AlexPinsk1: bets $1
Appeltaart44: calls $1
*** RIVER *** [Ts Td Jh 7h] [9h]
AlexPinsk1: checks 
Appeltaart44: checks 
*** SHOW DOWN ***
AlexPinsk1: shows [4h 4c] (two pair, Tens and Fours)
Appeltaart44: shows [7c Qc] (two pair, Tens and Sevens)
Appeltaart44 collected $4.28 from pot
*** SUMMARY ***
Total pot $4.50 | Rake $0.22 
Board [Ts Td Jh 7h 9h]
Seat 3: coeeeelho
Seat 1: Palacios777 (small blind) folded before Flop
Seat 2: AlexPinsk1 (big blind) showed [4h 4c] and lost with two pair, Tens and Fours
Seat 4: BronzéDuPoker folded before Flop (didn't bet)
Seat 5: kvcsszblcs folded before Flop (didn't bet)
Seat 6: Appeltaart44 (button) showed [7c Qc] and won ($4.28) with two pair, Tens and Sevens



PokerStars Hand #254337123521:  Hold'em No Limit ($0.50/$1.00 USD) - 2025/01/12 19:41:36 WET [2025/01/12 14:41:36 ET]
Table 'Donnera III' 6-max Seat #1 is the button
Seat 1: Palacios777 ($105.72 in chips) 
Seat 2: AlexPinsk1 ($100 in chips) 
Seat 3: coeeeelho ($100 in chips) 
Seat 4: BronzéDuPoker ($99 in chips) 
Seat 5: kvcsszblcs ($100 in chips) 
Seat 6: Appeltaart44 ($94.61 in chips) 
AlexPinsk1: posts small blind $0.50
coeeeelho: posts big blind $1
*** HOLE CARDS ***
BronzéDuPoker: raises $2 to $3
kvcsszblcs: raises $7 to $10
Appeltaart44: calls $10
Palacios777: folds 
AlexPinsk1: folds 
coeeeelho: folds 
BronzéDuPoker: calls $7
*** FLOP *** [5c 9s 2s]
BronzéDuPoker: bets $7
kvcsszblcs: calls $7
Appeltaart44: calls $7
*** TURN *** [5c 9s 2s] [8h]
BronzéDuPoker: bets $25
kvcsszblcs: raises $58 to $83 and is all-in
Appeltaart44: folds 
BronzéDuPoker: calls $57 and is all-in
Uncalled bet ($1) returned to kvcsszblcs
*** RIVER *** [5c 9s 2s 8h] [6d]
*** SHOW DOWN ***
BronzéDuPoker: shows [Jd Jc] (a pair of Jacks)
kvcsszblcs: shows [Ac As] (a pair of Aces)
kvcsszblcs collected $214 from pot
*** SUMMARY ***
Total pot $216.50 | Rake $2.50 
Board [5c 9s 2s 8h 6d]
Seat 1: Palacios777 (button) folded before Flop (didn't bet)
Seat 2: AlexPinsk1 (small blind) folded before Flop
Seat 3: coeeeelho (big blind) folded before Flop
Seat 4: BronzéDuPoker showed [Jd Jc] and lost with a pair of Jacks
Seat 5: kvcsszblcs showed [Ac As] and won ($214) with a pair of Aces
Seat 6: Appeltaart44 folded on the Turn



PokerStars Hand #254337172429:  Hold'em No Limit ($0.50/$1.00 USD) - 2025/01/12 19:43:46 WET [2025/01/12 14:43:46 ET]
Table 'Donnera III' 6-max Seat #2 is the button
Seat 4: BronzéDuPoker ($0 in chips) is sitting out
Seat 1: Palacios777 ($105.72 in chips) 
Seat 2: AlexPinsk1 ($100 in chips) 
Seat 3: coeeeelho ($100 in chips) 
Seat 5: kvcsszblcs ($215 in chips) 
Seat 6: Appeltaart44 ($77.61 in chips) 
coeeeelho: posts small blind $0.50
kvcsszblcs: posts big blind $1
*** HOLE CARDS ***
BronzéDuPoker leaves the table
Appeltaart44: raises $2 to $3
Palacios777: raises $7.50 to $10.50
AlexPinsk1: folds 
coeeeelho: folds 
kvcsszblcs: folds 
Appeltaart44: folds 
Uncalled bet ($7.50) returned to Palacios777
Palacios777 collected $7.50 from pot
Palacios777: doesn't show hand 
*** SUMMARY ***
Total pot $7.50 | Rake $0 
Seat 4: BronzéDuPoker
Seat 1: Palacios777 collected ($7.50)
Seat 2: AlexPinsk1 (button) folded before Flop (didn't bet)
Seat 3: coeeeelho (small blind) folded before Flop
Seat 5: kvcsszblcs (big blind) folded before Flop
Seat 6: Appeltaart44 folded before Flop



PokerStars Hand #254337183769:  Hold'em No Limit ($0.50/$1.00 USD) - 2025/01/12 19:44:15 WET [2025/01/12 14:44:15 ET]
Table 'Donnera III' 6-max Seat #3 is the button
Seat 1: Palacios777 ($110.22 in chips) 
Seat 2: AlexPinsk1 ($100 in chips) 
Seat 3: coeeeelho ($100 in chips) 
Seat 5: kvcsszblcs ($214 in chips) 
Seat 6: Appeltaart44 ($74.61 in chips) 
kvcsszblcs: posts small blind $0.50
Appeltaart44: posts big blind $1
*** HOLE CARDS ***
Palacios777: folds 
AlexPinsk1: raises $1.50 to $2.50
coeeeelho: raises $5 to $7.50
kvcsszblcs: folds 
GuigaMan joins the table at seat #4 
Appeltaart44: folds 
AlexPinsk1: folds 
Uncalled bet ($5) returned to coeeeelho
coeeeelho collected $6.50 from pot
*** SUMMARY ***
Total pot $6.50 | Rake $0 
Seat 1: Palacios777 folded before Flop (didn't bet)
Seat 2: AlexPinsk1 folded before Flop
Seat 3: coeeeelho (button) collected ($6.50)
Seat 5: kvcsszblcs (small blind) folded before Flop
Seat 6: Appeltaart44 (big blind) folded before Flop



PokerStars Hand #254337192628:  Hold'em No Limit ($0.50/$1.00 USD) - 2025/01/12 19:44:38 WET [2025/01/12 14:44:38 ET]
Table 'Donnera III' 6-max Seat #5 is the button
Seat 4: GuigaMan ($100 in chips) is sitting out
Seat 1: Palacios777 ($110.22 in chips) 
Seat 2: AlexPinsk1 ($100 in chips) 
Seat 3: coeeeelho ($104 in chips) 
Seat 5: kvcsszblcs ($213.50 in chips) 
Seat 6: Appeltaart44 ($73.61 in chips) 
Appeltaart44: posts small blind $0.50
Palacios777: posts big blind $1
GuigaMan: sits out 
*** HOLE CARDS ***
AlexPinsk1: folds 
coeeeelho: folds 
kvcsszblcs: folds 
Appeltaart44: calls $0.50
Palacios777: checks 
*** FLOP *** [Qd 5s Th]
Appeltaart44: bets $1
Palacios777: folds 
Uncalled bet ($1) returned to Appeltaart44
Appeltaart44 collected $1.90 from pot
*** SUMMARY ***
Total pot $2 | Rake $0.10 
Board [Qd 5s Th]
Seat 4: GuigaMan
Seat 1: Palacios777 (big blind) folded on the Flop
Seat 2: AlexPinsk1 folded before Flop (didn't bet)
Seat 3: coeeeelho folded before Flop (didn't bet)
Seat 5: kvcsszblcs (button) folded before Flop (didn't bet)
Seat 6: Appeltaart44 (small blind) collected ($1.90)



PokerStars Hand #254337202716:  Hold'em No Limit ($0.50/$1.00 USD) - 2025/01/12 19:45:04 WET [2025/01/12 14:45:04 ET]
Table 'Donnera III' 6-max Seat #6 is the button
Seat 4: GuigaMan ($100 in chips) is sitting out
Seat 1: Palacios777 ($109.22 in chips) 
Seat 2: AlexPinsk1 ($100 in chips) 
Seat 3: coeeeelho ($104 in chips) 
Seat 5: kvcsszblcs ($213.50 in chips) 
Seat 6: Appeltaart44 ($74.51 in chips) 
Palacios777: posts small blind $0.50
AlexPinsk1: posts big blind $1
GuigaMan: sits out 
*** HOLE CARDS ***
coeeeelho: raises $1.20 to $2.20
kvcsszblcs: folds 
Appeltaart44: calls $2.20
Palacios777: folds 
AlexPinsk1: folds 
*** FLOP *** [Jd 4d Ah]
coeeeelho: checks 
Appeltaart44: bets $2.80
coeeeelho: folds 
Uncalled bet ($2.80) returned to Appeltaart44
Appeltaart44 collected $5.60 from pot
*** SUMMARY ***
Total pot $5.90 | Rake $0.30 
Board [Jd 4d Ah]
Seat 4: GuigaMan
Seat 1: Palacios777 (small blind) folded before Flop
Seat 2: AlexPinsk1 (big blind) folded before Flop
Seat 3: coeeeelho folded on the Flop
Seat 5: kvcsszblcs folded before Flop (didn't bet)
Seat 6: Appeltaart44 (button) collected ($5.60)



PokerStars Hand #254337214542:  Hold'em No Limit ($0.50/$1.00 USD) - 2025/01/12 19:45:36 WET [2025/01/12 14:45:36 ET]
Table 'Donnera III' 6-max Seat #1 is the button
Seat 4: GuigaMan ($100 in chips) is sitting out
Seat 1: Palacios777 ($108.72 in chips) 
Seat 2: AlexPinsk1 ($100 in chips) 
Seat 3: coeeeelho ($101.80 in chips) 
Seat 5: kvcsszblcs ($213.50 in chips) 
Seat 6: Appeltaart44 ($77.91 in chips) 
AlexPinsk1: posts small blind $0.50
coeeeelho: posts big blind $1
GuigaMan: sits out 
*** HOLE CARDS ***
kvcsszblcs: folds 
Appeltaart44: folds 
Palacios777: raises $1.50 to $2.50
AlexPinsk1: folds 
coeeeelho: folds 
Uncalled bet ($1.50) returned to Palacios777
Palacios777 collected $2.50 from pot
Palacios777: doesn't show hand 
*** SUMMARY ***
Total pot $2.50 | Rake $0 
Seat 4: GuigaMan
Seat 1: Palacios777 (button) collected ($2.50)
Seat 2: AlexPinsk1 (small blind) folded before Flop
Seat 3: coeeeelho (big blind) folded before Flop
Seat 5: kvcsszblcs folded before Flop (didn't bet)
Seat 6: Appeltaart44 folded before Flop (didn't bet)



PokerStars Hand #254337224257:  Hold'em No Limit ($0.50/$1.00 USD) - 2025/01/12 19:46:01 WET [2025/01/12 14:46:01 ET]
Table 'Donnera III' 6-max Seat #2 is the button
Seat 1: Palacios777 ($110.22 in chips) 
Seat 2: AlexPinsk1 ($100 in chips) 
Seat 3: coeeeelho ($100.80 in chips) 
Seat 4: GuigaMan ($100 in chips) 
Seat 5: kvcsszblcs ($213.50 in chips) 
Seat 6: Appeltaart44 ($77.91 in chips) 
coeeeelho: posts small blind $0.50
GuigaMan: posts big blind $1
*** HOLE CARDS ***
kvcsszblcs: folds 
Appeltaart44: raises $4.50 to $5.50
Palacios777: folds 
AlexPinsk1: folds 
coeeeelho: folds 
GuigaMan: folds 
Uncalled bet ($4.50) returned to Appeltaart44
Appeltaart44 collected $2.50 from pot
*** SUMMARY ***
Total pot $2.50 | Rake $0 
Seat 1: Palacios777 folded before Flop (didn't bet)
Seat 2: AlexPinsk1 (button) folded before Flop (didn't bet)
Seat 3: coeeeelho (small blind) folded before Flop
Seat 4: GuigaMan (big blind) folded before Flop
Seat 5: kvcsszblcs folded before Flop (didn't bet)
Seat 6: Appeltaart44 collected ($2.50)



PokerStars Hand #254337232574:  Hold'em No Limit ($0.50/$1.00 USD) - 2025/01/12 19:46:23 WET [2025/01/12 14:46:23 ET]
Table 'Donnera III' 6-max Seat #3 is the button
Seat 1: Palacios777 ($110.22 in chips) 
Seat 2: AlexPinsk1 ($100 in chips) 
Seat 3: coeeeelho ($100.30 in chips) 
Seat 4: GuigaMan ($100 in chips) 
Seat 5: kvcsszblcs ($213.50 in chips) 
Seat 6: Appeltaart44 ($79.41 in chips) 
GuigaMan: posts small blind $0.50
kvcsszblcs: posts big blind $1
*** HOLE CARDS ***
Appeltaart44: folds 
Palacios777: folds 
AlexPinsk1: raises $1.50 to $2.50
coeeeelho: folds 
GuigaMan: folds 
kvcsszblcs: calls $1.50
*** FLOP *** [Kc 2d 9c]
kvcsszblcs: checks 
AlexPinsk1: checks 
*** TURN *** [Kc 2d 9c] [Td]
kvcsszblcs: checks 
AlexPinsk1: bets $3.92
kvcsszblcs: calls $3.92
*** RIVER *** [Kc 2d 9c Td] [Ac]
kvcsszblcs: checks 
AlexPinsk1: checks 
*** SHOW DOWN ***
kvcsszblcs: shows [7d 9d] (a pair of Nines)
AlexPinsk1: shows [Kd 8d] (a pair of Kings)
AlexPinsk1 collected $12.67 from pot
*** SUMMARY ***
Total pot $13.34 | Rake $0.67 
Board [Kc 2d 9c Td Ac]
Seat 1: Palacios777 folded before Flop (didn't bet)
Seat 2: AlexPinsk1 showed [Kd 8d] and won ($12.67) with a pair of Kings
Seat 3: coeeeelho (button) folded before Flop (didn't bet)
Seat 4: GuigaMan (small blind) folded before Flop
Seat 5: kvcsszblcs (big blind) showed [7d 9d] and lost with a pair of Nines
Seat 6: Appeltaart44 folded before Flop (didn't bet)



PokerStars Hand #254337265245:  Hold'em No Limit ($0.50/$1.00 USD) - 2025/01/12 19:47:50 WET [2025/01/12 14:47:50 ET]
Table 'Donnera III' 6-max Seat #4 is the button
Seat 1: Palacios777 ($110.22 in chips) 
Seat 2: AlexPinsk1 ($106.25 in chips) 
Seat 3: coeeeelho ($100.30 in chips) 
Seat 4: GuigaMan ($100 in chips) 
Seat 5: kvcsszblcs ($207.08 in chips) 
Seat 6: Appeltaart44 ($79.41 in chips) 
kvcsszblcs: posts small blind $0.50
Appeltaart44: posts big blind $1
*** HOLE CARDS ***
Palacios777: folds 
AlexPinsk1: folds 
coeeeelho: folds 
GuigaMan: raises $1.10 to $2.10
kvcsszblcs: folds 
Appeltaart44: calls $1.10
*** FLOP *** [Ac Qd 4h]
Appeltaart44: checks 
GuigaMan: bets $1.34
Appeltaart44: folds 
Uncalled bet ($1.34) returned to GuigaMan
GuigaMan collected $4.46 from pot
GuigaMan: doesn't show hand 
*** SUMMARY ***
Total pot $4.70 | Rake $0.24 
Board [Ac Qd 4h]
Seat 1: Palacios777 folded before Flop (didn't bet)
Seat 2: AlexPinsk1 folded before Flop (didn't bet)
Seat 3: coeeeelho folded before Flop (didn't bet)
Seat 4: GuigaMan (button) collected ($4.46)
Seat 5: kvcsszblcs (small blind) folded before Flop
Seat 6: Appeltaart44 (big blind) folded on the Flop



PokerStars Hand #254337275992:  Hold'em No Limit ($0.50/$1.00 USD) - 2025/01/12 19:48:18 WET [2025/01/12 14:48:18 ET]
Table 'Donnera III' 6-max Seat #5 is the button
Seat 1: Palacios777 ($110.22 in chips) 
Seat 2: AlexPinsk1 ($106.25 in chips) 
Seat 3: coeeeelho ($100.30 in chips) 
Seat 4: GuigaMan ($102.36 in chips) 
Seat 5: kvcsszblcs ($206.58 in chips) 
Seat 6: Appeltaart44 ($77.31 in chips) 
Appeltaart44: posts small blind $0.50
Palacios777: posts big blind $1
*** HOLE CARDS ***
AlexPinsk1: folds 
coeeeelho: folds 
GuigaMan: folds 
kvcsszblcs: raises $1.25 to $2.25
Appeltaart44: folds 
Palacios777: raises $9.75 to $12
kvcsszblcs: raises $12 to $24
Palacios777: folds 
Uncalled bet ($12) returned to kvcsszblcs
kvcsszblcs collected $24.50 from pot
kvcsszblcs: doesn't show hand 
*** SUMMARY ***
Total pot $24.50 | Rake $0 
Seat 1: Palacios777 (big blind) folded before Flop
Seat 2: AlexPinsk1 folded before Flop (didn't bet)
Seat 3: coeeeelho folded before Flop (didn't bet)
Seat 4: GuigaMan folded before Flop (didn't bet)
Seat 5: kvcsszblcs (button) collected ($24.50)
Seat 6: Appeltaart44 (small blind) folded before Flop



PokerStars Hand #254337295674:  Hold'em No Limit ($0.50/$1.00 USD) - 2025/01/12 19:49:10 WET [2025/01/12 14:49:10 ET]
Table 'Donnera III' 6-max Seat #6 is the button
Seat 1: Palacios777 ($100 in chips) 
Seat 2: AlexPinsk1 ($106.25 in chips) 
Seat 3: coeeeelho ($100.30 in chips) 
Seat 4: GuigaMan ($102.36 in chips) 
Seat 5: kvcsszblcs ($219.08 in chips) 
Seat 6: Appeltaart44 ($76.81 in chips) 
Palacios777: posts small blind $0.50
AlexPinsk1: posts big blind $1
*** HOLE CARDS ***
coeeeelho: folds 
GuigaMan: raises $1.10 to $2.10
kvcsszblcs: folds 
Appeltaart44: folds 
Palacios777: folds 
AlexPinsk1: folds 
Uncalled bet ($1.10) returned to GuigaMan
GuigaMan collected $2.50 from pot
GuigaMan: doesn't show hand 
*** SUMMARY ***
Total pot $2.50 | Rake $0 
Seat 1: Palacios777 (small blind) folded before Flop
Seat 2: AlexPinsk1 (big blind) folded before Flop
Seat 3: coeeeelho folded before Flop (didn't bet)
Seat 4: GuigaMan collected ($2.50)
Seat 5: kvcsszblcs folded before Flop (didn't bet)
Seat 6: Appeltaart44 (button) folded before Flop (didn't bet)



PokerStars Hand #254337304671:  Hold'em No Limit ($0.50/$1.00 USD) - 2025/01/12 19:49:34 WET [2025/01/12 14:49:34 ET]
Table 'Donnera III' 6-max Seat #1 is the button
Seat 1: Palacios777 ($100 in chips) 
Seat 2: AlexPinsk1 ($105.25 in chips) 
Seat 3: coeeeelho ($100.30 in chips) 
Seat 4: GuigaMan ($103.86 in chips) 
Seat 5: kvcsszblcs ($219.08 in chips) 
Seat 6: Appeltaart44 ($76.81 in chips) 
AlexPinsk1: posts small blind $0.50
coeeeelho: posts big blind $1
*** HOLE CARDS ***
GuigaMan: raises $1.10 to $2.10
kvcsszblcs: folds 
Appeltaart44: folds 
Palacios777: folds 
AlexPinsk1: folds 
coeeeelho: calls $1.10
*** FLOP *** [3c Qs 2s]
coeeeelho: checks 
GuigaMan: bets $3.35
coeeeelho: calls $3.35
*** TURN *** [3c Qs 2s] [4c]
coeeeelho: checks 
GuigaMan: bets $8.12
coeeeelho: calls $8.12
*** RIVER *** [3c Qs 2s 4c] [Kh]
coeeeelho: checks 
GuigaMan: bets $36
coeeeelho: folds 
Uncalled bet ($36) returned to GuigaMan
GuigaMan collected $26.26 from pot
GuigaMan: doesn't show hand 
*** SUMMARY ***
Total pot $27.64 | Rake $1.38 
Board [3c Qs 2s 4c Kh]
Seat 1: Palacios777 (button) folded before Flop (didn't bet)
Seat 2: AlexPinsk1 (small blind) folded before Flop
Seat 3: coeeeelho (big blind) folded on the River
Seat 4: GuigaMan collected ($26.26)
Seat 5: kvcsszblcs folded before Flop (didn't bet)
Seat 6: Appeltaart44 folded before Flop (didn't bet)



PokerStars Hand #254337329887:  Hold'em No Limit ($0.50/$1.00 USD) - 2025/01/12 19:50:42 WET [2025/01/12 14:50:42 ET]
Table 'Donnera III' 6-max Seat #2 is the button
Seat 1: Palacios777 ($100 in chips) 
Seat 2: AlexPinsk1 ($104.75 in chips) 
Seat 3: coeeeelho ($100 in chips) 
Seat 4: GuigaMan ($116.55 in chips) 
Seat 5: kvcsszblcs ($219.08 in chips) 
Seat 6: Appeltaart44 ($76.81 in chips) 
coeeeelho: posts small blind $0.50
GuigaMan: posts big blind $1
*** HOLE CARDS ***
kvcsszblcs: folds 
Appeltaart44: folds 
Palacios777: folds 
AlexPinsk1: folds 
coeeeelho: raises $2 to $3
GuigaMan: folds 
Uncalled bet ($2) returned to coeeeelho
coeeeelho collected $2 from pot
*** SUMMARY ***
Total pot $2 | Rake $0 
Seat 1: Palacios777 folded before Flop (didn't bet)
Seat 2: AlexPinsk1 (button) folded before Flop (didn't bet)
Seat 3: coeeeelho (small blind) collected ($2)
Seat 4: GuigaMan (big blind) folded before Flop
Seat 5: kvcsszblcs folded before Flop (didn't bet)
Seat 6: Appeltaart44 folded before Flop (didn't bet)



PokerStars Hand #254337337888:  Hold'em No Limit ($0.50/$1.00 USD) - 2025/01/12 19:51:03 WET [2025/01/12 14:51:03 ET]
Table 'Donnera III' 6-max Seat #3 is the button
Seat 1: Palacios777 ($100 in chips) 
Seat 2: AlexPinsk1 ($104.75 in chips) 
Seat 3: coeeeelho ($101 in chips) 
Seat 4: GuigaMan ($115.55 in chips) 
Seat 5: kvcsszblcs ($219.08 in chips) 
Seat 6: Appeltaart44 ($76.81 in chips) 
GuigaMan: posts small blind $0.50
kvcsszblcs: posts big blind $1
*** HOLE CARDS ***
Appeltaart44: calls $1
Palacios777: folds 
AlexPinsk1: folds 
coeeeelho: folds 
GuigaMan: raises $3 to $4
kvcsszblcs: calls $3
Appeltaart44: calls $3
*** FLOP *** [4h 5c 4d]
GuigaMan: checks 
kvcsszblcs: checks 
Appeltaart44: checks 
*** TURN *** [4h 5c 4d] [6d]
GuigaMan: checks 
kvcsszblcs: bets $11.50
Appeltaart44: folds 
GuigaMan: folds 
Uncalled bet ($11.50) returned to kvcsszblcs
kvcsszblcs collected $11.40 from pot
kvcsszblcs: doesn't show hand 
*** SUMMARY ***
Total pot $12 | Rake $0.60 
Board [4h 5c 4d 6d]
Seat 1: Palacios777 folded before Flop (didn't bet)
Seat 2: AlexPinsk1 folded before Flop (didn't bet)
Seat 3: coeeeelho (button) folded before Flop (didn't bet)
Seat 4: GuigaMan (small blind) folded on the Turn
Seat 5: kvcsszblcs (big blind) collected ($11.40)
Seat 6: Appeltaart44 folded on the Turn



PokerStars Hand #254337356745:  Hold'em No Limit ($0.50/$1.00 USD) - 2025/01/12 19:51:53 WET [2025/01/12 14:51:53 ET]
Table 'Donnera III' 6-max Seat #4 is the button
Seat 1: Palacios777 ($100 in chips) 
Seat 2: AlexPinsk1 ($104.75 in chips) 
Seat 3: coeeeelho ($101 in chips) 
Seat 4: GuigaMan ($111.55 in chips) 
Seat 5: kvcsszblcs ($226.48 in chips) 
Seat 6: Appeltaart44 ($72.81 in chips) 
kvcsszblcs: posts small blind $0.50
Appeltaart44: posts big blind $1
*** HOLE CARDS ***
Palacios777: raises $1.20 to $2.20
AlexPinsk1: folds 
coeeeelho: folds 
GuigaMan: folds 
kvcsszblcs: folds 
Appeltaart44: folds 
Uncalled bet ($1.20) returned to Palacios777
Palacios777 collected $2.50 from pot
Palacios777: doesn't show hand 
*** SUMMARY ***
Total pot $2.50 | Rake $0 
Seat 1: Palacios777 collected ($2.50)
Seat 2: AlexPinsk1 folded before Flop (didn't bet)
Seat 3: coeeeelho folded before Flop (didn't bet)
Seat 4: GuigaMan (button) folded before Flop (didn't bet)
Seat 5: kvcsszblcs (small blind) folded before Flop
Seat 6: Appeltaart44 (big blind) folded before Flop



PokerStars Hand #254337362272:  Hold'em No Limit ($0.50/$1.00 USD) - 2025/01/12 19:52:08 WET [2025/01/12 14:52:08 ET]
Table 'Donnera III' 6-max Seat #5 is the button
Seat 1: Palacios777 ($101.50 in chips) 
Seat 2: AlexPinsk1 ($104.75 in chips) 
Seat 3: coeeeelho ($101 in chips) 
Seat 4: GuigaMan ($111.55 in chips) 
Seat 5: kvcsszblcs ($225.98 in chips) 
Seat 6: Appeltaart44 ($71.81 in chips) 
Appeltaart44: posts small blind $0.50
Palacios777: posts big blind $1
*** HOLE CARDS ***
AlexPinsk1: folds 
coeeeelho: folds 
GuigaMan: raises $1.10 to $2.10
kvcsszblcs: folds 
Appeltaart44: raises $1.10 to $3.20
Palacios777: folds 
GuigaMan: calls $1.10
*** FLOP *** [8h Ah Kc]
Appeltaart44: bets $3.52
GuigaMan: calls $3.52
*** TURN *** [8h Ah Kc] [6s]
Appeltaart44: bets $5.86
GuigaMan: folds 
Uncalled bet ($5.86) returned to Appeltaart44
Appeltaart44 collected $13.72 from pot
*** SUMMARY ***
Total pot $14.44 | Rake $0.72 
Board [8h Ah Kc 6s]
Seat 1: Palacios777 (big blind) folded before Flop
Seat 2: AlexPinsk1 folded before Flop (didn't bet)
Seat 3: coeeeelho folded before Flop (didn't bet)
Seat 4: GuigaMan folded on the Turn
Seat 5: kvcsszblcs (button) folded before Flop (didn't bet)
Seat 6: Appeltaart44 (small blind) collected ($13.72)



PokerStars Hand #254337376624:  Hold'em No Limit ($0.50/$1.00 USD) - 2025/01/12 19:52:47 WET [2025/01/12 14:52:47 ET]
Table 'Donnera III' 6-max Seat #6 is the button
Seat 1: Palacios777 ($100.50 in chips) 
Seat 2: AlexPinsk1 ($104.75 in chips) 
Seat 3: coeeeelho ($101 in chips) 
Seat 4: GuigaMan ($104.83 in chips) 
Seat 5: kvcsszblcs ($225.98 in chips) 
Seat 6: Appeltaart44 ($78.81 in chips) 
Palacios777: posts small blind $0.50
AlexPinsk1: posts big blind $1
*** HOLE CARDS ***
coeeeelho: raises $1.20 to $2.20
GuigaMan: folds 
kvcsszblcs: folds 
Appeltaart44: calls $2.20
Palacios777: folds 
AlexPinsk1: calls $1.20
*** FLOP *** [4h 5h Jh]
AlexPinsk1: checks 
coeeeelho: checks 
Appeltaart44: checks 
*** TURN *** [4h 5h Jh] [Ah]
AlexPinsk1: checks 
coeeeelho: checks 
Appeltaart44: checks 
*** RIVER *** [4h 5h Jh Ah] [Qh]
AlexPinsk1: bets $4.50
coeeeelho: folds 
Appeltaart44: calls $4.50
*** SHOW DOWN ***
AlexPinsk1: shows [Qs 8s] (a flush, Ace high)
Appeltaart44: shows [6d 7h] (a flush, Ace high - Seven higher)
Appeltaart44 collected $15.30 from pot
*** SUMMARY ***
Total pot $16.10 | Rake $0.80 
Board [4h 5h Jh Ah Qh]
Seat 1: Palacios777 (small blind) folded before Flop
Seat 2: AlexPinsk1 (big blind) showed [Qs 8s] and lost with a flush, Ace high
Seat 3: coeeeelho folded on the River
Seat 4: GuigaMan folded before Flop (didn't bet)
Seat 5: kvcsszblcs folded before Flop (didn't bet)
Seat 6: Appeltaart44 (button) showed [6d 7h] and won ($15.30) with a flush, Ace high



PokerStars Hand #254337400006:  Hold'em No Limit ($0.50/$1.00 USD) - 2025/01/12 19:53:49 WET [2025/01/12 14:53:49 ET]
Table 'Donnera III' 6-max Seat #1 is the button
Seat 1: Palacios777 ($100 in chips) 
Seat 2: AlexPinsk1 ($100 in chips) 
Seat 3: coeeeelho ($100 in chips) 
Seat 4: GuigaMan ($104.83 in chips) 
Seat 5: kvcsszblcs ($225.98 in chips) 
Seat 6: Appeltaart44 ($87.41 in chips) 
AlexPinsk1: posts small blind $0.50
coeeeelho: posts big blind $1
*** HOLE CARDS ***
GuigaMan: folds 
kvcsszblcs: raises $1 to $2
Appeltaart44: calls $2
Palacios777: folds 
AlexPinsk1: folds 
coeeeelho: raises $11 to $13
kvcsszblcs: folds 
Appeltaart44: folds 
Uncalled bet ($11) returned to coeeeelho
coeeeelho collected $6.50 from pot
*** SUMMARY ***
Total pot $6.50 | Rake $0 
Seat 1: Palacios777 (button) folded before Flop (didn't bet)
Seat 2: AlexPinsk1 (small blind) folded before Flop
Seat 3: coeeeelho (big blind) collected ($6.50)
Seat 4: GuigaMan folded before Flop (didn't bet)
Seat 5: kvcsszblcs folded before Flop
Seat 6: Appeltaart44 folded before Flop



PokerStars Hand #254337417234:  Hold'em No Limit ($0.50/$1.00 USD) - 2025/01/12 19:54:35 WET [2025/01/12 14:54:35 ET]
Table 'Donnera III' 6-max Seat #2 is the button
Seat 1: Palacios777 ($100 in chips) 
Seat 2: AlexPinsk1 ($100 in chips) 
Seat 3: coeeeelho ($104.50 in chips) 
Seat 4: GuigaMan ($104.83 in chips) 
Seat 5: kvcsszblcs ($223.98 in chips) 
Seat 6: Appeltaart44 ($85.41 in chips) 
coeeeelho: posts small blind $0.50
GuigaMan: posts big blind $1
*** HOLE CARDS ***
kvcsszblcs: folds 
Appeltaart44: folds 
Palacios777: raises $1.50 to $2.50
AlexPinsk1: folds 
coeeeelho: folds 
GuigaMan: calls $1.50
*** FLOP *** [Td 2h 5c]
GuigaMan: checks 
Palacios777: bets $1.72
GuigaMan: folds 
Uncalled bet ($1.72) returned to Palacios777
Palacios777 collected $5.22 from pot
Palacios777: doesn't show hand 
*** SUMMARY ***
Total pot $5.50 | Rake $0.28 
Board [Td 2h 5c]
Seat 1: Palacios777 collected ($5.22)
Seat 2: AlexPinsk1 (button) folded before Flop (didn't bet)
Seat 3: coeeeelho (small blind) folded before Flop
Seat 4: GuigaMan (big blind) folded on the Flop
Seat 5: kvcsszblcs folded before Flop (didn't bet)
Seat 6: Appeltaart44 folded before Flop (didn't bet)



PokerStars Hand #254337428945:  Hold'em No Limit ($0.50/$1.00 USD) - 2025/01/12 19:55:11 WET [2025/01/12 14:55:11 ET]
Table 'Donnera III' 6-max Seat #3 is the button
Seat 1: Palacios777 ($102.72 in chips) 
Seat 2: AlexPinsk1 ($100 in chips) 
Seat 3: coeeeelho ($104 in chips) 
Seat 4: GuigaMan ($102.33 in chips) 
Seat 5: kvcsszblcs ($223.98 in chips) 
Seat 6: Appeltaart44 ($85.41 in chips) 
GuigaMan: posts small blind $0.50
kvcsszblcs: posts big blind $1
*** HOLE CARDS ***
Appeltaart44: folds 
Palacios777: raises $1.20 to $2.20
AlexPinsk1: folds 
coeeeelho: folds 
GuigaMan: folds 
kvcsszblcs: folds 
Uncalled bet ($1.20) returned to Palacios777
Palacios777 collected $2.50 from pot
Palacios777: doesn't show hand 
*** SUMMARY ***
Total pot $2.50 | Rake $0 
Seat 1: Palacios777 collected ($2.50)
Seat 2: AlexPinsk1 folded before Flop (didn't bet)
Seat 3: coeeeelho (button) folded before Flop (didn't bet)
Seat 4: GuigaMan (small blind) folded before Flop
Seat 5: kvcsszblcs (big blind) folded before Flop
Seat 6: Appeltaart44 folded before Flop (didn't bet)



PokerStars Hand #254337432265:  Hold'em No Limit ($0.50/$1.00 USD) - 2025/01/12 19:55:26 WET [2025/01/12 14:55:26 ET]
Table 'Donnera III' 6-max Seat #4 is the button
Seat 1: Palacios777 ($104.22 in chips) 
Seat 2: AlexPinsk1 ($100 in chips) 
Seat 3: coeeeelho ($104 in chips) 
Seat 4: GuigaMan ($101.83 in chips) 
Seat 5: kvcsszblcs ($222.98 in chips) 
Seat 6: Appeltaart44 ($85.41 in chips) 
kvcsszblcs: posts small blind $0.50
Appeltaart44: posts big blind $1
*** HOLE CARDS ***
Palacios777: folds 
AlexPinsk1: folds 
coeeeelho: folds 
GuigaMan: folds 
kvcsszblcs: folds 
Uncalled bet ($0.50) returned to Appeltaart44
Appeltaart44 collected $1 from pot
*** SUMMARY ***
Total pot $1 | Rake $0 
Seat 1: Palacios777 folded before Flop (didn't bet)
Seat 2: AlexPinsk1 folded before Flop (didn't bet)
Seat 3: coeeeelho folded before Flop (didn't bet)
Seat 4: GuigaMan (button) folded before Flop (didn't bet)
Seat 5: kvcsszblcs (small blind) folded before Flop
Seat 6: Appeltaart44 (big blind) collected ($1)



PokerStars Hand #254337435862:  Hold'em No Limit ($0.50/$1.00 USD) - 2025/01/12 19:55:43 WET [2025/01/12 14:55:43 ET]
Table 'Donnera III' 6-max Seat #5 is the button
Seat 1: Palacios777 ($104.22 in chips) 
Seat 2: AlexPinsk1 ($100 in chips) 
Seat 3: coeeeelho ($104 in chips) 
Seat 4: GuigaMan ($101.83 in chips) 
Seat 5: kvcsszblcs ($222.48 in chips) 
Seat 6: Appeltaart44 ($85.91 in chips) 
Appeltaart44: posts small blind $0.50
Palacios777: posts big blind $1
*** HOLE CARDS ***
AlexPinsk1: folds 
coeeeelho: folds 
GuigaMan: folds 
kvcsszblcs: raises $1.25 to $2.25
Appeltaart44: folds 
Palacios777: folds 
Uncalled bet ($1.25) returned to kvcsszblcs
kvcsszblcs collected $2.50 from pot
kvcsszblcs: doesn't show hand 
*** SUMMARY ***
Total pot $2.50 | Rake $0 
Seat 1: Palacios777 (big blind) folded before Flop
Seat 2: AlexPinsk1 folded before Flop (didn't bet)
Seat 3: coeeeelho folded before Flop (didn't bet)
Seat 4: GuigaMan folded before Flop (didn't bet)
Seat 5: kvcsszblcs (button) collected ($2.50)
Seat 6: Appeltaart44 (small blind) folded before Flop



PokerStars Hand #254337443020:  Hold'em No Limit ($0.50/$1.00 USD) - 2025/01/12 19:56:16 WET [2025/01/12 14:56:16 ET]
Table 'Donnera III' 6-max Seat #6 is the button
Seat 1: Palacios777 ($103.22 in chips) 
Seat 2: AlexPinsk1 ($100 in chips) 
Seat 3: coeeeelho ($104 in chips) 
Seat 4: GuigaMan ($101.83 in chips) 
Seat 5: kvcsszblcs ($223.98 in chips) 
Seat 6: Appeltaart44 ($85.41 in chips) 
Palacios777: posts small blind $0.50
AlexPinsk1: posts big blind $1
*** HOLE CARDS ***
coeeeelho: folds 
GuigaMan: folds 
kvcsszblcs: raises $1 to $2
Appeltaart44: folds 
Palacios777: folds 
AlexPinsk1: calls $1
*** FLOP *** [Jc 2d Qh]
AlexPinsk1: checks 
kvcsszblcs: checks 
*** TURN *** [Jc 2d Qh] [4s]
AlexPinsk1: checks 
kvcsszblcs: bets $2.14
AlexPinsk1: folds 
Uncalled bet ($2.14) returned to kvcsszblcs
kvcsszblcs collected $4.28 from pot
kvcsszblcs: doesn't show hand 
*** SUMMARY ***
Total pot $4.50 | Rake $0.22 
Board [Jc 2d Qh 4s]
Seat 1: Palacios777 (small blind) folded before Flop
Seat 2: AlexPinsk1 (big blind) folded on the Turn
Seat 3: coeeeelho folded before Flop (didn't bet)
Seat 4: GuigaMan folded before Flop (didn't bet)
Seat 5: kvcsszblcs collected ($4.28)
Seat 6: Appeltaart44 (button) folded before Flop (didn't bet)



PokerStars Hand #254337460495:  Hold'em No Limit ($0.50/$1.00 USD) - 2025/01/12 19:57:36 WET [2025/01/12 14:57:36 ET]
Table 'Donnera III' 6-max Seat #1 is the button
Seat 1: Palacios777 ($102.72 in chips) 
Seat 2: AlexPinsk1 ($100 in chips) 
Seat 3: coeeeelho ($104 in chips) 
Seat 4: GuigaMan ($101.83 in chips) 
Seat 5: kvcsszblcs ($226.26 in chips) 
Seat 6: Appeltaart44 ($85.41 in chips) 
AlexPinsk1: posts small blind $0.50
coeeeelho: posts big blind $1
*** HOLE CARDS ***
GuigaMan: folds 
kvcsszblcs: folds 
Appeltaart44: folds 
Palacios777: raises $1.50 to $2.50
AlexPinsk1: folds 
coeeeelho: calls $1.50
*** FLOP *** [4s 3s 2d]
coeeeelho: checks 
Palacios777: checks 
*** TURN *** [4s 3s 2d] [2c]
coeeeelho: checks 
Palacios777: bets $5.22
coeeeelho: folds 
Uncalled bet ($5.22) returned to Palacios777
Palacios777 collected $5.22 from pot
Palacios777: doesn't show hand 
*** SUMMARY ***
Total pot $5.50 | Rake $0.28 
Board [4s 3s 2d 2c]
Seat 1: Palacios777 (button) collected ($5.22)
Seat 2: AlexPinsk1 (small blind) folded before Flop
Seat 3: coeeeelho (big blind) folded on the Turn
Seat 4: GuigaMan folded before Flop (didn't bet)
Seat 5: kvcsszblcs folded before Flop (didn't bet)
Seat 6: Appeltaart44 folded before Flop (didn't bet)



PokerStars Hand #254337636913:  Hold'em No Limit ($0.50/$1.00 USD) - 2025/01/12 20:06:53 WET [2025/01/12 15:06:53 ET]
Table 'Donnera III' 6-max Seat #6 is the button
Seat 1: Palacios777 ($103.69 in chips) 
Seat 2: AlexPinsk1 ($100 in chips) 
Seat 3: coeeeelho ($100 in chips) 
Seat 4: GuigaMan ($110 in chips) 
Seat 5: kvcsszblcs ($213.70 in chips) 
Seat 6: Appeltaart44 ($115.06 in chips) 
Palacios777: posts small blind $0.50
AlexPinsk1: posts big blind $1
*** HOLE CARDS ***
coeeeelho: raises $1.10 to $2.10
GuigaMan: folds 
kvcsszblcs: folds 
Appeltaart44: calls $2.10
Palacios777: folds 
AlexPinsk1: folds 
*** FLOP *** [Jd Kc Tc]
coeeeelho: checks 
Appeltaart44: bets $3.71
coeeeelho: calls $3.71
*** TURN *** [Jd Kc Tc] [2h]
coeeeelho: checks 
Appeltaart44: bets $5.23
coeeeelho: calls $5.23
*** RIVER *** [Jd Kc Tc 2h] [2s]
coeeeelho: bets $16.80
Appeltaart44: calls $16.80
*** SHOW DOWN ***
coeeeelho: shows [Ac Ks] (two pair, Kings and Deuces)
Appeltaart44: mucks hand 
coeeeelho collected $54.68 from pot
*** SUMMARY ***
Total pot $57.18 | Rake $2.50 
Board [Jd Kc Tc 2h 2s]
Seat 1: Palacios777 (small blind) folded before Flop
Seat 2: AlexPinsk1 (big blind) folded before Flop
Seat 3: coeeeelho showed [Ac Ks] and won ($54.68) with two pair, Kings and Deuces
Seat 4: GuigaMan folded before Flop (didn't bet)
Seat 5: kvcsszblcs folded before Flop (didn't bet)
Seat 6: Appeltaart44 (button) mucked



PokerStars Hand #254337654387:  Hold'em No Limit ($0.50/$1.00 USD) - 2025/01/12 20:07:35 WET [2025/01/12 15:07:35 ET]
Table 'Donnera III' 6-max Seat #1 is the button
Seat 3: coeeeelho ($126.84 in chips) is sitting out
Seat 1: Palacios777 ($103.19 in chips) 
Seat 2: AlexPinsk1 ($100 in chips) 
Seat 4: GuigaMan ($110 in chips) 
Seat 5: kvcsszblcs ($213.70 in chips) 
Seat 6: Appeltaart44 ($87.22 in chips) 
AlexPinsk1: posts small blind $0.50
coeeeelho: is sitting out 
GuigaMan: posts big blind $1
*** HOLE CARDS ***
kvcsszblcs: folds 
Appeltaart44: folds 
Palacios777: folds 
AlexPinsk1: folds 
Uncalled bet ($0.50) returned to GuigaMan
GuigaMan collected $1 from pot
GuigaMan: doesn't show hand 
*** SUMMARY ***
Total pot $1 | Rake $0 
Seat 3: coeeeelho
Seat 1: Palacios777 (button) folded before Flop (didn't bet)
Seat 2: AlexPinsk1 (small blind) folded before Flop
Seat 4: GuigaMan (big blind) collected ($1)
Seat 5: kvcsszblcs folded before Flop (didn't bet)
Seat 6: Appeltaart44 folded before Flop (didn't bet)



PokerStars Hand #254337663148:  Hold'em No Limit ($0.50/$1.00 USD) - 2025/01/12 20:07:57 WET [2025/01/12 15:07:57 ET]
Table 'Donnera III' 6-max Seat #2 is the button
Seat 3: coeeeelho ($126.84 in chips) is sitting out
Seat 1: Palacios777 ($103.19 in chips) 
Seat 2: AlexPinsk1 ($100 in chips) 
Seat 4: GuigaMan ($110.50 in chips) 
Seat 5: kvcsszblcs ($213.70 in chips) 
Seat 6: Appeltaart44 ($87.22 in chips) 
GuigaMan: posts small blind $0.50
kvcsszblcs: posts big blind $1
*** HOLE CARDS ***
Appeltaart44: folds 
Palacios777: folds 
AlexPinsk1: folds 
GuigaMan: raises $2 to $3
kvcsszblcs: calls $2
*** FLOP *** [Js 8s Th]
GuigaMan: checks 
kvcsszblcs: bets $3.76
GuigaMan: folds 
Uncalled bet ($3.76) returned to kvcsszblcs
kvcsszblcs collected $5.70 from pot
kvcsszblcs: doesn't show hand 
*** SUMMARY ***
Total pot $6 | Rake $0.30 
Board [Js 8s Th]
Seat 3: coeeeelho
Seat 1: Palacios777 folded before Flop (didn't bet)
Seat 2: AlexPinsk1 (button) folded before Flop (didn't bet)
Seat 4: GuigaMan (small blind) folded on the Flop
Seat 5: kvcsszblcs (big blind) collected ($5.70)
Seat 6: Appeltaart44 folded before Flop (didn't bet)



PokerStars Hand #254337674765:  Hold'em No Limit ($0.50/$1.00 USD) - 2025/01/12 20:08:25 WET [2025/01/12 15:08:25 ET]
Table 'Donnera III' 6-max Seat #4 is the button
Seat 3: coeeeelho ($126.84 in chips) is sitting out
Seat 1: Palacios777 ($103.19 in chips) 
Seat 2: AlexPinsk1 ($100 in chips) 
Seat 4: GuigaMan ($107.50 in chips) 
Seat 5: kvcsszblcs ($216.40 in chips) 
Seat 6: Appeltaart44 ($87.22 in chips) 
kvcsszblcs: posts small blind $0.50
Appeltaart44: posts big blind $1
*** HOLE CARDS ***
Palacios777: folds 
AlexPinsk1: folds 
GuigaMan: raises $1.10 to $2.10
kvcsszblcs: folds 
Appeltaart44: calls $1.10
*** FLOP *** [2h 4c As]
Appeltaart44: checks 
GuigaMan: bets $1.34
Appeltaart44: calls $1.34
*** TURN *** [2h 4c As] [9c]
Appeltaart44: checks 
GuigaMan: checks 
*** RIVER *** [2h 4c As 9c] [Ks]
Appeltaart44: checks 
GuigaMan: checks 
*** SHOW DOWN ***
Appeltaart44: shows [Qh 7h] (high card Ace)
GuigaMan: mucks hand 
Appeltaart44 collected $7.01 from pot
*** SUMMARY ***
Total pot $7.38 | Rake $0.37 
Board [2h 4c As 9c Ks]
Seat 3: coeeeelho
Seat 1: Palacios777 folded before Flop (didn't bet)
Seat 2: AlexPinsk1 folded before Flop (didn't bet)
Seat 4: GuigaMan (button) mucked
Seat 5: kvcsszblcs (small blind) folded before Flop
Seat 6: Appeltaart44 (big blind) showed [Qh 7h] and won ($7.01) with high card Ace



PokerStars Hand #254337689776:  Hold'em No Limit ($0.50/$1.00 USD) - 2025/01/12 20:09:02 WET [2025/01/12 15:09:02 ET]
Table 'Donnera III' 6-max Seat #5 is the button
Seat 3: coeeeelho ($126.84 in chips) is sitting out
Seat 1: Palacios777 ($103.19 in chips) 
Seat 2: AlexPinsk1 ($100 in chips) 
Seat 4: GuigaMan ($104.06 in chips) 
Seat 5: kvcsszblcs ($215.90 in chips) 
Seat 6: Appeltaart44 ($90.79 in chips) 
Appeltaart44: posts small blind $0.50
Palacios777: posts big blind $1
*** HOLE CARDS ***
AlexPinsk1: raises $1.50 to $2.50
GuigaMan: folds 
kvcsszblcs: folds 
Appeltaart44: folds 
Palacios777: folds 
Uncalled bet ($1.50) returned to AlexPinsk1
AlexPinsk1 collected $2.50 from pot
AlexPinsk1: doesn't show hand 
*** SUMMARY ***
Total pot $2.50 | Rake $0 
Seat 3: coeeeelho
Seat 1: Palacios777 (big blind) folded before Flop
Seat 2: AlexPinsk1 collected ($2.50)
Seat 4: GuigaMan folded before Flop (didn't bet)
Seat 5: kvcsszblcs (button) folded before Flop (didn't bet)
Seat 6: Appeltaart44 (small blind) folded before Flop



PokerStars Hand #254337700806:  Hold'em No Limit ($0.50/$1.00 USD) - 2025/01/12 20:09:28 WET [2025/01/12 15:09:28 ET]
Table 'Donnera III' 6-max Seat #6 is the button
Seat 3: coeeeelho ($126.84 in chips) is sitting out
Seat 1: Palacios777 ($102.19 in chips) 
Seat 2: AlexPinsk1 ($101.50 in chips) 
Seat 4: GuigaMan ($104.06 in chips) 
Seat 5: kvcsszblcs ($215.90 in chips) 
Seat 6: Appeltaart44 ($90.29 in chips) 
Palacios777: posts small blind $0.50
AlexPinsk1: posts big blind $1
*** HOLE CARDS ***
GuigaMan: raises $1.10 to $2.10
kvcsszblcs: folds 
Appeltaart44: folds 
Palacios777: folds 
AlexPinsk1: folds 
Uncalled bet ($1.10) returned to GuigaMan
GuigaMan collected $2.50 from pot
GuigaMan: doesn't show hand 
*** SUMMARY ***
Total pot $2.50 | Rake $0 
Seat 3: coeeeelho
Seat 1: Palacios777 (small blind) folded before Flop
Seat 2: AlexPinsk1 (big blind) folded before Flop
Seat 4: GuigaMan collected ($2.50)
Seat 5: kvcsszblcs folded before Flop (didn't bet)
Seat 6: Appeltaart44 (button) folded before Flop (didn't bet)



PokerStars Hand #254337706469:  Hold'em No Limit ($0.50/$1.00 USD) - 2025/01/12 20:09:42 WET [2025/01/12 15:09:42 ET]
Table 'Donnera III' 6-max Seat #1 is the button
Seat 3: coeeeelho ($126.84 in chips) is sitting out
Seat 1: Palacios777 ($101.69 in chips) 
Seat 2: AlexPinsk1 ($100.50 in chips) 
Seat 4: GuigaMan ($105.56 in chips) 
Seat 5: kvcsszblcs ($215.90 in chips) 
Seat 6: Appeltaart44 ($90.29 in chips) 
AlexPinsk1: posts small blind $0.50
GuigaMan: posts big blind $1
*** HOLE CARDS ***
kvcsszblcs: raises $1 to $2
Appeltaart44: calls $2
Palacios777: folds 
AlexPinsk1: folds 
GuigaMan: folds 
*** FLOP *** [2h 3h Qd]
kvcsszblcs: checks 
Appeltaart44: checks 
*** TURN *** [2h 3h Qd] [3c]
kvcsszblcs: bets $7.83
Appeltaart44: calls $7.83
*** RIVER *** [2h 3h Qd 3c] [2s]
kvcsszblcs: bets $10.05
Appeltaart44: calls $10.05
*** SHOW DOWN ***
kvcsszblcs: shows [Jd 9d] (two pair, Threes and Deuces)
Appeltaart44: shows [6h 6d] (two pair, Sixes and Threes)
Appeltaart44 collected $39.20 from pot
*** SUMMARY ***
Total pot $41.26 | Rake $2.06 
Board [2h 3h Qd 3c 2s]
Seat 3: coeeeelho
Seat 1: Palacios777 (button) folded before Flop (didn't bet)
Seat 2: AlexPinsk1 (small blind) folded before Flop
Seat 4: GuigaMan (big blind) folded before Flop
Seat 5: kvcsszblcs showed [Jd 9d] and lost with two pair, Threes and Deuces
Seat 6: Appeltaart44 showed [6h 6d] and won ($39.20) with two pair, Sixes and Threes



PokerStars Hand #254337731676:  Hold'em No Limit ($0.50/$1.00 USD) - 2025/01/12 20:10:43 WET [2025/01/12 15:10:43 ET]
Table 'Donnera III' 6-max Seat #2 is the button
Seat 3: coeeeelho ($126.84 in chips) is sitting out
Seat 1: Palacios777 ($101.69 in chips) 
Seat 2: AlexPinsk1 ($100 in chips) 
Seat 4: GuigaMan ($104.56 in chips) 
Seat 5: kvcsszblcs ($196.02 in chips) 
Seat 6: Appeltaart44 ($109.61 in chips) 
GuigaMan: posts small blind $0.50
kvcsszblcs: posts big blind $1
*** HOLE CARDS ***
Appeltaart44: folds 
Palacios777: folds 
AlexPinsk1: raises $1.50 to $2.50
GuigaMan: folds 
kvcsszblcs: calls $1.50
*** FLOP *** [8c 9d Ac]
kvcsszblcs: checks 
AlexPinsk1: bets $3.92
kvcsszblcs: folds 
Uncalled bet ($3.92) returned to AlexPinsk1
AlexPinsk1 collected $5.22 from pot
AlexPinsk1: doesn't show hand 
*** SUMMARY ***
Total pot $5.50 | Rake $0.28 
Board [8c 9d Ac]
Seat 3: coeeeelho
Seat 1: Palacios777 folded before Flop (didn't bet)
Seat 2: AlexPinsk1 (button) collected ($5.22)
Seat 4: GuigaMan (small blind) folded before Flop
Seat 5: kvcsszblcs (big blind) folded on the Flop
Seat 6: Appeltaart44 folded before Flop (didn't bet)



PokerStars Hand #254337752443:  Hold'em No Limit ($0.50/$1.00 USD) - 2025/01/12 20:11:34 WET [2025/01/12 15:11:34 ET]
Table 'Donnera III' 6-max Seat #4 is the button
Seat 3: coeeeelho ($126.84 in chips) is sitting out
Seat 1: Palacios777 ($101.69 in chips) 
Seat 2: AlexPinsk1 ($102.72 in chips) 
Seat 4: GuigaMan ($104.06 in chips) 
Seat 5: kvcsszblcs ($193.52 in chips) 
Seat 6: Appeltaart44 ($109.61 in chips) 
kvcsszblcs: posts small blind $0.50
Appeltaart44: posts big blind $1
*** HOLE CARDS ***
Palacios777: folds 
AlexPinsk1: folds 
GuigaMan: folds 
kvcsszblcs: raises $1.85 to $2.85
Appeltaart44: calls $1.85
*** FLOP *** [3s 6h 4c]
kvcsszblcs: checks 
Appeltaart44: checks 
*** TURN *** [3s 6h 4c] [5s]
kvcsszblcs: checks 
Appeltaart44: bets $3.71
kvcsszblcs: folds 
Uncalled bet ($3.71) returned to Appeltaart44
Appeltaart44 collected $5.42 from pot
*** SUMMARY ***
Total pot $5.70 | Rake $0.28 
Board [3s 6h 4c 5s]
Seat 3: coeeeelho
Seat 1: Palacios777 folded before Flop (didn't bet)
Seat 2: AlexPinsk1 folded before Flop (didn't bet)
Seat 4: GuigaMan (button) folded before Flop (didn't bet)
Seat 5: kvcsszblcs (small blind) folded on the Turn
Seat 6: Appeltaart44 (big blind) collected ($5.42)



PokerStars Hand #254337778104:  Hold'em No Limit ($0.50/$1.00 USD) - 2025/01/12 20:12:37 WET [2025/01/12 15:12:37 ET]
Table 'Donnera III' 6-max Seat #5 is the button
Seat 3: coeeeelho ($126.84 in chips) is sitting out
Seat 1: Palacios777 ($101.69 in chips) 
Seat 2: AlexPinsk1 ($102.72 in chips) 
Seat 4: GuigaMan ($104.06 in chips) 
Seat 5: kvcsszblcs ($190.67 in chips) 
Seat 6: Appeltaart44 ($112.18 in chips) 
Appeltaart44: posts small blind $0.50
Palacios777: posts big blind $1
coeeeelho: sits out 
*** HOLE CARDS ***
AlexPinsk1: folds 
GuigaMan: folds 
kvcsszblcs: folds 
Appeltaart44: calls $0.50
Palacios777: checks 
*** FLOP *** [Ad Td 4h]
Appeltaart44: bets $2.90
Palacios777: folds 
Uncalled bet ($2.90) returned to Appeltaart44
Appeltaart44 collected $1.90 from pot
*** SUMMARY ***
Total pot $2 | Rake $0.10 
Board [Ad Td 4h]
Seat 3: coeeeelho
Seat 1: Palacios777 (big blind) folded on the Flop
Seat 2: AlexPinsk1 folded before Flop (didn't bet)
Seat 4: GuigaMan folded before Flop (didn't bet)
Seat 5: kvcsszblcs (button) folded before Flop (didn't bet)
Seat 6: Appeltaart44 (small blind) collected ($1.90)



PokerStars Hand #254337793784:  Hold'em No Limit ($0.50/$1.00 USD) - 2025/01/12 20:13:15 WET [2025/01/12 15:13:15 ET]
Table 'Donnera III' 6-max Seat #6 is the button
Seat 3: coeeeelho ($126.84 in chips) is sitting out
Seat 1: Palacios777 ($100.69 in chips) 
Seat 2: AlexPinsk1 ($102.72 in chips) 
Seat 4: GuigaMan ($104.06 in chips) 
Seat 5: kvcsszblcs ($190.67 in chips) 
Seat 6: Appeltaart44 ($113.08 in chips) 
Palacios777: posts small blind $0.50
AlexPinsk1: posts big blind $1
coeeeelho: sits out 
*** HOLE CARDS ***
GuigaMan: folds 
kvcsszblcs: folds 
Appeltaart44: calls $1
Palacios777: raises $3.50 to $4.50
AlexPinsk1: folds 
Appeltaart44: folds 
Uncalled bet ($3.50) returned to Palacios777
Palacios777 collected $3 from pot
Palacios777: doesn't show hand 
*** SUMMARY ***
Total pot $3 | Rake $0 
Seat 3: coeeeelho
Seat 1: Palacios777 (small blind) collected ($3)
Seat 2: AlexPinsk1 (big blind) folded before Flop
Seat 4: GuigaMan folded before Flop (didn't bet)
Seat 5: kvcsszblcs folded before Flop (didn't bet)
Seat 6: Appeltaart44 (button) folded before Flop



PokerStars Hand #254337806000:  Hold'em No Limit ($0.50/$1.00 USD) - 2025/01/12 20:13:45 WET [2025/01/12 15:13:45 ET]
Table 'Donnera III' 6-max Seat #1 is the button
Seat 1: Palacios777 ($102.69 in chips) 
Seat 2: AlexPinsk1 ($101.72 in chips) 
Seat 3: coeeeelho ($126.84 in chips) 
Seat 4: GuigaMan ($104.06 in chips) 
Seat 5: kvcsszblcs ($190.67 in chips) 
Seat 6: Appeltaart44 ($112.08 in chips) 
AlexPinsk1: posts small blind $0.50
coeeeelho: posts big blind $1
*** HOLE CARDS ***
GuigaMan: folds 
kvcsszblcs: folds 
Appeltaart44: raises $2 to $3
Palacios777: folds 
AlexPinsk1: folds 
coeeeelho: folds 
Uncalled bet ($2) returned to Appeltaart44
Appeltaart44 collected $2.50 from pot
*** SUMMARY ***
Total pot $2.50 | Rake $0 
Seat 1: Palacios777 (button) folded before Flop (didn't bet)
Seat 2: AlexPinsk1 (small blind) folded before Flop
Seat 3: coeeeelho (big blind) folded before Flop
Seat 4: GuigaMan folded before Flop (didn't bet)
Seat 5: kvcsszblcs folded before Flop (didn't bet)
Seat 6: Appeltaart44 collected ($2.50)



PokerStars Hand #254337816002:  Hold'em No Limit ($0.50/$1.00 USD) - 2025/01/12 20:14:09 WET [2025/01/12 15:14:09 ET]
Table 'Donnera III' 6-max Seat #2 is the button
Seat 1: Palacios777 ($102.69 in chips) 
Seat 2: AlexPinsk1 ($101.22 in chips) 
Seat 3: coeeeelho ($125.84 in chips) 
Seat 4: GuigaMan ($104.06 in chips) 
Seat 5: kvcsszblcs ($190.67 in chips) 
Seat 6: Appeltaart44 ($113.58 in chips) 
coeeeelho: posts small blind $0.50
GuigaMan: posts big blind $1
*** HOLE CARDS ***
kvcsszblcs: folds 
Appeltaart44: folds 
Palacios777: raises $1.50 to $2.50
AlexPinsk1: folds 
coeeeelho: raises $8.72 to $11.22
GuigaMan: folds 
Palacios777: calls $8.72
*** FLOP *** [As 7c 8h]
coeeeelho: bets $11.13
Palacios777: calls $11.13
*** TURN *** [As 7c 8h] [2c]
coeeeelho: bets $21.71
Palacios777: calls $21.71
*** RIVER *** [As 7c 8h 2c] [4c]
coeeeelho: bets $64.97
Palacios777: calls $58.63 and is all-in
Uncalled bet ($6.34) returned to coeeeelho
*** SHOW DOWN ***
coeeeelho: shows [Kc Ah] (a pair of Aces)
Palacios777: shows [7s 8s] (two pair, Eights and Sevens)
Palacios777 collected $203.88 from pot
*** SUMMARY ***
Total pot $206.38 | Rake $2.50 
Board [As 7c 8h 2c 4c]
Seat 1: Palacios777 showed [7s 8s] and won ($203.88) with two pair, Eights and Sevens
Seat 2: AlexPinsk1 (button) folded before Flop (didn't bet)
Seat 3: coeeeelho (small blind) showed [Kc Ah] and lost with a pair of Aces
Seat 4: GuigaMan (big blind) folded before Flop
Seat 5: kvcsszblcs folded before Flop (didn't bet)
Seat 6: Appeltaart44 folded before Flop (didn't bet)



PokerStars Hand #254337857001:  Hold'em No Limit ($0.50/$1.00 USD) - 2025/01/12 20:15:50 WET [2025/01/12 15:15:50 ET]
Table 'Donnera III' 6-max Seat #3 is the button
Seat 1: Palacios777 ($203.88 in chips) 
Seat 2: AlexPinsk1 ($101.22 in chips) 
Seat 3: coeeeelho ($100 in chips) 
Seat 4: GuigaMan ($103.06 in chips) 
Seat 5: kvcsszblcs ($190.67 in chips) 
Seat 6: Appeltaart44 ($113.58 in chips) 
GuigaMan: posts small blind $0.50
kvcsszblcs: posts big blind $1
*** HOLE CARDS ***
Appeltaart44: folds 
Palacios777: raises $1.20 to $2.20
AlexPinsk1: raises $4.80 to $7
coeeeelho: raises $12 to $19
GuigaMan: folds 
kvcsszblcs: folds 
Palacios777: folds 
AlexPinsk1: raises $82.22 to $101.22 and is all-in
coeeeelho: calls $81 and is all-in
Uncalled bet ($1.22) returned to AlexPinsk1
*** FLOP *** [2c 6s 8h]
*** TURN *** [2c 6s 8h] [9h]
*** RIVER *** [2c 6s 8h 9h] [Qc]
*** SHOW DOWN ***
AlexPinsk1: shows [Ks Ah] (high card Ace)
coeeeelho: shows [Ac Ad] (a pair of Aces)
coeeeelho collected $201.20 from pot
*** SUMMARY ***
Total pot $203.70 | Rake $2.50 
Board [2c 6s 8h 9h Qc]
Seat 1: Palacios777 folded before Flop
Seat 2: AlexPinsk1 showed [Ks Ah] and lost with high card Ace
Seat 3: coeeeelho (button) showed [Ac Ad] and won ($201.20) with a pair of Aces
Seat 4: GuigaMan (small blind) folded before Flop
Seat 5: kvcsszblcs (big blind) folded before Flop
Seat 6: Appeltaart44 folded before Flop (didn't bet)



PokerStars Hand #254337884399:  Hold'em No Limit ($0.50/$1.00 USD) - 2025/01/12 20:16:58 WET [2025/01/12 15:16:58 ET]
Table 'Donnera III' 6-max Seat #4 is the button
Seat 1: Palacios777 ($201.68 in chips) 
Seat 2: AlexPinsk1 ($100 in chips) 
Seat 3: coeeeelho ($201.20 in chips) 
Seat 4: GuigaMan ($102.56 in chips) 
Seat 5: kvcsszblcs ($189.67 in chips) 
Seat 6: Appeltaart44 ($113.58 in chips) 
kvcsszblcs: posts small blind $0.50
Appeltaart44: posts big blind $1
*** HOLE CARDS ***
Palacios777: folds 
AlexPinsk1: raises $1.50 to $2.50
coeeeelho: calls $2.50
GuigaMan: folds 
kvcsszblcs: folds 
Appeltaart44: folds 
*** FLOP *** [Ad Kc As]
AlexPinsk1: bets $1.54
coeeeelho: calls $1.54
*** TURN *** [Ad Kc As] [Qs]
AlexPinsk1: checks 
coeeeelho: checks 
*** RIVER *** [Ad Kc As Qs] [2d]
AlexPinsk1: bets $3
coeeeelho: calls $3
*** SHOW DOWN ***
AlexPinsk1: shows [Ac Ks] (a full house, Aces full of Kings)
coeeeelho: mucks hand 
AlexPinsk1 collected $14.80 from pot
*** SUMMARY ***
Total pot $15.58 | Rake $0.78 
Board [Ad Kc As Qs 2d]
Seat 1: Palacios777 folded before Flop (didn't bet)
Seat 2: AlexPinsk1 showed [Ac Ks] and won ($14.80) with a full house, Aces full of Kings
Seat 3: coeeeelho mucked
Seat 4: GuigaMan (button) folded before Flop (didn't bet)
Seat 5: kvcsszblcs (small blind) folded before Flop
Seat 6: Appeltaart44 (big blind) folded before Flop



PokerStars Hand #254337909144:  Hold'em No Limit ($0.50/$1.00 USD) - 2025/01/12 20:17:59 WET [2025/01/12 15:17:59 ET]
Table 'Donnera III' 6-max Seat #5 is the button
Seat 1: Palacios777 ($201.68 in chips) 
Seat 2: AlexPinsk1 ($107.76 in chips) 
Seat 3: coeeeelho ($194.16 in chips) 
Seat 4: GuigaMan ($102.56 in chips) 
Seat 5: kvcsszblcs ($189.17 in chips) 
Seat 6: Appeltaart44 ($112.58 in chips) 
Appeltaart44: posts small blind $0.50
Palacios777: posts big blind $1
*** HOLE CARDS ***
AlexPinsk1: folds 
coeeeelho: folds 
GuigaMan: raises $1.10 to $2.10
kvcsszblcs: folds 
Appeltaart44: calls $1.60
Palacios777: folds 
*** FLOP *** [Ah Td 8h]
Appeltaart44: bets $2.47
GuigaMan: calls $2.47
*** TURN *** [Ah Td 8h] [9h]
Appeltaart44: bets $4.82
GuigaMan: calls $4.82
*** RIVER *** [Ah Td 8h 9h] [5d]
Appeltaart44: bets $18.79
GuigaMan: folds 
Uncalled bet ($18.79) returned to Appeltaart44
Appeltaart44 collected $18.79 from pot
*** SUMMARY ***
Total pot $19.78 | Rake $0.99 
Board [Ah Td 8h 9h 5d]
Seat 1: Palacios777 (big blind) folded before Flop
Seat 2: AlexPinsk1 folded before Flop (didn't bet)
Seat 3: coeeeelho folded before Flop (didn't bet)
Seat 4: GuigaMan folded on the River
Seat 5: kvcsszblcs (button) folded before Flop (didn't bet)
Seat 6: Appeltaart44 (small blind) collected ($18.79)



PokerStars Hand #254337929958:  Hold'em No Limit ($0.50/$1.00 USD) - 2025/01/12 20:18:50 WET [2025/01/12 15:18:50 ET]
Table 'Donnera III' 6-max Seat #6 is the button
Seat 1: Palacios777 ($200.68 in chips) 
Seat 2: AlexPinsk1 ($107.76 in chips) 
Seat 3: coeeeelho ($194.16 in chips) 
Seat 4: GuigaMan ($100 in chips) 
Seat 5: kvcsszblcs ($189.17 in chips) 
Seat 6: Appeltaart44 ($121.98 in chips) 
Palacios777: posts small blind $0.50
AlexPinsk1: posts big blind $1
*** HOLE CARDS ***
coeeeelho: folds 
GuigaMan: folds 
kvcsszblcs: raises $1 to $2
Appeltaart44: calls $2
Palacios777: folds 
AlexPinsk1: calls $1
*** FLOP *** [Ac 9s 4d]
AlexPinsk1: checks 
kvcsszblcs: bets $6.50
Appeltaart44: calls $6.50
AlexPinsk1: folds 
*** TURN *** [Ac 9s 4d] [8c]
kvcsszblcs: bets $24.45
Appeltaart44: folds 
Uncalled bet ($24.45) returned to kvcsszblcs
kvcsszblcs collected $18.52 from pot
kvcsszblcs: doesn't show hand 
*** SUMMARY ***
Total pot $19.50 | Rake $0.98 
Board [Ac 9s 4d 8c]
Seat 1: Palacios777 (small blind) folded before Flop
Seat 2: AlexPinsk1 (big blind) folded on the Flop
Seat 3: coeeeelho folded before Flop (didn't bet)
Seat 4: GuigaMan folded before Flop (didn't bet)
Seat 5: kvcsszblcs collected ($18.52)
Seat 6: Appeltaart44 (button) folded on the Turn



PokerStars Hand #254337966372:  Hold'em No Limit ($0.50/$1.00 USD) - 2025/01/12 20:20:20 WET [2025/01/12 15:20:20 ET]
Table 'Donnera III' 6-max Seat #1 is the button
Seat 3: coeeeelho ($194.16 in chips) is sitting out
Seat 1: Palacios777 ($200.18 in chips) 
Seat 2: AlexPinsk1 ($105.76 in chips) 
Seat 4: GuigaMan ($100 in chips) 
Seat 5: kvcsszblcs ($199.19 in chips) 
Seat 6: Appeltaart44 ($113.48 in chips) 
AlexPinsk1: posts small blind $0.50
coeeeelho: is sitting out 
GuigaMan: posts big blind $1
*** HOLE CARDS ***
kvcsszblcs: folds 
Appeltaart44: folds 
Appeltaart44 leaves the table
Palacios777: folds 
AlexPinsk1: folds 
Uncalled bet ($0.50) returned to GuigaMan
GuigaMan collected $1 from pot
GuigaMan: doesn't show hand 
*** SUMMARY ***
Total pot $1 | Rake $0 
Seat 3: coeeeelho
Seat 1: Palacios777 (button) folded before Flop (didn't bet)
Seat 2: AlexPinsk1 (small blind) folded before Flop
Seat 4: GuigaMan (big blind) collected ($1)
Seat 5: kvcsszblcs folded before Flop (didn't bet)
Seat 6: Appeltaart44 folded before Flop (didn't bet)



PokerStars Hand #254337973563:  Hold'em No Limit ($0.50/$1.00 USD) - 2025/01/12 20:20:38 WET [2025/01/12 15:20:38 ET]
Table 'Donnera III' 6-max Seat #2 is the button
Seat 3: coeeeelho ($194.16 in chips) is sitting out
Seat 1: Palacios777 ($200.18 in chips) 
Seat 2: AlexPinsk1 ($105.26 in chips) 
Seat 4: GuigaMan ($100.50 in chips) 
Seat 5: kvcsszblcs ($199.19 in chips) 
GuigaMan: posts small blind $0.50
kvcsszblcs: posts big blind $1
*** HOLE CARDS ***
Palacios777: folds 
AlexPinsk1: raises $1.50 to $2.50
GuigaMan: folds 
kvcsszblcs: calls $1.50
*** FLOP *** [7s Kh Js]
kvcsszblcs: checks 
AlexPinsk1: checks 
*** TURN *** [7s Kh Js] [As]
kvcsszblcs: checks 
JerseyBean99 joins the table at seat #6 
JerseyBean99 is disconnected 
AlexPinsk1: checks 
*** RIVER *** [7s Kh Js As] [3d]
kvcsszblcs: checks 
AlexPinsk1: bets $3
kvcsszblcs: folds 
Uncalled bet ($3) returned to AlexPinsk1
AlexPinsk1 collected $5.22 from pot
AlexPinsk1: doesn't show hand 
*** SUMMARY ***
Total pot $5.50 | Rake $0.28 
Board [7s Kh Js As 3d]
Seat 3: coeeeelho
Seat 1: Palacios777 folded before Flop (didn't bet)
Seat 2: AlexPinsk1 (button) collected ($5.22)
Seat 4: GuigaMan (small blind) folded before Flop
Seat 5: kvcsszblcs (big blind) folded on the River



PokerStars Hand #254338007175:  Hold'em No Limit ($0.50/$1.00 USD) - 2025/01/12 20:22:01 WET [2025/01/12 15:22:01 ET]
Table 'Donnera III' 6-max Seat #4 is the button
Seat 3: coeeeelho ($194.16 in chips) is sitting out
Seat 1: Palacios777 ($200.18 in chips) 
Seat 2: AlexPinsk1 ($107.98 in chips) 
Seat 4: GuigaMan ($100 in chips) 
Seat 5: kvcsszblcs ($196.69 in chips) 
Seat 6: JerseyBean99 ($10 in chips) 
kvcsszblcs: posts small blind $0.50
JerseyBean99: posts big blind $1
*** HOLE CARDS ***
Palacios777: raises $1.20 to $2.20
AlexPinsk1: folds 
GuigaMan: folds 
kvcsszblcs: folds 
JerseyBean99: calls $1.20
*** FLOP *** [3h Ac 3d]
JerseyBean99: bets $2.33
Palacios777: calls $2.33
*** TURN *** [3h Ac 3d] [5h]
JerseyBean99: checks 
Palacios777: bets $1
JerseyBean99: calls $1
*** RIVER *** [3h Ac 3d 5h] [9c]
JerseyBean99: bets $4.47 and is all-in
Palacios777: calls $4.47
*** SHOW DOWN ***
JerseyBean99: shows [2s Qc] (a pair of Threes)
Palacios777: shows [Kd Ad] (two pair, Aces and Threes)
Palacios777 collected $19.48 from pot
*** SUMMARY ***
Total pot $20.50 | Rake $1.02 
Board [3h Ac 3d 5h 9c]
Seat 3: coeeeelho
Seat 1: Palacios777 showed [Kd Ad] and won ($19.48) with two pair, Aces and Threes
Seat 2: AlexPinsk1 folded before Flop (didn't bet)
Seat 4: GuigaMan (button) folded before Flop (didn't bet)
Seat 5: kvcsszblcs (small blind) folded before Flop
Seat 6: JerseyBean99 (big blind) showed [2s Qc] and lost with a pair of Threes



PokerStars Hand #254338031923:  Hold'em No Limit ($0.50/$1.00 USD) - 2025/01/12 20:23:03 WET [2025/01/12 15:23:03 ET]
Table 'Donnera III' 6-max Seat #5 is the button
Seat 1: Palacios777 ($209.66 in chips) is sitting out
Seat 3: coeeeelho ($194.16 in chips) is sitting out
Seat 2: AlexPinsk1 ($107.98 in chips) 
Seat 4: GuigaMan ($100 in chips) 
Seat 5: kvcsszblcs ($196.19 in chips) 
Seat 6: JerseyBean99 ($67.50 in chips) 
JerseyBean99 is connected 
JerseyBean99: posts small blind $0.50
AlexPinsk1: posts big blind $1
*** HOLE CARDS ***
GuigaMan: raises $1.10 to $2.10
kvcsszblcs: folds 
JerseyBean99: calls $1.60
AlexPinsk1: folds 
*** FLOP *** [5h Ah Tc]
JerseyBean99: checks 
GuigaMan: bets $2.67
JerseyBean99: calls $2.67
*** TURN *** [5h Ah Tc] [Kc]
JerseyBean99: checks 
GuigaMan: checks 
*** RIVER *** [5h Ah Tc Kc] [Jd]
JerseyBean99: bets $10.01
GuigaMan: raises $85.22 to $95.23 and is all-in
JerseyBean99: calls $52.72 and is all-in
Uncalled bet ($32.50) returned to GuigaMan
*** SHOW DOWN ***
GuigaMan: shows [Th Qs] (a straight, Ten to Ace)
JerseyBean99: shows [Td Qd] (a straight, Ten to Ace)
JerseyBean99 collected $67.50 from pot
GuigaMan collected $67.50 from pot
*** SUMMARY ***
Total pot $136 | Rake $1 
Board [5h Ah Tc Kc Jd]
Seat 1: Palacios777
Seat 3: coeeeelho
Seat 2: AlexPinsk1 (big blind) folded before Flop
Seat 4: GuigaMan showed [Th Qs] and won ($67.50) with a straight, Ten to Ace
Seat 5: kvcsszblcs (button) folded before Flop (didn't bet)
Seat 6: JerseyBean99 (small blind) showed [Td Qd] and won ($67.50) with a straight, Ten to Ace



PokerStars Hand #254338050788:  Hold'em No Limit ($0.50/$1.00 USD) - 2025/01/12 20:23:50 WET [2025/01/12 15:23:50 ET]
Table 'Donnera III' 6-max Seat #6 is the button
Seat 1: Palacios777 ($209.66 in chips) is sitting out
Seat 3: coeeeelho ($194.16 in chips) is sitting out
Seat 2: AlexPinsk1 ($106.98 in chips) 
Seat 4: GuigaMan ($100 in chips) 
Seat 5: kvcsszblcs ($196.19 in chips) 
Seat 6: JerseyBean99 ($67.50 in chips) 
AlexPinsk1: posts small blind $0.50
GuigaMan: posts big blind $1
*** HOLE CARDS ***
kvcsszblcs: folds 
JerseyBean99: folds 
AlexPinsk1: folds 
Uncalled bet ($0.50) returned to GuigaMan
GuigaMan collected $1 from pot
GuigaMan: doesn't show hand 
*** SUMMARY ***
Total pot $1 | Rake $0 
Seat 1: Palacios777
Seat 3: coeeeelho
Seat 2: AlexPinsk1 (small blind) folded before Flop
Seat 4: GuigaMan (big blind) collected ($1)
Seat 5: kvcsszblcs folded before Flop (didn't bet)
Seat 6: JerseyBean99 (button) folded before Flop (didn't bet)



PokerStars Hand #254338056384:  Hold'em No Limit ($0.50/$1.00 USD) - 2025/01/12 20:24:04 WET [2025/01/12 15:24:04 ET]
Table 'Donnera III' 6-max Seat #2 is the button
Seat 1: Palacios777 ($209.66 in chips) is sitting out
Seat 3: coeeeelho ($194.16 in chips) is sitting out
Seat 2: AlexPinsk1 ($106.48 in chips) 
Seat 4: GuigaMan ($100.50 in chips) 
Seat 5: kvcsszblcs ($196.19 in chips) 
Seat 6: JerseyBean99 ($67.50 in chips) 
GuigaMan: posts small blind $0.50
kvcsszblcs: posts big blind $1
*** HOLE CARDS ***
JerseyBean99: folds 
AlexPinsk1: folds 
GuigaMan: raises $2 to $3
kvcsszblcs: calls $2
*** FLOP *** [5s Js 8d]
GuigaMan: checks 
kvcsszblcs: bets $3.76
GuigaMan: calls $3.76
*** TURN *** [5s Js 8d] [6d]
GuigaMan: checks 
kvcsszblcs: bets $14.12
GuigaMan: folds 
Uncalled bet ($14.12) returned to kvcsszblcs
kvcsszblcs collected $12.84 from pot
kvcsszblcs: doesn't show hand 
*** SUMMARY ***
Total pot $13.52 | Rake $0.68 
Board [5s Js 8d 6d]
Seat 1: Palacios777
Seat 3: coeeeelho
Seat 2: AlexPinsk1 (button) folded before Flop (didn't bet)
Seat 4: GuigaMan (small blind) folded on the Turn
Seat 5: kvcsszblcs (big blind) collected ($12.84)
Seat 6: JerseyBean99 folded before Flop (didn't bet)



PokerStars Hand #254338075816:  Hold'em No Limit ($0.50/$1.00 USD) - 2025/01/12 20:24:52 WET [2025/01/12 15:24:52 ET]
Table 'Donnera III' 6-max Seat #4 is the button
Seat 1: Palacios777 ($209.66 in chips) is sitting out
Seat 3: coeeeelho ($194.16 in chips) is sitting out
Seat 2: AlexPinsk1 ($106.48 in chips) 
Seat 4: GuigaMan ($100 in chips) 
Seat 5: kvcsszblcs ($202.27 in chips) 
Seat 6: JerseyBean99 ($67.50 in chips) 
kvcsszblcs: posts small blind $0.50
JerseyBean99: posts big blind $1
*** HOLE CARDS ***
AlexPinsk1: raises $1.50 to $2.50
GuigaMan: folds 
kvcsszblcs: folds 
JerseyBean99: folds 
Uncalled bet ($1.50) returned to AlexPinsk1
AlexPinsk1 collected $2.50 from pot
AlexPinsk1: doesn't show hand 
*** SUMMARY ***
Total pot $2.50 | Rake $0 
Seat 1: Palacios777
Seat 3: coeeeelho
Seat 2: AlexPinsk1 collected ($2.50)
Seat 4: GuigaMan (button) folded before Flop (didn't bet)
Seat 5: kvcsszblcs (small blind) folded before Flop
Seat 6: JerseyBean99 (big blind) folded before Flop



PokerStars Hand #254338081110:  Hold'em No Limit ($0.50/$1.00 USD) - 2025/01/12 20:25:05 WET [2025/01/12 15:25:05 ET]
Table 'Donnera III' 6-max Seat #5 is the button
Seat 3: coeeeelho ($194.16 in chips) is sitting out
Seat 1: Palacios777 ($209.66 in chips) 
Seat 2: AlexPinsk1 ($107.98 in chips) 
Seat 4: GuigaMan ($100 in chips) 
Seat 5: kvcsszblcs ($201.77 in chips) 
Seat 6: JerseyBean99 ($66.50 in chips) 
JerseyBean99: posts small blind $0.50
Palacios777: posts big blind $1
*** HOLE CARDS ***
AlexPinsk1: folds 
GuigaMan: folds 
kvcsszblcs: raises $1.25 to $2.25
JerseyBean99: folds 
Palacios777: calls $1.25
*** FLOP *** [4h 2h Td]
Palacios777: checks 
kvcsszblcs: checks 
*** TURN *** [4h 2h Td] [Ah]
Palacios777: checks 
kvcsszblcs: bets $1.90
Palacios777: folds 
Uncalled bet ($1.90) returned to kvcsszblcs
kvcsszblcs collected $4.75 from pot
kvcsszblcs: doesn't show hand 
*** SUMMARY ***
Total pot $5 | Rake $0.25 
Board [4h 2h Td Ah]
Seat 3: coeeeelho
Seat 1: Palacios777 (big blind) folded on the Turn
Seat 2: AlexPinsk1 folded before Flop (didn't bet)
Seat 4: GuigaMan folded before Flop (didn't bet)
Seat 5: kvcsszblcs (button) collected ($4.75)
Seat 6: JerseyBean99 (small blind) folded before Flop



PokerStars Hand #254338108285:  Hold'em No Limit ($0.50/$1.00 USD) - 2025/01/12 20:26:14 WET [2025/01/12 15:26:14 ET]
Table 'Donnera III' 6-max Seat #6 is the button
Seat 3: coeeeelho ($194.16 in chips) is sitting out
Seat 1: Palacios777 ($207.41 in chips) 
Seat 2: AlexPinsk1 ($107.98 in chips) 
Seat 4: GuigaMan ($100 in chips) 
Seat 5: kvcsszblcs ($204.27 in chips) 
Seat 6: JerseyBean99 ($66 in chips) 
Palacios777: posts small blind $0.50
AlexPinsk1: posts big blind $1
*** HOLE CARDS ***
GuigaMan: folds 
kvcsszblcs: folds 
JerseyBean99: raises $2 to $3
Palacios777: folds 
AlexPinsk1: folds 
Uncalled bet ($2) returned to JerseyBean99
JerseyBean99 collected $2.50 from pot
*** SUMMARY ***
Total pot $2.50 | Rake $0 
Seat 3: coeeeelho
Seat 1: Palacios777 (small blind) folded before Flop
Seat 2: AlexPinsk1 (big blind) folded before Flop
Seat 4: GuigaMan folded before Flop (didn't bet)
Seat 5: kvcsszblcs folded before Flop (didn't bet)
Seat 6: JerseyBean99 (button) collected ($2.50)



PokerStars Hand #254338114955:  Hold'em No Limit ($0.50/$1.00 USD) - 2025/01/12 20:26:30 WET [2025/01/12 15:26:30 ET]
Table 'Donnera III' 6-max Seat #1 is the button
Seat 3: coeeeelho ($194.16 in chips) is sitting out
Seat 1: Palacios777 ($206.91 in chips) 
Seat 2: AlexPinsk1 ($106.98 in chips) 
Seat 4: GuigaMan ($100 in chips) 
Seat 5: kvcsszblcs ($204.27 in chips) 
Seat 6: JerseyBean99 ($67.50 in chips) 
AlexPinsk1: posts small blind $0.50
GuigaMan: posts big blind $1
*** HOLE CARDS ***
kvcsszblcs: folds 
JerseyBean99: folds 
Palacios777: folds 
AlexPinsk1: raises $2 to $3
GuigaMan: calls $2
*** FLOP *** [6s 8s 7c]
AlexPinsk1: checks 
GuigaMan: checks 
*** TURN *** [6s 8s 7c] [5d]
AlexPinsk1: checks 
coeeeelho leaves the table
GuigaMan: checks 
*** RIVER *** [6s 8s 7c 5d] [Ad]
AlexPinsk1: checks 
XneferX joins the table at seat #3 
GuigaMan: checks 
*** SHOW DOWN ***
AlexPinsk1: shows [Ah 6d] (two pair, Aces and Sixes)
GuigaMan: mucks hand 
AlexPinsk1 collected $5.70 from pot
*** SUMMARY ***
Total pot $6 | Rake $0.30 
Board [6s 8s 7c 5d Ad]
Seat 3: coeeeelho
Seat 1: Palacios777 (button) folded before Flop (didn't bet)
Seat 2: AlexPinsk1 (small blind) showed [Ah 6d] and won ($5.70) with two pair, Aces and Sixes
Seat 4: GuigaMan (big blind) mucked
Seat 5: kvcsszblcs folded before Flop (didn't bet)
Seat 6: JerseyBean99 folded before Flop (didn't bet)



PokerStars Hand #254338138047:  Hold'em No Limit ($0.50/$1.00 USD) - 2025/01/12 20:27:28 WET [2025/01/12 15:27:28 ET]
Table 'Donnera III' 6-max Seat #2 is the button
Seat 3: XneferX ($100 in chips) is sitting out
Seat 5: kvcsszblcs ($204.27 in chips) is sitting out
Seat 1: Palacios777 ($206.91 in chips) 
Seat 2: AlexPinsk1 ($109.68 in chips) 
Seat 4: GuigaMan ($100 in chips) 
Seat 6: JerseyBean99 ($67.50 in chips) 
GuigaMan: posts small blind $0.50
kvcsszblcs: is sitting out 
JerseyBean99: posts big blind $1
*** HOLE CARDS ***
Palacios777: folds 
AlexPinsk1: folds 
GuigaMan: folds 
Uncalled bet ($0.50) returned to JerseyBean99
JerseyBean99 collected $1 from pot
*** SUMMARY ***
Total pot $1 | Rake $0 
Seat 3: XneferX
Seat 5: kvcsszblcs
Seat 1: Palacios777 folded before Flop (didn't bet)
Seat 2: AlexPinsk1 (button) folded before Flop (didn't bet)
Seat 4: GuigaMan (small blind) folded before Flop
Seat 6: JerseyBean99 (big blind) collected ($1)



PokerStars Hand #254338143602:  Hold'em No Limit ($0.50/$1.00 USD) - 2025/01/12 20:27:43 WET [2025/01/12 15:27:43 ET]
Table 'Donnera III' 6-max Seat #4 is the button
Seat 3: XneferX ($100 in chips) is sitting out
Seat 5: kvcsszblcs ($204.27 in chips) is sitting out
Seat 1: Palacios777 ($206.91 in chips) 
Seat 2: AlexPinsk1 ($109.68 in chips) 
Seat 4: GuigaMan ($100 in chips) 
Seat 6: JerseyBean99 ($68 in chips) 
JerseyBean99: posts small blind $0.50
Palacios777: posts big blind $1
XneferX: sits out 
*** HOLE CARDS ***
AlexPinsk1: raises $1.50 to $2.50
GuigaMan: folds 
JerseyBean99: calls $2
Palacios777: folds 
*** FLOP *** [4h 8s 8d]
JerseyBean99: checks 
AlexPinsk1: checks 
*** TURN *** [4h 8s 8d] [Jh]
JerseyBean99: bets $2
AlexPinsk1: calls $2
*** RIVER *** [4h 8s 8d Jh] [Qc]
JerseyBean99: checks 
AlexPinsk1: checks 
*** SHOW DOWN ***
JerseyBean99: shows [Kd 6h] (a pair of Eights)
AlexPinsk1: shows [Th As] (a pair of Eights - Ace kicker)
AlexPinsk1 collected $9.50 from pot
*** SUMMARY ***
Total pot $10 | Rake $0.50 
Board [4h 8s 8d Jh Qc]
Seat 3: XneferX
Seat 5: kvcsszblcs
Seat 1: Palacios777 (big blind) folded before Flop
Seat 2: AlexPinsk1 showed [Th As] and won ($9.50) with a pair of Eights
Seat 4: GuigaMan (button) folded before Flop (didn't bet)
Seat 6: JerseyBean99 (small blind) showed [Kd 6h] and lost with a pair of Eights



PokerStars Hand #254338156119:  Hold'em No Limit ($0.50/$1.00 USD) - 2025/01/12 20:28:14 WET [2025/01/12 15:28:14 ET]
Table 'Donnera III' 6-max Seat #6 is the button
Seat 3: XneferX ($100 in chips) is sitting out
Seat 5: kvcsszblcs ($204.27 in chips) is sitting out
Seat 1: Palacios777 ($205.91 in chips) 
Seat 2: AlexPinsk1 ($114.68 in chips) 
Seat 4: GuigaMan ($100 in chips) 
Seat 6: JerseyBean99 ($63.50 in chips) 
Palacios777: posts small blind $0.50
AlexPinsk1: posts big blind $1
XneferX: sits out 
*** HOLE CARDS ***
GuigaMan: folds 
JerseyBean99: raises $2 to $3
Palacios777: raises $12 to $15
AlexPinsk1: folds 
JerseyBean99: calls $12
*** FLOP *** [6c 2h 3d]
Palacios777: checks 
JerseyBean99: bets $15
Palacios777: raises $85.20 to $100.20
JerseyBean99: folds 
Uncalled bet ($85.20) returned to Palacios777
Palacios777 collected $60 from pot
Palacios777: doesn't show hand 
*** SUMMARY ***
Total pot $61 | Rake $1 
Board [6c 2h 3d]
Seat 3: XneferX
Seat 5: kvcsszblcs
Seat 1: Palacios777 (small blind) collected ($60)
Seat 2: AlexPinsk1 (big blind) folded before Flop
Seat 4: GuigaMan folded before Flop (didn't bet)
Seat 6: JerseyBean99 (button) folded on the Flop



PokerStars Hand #254338374818:  Hold'em No Limit ($0.50/$1.00 USD) - 2025/01/12 20:37:16 WET [2025/01/12 15:37:16 ET]
Table 'Donnera III' 6-max Seat #3 is the button
Seat 1: Palacios777 ($198.43 in chips) 
Seat 2: AlexPinsk1 ($118.88 in chips) 
Seat 3: XneferX ($107.63 in chips) 
Seat 4: GuigaMan ($108.44 in chips) 
Seat 5: kvcsszblcs ($191.19 in chips) 
Seat 6: JerseyBean99 ($66 in chips) 
GuigaMan: posts small blind $0.50
kvcsszblcs: posts big blind $1
*** HOLE CARDS ***
JerseyBean99: folds 
Palacios777: folds 
AlexPinsk1: folds 
XneferX: folds 
GuigaMan: folds 
Uncalled bet ($0.50) returned to kvcsszblcs
kvcsszblcs collected $1 from pot
kvcsszblcs: doesn't show hand 
*** SUMMARY ***
Total pot $1 | Rake $0 
Seat 1: Palacios777 folded before Flop (didn't bet)
Seat 2: AlexPinsk1 folded before Flop (didn't bet)
Seat 3: XneferX (button) folded before Flop (didn't bet)
Seat 4: GuigaMan (small blind) folded before Flop
Seat 5: kvcsszblcs (big blind) collected ($1)
Seat 6: JerseyBean99 folded before Flop (didn't bet)



PokerStars Hand #254338383728:  Hold'em No Limit ($0.50/$1.00 USD) - 2025/01/12 20:37:38 WET [2025/01/12 15:37:38 ET]
Table 'Donnera III' 6-max Seat #4 is the button
Seat 1: Palacios777 ($198.43 in chips) 
Seat 2: AlexPinsk1 ($118.88 in chips) 
Seat 3: XneferX ($107.63 in chips) 
Seat 4: GuigaMan ($107.94 in chips) 
Seat 5: kvcsszblcs ($191.69 in chips) 
Seat 6: JerseyBean99 ($66 in chips) 
kvcsszblcs: posts small blind $0.50
JerseyBean99: posts big blind $1
*** HOLE CARDS ***
Palacios777: folds 
AlexPinsk1: folds 
XneferX: folds 
GuigaMan: folds 
kvcsszblcs: raises $1.85 to $2.85
JerseyBean99: calls $1.85
*** FLOP *** [9s 7h 2c]
kvcsszblcs: bets $2.17
JerseyBean99: calls $2.17
*** TURN *** [9s 7h 2c] [Jc]
kvcsszblcs: bets $3.82
JerseyBean99: calls $3.82
*** RIVER *** [9s 7h 2c Jc] [5s]
kvcsszblcs: checks 
JerseyBean99: bets $5
kvcsszblcs: raises $177.85 to $182.85 and is all-in
JerseyBean99: folds 
Uncalled bet ($177.85) returned to kvcsszblcs
kvcsszblcs collected $26.30 from pot
kvcsszblcs: doesn't show hand 
*** SUMMARY ***
Total pot $27.68 | Rake $1.38 
Board [9s 7h 2c Jc 5s]
Seat 1: Palacios777 folded before Flop (didn't bet)
Seat 2: AlexPinsk1 folded before Flop (didn't bet)
Seat 3: XneferX folded before Flop (didn't bet)
Seat 4: GuigaMan (button) folded before Flop (didn't bet)
Seat 5: kvcsszblcs (small blind) collected ($26.30)
Seat 6: JerseyBean99 (big blind) folded on the River



PokerStars Hand #254338412142:  Hold'em No Limit ($0.50/$1.00 USD) - 2025/01/12 20:38:49 WET [2025/01/12 15:38:49 ET]
Table 'Donnera III' 6-max Seat #5 is the button
Seat 1: Palacios777 ($198.43 in chips) 
Seat 2: AlexPinsk1 ($118.88 in chips) 
Seat 3: XneferX ($107.63 in chips) 
Seat 4: GuigaMan ($107.94 in chips) 
Seat 5: kvcsszblcs ($204.15 in chips) 
Seat 6: JerseyBean99 ($52.16 in chips) 
JerseyBean99: posts small blind $0.50
Palacios777: posts big blind $1
*** HOLE CARDS ***
AlexPinsk1: raises $1.50 to $2.50
XneferX: folds 
GuigaMan: raises $5.50 to $8
kvcsszblcs: raises $9 to $17
JerseyBean99: folds 
Palacios777: folds 
AlexPinsk1: folds 
GuigaMan: folds 
Uncalled bet ($9) returned to kvcsszblcs
kvcsszblcs collected $20 from pot
kvcsszblcs: doesn't show hand 
*** SUMMARY ***
Total pot $20 | Rake $0 
Seat 1: Palacios777 (big blind) folded before Flop
Seat 2: AlexPinsk1 folded before Flop
Seat 3: XneferX folded before Flop (didn't bet)
Seat 4: GuigaMan folded before Flop
Seat 5: kvcsszblcs (button) collected ($20)
Seat 6: JerseyBean99 (small blind) folded before Flop



PokerStars Hand #254338429074:  Hold'em No Limit ($0.50/$1.00 USD) - 2025/01/12 20:39:32 WET [2025/01/12 15:39:32 ET]
Table 'Donnera III' 6-max Seat #6 is the button
Seat 1: Palacios777 ($197.43 in chips) 
Seat 2: AlexPinsk1 ($116.38 in chips) 
Seat 3: XneferX ($107.63 in chips) 
Seat 4: GuigaMan ($100 in chips) 
Seat 5: kvcsszblcs ($216.15 in chips) 
Seat 6: JerseyBean99 ($51.66 in chips) 
Palacios777: posts small blind $0.50
AlexPinsk1: posts big blind $1
*** HOLE CARDS ***
XneferX: folds 
GuigaMan: raises $1.10 to $2.10
kvcsszblcs: raises $4.90 to $7
JerseyBean99: calls $7
Palacios777: folds 
AlexPinsk1: folds 
GuigaMan: folds 
*** FLOP *** [7s Js 6s]
kvcsszblcs: bets $4.18
JerseyBean99: raises $16.18 to $20.36
kvcsszblcs: raises $142.14 to $162.50
JerseyBean99: calls $24.30 and is all-in
Uncalled bet ($117.84) returned to kvcsszblcs
*** TURN *** [7s Js 6s] [3h]
*** RIVER *** [7s Js 6s 3h] [2d]
*** SHOW DOWN ***
kvcsszblcs: shows [Kd As] (high card Ace)
JerseyBean99: shows [8h Kh] (high card King)
kvcsszblcs collected $104.42 from pot
*** SUMMARY ***
Total pot $106.92 | Rake $2.50 
Board [7s Js 6s 3h 2d]
Seat 1: Palacios777 (small blind) folded before Flop
Seat 2: AlexPinsk1 (big blind) folded before Flop
Seat 3: XneferX folded before Flop (didn't bet)
Seat 4: GuigaMan folded before Flop
Seat 5: kvcsszblcs showed [Kd As] and won ($104.42) with high card Ace
Seat 6: JerseyBean99 (button) showed [8h Kh] and lost with high card King



PokerStars Hand #254338453368:  Hold'em No Limit ($0.50/$1.00 USD) - 2025/01/12 20:40:33 WET [2025/01/12 15:40:33 ET]
Table 'Donnera III' 6-max Seat #1 is the button
Seat 6: JerseyBean99 ($0 in chips) is sitting out
Seat 1: Palacios777 ($196.93 in chips) 
Seat 2: AlexPinsk1 ($115.38 in chips) 
Seat 3: XneferX ($107.63 in chips) 
Seat 4: GuigaMan ($100 in chips) 
Seat 5: kvcsszblcs ($268.91 in chips) 
AlexPinsk1: posts small blind $0.50
XneferX: posts big blind $1
*** HOLE CARDS ***
GuigaMan: folds 
JerseyBean99 leaves the table
kvcsszblcs: folds 
Palacios777: folds 
AlexPinsk1: raises $2 to $3
XneferX: raises $6 to $9
AlexPinsk1: folds 
Uncalled bet ($6) returned to XneferX
XneferX collected $6 from pot
XneferX: doesn't show hand 
*** SUMMARY ***
Total pot $6 | Rake $0 
Seat 6: JerseyBean99
Seat 1: Palacios777 (button) folded before Flop (didn't bet)
Seat 2: AlexPinsk1 (small blind) folded before Flop
Seat 3: XneferX (big blind) collected ($6)
Seat 4: GuigaMan folded before Flop (didn't bet)
Seat 5: kvcsszblcs folded before Flop (didn't bet)



PokerStars Hand #254338505250:  Hold'em No Limit ($0.50/$1.00 USD) - 2025/01/12 20:42:43 WET [2025/01/12 15:42:43 ET]
Table 'Donnera III' 6-max Seat #2 is the button
Seat 2: AlexPinsk1 ($112.38 in chips) 
Seat 3: wladys09 ($100 in chips) 
Seat 4: ptolejmus ($10 in chips) 
Seat 5: easy_sarcasm ($107.20 in chips) 
wladys09: posts small blind $0.50
ptolejmus: posts big blind $1
*** HOLE CARDS ***
easy_sarcasm: folds 
AlexPinsk1: folds 
Joe_Li7 joins the table at seat #1 
wladys09: raises $1 to $2
ptolejmus: calls $1
*** FLOP *** [As 9c 8d]
Sadyhov V.V. joins the table at seat #6 
wladys09: bets $8.80
ptolejmus: folds 
Uncalled bet ($8.80) returned to wladys09
wladys09 collected $3.80 from pot
*** SUMMARY ***
Total pot $4 | Rake $0.20 
Board [As 9c 8d]
Seat 2: AlexPinsk1 (button) folded before Flop (didn't bet)
Seat 3: wladys09 (small blind) collected ($3.80)
Seat 4: ptolejmus (big blind) folded on the Flop
Seat 5: easy_sarcasm folded before Flop (didn't bet)



PokerStars Hand #254338518779:  Hold'em No Limit ($0.50/$1.00 USD) - 2025/01/12 20:43:17 WET [2025/01/12 15:43:17 ET]
Table 'Donnera III' 6-max Seat #3 is the button
Seat 1: Joe_Li7 ($100 in chips) is sitting out
Seat 6: Sadyhov V.V. ($100 in chips) is sitting out
Seat 2: AlexPinsk1 ($112.38 in chips) 
Seat 3: wladys09 ($101.80 in chips) 
Seat 4: ptolejmus ($10 in chips) 
Seat 5: easy_sarcasm ($107.20 in chips) 
ptolejmus: posts small blind $0.50
easy_sarcasm: posts big blind $1
Sadyhov V.V.: sits out 
Joe_Li7: sits out 
*** HOLE CARDS ***
AlexPinsk1: folds 
wladys09: folds 
ptolejmus: raises $9 to $10 and is all-in
easy_sarcasm: folds 
Uncalled bet ($9) returned to ptolejmus
ptolejmus collected $2 from pot
*** SUMMARY ***
Total pot $2 | Rake $0 
Seat 1: Joe_Li7
Seat 6: Sadyhov V.V.
Seat 2: AlexPinsk1 folded before Flop (didn't bet)
Seat 3: wladys09 (button) folded before Flop (didn't bet)
Seat 4: ptolejmus (small blind) collected ($2)
Seat 5: easy_sarcasm (big blind) folded before Flop



PokerStars Hand #254338526237:  Hold'em No Limit ($0.50/$1.00 USD) - 2025/01/12 20:43:36 WET [2025/01/12 15:43:36 ET]
Table 'Donnera III' 6-max Seat #4 is the button
Seat 1: Joe_Li7 ($100 in chips) is sitting out
Seat 2: AlexPinsk1 ($112.38 in chips) 
Seat 3: wladys09 ($101.80 in chips) 
Seat 4: ptolejmus ($11 in chips) 
Seat 5: easy_sarcasm ($106.20 in chips) 
Seat 6: Sadyhov V.V. ($100 in chips) 
easy_sarcasm: posts small blind $0.50
Sadyhov V.V.: posts big blind $1
Joe_Li7: sits out 
*** HOLE CARDS ***
AlexPinsk1: folds 
wladys09: folds 
ptolejmus: folds 
easy_sarcasm: raises $2 to $3
Sadyhov V.V.: folds 
Uncalled bet ($2) returned to easy_sarcasm
easy_sarcasm collected $2 from pot
*** SUMMARY ***
Total pot $2 | Rake $0 
Seat 1: Joe_Li7
Seat 2: AlexPinsk1 folded before Flop (didn't bet)
Seat 3: wladys09 folded before Flop (didn't bet)
Seat 4: ptolejmus (button) folded before Flop (didn't bet)
Seat 5: easy_sarcasm (small blind) collected ($2)
Seat 6: Sadyhov V.V. (big blind) folded before Flop



PokerStars Hand #254338530994:  Hold'em No Limit ($0.50/$1.00 USD) - 2025/01/12 20:43:48 WET [2025/01/12 15:43:48 ET]
Table 'Donnera III' 6-max Seat #5 is the button
Seat 1: Joe_Li7 ($100 in chips) 
Seat 2: AlexPinsk1 ($112.38 in chips) 
Seat 3: wladys09 ($101.80 in chips) 
Seat 4: ptolejmus ($11 in chips) 
Seat 5: easy_sarcasm ($107.20 in chips) 
Seat 6: Sadyhov V.V. ($100 in chips) 
Sadyhov V.V.: posts small blind $0.50
Joe_Li7: posts big blind $1
*** HOLE CARDS ***
AlexPinsk1: folds 
wladys09: folds 
ptolejmus: folds 
easy_sarcasm: raises $1.20 to $2.20
Sadyhov V.V.: folds 
Joe_Li7: calls $1.20
*** FLOP *** [5s Qs Ks]
Joe_Li7: checks 
easy_sarcasm: bets $2.33
Joe_Li7: calls $2.33
*** TURN *** [5s Qs Ks] [8h]
Joe_Li7: checks 
easy_sarcasm: checks 
*** RIVER *** [5s Qs Ks 8h] [Td]
Joe_Li7: bets $3
easy_sarcasm: folds 
Uncalled bet ($3) returned to Joe_Li7
Joe_Li7 collected $9.08 from pot
*** SUMMARY ***
Total pot $9.56 | Rake $0.48 
Board [5s Qs Ks 8h Td]
Seat 1: Joe_Li7 (big blind) collected ($9.08)
Seat 2: AlexPinsk1 folded before Flop (didn't bet)
Seat 3: wladys09 folded before Flop (didn't bet)
Seat 4: ptolejmus folded before Flop (didn't bet)
Seat 5: easy_sarcasm (button) folded on the River
Seat 6: Sadyhov V.V. (small blind) folded before Flop



PokerStars Hand #254338555454:  Hold'em No Limit ($0.50/$1.00 USD) - 2025/01/12 20:44:49 WET [2025/01/12 15:44:49 ET]
Table 'Donnera III' 6-max Seat #6 is the button
Seat 2: AlexPinsk1 ($112.38 in chips) is sitting out
Seat 1: Joe_Li7 ($104.55 in chips) 
Seat 3: wladys09 ($101.80 in chips) 
Seat 4: ptolejmus ($11 in chips) 
Seat 5: easy_sarcasm ($102.67 in chips) 
Seat 6: Sadyhov V.V. ($100 in chips) 
Joe_Li7: posts small blind $0.50
AlexPinsk1: is sitting out 
wladys09: posts big blind $1
*** HOLE CARDS ***
ptolejmus: folds 
easy_sarcasm: folds 
Sadyhov V.V.: folds 
Joe_Li7: raises $2 to $3
wladys09: calls $2
*** FLOP *** [7d Qc 3c]
Joe_Li7: bets $1.88
wladys09: raises $4.73 to $6.61
Joe_Li7: folds 
Uncalled bet ($4.73) returned to wladys09
wladys09 collected $9.27 from pot
*** SUMMARY ***
Total pot $9.76 | Rake $0.49 
Board [7d Qc 3c]
Seat 2: AlexPinsk1
Seat 1: Joe_Li7 (small blind) folded on the Flop
Seat 3: wladys09 (big blind) collected ($9.27)
Seat 4: ptolejmus folded before Flop (didn't bet)
Seat 5: easy_sarcasm folded before Flop (didn't bet)
Seat 6: Sadyhov V.V. (button) folded before Flop (didn't bet)



PokerStars Hand #254338569652:  Hold'em No Limit ($0.50/$1.00 USD) - 2025/01/12 20:45:24 WET [2025/01/12 15:45:24 ET]
Table 'Donnera III' 6-max Seat #1 is the button
Seat 1: Joe_Li7 ($100 in chips) 
Seat 3: wladys09 ($106.19 in chips) 
Seat 4: ptolejmus ($11 in chips) 
Seat 5: easy_sarcasm ($102.67 in chips) 
Seat 6: Sadyhov V.V. ($100 in chips) 
AlexPinsk1 leaves the table
wladys09: posts small blind $0.50
ptolejmus: posts big blind $1
*** HOLE CARDS ***
easy_sarcasm: folds 
Sadyhov V.V.: folds 
kars0n joins the table at seat #2 
Joe_Li7: raises $1.50 to $2.50
wladys09: folds 
ptolejmus: folds 
Uncalled bet ($1.50) returned to Joe_Li7
Joe_Li7 collected $2.50 from pot
*** SUMMARY ***
Total pot $2.50 | Rake $0 
Seat 1: Joe_Li7 (button) collected ($2.50)
Seat 3: wladys09 (small blind) folded before Flop
Seat 4: ptolejmus (big blind) folded before Flop
Seat 5: easy_sarcasm folded before Flop (didn't bet)
Seat 6: Sadyhov V.V. folded before Flop (didn't bet)



PokerStars Hand #254338577666:  Hold'em No Limit ($0.50/$1.00 USD) - 2025/01/12 20:45:45 WET [2025/01/12 15:45:45 ET]
Table 'Donnera III' 6-max Seat #3 is the button
Seat 2: kars0n ($100 in chips) is sitting out
Seat 1: Joe_Li7 ($101.50 in chips) 
Seat 3: wladys09 ($105.69 in chips) 
Seat 4: ptolejmus ($10 in chips) 
Seat 5: easy_sarcasm ($102.67 in chips) 
Seat 6: Sadyhov V.V. ($100 in chips) 
ptolejmus: posts small blind $0.50
easy_sarcasm: posts big blind $1
kars0n: sits out 
*** HOLE CARDS ***
Sadyhov V.V.: folds 
Joe_Li7: folds 
wladys09: folds 
ptolejmus: raises $1.50 to $2.50
easy_sarcasm: raises $8.50 to $11
ptolejmus: folds 
Uncalled bet ($8.50) returned to easy_sarcasm
easy_sarcasm collected $5 from pot
*** SUMMARY ***
Total pot $5 | Rake $0 
Seat 2: kars0n
Seat 1: Joe_Li7 folded before Flop (didn't bet)
Seat 3: wladys09 (button) folded before Flop (didn't bet)
Seat 4: ptolejmus (small blind) folded before Flop
Seat 5: easy_sarcasm (big blind) collected ($5)
Seat 6: Sadyhov V.V. folded before Flop (didn't bet)



PokerStars Hand #254338587946:  Hold'em No Limit ($0.50/$1.00 USD) - 2025/01/12 20:46:10 WET [2025/01/12 15:46:10 ET]
Table 'Donnera III' 6-max Seat #4 is the button
Seat 2: kars0n ($100 in chips) is sitting out
Seat 1: Joe_Li7 ($101.50 in chips) 
Seat 3: wladys09 ($105.69 in chips) 
Seat 4: ptolejmus ($10 in chips) 
Seat 5: easy_sarcasm ($105.17 in chips) 
Seat 6: Sadyhov V.V. ($100 in chips) 
easy_sarcasm: posts small blind $0.50
Sadyhov V.V.: posts big blind $1
kars0n: sits out 
*** HOLE CARDS ***
Joe_Li7: folds 
wladys09: folds 
ptolejmus: folds 
easy_sarcasm: raises $2 to $3
Sadyhov V.V.: folds 
Uncalled bet ($2) returned to easy_sarcasm
easy_sarcasm collected $2 from pot
*** SUMMARY ***
Total pot $2 | Rake $0 
Seat 2: kars0n
Seat 1: Joe_Li7 folded before Flop (didn't bet)
Seat 3: wladys09 folded before Flop (didn't bet)
Seat 4: ptolejmus (button) folded before Flop (didn't bet)
Seat 5: easy_sarcasm (small blind) collected ($2)
Seat 6: Sadyhov V.V. (big blind) folded before Flop



PokerStars Hand #254338597535:  Hold'em No Limit ($0.50/$1.00 USD) - 2025/01/12 20:46:34 WET [2025/01/12 15:46:34 ET]
Table 'Donnera III' 6-max Seat #5 is the button
Seat 2: kars0n ($100 in chips) is sitting out
Seat 1: Joe_Li7 ($101.50 in chips) 
Seat 3: wladys09 ($105.69 in chips) 
Seat 4: ptolejmus ($10 in chips) 
Seat 5: easy_sarcasm ($106.17 in chips) 
Seat 6: Sadyhov V.V. ($100 in chips) 
Sadyhov V.V.: posts small blind $0.50
Joe_Li7: posts big blind $1
kars0n: sits out 
*** HOLE CARDS ***
wladys09: folds 
ptolejmus: folds 
easy_sarcasm: folds 
Sadyhov V.V.: raises $2 to $3
Joe_Li7: raises $6 to $9
Sadyhov V.V.: calls $6
*** FLOP *** [2s Tc Qc]
Sadyhov V.V.: checks 
Joe_Li7: checks 
*** TURN *** [2s Tc Qc] [8d]
Sadyhov V.V.: checks 
Joe_Li7: bets $12.83
Sadyhov V.V.: calls $12.83
*** RIVER *** [2s Tc Qc 8d] [Qh]
Sadyhov V.V.: checks 
Joe_Li7: checks 
*** SHOW DOWN ***
Sadyhov V.V.: shows [9h Th] (two pair, Queens and Tens)
Joe_Li7: mucks hand 
Sadyhov V.V. collected $41.48 from pot
*** SUMMARY ***
Total pot $43.66 | Rake $2.18 
Board [2s Tc Qc 8d Qh]
Seat 2: kars0n
Seat 1: Joe_Li7 (big blind) mucked
Seat 3: wladys09 folded before Flop (didn't bet)
Seat 4: ptolejmus folded before Flop (didn't bet)
Seat 5: easy_sarcasm (button) folded before Flop (didn't bet)
Seat 6: Sadyhov V.V. (small blind) showed [9h Th] and won ($41.48) with two pair, Queens and Tens



PokerStars Hand #254338632567:  Hold'em No Limit ($0.50/$1.00 USD) - 2025/01/12 20:48:02 WET [2025/01/12 15:48:02 ET]
Table 'Donnera III' 6-max Seat #6 is the button
Seat 1: Joe_Li7 ($100 in chips) 
Seat 2: kars0n ($100 in chips) 
Seat 3: wladys09 ($105.69 in chips) 
Seat 4: ptolejmus ($10 in chips) 
Seat 5: easy_sarcasm ($106.17 in chips) 
Seat 6: Sadyhov V.V. ($119.65 in chips) 
Joe_Li7: posts small blind $0.50
kars0n: posts big blind $1
*** HOLE CARDS ***
wladys09: folds 
ptolejmus: folds 
easy_sarcasm: folds 
Sadyhov V.V.: folds 
Joe_Li7: raises $2 to $3
kars0n: folds 
Uncalled bet ($2) returned to Joe_Li7
Joe_Li7 collected $2 from pot
*** SUMMARY ***
Total pot $2 | Rake $0 
Seat 1: Joe_Li7 (small blind) collected ($2)
Seat 2: kars0n (big blind) folded before Flop
Seat 3: wladys09 folded before Flop (didn't bet)
Seat 4: ptolejmus folded before Flop (didn't bet)
Seat 5: easy_sarcasm folded before Flop (didn't bet)
Seat 6: Sadyhov V.V. (button) folded before Flop (didn't bet)



PokerStars Hand #254338638020:  Hold'em No Limit ($0.50/$1.00 USD) - 2025/01/12 20:48:15 WET [2025/01/12 15:48:15 ET]
Table 'Donnera III' 6-max Seat #1 is the button
Seat 1: Joe_Li7 ($101 in chips) 
Seat 2: kars0n ($100 in chips) 
Seat 3: wladys09 ($105.69 in chips) 
Seat 4: ptolejmus ($10 in chips) 
Seat 5: easy_sarcasm ($106.17 in chips) 
Seat 6: Sadyhov V.V. ($119.65 in chips) 
kars0n: posts small blind $0.50
wladys09: posts big blind $1
*** HOLE CARDS ***
ptolejmus: folds 
easy_sarcasm: raises $2 to $3
Sadyhov V.V.: folds 
Joe_Li7: folds 
kars0n: folds 
wladys09: folds 
Uncalled bet ($2) returned to easy_sarcasm
easy_sarcasm collected $2.50 from pot
*** SUMMARY ***
Total pot $2.50 | Rake $0 
Seat 1: Joe_Li7 (button) folded before Flop (didn't bet)
Seat 2: kars0n (small blind) folded before Flop
Seat 3: wladys09 (big blind) folded before Flop
Seat 4: ptolejmus folded before Flop (didn't bet)
Seat 5: easy_sarcasm collected ($2.50)
Seat 6: Sadyhov V.V. folded before Flop (didn't bet)



PokerStars Hand #254338644906:  Hold'em No Limit ($0.50/$1.00 USD) - 2025/01/12 20:48:33 WET [2025/01/12 15:48:33 ET]
Table 'Donnera III' 6-max Seat #2 is the button
Seat 1: Joe_Li7 ($101 in chips) 
Seat 2: kars0n ($100 in chips) 
Seat 3: wladys09 ($104.69 in chips) 
Seat 4: ptolejmus ($10 in chips) 
Seat 5: easy_sarcasm ($107.67 in chips) 
Seat 6: Sadyhov V.V. ($119.65 in chips) 
wladys09: posts small blind $0.50
ptolejmus: posts big blind $1
*** HOLE CARDS ***
easy_sarcasm: folds 
Sadyhov V.V.: folds 
Joe_Li7: folds 
kars0n: raises $1.50 to $2.50
wladys09: folds 
ptolejmus: folds 
Uncalled bet ($1.50) returned to kars0n
kars0n collected $2.50 from pot
kars0n: doesn't show hand 
*** SUMMARY ***
Total pot $2.50 | Rake $0 
Seat 1: Joe_Li7 folded before Flop (didn't bet)
Seat 2: kars0n (button) collected ($2.50)
Seat 3: wladys09 (small blind) folded before Flop
Seat 4: ptolejmus (big blind) folded before Flop
Seat 5: easy_sarcasm folded before Flop (didn't bet)
Seat 6: Sadyhov V.V. folded before Flop (didn't bet)



PokerStars Hand #254338654553:  Hold'em No Limit ($0.50/$1.00 USD) - 2025/01/12 20:48:57 WET [2025/01/12 15:48:57 ET]
Table 'Donnera III' 6-max Seat #3 is the button
Seat 1: Joe_Li7 ($101 in chips) 
Seat 2: kars0n ($101.50 in chips) 
Seat 3: wladys09 ($104.19 in chips) 
Seat 4: ptolejmus ($10 in chips) 
Seat 5: easy_sarcasm ($107.67 in chips) 
Seat 6: Sadyhov V.V. ($119.65 in chips) 
ptolejmus: posts small blind $0.50
easy_sarcasm: posts big blind $1
*** HOLE CARDS ***
Sadyhov V.V.: folds 
Joe_Li7: raises $1.20 to $2.20
kars0n: folds 
wladys09: folds 
ptolejmus: folds 
easy_sarcasm: calls $1.20
*** FLOP *** [3c Ah 9h]
easy_sarcasm: checks 
Joe_Li7: bets $1.54
easy_sarcasm: folds 
Uncalled bet ($1.54) returned to Joe_Li7
Joe_Li7 collected $4.66 from pot
*** SUMMARY ***
Total pot $4.90 | Rake $0.24 
Board [3c Ah 9h]
Seat 1: Joe_Li7 collected ($4.66)
Seat 2: kars0n folded before Flop (didn't bet)
Seat 3: wladys09 (button) folded before Flop (didn't bet)
Seat 4: ptolejmus (small blind) folded before Flop
Seat 5: easy_sarcasm (big blind) folded on the Flop
Seat 6: Sadyhov V.V. folded before Flop (didn't bet)



PokerStars Hand #254338669914:  Hold'em No Limit ($0.50/$1.00 USD) - 2025/01/12 20:49:36 WET [2025/01/12 15:49:36 ET]
Table 'Donnera III' 6-max Seat #4 is the button
Seat 1: Joe_Li7 ($103.46 in chips) 
Seat 2: kars0n ($101.50 in chips) 
Seat 3: wladys09 ($104.19 in chips) 
Seat 4: ptolejmus ($10 in chips) 
Seat 5: easy_sarcasm ($105.47 in chips) 
Seat 6: Sadyhov V.V. ($119.65 in chips) 
easy_sarcasm: posts small blind $0.50
Sadyhov V.V.: posts big blind $1
*** HOLE CARDS ***
Joe_Li7: folds 
kars0n: folds 
wladys09: folds 
ptolejmus: folds 
easy_sarcasm: raises $2 to $3
Sadyhov V.V.: raises $5 to $8
easy_sarcasm: folds 
Uncalled bet ($5) returned to Sadyhov V.V.
Sadyhov V.V. collected $6 from pot
Sadyhov V.V.: doesn't show hand 
*** SUMMARY ***
Total pot $6 | Rake $0 
Seat 1: Joe_Li7 folded before Flop (didn't bet)
Seat 2: kars0n folded before Flop (didn't bet)
Seat 3: wladys09 folded before Flop (didn't bet)
Seat 4: ptolejmus (button) folded before Flop (didn't bet)
Seat 5: easy_sarcasm (small blind) folded before Flop
Seat 6: Sadyhov V.V. (big blind) collected ($6)



PokerStars Hand #254338679485:  Hold'em No Limit ($0.50/$1.00 USD) - 2025/01/12 20:50:00 WET [2025/01/12 15:50:00 ET]
Table 'Donnera III' 6-max Seat #5 is the button
Seat 1: Joe_Li7 ($103.46 in chips) 
Seat 2: kars0n ($101.50 in chips) 
Seat 3: wladys09 ($104.19 in chips) 
Seat 4: ptolejmus ($10 in chips) 
Seat 5: easy_sarcasm ($102.47 in chips) 
Seat 6: Sadyhov V.V. ($122.65 in chips) 
Sadyhov V.V.: posts small blind $0.50
Joe_Li7: posts big blind $1
*** HOLE CARDS ***
kars0n: folds 
wladys09: folds 
ptolejmus: raises $1 to $2
easy_sarcasm: folds 
Sadyhov V.V.: folds 
Joe_Li7: folds 
Uncalled bet ($1) returned to ptolejmus
ptolejmus collected $2.50 from pot
*** SUMMARY ***
Total pot $2.50 | Rake $0 
Seat 1: Joe_Li7 (big blind) folded before Flop
Seat 2: kars0n folded before Flop (didn't bet)
Seat 3: wladys09 folded before Flop (didn't bet)
Seat 4: ptolejmus collected ($2.50)
Seat 5: easy_sarcasm (button) folded before Flop (didn't bet)
Seat 6: Sadyhov V.V. (small blind) folded before Flop



PokerStars Hand #254338685164:  Hold'em No Limit ($0.50/$1.00 USD) - 2025/01/12 20:50:14 WET [2025/01/12 15:50:14 ET]
Table 'Donnera III' 6-max Seat #6 is the button
Seat 1: Joe_Li7 ($102.46 in chips) 
Seat 2: kars0n ($101.50 in chips) 
Seat 3: wladys09 ($104.19 in chips) 
Seat 4: ptolejmus ($11.50 in chips) 
Seat 5: easy_sarcasm ($102.47 in chips) 
Seat 6: Sadyhov V.V. ($122.15 in chips) 
Joe_Li7: posts small blind $0.50
kars0n: posts big blind $1
*** HOLE CARDS ***
wladys09: folds 
ptolejmus: folds 
easy_sarcasm: folds 
Sadyhov V.V.: folds 
Joe_Li7: raises $2 to $3
kars0n: folds 
Uncalled bet ($2) returned to Joe_Li7
Joe_Li7 collected $2 from pot
*** SUMMARY ***
Total pot $2 | Rake $0 
Seat 1: Joe_Li7 (small blind) collected ($2)
Seat 2: kars0n (big blind) folded before Flop
Seat 3: wladys09 folded before Flop (didn't bet)
Seat 4: ptolejmus folded before Flop (didn't bet)
Seat 5: easy_sarcasm folded before Flop (didn't bet)
Seat 6: Sadyhov V.V. (button) folded before Flop (didn't bet)



PokerStars Hand #254338691452:  Hold'em No Limit ($0.50/$1.00 USD) - 2025/01/12 20:50:30 WET [2025/01/12 15:50:30 ET]
Table 'Donnera III' 6-max Seat #1 is the button
Seat 1: Joe_Li7 ($103.46 in chips) 
Seat 2: kars0n ($100.50 in chips) 
Seat 3: wladys09 ($104.19 in chips) 
Seat 4: ptolejmus ($11.50 in chips) 
Seat 5: easy_sarcasm ($102.47 in chips) 
Seat 6: Sadyhov V.V. ($122.15 in chips) 
kars0n: posts small blind $0.50
wladys09: posts big blind $1
*** HOLE CARDS ***
ptolejmus: folds 
easy_sarcasm: folds 
Sadyhov V.V.: folds 
Joe_Li7: raises $1.50 to $2.50
kars0n: folds 
wladys09: folds 
Uncalled bet ($1.50) returned to Joe_Li7
Joe_Li7 collected $2.50 from pot
*** SUMMARY ***
Total pot $2.50 | Rake $0 
Seat 1: Joe_Li7 (button) collected ($2.50)
Seat 2: kars0n (small blind) folded before Flop
Seat 3: wladys09 (big blind) folded before Flop
Seat 4: ptolejmus folded before Flop (didn't bet)
Seat 5: easy_sarcasm folded before Flop (didn't bet)
Seat 6: Sadyhov V.V. folded before Flop (didn't bet)



PokerStars Hand #254338697558:  Hold'em No Limit ($0.50/$1.00 USD) - 2025/01/12 20:50:46 WET [2025/01/12 15:50:46 ET]
Table 'Donnera III' 6-max Seat #2 is the button
Seat 1: Joe_Li7 ($104.96 in chips) 
Seat 2: kars0n ($100 in chips) 
Seat 3: wladys09 ($103.19 in chips) 
Seat 4: ptolejmus ($11.50 in chips) 
Seat 5: easy_sarcasm ($102.47 in chips) 
Seat 6: Sadyhov V.V. ($122.15 in chips) 
wladys09: posts small blind $0.50
ptolejmus: posts big blind $1
*** HOLE CARDS ***
easy_sarcasm: folds 
Sadyhov V.V.: folds 
Joe_Li7: folds 
kars0n: raises $1.50 to $2.50
wladys09: folds 
ptolejmus: folds 
Uncalled bet ($1.50) returned to kars0n
kars0n collected $2.50 from pot
kars0n: doesn't show hand 
*** SUMMARY ***
Total pot $2.50 | Rake $0 
Seat 1: Joe_Li7 folded before Flop (didn't bet)
Seat 2: kars0n (button) collected ($2.50)
Seat 3: wladys09 (small blind) folded before Flop
Seat 4: ptolejmus (big blind) folded before Flop
Seat 5: easy_sarcasm folded before Flop (didn't bet)
Seat 6: Sadyhov V.V. folded before Flop (didn't bet)



PokerStars Hand #254338705579:  Hold'em No Limit ($0.50/$1.00 USD) - 2025/01/12 20:51:06 WET [2025/01/12 15:51:06 ET]
Table 'Donnera III' 6-max Seat #3 is the button
Seat 1: Joe_Li7 ($104.96 in chips) 
Seat 2: kars0n ($101.50 in chips) 
Seat 3: wladys09 ($102.69 in chips) 
Seat 4: ptolejmus ($10.50 in chips) 
Seat 5: easy_sarcasm ($102.47 in chips) 
Seat 6: Sadyhov V.V. ($122.15 in chips) 
ptolejmus: posts small blind $0.50
easy_sarcasm: posts big blind $1
*** HOLE CARDS ***
Sadyhov V.V.: raises $1.50 to $2.50
Joe_Li7: folds 
kars0n: folds 
wladys09: folds 
ptolejmus: folds 
easy_sarcasm: folds 
Uncalled bet ($1.50) returned to Sadyhov V.V.
Sadyhov V.V. collected $2.50 from pot
Sadyhov V.V.: doesn't show hand 
*** SUMMARY ***
Total pot $2.50 | Rake $0 
Seat 1: Joe_Li7 folded before Flop (didn't bet)
Seat 2: kars0n folded before Flop (didn't bet)
Seat 3: wladys09 (button) folded before Flop (didn't bet)
Seat 4: ptolejmus (small blind) folded before Flop
Seat 5: easy_sarcasm (big blind) folded before Flop
Seat 6: Sadyhov V.V. collected ($2.50)



PokerStars Hand #254338712785:  Hold'em No Limit ($0.50/$1.00 USD) - 2025/01/12 20:51:24 WET [2025/01/12 15:51:24 ET]
Table 'Donnera III' 6-max Seat #4 is the button
Seat 1: Joe_Li7 ($104.96 in chips) 
Seat 2: kars0n ($101.50 in chips) 
Seat 3: wladys09 ($102.69 in chips) 
Seat 4: ptolejmus ($10 in chips) 
Seat 5: easy_sarcasm ($101.47 in chips) 
Seat 6: Sadyhov V.V. ($123.65 in chips) 
easy_sarcasm: posts small blind $0.50
Sadyhov V.V.: posts big blind $1
*** HOLE CARDS ***
Joe_Li7: raises $1.20 to $2.20
kars0n: folds 
wladys09: calls $2.20
ptolejmus: folds 
easy_sarcasm: folds 
Sadyhov V.V.: calls $1.20
*** FLOP *** [9h Th 7s]
Sadyhov V.V.: checks 
Joe_Li7: checks 
wladys09: checks 
*** TURN *** [9h Th 7s] [Qc]
Sadyhov V.V.: checks 
Joe_Li7: bets $5.06
wladys09: folds 
Sadyhov V.V.: calls $5.06
*** RIVER *** [9h Th 7s Qc] [4h]
Sadyhov V.V.: checks 
Joe_Li7: bets $12.27
Sadyhov V.V.: folds 
Uncalled bet ($12.27) returned to Joe_Li7
Joe_Li7 collected $16.36 from pot
*** SUMMARY ***
Total pot $17.22 | Rake $0.86 
Board [9h Th 7s Qc 4h]
Seat 1: Joe_Li7 collected ($16.36)
Seat 2: kars0n folded before Flop (didn't bet)
Seat 3: wladys09 folded on the Turn
Seat 4: ptolejmus (button) folded before Flop (didn't bet)
Seat 5: easy_sarcasm (small blind) folded before Flop
Seat 6: Sadyhov V.V. (big blind) folded on the River



PokerStars Hand #254338752760:  Hold'em No Limit ($0.50/$1.00 USD) - 2025/01/12 20:53:06 WET [2025/01/12 15:53:06 ET]
Table 'Donnera III' 6-max Seat #5 is the button
Seat 1: Joe_Li7 ($114.06 in chips) 
Seat 2: kars0n ($101.50 in chips) 
Seat 3: wladys09 ($100.49 in chips) 
Seat 4: ptolejmus ($10 in chips) 
Seat 5: easy_sarcasm ($100.97 in chips) 
Seat 6: Sadyhov V.V. ($116.39 in chips) 
Sadyhov V.V.: posts small blind $0.50
Joe_Li7: posts big blind $1
*** HOLE CARDS ***
kars0n: folds 
wladys09: folds 
ptolejmus: folds 
easy_sarcasm: folds 
Sadyhov V.V.: raises $2 to $3
Joe_Li7: calls $2
*** FLOP *** [Ac 5s 2d]
Sadyhov V.V.: bets $3.14
Joe_Li7: folds 
Uncalled bet ($3.14) returned to Sadyhov V.V.
Sadyhov V.V. collected $5.70 from pot
Sadyhov V.V.: doesn't show hand 
*** SUMMARY ***
Total pot $6 | Rake $0.30 
Board [Ac 5s 2d]
Seat 1: Joe_Li7 (big blind) folded on the Flop
Seat 2: kars0n folded before Flop (didn't bet)
Seat 3: wladys09 folded before Flop (didn't bet)
Seat 4: ptolejmus folded before Flop (didn't bet)
Seat 5: easy_sarcasm (button) folded before Flop (didn't bet)
Seat 6: Sadyhov V.V. (small blind) collected ($5.70)



PokerStars Hand #254338769277:  Hold'em No Limit ($0.50/$1.00 USD) - 2025/01/12 20:53:47 WET [2025/01/12 15:53:47 ET]
Table 'Donnera III' 6-max Seat #6 is the button
Seat 1: Joe_Li7 ($111.06 in chips) 
Seat 2: kars0n ($101.50 in chips) 
Seat 3: wladys09 ($100.49 in chips) 
Seat 4: ptolejmus ($10 in chips) 
Seat 5: easy_sarcasm ($100.97 in chips) 
Seat 6: Sadyhov V.V. ($119.09 in chips) 
Joe_Li7: posts small blind $0.50
kars0n: posts big blind $1
*** HOLE CARDS ***
wladys09: raises $1 to $2
ptolejmus: folds 
easy_sarcasm: folds 
Sadyhov V.V.: folds 
Joe_Li7: folds 
kars0n: calls $1
*** FLOP *** [3d 2s 2c]
kars0n: checks 
wladys09: checks 
*** TURN *** [3d 2s 2c] [Th]
kars0n: checks 
wladys09: checks 
*** RIVER *** [3d 2s 2c Th] [4s]
kars0n: checks 
wladys09: checks 
*** SHOW DOWN ***
kars0n: shows [6s 9s] (a pair of Deuces)
wladys09: shows [Ks As] (a pair of Deuces - Ace kicker)
wladys09 collected $4.28 from pot
*** SUMMARY ***
Total pot $4.50 | Rake $0.22 
Board [3d 2s 2c Th 4s]
Seat 1: Joe_Li7 (small blind) folded before Flop
Seat 2: kars0n (big blind) showed [6s 9s] and lost with a pair of Deuces
Seat 3: wladys09 showed [Ks As] and won ($4.28) with a pair of Deuces
Seat 4: ptolejmus folded before Flop (didn't bet)
Seat 5: easy_sarcasm folded before Flop (didn't bet)
Seat 6: Sadyhov V.V. (button) folded before Flop (didn't bet)



PokerStars Hand #254338780506:  Hold'em No Limit ($0.50/$1.00 USD) - 2025/01/12 20:54:16 WET [2025/01/12 15:54:16 ET]
Table 'Donnera III' 6-max Seat #1 is the button
Seat 1: Joe_Li7 ($110.56 in chips) 
Seat 3: wladys09 ($102.77 in chips) 
Seat 4: ptolejmus ($10 in chips) 
Seat 5: easy_sarcasm ($100.97 in chips) 
Seat 6: Sadyhov V.V. ($119.09 in chips) 
wladys09: posts small blind $0.50
ptolejmus: posts big blind $1
*** HOLE CARDS ***
easy_sarcasm: folds 
Sadyhov V.V.: folds 
Joe_Li7: raises $1.50 to $2.50
TheBraveGirl joins the table at seat #2 
wladys09: folds 
ptolejmus: raises $7.50 to $10 and is all-in
Joe_Li7: calls $7.50
*** FLOP *** [Td Qh 4c]
*** TURN *** [Td Qh 4c] [Jh]
*** RIVER *** [Td Qh 4c Jh] [8d]
*** SHOW DOWN ***
ptolejmus: shows [7h Kh] (high card King)
Joe_Li7: shows [8c Jd] (two pair, Jacks and Eights)
Joe_Li7 collected $19.48 from pot
*** SUMMARY ***
Total pot $20.50 | Rake $1.02 
Board [Td Qh 4c Jh 8d]
Seat 1: Joe_Li7 (button) showed [8c Jd] and won ($19.48) with two pair, Jacks and Eights
Seat 3: wladys09 (small blind) folded before Flop
Seat 4: ptolejmus (big blind) showed [7h Kh] and lost with high card King
Seat 5: easy_sarcasm folded before Flop (didn't bet)
Seat 6: Sadyhov V.V. folded before Flop (didn't bet)



PokerStars Hand #254338799915:  Hold'em No Limit ($0.50/$1.00 USD) - 2025/01/12 20:55:09 WET [2025/01/12 15:55:09 ET]
Table 'Donnera III' 6-max Seat #3 is the button
Seat 2: TheBraveGirl ($100 in chips) is sitting out
Seat 1: Joe_Li7 ($120.04 in chips) 
Seat 3: wladys09 ($102.27 in chips) 
Seat 4: ptolejmus ($10 in chips) 
Seat 5: easy_sarcasm ($100.97 in chips) 
Seat 6: Sadyhov V.V. ($119.09 in chips) 
ptolejmus: posts small blind $0.50
easy_sarcasm: posts big blind $1
TheBraveGirl: sits out 
*** HOLE CARDS ***
Sadyhov V.V.: folds 
Joe_Li7: raises $1 to $2
wladys09: raises $5.50 to $7.50
ptolejmus: folds 
easy_sarcasm: folds 
Joe_Li7: folds 
Uncalled bet ($5.50) returned to wladys09
wladys09 collected $5.50 from pot
*** SUMMARY ***
Total pot $5.50 | Rake $0 
Seat 2: TheBraveGirl
Seat 1: Joe_Li7 folded before Flop
Seat 3: wladys09 (button) collected ($5.50)
Seat 4: ptolejmus (small blind) folded before Flop
Seat 5: easy_sarcasm (big blind) folded before Flop
Seat 6: Sadyhov V.V. folded before Flop (didn't bet)



PokerStars Hand #254338803611:  Hold'em No Limit ($0.50/$1.00 USD) - 2025/01/12 20:55:26 WET [2025/01/12 15:55:26 ET]
Table 'Donnera III' 6-max Seat #4 is the button
Seat 2: TheBraveGirl ($100 in chips) is sitting out
Seat 1: Joe_Li7 ($118.04 in chips) 
Seat 3: wladys09 ($105.77 in chips) 
Seat 4: ptolejmus ($10 in chips) 
Seat 5: easy_sarcasm ($100 in chips) 
Seat 6: Sadyhov V.V. ($119.09 in chips) 
easy_sarcasm: posts small blind $0.50
Sadyhov V.V.: posts big blind $1
TheBraveGirl: sits out 
*** HOLE CARDS ***
Joe_Li7: folds 
wladys09: folds 
ptolejmus: raises $9 to $10 and is all-in
easy_sarcasm: folds 
Sadyhov V.V.: folds 
Uncalled bet ($9) returned to ptolejmus
ptolejmus collected $2.50 from pot
*** SUMMARY ***
Total pot $2.50 | Rake $0 
Seat 2: TheBraveGirl
Seat 1: Joe_Li7 folded before Flop (didn't bet)
Seat 3: wladys09 folded before Flop (didn't bet)
Seat 4: ptolejmus (button) collected ($2.50)
Seat 5: easy_sarcasm (small blind) folded before Flop
Seat 6: Sadyhov V.V. (big blind) folded before Flop



PokerStars Hand #254338807212:  Hold'em No Limit ($0.50/$1.00 USD) - 2025/01/12 20:55:42 WET [2025/01/12 15:55:42 ET]
Table 'Donnera III' 6-max Seat #5 is the button
Seat 2: TheBraveGirl ($100 in chips) is sitting out
Seat 1: Joe_Li7 ($118.04 in chips) 
Seat 3: wladys09 ($105.77 in chips) 
Seat 4: ptolejmus ($11.50 in chips) 
Seat 5: easy_sarcasm ($100 in chips) 
Seat 6: Sadyhov V.V. ($118.09 in chips) 
Sadyhov V.V.: posts small blind $0.50
Joe_Li7: posts big blind $1
TheBraveGirl: sits out 
*** HOLE CARDS ***
wladys09: folds 
ptolejmus: raises $10.50 to $11.50 and is all-in
easy_sarcasm: folds 
Sadyhov V.V.: folds 
Joe_Li7: folds 
Uncalled bet ($10.50) returned to ptolejmus
ptolejmus collected $2.50 from pot
*** SUMMARY ***
Total pot $2.50 | Rake $0 
Seat 2: TheBraveGirl
Seat 1: Joe_Li7 (big blind) folded before Flop
Seat 3: wladys09 folded before Flop (didn't bet)
Seat 4: ptolejmus collected ($2.50)
Seat 5: easy_sarcasm (button) folded before Flop (didn't bet)
Seat 6: Sadyhov V.V. (small blind) folded before Flop



PokerStars Hand #254338811983:  Hold'em No Limit ($0.50/$1.00 USD) - 2025/01/12 20:56:04 WET [2025/01/12 15:56:04 ET]
Table 'Donnera III' 6-max Seat #6 is the button
Seat 1: Joe_Li7 ($117.04 in chips) 
Seat 2: TheBraveGirl ($100 in chips) 
Seat 3: wladys09 ($105.77 in chips) 
Seat 4: ptolejmus ($13 in chips) 
Seat 5: easy_sarcasm ($100 in chips) 
Seat 6: Sadyhov V.V. ($117.59 in chips) 
Joe_Li7: posts small blind $0.50
TheBraveGirl: posts big blind $1
*** HOLE CARDS ***
wladys09: raises $1 to $2
ptolejmus: folds 
easy_sarcasm: folds 
Sadyhov V.V.: raises $6 to $8
Joe_Li7: folds 
TheBraveGirl: folds 
wladys09: calls $6
*** FLOP *** [5c 9d 6h]
wladys09: bets $5
Sadyhov V.V.: raises $14.64 to $19.64
wladys09: calls $14.64
*** TURN *** [5c 9d 6h] [7s]
wladys09: checks 
Sadyhov V.V.: checks 
*** RIVER *** [5c 9d 6h 7s] [2c]
wladys09: checks 
Sadyhov V.V.: checks 
*** SHOW DOWN ***
wladys09: shows [Jh Jc] (a pair of Jacks)
Sadyhov V.V.: mucks hand 
wladys09 collected $54.28 from pot
*** SUMMARY ***
Total pot $56.78 | Rake $2.50 
Board [5c 9d 6h 7s 2c]
Seat 1: Joe_Li7 (small blind) folded before Flop
Seat 2: TheBraveGirl (big blind) folded before Flop
Seat 3: wladys09 showed [Jh Jc] and won ($54.28) with a pair of Jacks
Seat 4: ptolejmus folded before Flop (didn't bet)
Seat 5: easy_sarcasm folded before Flop (didn't bet)
Seat 6: Sadyhov V.V. (button) mucked



PokerStars Hand #254338832790:  Hold'em No Limit ($0.50/$1.00 USD) - 2025/01/12 20:57:37 WET [2025/01/12 15:57:37 ET]
Table 'Donnera III' 6-max Seat #1 is the button
Seat 1: Joe_Li7 ($116.54 in chips) 
Seat 2: TheBraveGirl ($100 in chips) 
Seat 3: wladys09 ($132.41 in chips) 
Seat 4: ptolejmus ($13 in chips) 
Seat 5: easy_sarcasm ($100 in chips) 
Seat 6: Sadyhov V.V. ($100 in chips) 
TheBraveGirl: posts small blind $0.50
wladys09: posts big blind $1
*** HOLE CARDS ***
ptolejmus: folds 
easy_sarcasm: folds 
Sadyhov V.V.: folds 
Joe_Li7: folds 
TheBraveGirl: folds 
Uncalled bet ($0.50) returned to wladys09
wladys09 collected $1 from pot
*** SUMMARY ***
Total pot $1 | Rake $0 
Seat 1: Joe_Li7 (button) folded before Flop (didn't bet)
Seat 2: TheBraveGirl (small blind) folded before Flop
Seat 3: wladys09 (big blind) collected ($1)
Seat 4: ptolejmus folded before Flop (didn't bet)
Seat 5: easy_sarcasm folded before Flop (didn't bet)
Seat 6: Sadyhov V.V. folded before Flop (didn't bet)



PokerStars Hand #254338837728:  Hold'em No Limit ($0.50/$1.00 USD) - 2025/01/12 20:58:00 WET [2025/01/12 15:58:00 ET]
Table 'Donnera III' 6-max Seat #2 is the button
Seat 1: Joe_Li7 ($116.54 in chips) 
Seat 2: TheBraveGirl ($100 in chips) 
Seat 3: wladys09 ($132.91 in chips) 
Seat 4: ptolejmus ($13 in chips) 
Seat 5: easy_sarcasm ($100 in chips) 
Seat 6: Sadyhov V.V. ($100 in chips) 
wladys09: posts small blind $0.50
ptolejmus: posts big blind $1
*** HOLE CARDS ***
easy_sarcasm: folds 
Sadyhov V.V.: folds 
easy_sarcasm leaves the table
Joe_Li7: folds 
TheBraveGirl: folds 
wladys09: raises $1 to $2
ptolejmus: calls $1
*** FLOP *** [Td Ks 8s]
wladys09: checks 
ptolejmus: checks 
*** TURN *** [Td Ks 8s] [Th]
wladys09: bets $1.90
ptolejmus: calls $1.90
*** RIVER *** [Td Ks 8s Th] [Js]
wladys09: checks 
ptolejmus: bets $5.56
wladys09: folds 
Uncalled bet ($5.56) returned to ptolejmus
ptolejmus collected $7.41 from pot
*** SUMMARY ***
Total pot $7.80 | Rake $0.39 
Board [Td Ks 8s Th Js]
Seat 1: Joe_Li7 folded before Flop (didn't bet)
Seat 2: TheBraveGirl (button) folded before Flop (didn't bet)
Seat 3: wladys09 (small blind) folded on the River
Seat 4: ptolejmus (big blind) collected ($7.41)
Seat 5: easy_sarcasm folded before Flop (didn't bet)
Seat 6: Sadyhov V.V. folded before Flop (didn't bet)



PokerStars Hand #254338851585:  Hold'em No Limit ($0.50/$1.00 USD) - 2025/01/12 20:59:01 WET [2025/01/12 15:59:01 ET]
Table 'Donnera III' 6-max Seat #3 is the button
Seat 1: Joe_Li7 ($116.54 in chips) 
Seat 2: TheBraveGirl ($100 in chips) 
Seat 3: wladys09 ($129.01 in chips) 
Seat 4: ptolejmus ($16.51 in chips) 
Seat 6: Sadyhov V.V. ($100 in chips) 
ptolejmus: posts small blind $0.50
Sadyhov V.V.: posts big blind $1
*** HOLE CARDS ***
shootingGRID joins the table at seat #5 
Joe_Li7: folds 
TheBraveGirl: folds 
wladys09: folds 
ptolejmus: folds 
Uncalled bet ($0.50) returned to Sadyhov V.V.
wladys09 leaves the table
Sadyhov V.V. collected $1 from pot
Sadyhov V.V.: doesn't show hand 
*** SUMMARY ***
Total pot $1 | Rake $0 
Seat 1: Joe_Li7 folded before Flop (didn't bet)
Seat 2: TheBraveGirl folded before Flop (didn't bet)
Seat 3: wladys09 (button) folded before Flop (didn't bet)
Seat 4: ptolejmus (small blind) folded before Flop
Seat 6: Sadyhov V.V. (big blind) collected ($1)



PokerStars Hand #254338855055:  Hold'em No Limit ($0.50/$1.00 USD) - 2025/01/12 20:59:17 WET [2025/01/12 15:59:17 ET]
Table 'Donnera III' 6-max Seat #4 is the button
Seat 5: shootingGRID ($100 in chips) is sitting out
Seat 1: Joe_Li7 ($116.54 in chips) 
Seat 2: TheBraveGirl ($100 in chips) 
Seat 4: ptolejmus ($16.01 in chips) 
Seat 6: Sadyhov V.V. ($100.50 in chips) 
Sadyhov V.V.: posts small blind $0.50
Joe_Li7: posts big blind $1
*** HOLE CARDS ***
TheBraveGirl: raises $1 to $2
ptolejmus: folds 
Sadyhov V.V.: folds 
Joe_Li7: raises $8.50 to $10.50
iamadibz joins the table at seat #3 
TheBraveGirl: folds 
Uncalled bet ($8.50) returned to Joe_Li7
iamadibz is disconnected 
Joe_Li7 collected $4.50 from pot
*** SUMMARY ***
Total pot $4.50 | Rake $0 
Seat 5: shootingGRID
Seat 1: Joe_Li7 (big blind) collected ($4.50)
Seat 2: TheBraveGirl folded before Flop
Seat 4: ptolejmus (button) folded before Flop (didn't bet)
Seat 6: Sadyhov V.V. (small blind) folded before Flop



PokerStars Hand #254338861011:  Hold'em No Limit ($0.50/$1.00 USD) - 2025/01/12 20:59:43 WET [2025/01/12 15:59:43 ET]
Table 'Donnera III' 6-max Seat #6 is the button
Seat 2: TheBraveGirl ($100 in chips) is sitting out
Seat 5: shootingGRID ($100 in chips) is sitting out
Seat 1: Joe_Li7 ($119.04 in chips) 
Seat 3: iamadibz ($18.85 in chips) 
Seat 4: ptolejmus ($16.01 in chips) 
Seat 6: Sadyhov V.V. ($100 in chips) 
Joe_Li7: posts small blind $0.50
TheBraveGirl: is sitting out 
iamadibz: posts big blind $1
shootingGRID: sits out 
*** HOLE CARDS ***
ptolejmus: raises $1 to $2
Sadyhov V.V.: folds 
Joe_Li7: folds 
iamadibz: calls $1
*** FLOP *** [3s Ts 2s]
iamadibz: checks 
ptolejmus: checks 
*** TURN *** [3s Ts 2s] [7h]
iamadibz: checks 
ptolejmus: checks 
*** RIVER *** [3s Ts 2s 7h] [Qh]
iamadibz: bets $3
ptolejmus: calls $3
*** SHOW DOWN ***
iamadibz: shows [Jd 2c] (a pair of Deuces)
ptolejmus: shows [Th Jh] (a pair of Tens)
ptolejmus collected $9.98 from pot
*** SUMMARY ***
Total pot $10.50 | Rake $0.52 
Board [3s Ts 2s 7h Qh]
Seat 2: TheBraveGirl
Seat 5: shootingGRID
Seat 1: Joe_Li7 (small blind) folded before Flop
Seat 3: iamadibz (big blind) showed [Jd 2c] and lost with a pair of Deuces
Seat 4: ptolejmus showed [Th Jh] and won ($9.98) with a pair of Tens
Seat 6: Sadyhov V.V. (button) folded before Flop (didn't bet)



PokerStars Hand #254338876477:  Hold'em No Limit ($0.50/$1.00 USD) - 2025/01/12 21:00:47 WET [2025/01/12 16:00:47 ET]
Table 'Donnera III' 6-max Seat #1 is the button
Seat 2: TheBraveGirl ($100 in chips) is sitting out
Seat 4: ptolejmus ($20.99 in chips) is sitting out
Seat 1: Joe_Li7 ($118.54 in chips) 
Seat 3: iamadibz ($13.85 in chips) 
Seat 5: shootingGRID ($100 in chips) 
Seat 6: Sadyhov V.V. ($100 in chips) 
iamadibz: posts small blind $0.50
ptolejmus: is sitting out 
shootingGRID: posts big blind $1
*** HOLE CARDS ***
ptolejmus leaves the table
Sadyhov V.V.: folds 
Sul07 joins the table at seat #4 
Joe_Li7: raises $1.50 to $2.50
iamadibz: folds 
shootingGRID: folds 
Uncalled bet ($1.50) returned to Joe_Li7
Joe_Li7 collected $2.50 from pot
*** SUMMARY ***
Total pot $2.50 | Rake $0 
Seat 2: TheBraveGirl
Seat 4: ptolejmus
Seat 1: Joe_Li7 (button) collected ($2.50)
Seat 3: iamadibz (small blind) folded before Flop
Seat 5: shootingGRID (big blind) folded before Flop
Seat 6: Sadyhov V.V. folded before Flop (didn't bet)



PokerStars Hand #254338882131:  Hold'em No Limit ($0.50/$1.00 USD) - 2025/01/12 21:01:08 WET [2025/01/12 16:01:08 ET]
Table 'Donnera III' 6-max Seat #3 is the button
Seat 2: TheBraveGirl ($100 in chips) is sitting out
Seat 4: Sul07 ($10 in chips) is sitting out
Seat 1: Joe_Li7 ($120.04 in chips) 
Seat 3: iamadibz ($13.35 in chips) 
Seat 5: shootingGRID ($100 in chips) 
Seat 6: Sadyhov V.V. ($100 in chips) 
shootingGRID: posts small blind $0.50
Sadyhov V.V.: posts big blind $1
TheBraveGirl: sits out 
*** HOLE CARDS ***
Joe_Li7: folds 
iamadibz: calls $1
shootingGRID: calls $0.50
Sadyhov V.V.: checks 
*** FLOP *** [8c 2c 9s]
shootingGRID: bets $1
Sadyhov V.V.: folds 
iamadibz: raises $4.85 to $5.85
shootingGRID: calls $4.85
*** TURN *** [8c 2c 9s] [5d]
shootingGRID: bets $10.47
iamadibz: calls $6.50 and is all-in
Uncalled bet ($3.97) returned to shootingGRID
*** RIVER *** [8c 2c 9s 5d] [4d]
*** SHOW DOWN ***
shootingGRID: shows [9h Jd] (a pair of Nines)
iamadibz: shows [Td 9d] (a pair of Nines - lower kicker)
shootingGRID collected $26.70 from pot
iamadibz is disconnected 
*** SUMMARY ***
Total pot $27.70 | Rake $1 
Board [8c 2c 9s 5d 4d]
Seat 2: TheBraveGirl
Seat 4: Sul07
Seat 1: Joe_Li7 folded before Flop (didn't bet)
Seat 3: iamadibz (button) showed [Td 9d] and lost with a pair of Nines
Seat 5: shootingGRID (small blind) showed [9h Jd] and won ($26.70) with a pair of Nines
Seat 6: Sadyhov V.V. (big blind) folded on the Flop



PokerStars Hand #254338904698:  Hold'em No Limit ($0.50/$1.00 USD) - 2025/01/12 21:02:15 WET [2025/01/12 16:02:15 ET]
Table 'Donnera III' 6-max Seat #5 is the button
Seat 1: Joe_Li7 ($120.04 in chips) is sitting out
Seat 3: iamadibz ($0 in chips) is sitting out
Seat 4: Sul07 ($10 in chips) is sitting out
Seat 2: TheBraveGirl ($100 in chips) 
Seat 5: shootingGRID ($113.35 in chips) 
Seat 6: Sadyhov V.V. ($100 in chips) 
Sadyhov V.V.: posts small blind $0.50
Joe_Li7: is sitting out 
TheBraveGirl: posts big blind $1
Sul07: sits out 
*** HOLE CARDS ***
shootingGRID: raises $1.50 to $2.50
Sadyhov V.V.: raises $7.50 to $10
TheBraveGirl: folds 
shootingGRID: calls $7.50
*** FLOP *** [5d Kd 6h]
Sadyhov V.V.: bets $11
Joe_Li7 leaves the table
shootingGRID: calls $11
*** TURN *** [5d Kd 6h] [9s]
Sadyhov V.V.: bets $23.10
gohome78 joins the table at seat #1 
shootingGRID: calls $23.10
*** RIVER *** [5d Kd 6h 9s] [7s]
Sadyhov V.V.: bets $55.90 and is all-in
shootingGRID: folds 
Uncalled bet ($55.90) returned to Sadyhov V.V.
Sadyhov V.V. collected $88.20 from pot
Sadyhov V.V.: doesn't show hand 
*** SUMMARY ***
Total pot $89.20 | Rake $1 
Board [5d Kd 6h 9s 7s]
Seat 1: Joe_Li7
Seat 3: iamadibz
Seat 4: Sul07
Seat 2: TheBraveGirl (big blind) folded before Flop
Seat 5: shootingGRID (button) folded on the River
Seat 6: Sadyhov V.V. (small blind) collected ($88.20)



PokerStars Hand #254338942812:  Hold'em No Limit ($0.50/$1.00 USD) - 2025/01/12 21:03:56 WET [2025/01/12 16:03:56 ET]
Table 'Donnera III' 6-max Seat #6 is the button
Seat 1: gohome78 ($10 in chips) is sitting out
Seat 3: iamadibz ($0 in chips) is sitting out
Seat 2: TheBraveGirl ($100 in chips) 
Seat 4: Sul07 ($10 in chips) 
Seat 5: shootingGRID ($100 in chips) 
Seat 6: Sadyhov V.V. ($144.10 in chips) 
TheBraveGirl: posts small blind $0.50
Sul07: posts big blind $1
*** HOLE CARDS ***
shootingGRID: folds 
Sadyhov V.V.: raises $1.50 to $2.50
TheBraveGirl: folds 
Sul07: folds 
Uncalled bet ($1.50) returned to Sadyhov V.V.
Sadyhov V.V. collected $2.50 from pot
Sadyhov V.V.: doesn't show hand 
*** SUMMARY ***
Total pot $2.50 | Rake $0 
Seat 1: gohome78
Seat 3: iamadibz
Seat 2: TheBraveGirl (small blind) folded before Flop
Seat 4: Sul07 (big blind) folded before Flop
Seat 5: shootingGRID folded before Flop (didn't bet)
Seat 6: Sadyhov V.V. (button) collected ($2.50)



PokerStars Hand #254338951569:  Hold'em No Limit ($0.50/$1.00 USD) - 2025/01/12 21:04:18 WET [2025/01/12 16:04:18 ET]
Table 'Donnera III' 6-max Seat #2 is the button
Seat 1: gohome78 ($10 in chips) is sitting out
Seat 3: iamadibz ($0 in chips) is sitting out
Seat 2: TheBraveGirl ($100 in chips) 
Seat 4: Sul07 ($9 in chips) 
Seat 5: shootingGRID ($100 in chips) 
Seat 6: Sadyhov V.V. ($145.60 in chips) 
Sul07: posts small blind $0.50
shootingGRID: posts big blind $1
gohome78: sits out 
*** HOLE CARDS ***
Sadyhov V.V.: folds 
TheBraveGirl: raises $1 to $2
Sul07: folds 
shootingGRID: folds 
Uncalled bet ($1) returned to TheBraveGirl
TheBraveGirl collected $2.50 from pot
TheBraveGirl: doesn't show hand 
*** SUMMARY ***
Total pot $2.50 | Rake $0 
Seat 1: gohome78
Seat 3: iamadibz
Seat 2: TheBraveGirl (button) collected ($2.50)
Seat 4: Sul07 (small blind) folded before Flop
Seat 5: shootingGRID (big blind) folded before Flop
Seat 6: Sadyhov V.V. folded before Flop (didn't bet)



PokerStars Hand #254338959743:  Hold'em No Limit ($0.50/$1.00 USD) - 2025/01/12 21:04:39 WET [2025/01/12 16:04:39 ET]
Table 'Donnera III' 6-max Seat #4 is the button
Seat 1: gohome78 ($10 in chips) is sitting out
Seat 3: iamadibz ($0 in chips) is sitting out
Seat 2: TheBraveGirl ($101.50 in chips) 
Seat 4: Sul07 ($8.50 in chips) 
Seat 5: shootingGRID ($100 in chips) 
Seat 6: Sadyhov V.V. ($145.60 in chips) 
shootingGRID: posts small blind $0.50
Sadyhov V.V.: posts big blind $1
gohome78: sits out 
*** HOLE CARDS ***
TheBraveGirl: folds 
Sul07: raises $7.50 to $8.50 and is all-in
shootingGRID: folds 
Sadyhov V.V.: folds 
Uncalled bet ($7.50) returned to Sul07
Sul07 collected $2.50 from pot
Sul07: doesn't show hand 
*** SUMMARY ***
Total pot $2.50 | Rake $0 
Seat 1: gohome78
Seat 3: iamadibz
Seat 2: TheBraveGirl folded before Flop (didn't bet)
Seat 4: Sul07 (button) collected ($2.50)
Seat 5: shootingGRID (small blind) folded before Flop
Seat 6: Sadyhov V.V. (big blind) folded before Flop



PokerStars Hand #254338968059:  Hold'em No Limit ($0.50/$1.00 USD) - 2025/01/12 21:04:59 WET [2025/01/12 16:04:59 ET]
Table 'Donnera III' 6-max Seat #5 is the button
Seat 3: iamadibz ($0 in chips) is sitting out
Seat 1: gohome78 ($10 in chips) 
Seat 2: TheBraveGirl ($101.50 in chips) 
Seat 4: Sul07 ($10 in chips) 
Seat 5: shootingGRID ($100 in chips) 
Seat 6: Sadyhov V.V. ($144.60 in chips) 
Sadyhov V.V.: posts small blind $0.50
gohome78: posts big blind $1
*** HOLE CARDS ***
TheBraveGirl: folds 
Sul07: folds 
shootingGRID: raises $1.50 to $2.50
Sadyhov V.V.: folds 
gohome78: folds 
Uncalled bet ($1.50) returned to shootingGRID
shootingGRID collected $2.50 from pot
*** SUMMARY ***
Total pot $2.50 | Rake $0 
Seat 3: iamadibz
Seat 1: gohome78 (big blind) folded before Flop
Seat 2: TheBraveGirl folded before Flop (didn't bet)
Seat 4: Sul07 folded before Flop (didn't bet)
Seat 5: shootingGRID (button) collected ($2.50)
Seat 6: Sadyhov V.V. (small blind) folded before Flop



PokerStars Hand #254338980805:  Hold'em No Limit ($0.50/$1.00 USD) - 2025/01/12 21:05:31 WET [2025/01/12 16:05:31 ET]
Table 'Donnera III' 6-max Seat #6 is the button
Seat 3: iamadibz ($0 in chips) is sitting out
Seat 1: gohome78 ($9 in chips) 
Seat 2: TheBraveGirl ($101.50 in chips) 
Seat 4: Sul07 ($10 in chips) 
Seat 5: shootingGRID ($101.50 in chips) 
Seat 6: Sadyhov V.V. ($144.10 in chips) 
gohome78: posts small blind $0.50
TheBraveGirl: posts big blind $1
*** HOLE CARDS ***
Sul07: folds 
shootingGRID: folds 
Sadyhov V.V.: folds 
gohome78: folds 
Uncalled bet ($0.50) returned to TheBraveGirl
TheBraveGirl collected $1 from pot
TheBraveGirl: doesn't show hand 
*** SUMMARY ***
Total pot $1 | Rake $0 
Seat 3: iamadibz
Seat 1: gohome78 (small blind) folded before Flop
Seat 2: TheBraveGirl (big blind) collected ($1)
Seat 4: Sul07 folded before Flop (didn't bet)
Seat 5: shootingGRID folded before Flop (didn't bet)
Seat 6: Sadyhov V.V. (button) folded before Flop (didn't bet)



PokerStars Hand #254338986002:  Hold'em No Limit ($0.50/$1.00 USD) - 2025/01/12 21:05:44 WET [2025/01/12 16:05:44 ET]
Table 'Donnera III' 6-max Seat #1 is the button
Seat 3: iamadibz ($0 in chips) is sitting out
Seat 1: gohome78 ($8.50 in chips) 
Seat 2: TheBraveGirl ($102 in chips) 
Seat 4: Sul07 ($10 in chips) 
Seat 5: shootingGRID ($101.50 in chips) 
Seat 6: Sadyhov V.V. ($144.10 in chips) 
TheBraveGirl: posts small blind $0.50
Sul07: posts big blind $1
*** HOLE CARDS ***
shootingGRID: folds 
Sadyhov V.V.: folds 
gohome78: raises $7.50 to $8.50 and is all-in
TheBraveGirl: folds 
Sul07: folds 
Uncalled bet ($7.50) returned to gohome78
gohome78 collected $2.50 from pot
*** SUMMARY ***
Total pot $2.50 | Rake $0 
Seat 3: iamadibz
Seat 1: gohome78 (button) collected ($2.50)
Seat 2: TheBraveGirl (small blind) folded before Flop
Seat 4: Sul07 (big blind) folded before Flop
Seat 5: shootingGRID folded before Flop (didn't bet)
Seat 6: Sadyhov V.V. folded before Flop (didn't bet)



PokerStars Hand #254338996698:  Hold'em No Limit ($0.50/$1.00 USD) - 2025/01/12 21:06:11 WET [2025/01/12 16:06:11 ET]
Table 'Donnera III' 6-max Seat #2 is the button
Seat 3: iamadibz ($0 in chips) is sitting out
Seat 1: gohome78 ($10 in chips) 
Seat 2: TheBraveGirl ($101.50 in chips) 
Seat 4: Sul07 ($9 in chips) 
Seat 5: shootingGRID ($101.50 in chips) 
Seat 6: Sadyhov V.V. ($144.10 in chips) 
Sul07: posts small blind $0.50
shootingGRID: posts big blind $1
*** HOLE CARDS ***
Sadyhov V.V.: folds 
gohome78: folds 
TheBraveGirl: folds 
Sul07: folds 
Uncalled bet ($0.50) returned to shootingGRID
shootingGRID collected $1 from pot
*** SUMMARY ***
Total pot $1 | Rake $0 
Seat 3: iamadibz
Seat 1: gohome78 folded before Flop (didn't bet)
Seat 2: TheBraveGirl (button) folded before Flop (didn't bet)
Seat 4: Sul07 (small blind) folded before Flop
Seat 5: shootingGRID (big blind) collected ($1)
Seat 6: Sadyhov V.V. folded before Flop (didn't bet)



PokerStars Hand #254339000961:  Hold'em No Limit ($0.50/$1.00 USD) - 2025/01/12 21:06:22 WET [2025/01/12 16:06:22 ET]
Table 'Donnera III' 6-max Seat #4 is the button
Seat 3: iamadibz ($0 in chips) is sitting out
Seat 1: gohome78 ($10 in chips) 
Seat 2: TheBraveGirl ($101.50 in chips) 
Seat 4: Sul07 ($8.50 in chips) 
Seat 5: shootingGRID ($102 in chips) 
Seat 6: Sadyhov V.V. ($144.10 in chips) 
shootingGRID: posts small blind $0.50
Sadyhov V.V.: posts big blind $1
*** HOLE CARDS ***
gohome78: folds 
TheBraveGirl: raises $1 to $2
Sul07: folds 
shootingGRID: folds 
Sadyhov V.V.: folds 
Uncalled bet ($1) returned to TheBraveGirl
TheBraveGirl collected $2.50 from pot
TheBraveGirl: doesn't show hand 
*** SUMMARY ***
Total pot $2.50 | Rake $0 
Seat 3: iamadibz
Seat 1: gohome78 folded before Flop (didn't bet)
Seat 2: TheBraveGirl collected ($2.50)
Seat 4: Sul07 (button) folded before Flop (didn't bet)
Seat 5: shootingGRID (small blind) folded before Flop
Seat 6: Sadyhov V.V. (big blind) folded before Flop



PokerStars Hand #254339009797:  Hold'em No Limit ($0.50/$1.00 USD) - 2025/01/12 21:06:44 WET [2025/01/12 16:06:44 ET]
Table 'Donnera III' 6-max Seat #5 is the button
Seat 3: iamadibz ($0 in chips) is sitting out
Seat 1: gohome78 ($10 in chips) 
Seat 2: TheBraveGirl ($103 in chips) 
Seat 4: Sul07 ($8.50 in chips) 
Seat 5: shootingGRID ($101.50 in chips) 
Seat 6: Sadyhov V.V. ($143.10 in chips) 
Sadyhov V.V.: posts small blind $0.50
gohome78: posts big blind $1
*** HOLE CARDS ***
TheBraveGirl: raises $1 to $2
Sul07: folds 
shootingGRID: folds 
Sadyhov V.V.: folds 
gohome78: folds 
Uncalled bet ($1) returned to TheBraveGirl
TheBraveGirl collected $2.50 from pot
TheBraveGirl: doesn't show hand 
*** SUMMARY ***
Total pot $2.50 | Rake $0 
Seat 3: iamadibz
Seat 1: gohome78 (big blind) folded before Flop
Seat 2: TheBraveGirl collected ($2.50)
Seat 4: Sul07 folded before Flop (didn't bet)
Seat 5: shootingGRID (button) folded before Flop (didn't bet)
Seat 6: Sadyhov V.V. (small blind) folded before Flop



PokerStars Hand #254339018552:  Hold'em No Limit ($0.50/$1.00 USD) - 2025/01/12 21:07:06 WET [2025/01/12 16:07:06 ET]
Table 'Donnera III' 6-max Seat #6 is the button
Seat 3: iamadibz ($0 in chips) is sitting out
Seat 1: gohome78 ($9 in chips) 
Seat 2: TheBraveGirl ($104.50 in chips) 
Seat 4: Sul07 ($8.50 in chips) 
Seat 5: shootingGRID ($101.50 in chips) 
Seat 6: Sadyhov V.V. ($142.60 in chips) 
gohome78: posts small blind $0.50
TheBraveGirl: posts big blind $1
*** HOLE CARDS ***
Sul07: raises $7.50 to $8.50 and is all-in
shootingGRID: folds 
Sadyhov V.V.: folds 
gohome78: folds 
TheBraveGirl: folds 
Uncalled bet ($7.50) returned to Sul07
Sul07 collected $2.50 from pot
Sul07: doesn't show hand 
*** SUMMARY ***
Total pot $2.50 | Rake $0 
Seat 3: iamadibz
Seat 1: gohome78 (small blind) folded before Flop
Seat 2: TheBraveGirl (big blind) folded before Flop
Seat 4: Sul07 collected ($2.50)
Seat 5: shootingGRID folded before Flop (didn't bet)
Seat 6: Sadyhov V.V. (button) folded before Flop (didn't bet)



PokerStars Hand #254339028522:  Hold'em No Limit ($0.50/$1.00 USD) - 2025/01/12 21:07:30 WET [2025/01/12 16:07:30 ET]
Table 'Donnera III' 6-max Seat #1 is the button
Seat 3: iamadibz ($0 in chips) is sitting out
Seat 1: gohome78 ($8.50 in chips) 
Seat 2: TheBraveGirl ($103.50 in chips) 
Seat 4: Sul07 ($10 in chips) 
Seat 5: shootingGRID ($101.50 in chips) 
Seat 6: Sadyhov V.V. ($142.60 in chips) 
TheBraveGirl: posts small blind $0.50
Sul07: posts big blind $1
*** HOLE CARDS ***
shootingGRID: folds 
Sadyhov V.V.: raises $1.50 to $2.50
gohome78: folds 
TheBraveGirl: folds 
Sul07: folds 
Uncalled bet ($1.50) returned to Sadyhov V.V.
Sadyhov V.V. collected $2.50 from pot
Sadyhov V.V.: doesn't show hand 
*** SUMMARY ***
Total pot $2.50 | Rake $0 
Seat 3: iamadibz
Seat 1: gohome78 (button) folded before Flop (didn't bet)
Seat 2: TheBraveGirl (small blind) folded before Flop
Seat 4: Sul07 (big blind) folded before Flop
Seat 5: shootingGRID folded before Flop (didn't bet)
Seat 6: Sadyhov V.V. collected ($2.50)



PokerStars Hand #254339035949:  Hold'em No Limit ($0.50/$1.00 USD) - 2025/01/12 21:07:49 WET [2025/01/12 16:07:49 ET]
Table 'Donnera III' 6-max Seat #2 is the button
Seat 3: iamadibz ($0 in chips) is sitting out
Seat 1: gohome78 ($8.50 in chips) 
Seat 2: TheBraveGirl ($103 in chips) 
Seat 4: Sul07 ($9 in chips) 
Seat 5: shootingGRID ($101.50 in chips) 
Seat 6: Sadyhov V.V. ($144.10 in chips) 
Sul07: posts small blind $0.50
shootingGRID: posts big blind $1
*** HOLE CARDS ***
Sadyhov V.V.: raises $1.50 to $2.50
gohome78: folds 
TheBraveGirl: folds 
Sul07: folds 
shootingGRID: raises $10.50 to $13
Sadyhov V.V.: folds 
Uncalled bet ($10.50) returned to shootingGRID
shootingGRID collected $5.50 from pot
*** SUMMARY ***
Total pot $5.50 | Rake $0 
Seat 3: iamadibz
Seat 1: gohome78 folded before Flop (didn't bet)
Seat 2: TheBraveGirl (button) folded before Flop (didn't bet)
Seat 4: Sul07 (small blind) folded before Flop
Seat 5: shootingGRID (big blind) collected ($5.50)
Seat 6: Sadyhov V.V. folded before Flop



PokerStars Hand #254339051186:  Hold'em No Limit ($0.50/$1.00 USD) - 2025/01/12 21:08:27 WET [2025/01/12 16:08:27 ET]
Table 'Donnera III' 6-max Seat #4 is the button
Seat 3: iamadibz ($0 in chips) is sitting out
Seat 1: gohome78 ($8.50 in chips) 
Seat 2: TheBraveGirl ($103 in chips) 
Seat 4: Sul07 ($8.50 in chips) 
Seat 5: shootingGRID ($104.50 in chips) 
Seat 6: Sadyhov V.V. ($141.60 in chips) 
shootingGRID: posts small blind $0.50
Sadyhov V.V.: posts big blind $1
*** HOLE CARDS ***
gohome78: folds 
TheBraveGirl: folds 
Sul07: folds 
shootingGRID: folds 
Uncalled bet ($0.50) returned to Sadyhov V.V.
Sadyhov V.V. collected $1 from pot
Sadyhov V.V.: doesn't show hand 
*** SUMMARY ***
Total pot $1 | Rake $0 
Seat 3: iamadibz
Seat 1: gohome78 folded before Flop (didn't bet)
Seat 2: TheBraveGirl folded before Flop (didn't bet)
Seat 4: Sul07 (button) folded before Flop (didn't bet)
Seat 5: shootingGRID (small blind) folded before Flop
Seat 6: Sadyhov V.V. (big blind) collected ($1)



PokerStars Hand #254339057895:  Hold'em No Limit ($0.50/$1.00 USD) - 2025/01/12 21:08:44 WET [2025/01/12 16:08:44 ET]
Table 'Donnera III' 6-max Seat #5 is the button
Seat 3: iamadibz ($0 in chips) is sitting out
Seat 1: gohome78 ($8.50 in chips) 
Seat 2: TheBraveGirl ($103 in chips) 
Seat 4: Sul07 ($8.50 in chips) 
Seat 5: shootingGRID ($104 in chips) 
Seat 6: Sadyhov V.V. ($142.10 in chips) 
Sadyhov V.V.: posts small blind $0.50
gohome78: posts big blind $1
*** HOLE CARDS ***
TheBraveGirl: folds 
Sul07: folds 
shootingGRID: raises $1.50 to $2.50
Sadyhov V.V.: folds 
gohome78: folds 
Uncalled bet ($1.50) returned to shootingGRID
shootingGRID collected $2.50 from pot
*** SUMMARY ***
Total pot $2.50 | Rake $0 
Seat 3: iamadibz
Seat 1: gohome78 (big blind) folded before Flop
Seat 2: TheBraveGirl folded before Flop (didn't bet)
Seat 4: Sul07 folded before Flop (didn't bet)
Seat 5: shootingGRID (button) collected ($2.50)
Seat 6: Sadyhov V.V. (small blind) folded before Flop



PokerStars Hand #254339064847:  Hold'em No Limit ($0.50/$1.00 USD) - 2025/01/12 21:09:02 WET [2025/01/12 16:09:02 ET]
Table 'Donnera III' 6-max Seat #6 is the button
Seat 3: iamadibz ($0 in chips) is sitting out
Seat 1: gohome78 ($7.50 in chips) 
Seat 2: TheBraveGirl ($103 in chips) 
Seat 4: Sul07 ($8.50 in chips) 
Seat 5: shootingGRID ($105.50 in chips) 
Seat 6: Sadyhov V.V. ($141.60 in chips) 
gohome78: posts small blind $0.50
TheBraveGirl: posts big blind $1
*** HOLE CARDS ***
Sul07: folds 
shootingGRID: folds 
Sadyhov V.V.: folds 
gohome78: raises $6.50 to $7.50 and is all-in
TheBraveGirl: calls $6.50
*** FLOP *** [7c 4s 5d]
*** TURN *** [7c 4s 5d] [Ah]
*** RIVER *** [7c 4s 5d Ah] [Qh]
*** SHOW DOWN ***
gohome78: shows [Qc 9d] (a pair of Queens)
TheBraveGirl: shows [4d 4h] (three of a kind, Fours)
TheBraveGirl collected $14.25 from pot
gohome78 cashed out the hand for $6.73 | Cash Out Fee $0.14
*** SUMMARY ***
Total pot $15 | Rake $0.75 
Board [7c 4s 5d Ah Qh]
Seat 3: iamadibz
Seat 1: gohome78 (small blind) showed [Qc 9d] and lost with a pair of Queens (cashed out).
Seat 2: TheBraveGirl (big blind) showed [4d 4h] and won ($14.25) with three of a kind, Fours
Seat 4: Sul07 folded before Flop (didn't bet)
Seat 5: shootingGRID folded before Flop (didn't bet)
Seat 6: Sadyhov V.V. (button) folded before Flop (didn't bet)



PokerStars Hand #254339075095:  Hold'em No Limit ($0.50/$1.00 USD) - 2025/01/12 21:09:27 WET [2025/01/12 16:09:27 ET]
Table 'Donnera III' 6-max Seat #1 is the button
Seat 3: iamadibz ($0 in chips) is sitting out
Seat 1: gohome78 ($6.73 in chips) 
Seat 2: TheBraveGirl ($109.75 in chips) 
Seat 4: Sul07 ($8.50 in chips) 
Seat 5: shootingGRID ($105.50 in chips) 
Seat 6: Sadyhov V.V. ($141.60 in chips) 
TheBraveGirl: posts small blind $0.50
Sul07: posts big blind $1
*** HOLE CARDS ***
shootingGRID: folds 
Sadyhov V.V.: folds 
gohome78: folds 
TheBraveGirl: folds 
Uncalled bet ($0.50) returned to Sul07
Sul07 collected $1 from pot
iamadibz leaves the table
Sul07: doesn't show hand 
*** SUMMARY ***
Total pot $1 | Rake $0 
Seat 3: iamadibz
Seat 1: gohome78 (button) folded before Flop (didn't bet)
Seat 2: TheBraveGirl (small blind) folded before Flop
Seat 4: Sul07 (big blind) collected ($1)
Seat 5: shootingGRID folded before Flop (didn't bet)
Seat 6: Sadyhov V.V. folded before Flop (didn't bet)



PokerStars Hand #254339079599:  Hold'em No Limit ($0.50/$1.00 USD) - 2025/01/12 21:09:39 WET [2025/01/12 16:09:39 ET]
Table 'Donnera III' 6-max Seat #2 is the button
Seat 1: gohome78 ($6.73 in chips) 
Seat 2: TheBraveGirl ($109.25 in chips) 
Seat 4: Sul07 ($9 in chips) 
Seat 5: shootingGRID ($105.50 in chips) 
Seat 6: Sadyhov V.V. ($141.60 in chips) 
Sul07: posts small blind $0.50
shootingGRID: posts big blind $1
*** HOLE CARDS ***
Sadyhov V.V.: folds 
gohome78: folds 
TheBraveGirl: raises $1 to $2
Sul07: folds 
shootingGRID: calls $1
*** FLOP *** [7s 9h 2c]
shootingGRID: checks 
TheBraveGirl: checks 
*** TURN *** [7s 9h 2c] [Js]
shootingGRID: checks 
TheBraveGirl: checks 
*** RIVER *** [7s 9h 2c Js] [5d]
shootingGRID: checks 
TheBraveGirl: checks 
*** SHOW DOWN ***
shootingGRID: shows [4d As] (high card Ace)
TheBraveGirl: shows [7c 6c] (a pair of Sevens)
TheBraveGirl collected $4.28 from pot
*** SUMMARY ***
Total pot $4.50 | Rake $0.22 
Board [7s 9h 2c Js 5d]
Seat 1: gohome78 folded before Flop (didn't bet)
Seat 2: TheBraveGirl (button) showed [7c 6c] and won ($4.28) with a pair of Sevens
Seat 4: Sul07 (small blind) folded before Flop
Seat 5: shootingGRID (big blind) showed [4d As] and lost with high card Ace
Seat 6: Sadyhov V.V. folded before Flop (didn't bet)



PokerStars Hand #254339098431:  Hold'em No Limit ($0.50/$1.00 USD) - 2025/01/12 21:10:25 WET [2025/01/12 16:10:25 ET]
Table 'Donnera III' 6-max Seat #4 is the button
Seat 1: gohome78 ($6.73 in chips) 
Seat 2: TheBraveGirl ($111.53 in chips) 
Seat 4: Sul07 ($8.50 in chips) 
Seat 5: shootingGRID ($103.50 in chips) 
Seat 6: Sadyhov V.V. ($141.60 in chips) 
Fishdetective joins the table at seat #3 
shootingGRID: posts small blind $0.50
Sadyhov V.V.: posts big blind $1
*** HOLE CARDS ***
gohome78: folds 
TheBraveGirl: folds 
Sul07: folds 
shootingGRID: raises $2 to $3
Sadyhov V.V.: calls $2
*** FLOP *** [5s 4d Tc]
shootingGRID: checks 
Sadyhov V.V.: checks 
*** TURN *** [5s 4d Tc] [6h]
shootingGRID: checks 
Sadyhov V.V.: bets $3.14
shootingGRID: folds 
Uncalled bet ($3.14) returned to Sadyhov V.V.
Sadyhov V.V. collected $5.70 from pot
Sadyhov V.V.: doesn't show hand 
*** SUMMARY ***
Total pot $6 | Rake $0.30 
Board [5s 4d Tc 6h]
Seat 1: gohome78 folded before Flop (didn't bet)
Seat 2: TheBraveGirl folded before Flop (didn't bet)
Seat 4: Sul07 (button) folded before Flop (didn't bet)
Seat 5: shootingGRID (small blind) folded on the Turn
Seat 6: Sadyhov V.V. (big blind) collected ($5.70)



PokerStars Hand #254339120244:  Hold'em No Limit ($0.50/$1.00 USD) - 2025/01/12 21:11:19 WET [2025/01/12 16:11:19 ET]
Table 'Donnera III' 6-max Seat #5 is the button
Seat 3: Fishdetective ($100 in chips) is sitting out
Seat 1: gohome78 ($6.73 in chips) 
Seat 2: TheBraveGirl ($111.53 in chips) 
Seat 4: Sul07 ($8.50 in chips) 
Seat 5: shootingGRID ($100.50 in chips) 
Seat 6: Sadyhov V.V. ($144.30 in chips) 
Sadyhov V.V.: posts small blind $0.50
gohome78: posts big blind $1
Fishdetective: sits out 
*** HOLE CARDS ***
TheBraveGirl: folds 
Sul07: raises $7.50 to $8.50 and is all-in
shootingGRID: calls $8.50
Sadyhov V.V.: folds 
gohome78: folds 
*** FLOP *** [As 3c Qd]
*** TURN *** [As 3c Qd] [8d]
*** RIVER *** [As 3c Qd 8d] [Qs]
*** SHOW DOWN ***
Sul07: shows [7c 7h] (two pair, Queens and Sevens)
shootingGRID: shows [Jd Kd] (a pair of Queens)
Sul07 collected $17.58 from pot
*** SUMMARY ***
Total pot $18.50 | Rake $0.92 
Board [As 3c Qd 8d Qs]
Seat 3: Fishdetective
Seat 1: gohome78 (big blind) folded before Flop
Seat 2: TheBraveGirl folded before Flop (didn't bet)
Seat 4: Sul07 showed [7c 7h] and won ($17.58) with two pair, Queens and Sevens
Seat 5: shootingGRID (button) showed [Jd Kd] and lost with a pair of Queens
Seat 6: Sadyhov V.V. (small blind) folded before Flop



PokerStars Hand #254339133773:  Hold'em No Limit ($0.50/$1.00 USD) - 2025/01/12 21:11:53 WET [2025/01/12 16:11:53 ET]
Table 'Donnera III' 6-max Seat #6 is the button
Seat 3: Fishdetective ($100 in chips) is sitting out
Seat 1: gohome78 ($5.73 in chips) 
Seat 2: TheBraveGirl ($111.53 in chips) 
Seat 4: Sul07 ($17.58 in chips) 
Seat 5: shootingGRID ($100 in chips) 
Seat 6: Sadyhov V.V. ($143.80 in chips) 
gohome78: posts small blind $0.50
TheBraveGirl: posts big blind $1
Fishdetective: sits out 
*** HOLE CARDS ***
Sul07: folds 
shootingGRID: raises $1.25 to $2.25
Sadyhov V.V.: raises $5.75 to $8
gohome78: folds 
TheBraveGirl: folds 
shootingGRID: folds 
Uncalled bet ($5.75) returned to Sadyhov V.V.
Sadyhov V.V. collected $6 from pot
Sadyhov V.V.: doesn't show hand 
*** SUMMARY ***
Total pot $6 | Rake $0 
Seat 3: Fishdetective
Seat 1: gohome78 (small blind) folded before Flop
Seat 2: TheBraveGirl (big blind) folded before Flop
Seat 4: Sul07 folded before Flop (didn't bet)
Seat 5: shootingGRID folded before Flop
Seat 6: Sadyhov V.V. (button) collected ($6)



PokerStars Hand #254339152305:  Hold'em No Limit ($0.50/$1.00 USD) - 2025/01/12 21:12:38 WET [2025/01/12 16:12:38 ET]
Table 'Donnera III' 6-max Seat #1 is the button
Seat 1: gohome78 ($5.23 in chips) 
Seat 2: TheBraveGirl ($110.53 in chips) 
Seat 3: Fishdetective ($100 in chips) 
Seat 4: Sul07 ($17.58 in chips) 
Seat 5: shootingGRID ($100 in chips) 
Seat 6: Sadyhov V.V. ($147.55 in chips) 
TheBraveGirl: posts small blind $0.50
Fishdetective: posts big blind $1
*** HOLE CARDS ***
Sul07: folds 
shootingGRID: raises $1.25 to $2.25
Sadyhov V.V.: folds 
gohome78: folds 
TheBraveGirl: raises $8.75 to $11
Fishdetective: folds 
shootingGRID: folds 
Uncalled bet ($8.75) returned to TheBraveGirl
TheBraveGirl collected $5.50 from pot
TheBraveGirl: doesn't show hand 
*** SUMMARY ***
Total pot $5.50 | Rake $0 
Seat 1: gohome78 (button) folded before Flop (didn't bet)
Seat 2: TheBraveGirl (small blind) collected ($5.50)
Seat 3: Fishdetective (big blind) folded before Flop
Seat 4: Sul07 folded before Flop (didn't bet)
Seat 5: shootingGRID folded before Flop
Seat 6: Sadyhov V.V. folded before Flop (didn't bet)



PokerStars Hand #254339176758:  Hold'em No Limit ($0.50/$1.00 USD) - 2025/01/12 21:13:37 WET [2025/01/12 16:13:37 ET]
Table 'Donnera III' 6-max Seat #2 is the button
Seat 1: gohome78 ($5.23 in chips) 
Seat 2: TheBraveGirl ($113.78 in chips) 
Seat 3: Fishdetective ($99 in chips) 
Seat 4: Sul07 ($17.58 in chips) 
Seat 5: shootingGRID ($100 in chips) 
Seat 6: Sadyhov V.V. ($147.55 in chips) 
Fishdetective: posts small blind $0.50
Sul07: posts big blind $1
*** HOLE CARDS ***
shootingGRID: folds 
Sadyhov V.V.: folds 
gohome78: raises $4.23 to $5.23 and is all-in
TheBraveGirl: calls $5.23
Fishdetective: folds 
Sul07: folds 
*** FLOP *** [6h 4h 4d]
*** TURN *** [6h 4h 4d] [Ts]
*** RIVER *** [6h 4h 4d Ts] [6d]
*** SHOW DOWN ***
gohome78: shows [Tc Jh] (two pair, Tens and Sixes)
TheBraveGirl: shows [8h Ac] (two pair, Sixes and Fours)
gohome78 collected $11.36 from pot
*** SUMMARY ***
Total pot $11.96 | Rake $0.60 
Board [6h 4h 4d Ts 6d]
Seat 1: gohome78 showed [Tc Jh] and won ($11.36) with two pair, Tens and Sixes
Seat 2: TheBraveGirl (button) showed [8h Ac] and lost with two pair, Sixes and Fours
Seat 3: Fishdetective (small blind) folded before Flop
Seat 4: Sul07 (big blind) folded before Flop
Seat 5: shootingGRID folded before Flop (didn't bet)
Seat 6: Sadyhov V.V. folded before Flop (didn't bet)



PokerStars Hand #254339189337:  Hold'em No Limit ($0.50/$1.00 USD) - 2025/01/12 21:14:08 WET [2025/01/12 16:14:08 ET]
Table 'Donnera III' 6-max Seat #3 is the button
Seat 1: gohome78 ($11.36 in chips) 
Seat 2: TheBraveGirl ($108.55 in chips) 
Seat 3: Fishdetective ($98.50 in chips) 
Seat 4: Sul07 ($16.58 in chips) 
Seat 5: shootingGRID ($100 in chips) 
Seat 6: Sadyhov V.V. ($147.55 in chips) 
Sul07: posts small blind $0.50
shootingGRID: posts big blind $1
*** HOLE CARDS ***
Sadyhov V.V.: raises $1.50 to $2.50
gohome78: folds 
TheBraveGirl: folds 
Fishdetective: folds 
Sul07: folds 
shootingGRID: raises $10.50 to $13
Sadyhov V.V.: folds 
Uncalled bet ($10.50) returned to shootingGRID
shootingGRID collected $5.50 from pot
*** SUMMARY ***
Total pot $5.50 | Rake $0 
Seat 1: gohome78 folded before Flop (didn't bet)
Seat 2: TheBraveGirl folded before Flop (didn't bet)
Seat 3: Fishdetective (button) folded before Flop (didn't bet)
Seat 4: Sul07 (small blind) folded before Flop
Seat 5: shootingGRID (big blind) collected ($5.50)
Seat 6: Sadyhov V.V. folded before Flop



PokerStars Hand #254339201596:  Hold'em No Limit ($0.50/$1.00 USD) - 2025/01/12 21:14:38 WET [2025/01/12 16:14:38 ET]
Table 'Donnera III' 6-max Seat #4 is the button
Seat 1: gohome78 ($11.36 in chips) 
Seat 2: TheBraveGirl ($108.55 in chips) 
Seat 3: Fishdetective ($98.50 in chips) 
Seat 4: Sul07 ($16.08 in chips) 
Seat 5: shootingGRID ($103 in chips) 
Seat 6: Sadyhov V.V. ($145.05 in chips) 
shootingGRID: posts small blind $0.50
Sadyhov V.V.: posts big blind $1
*** HOLE CARDS ***
gohome78: folds 
TheBraveGirl: folds 
Fishdetective: folds 
Sul07: folds 
gohome78 leaves the table
shootingGRID: folds 
Uncalled bet ($0.50) returned to Sadyhov V.V.
Sadyhov V.V. collected $1 from pot
Sadyhov V.V.: doesn't show hand 
*** SUMMARY ***
Total pot $1 | Rake $0 
Seat 1: gohome78 folded before Flop (didn't bet)
Seat 2: TheBraveGirl folded before Flop (didn't bet)
Seat 3: Fishdetective folded before Flop (didn't bet)
Seat 4: Sul07 (button) folded before Flop (didn't bet)
Seat 5: shootingGRID (small blind) folded before Flop
Seat 6: Sadyhov V.V. (big blind) collected ($1)



PokerStars Hand #254339209168:  Hold'em No Limit ($0.50/$1.00 USD) - 2025/01/12 21:14:56 WET [2025/01/12 16:14:56 ET]
Table 'Donnera III' 6-max Seat #5 is the button
Seat 2: TheBraveGirl ($108.55 in chips) 
Seat 3: Fishdetective ($98.50 in chips) 
Seat 4: Sul07 ($16.08 in chips) 
Seat 5: shootingGRID ($102.50 in chips) 
Seat 6: Sadyhov V.V. ($145.55 in chips) 
Sadyhov V.V.: posts small blind $0.50
TheBraveGirl: posts big blind $1
*** HOLE CARDS ***
Fishdetective: folds 
Sul07: folds 
shootingGRID: raises $1.50 to $2.50
Sadyhov V.V.: calls $2
TheBraveGirl: folds 
*** FLOP *** [Kh Qh 5d]
Sadyhov V.V.: checks 
shootingGRID: bets $1.88
Sadyhov V.V.: folds 
Uncalled bet ($1.88) returned to shootingGRID
shootingGRID collected $5.70 from pot
*** SUMMARY ***
Total pot $6 | Rake $0.30 
Board [Kh Qh 5d]
Seat 2: TheBraveGirl (big blind) folded before Flop
Seat 3: Fishdetective folded before Flop (didn't bet)
Seat 4: Sul07 folded before Flop (didn't bet)
Seat 5: shootingGRID (button) collected ($5.70)
Seat 6: Sadyhov V.V. (small blind) folded on the Flop



PokerStars Hand #254339226484:  Hold'em No Limit ($0.50/$1.00 USD) - 2025/01/12 21:15:38 WET [2025/01/12 16:15:38 ET]
Table 'Donnera III' 6-max Seat #6 is the button
Seat 2: TheBraveGirl ($107.55 in chips) 
Seat 3: Fishdetective ($98.50 in chips) 
Seat 4: Sul07 ($16.08 in chips) 
Seat 5: shootingGRID ($105.70 in chips) 
Seat 6: Sadyhov V.V. ($143.05 in chips) 
TheBraveGirl: posts small blind $0.50
Fishdetective: posts big blind $1
*** HOLE CARDS ***
Sul07: folds 
shootingGRID: folds 
Sadyhov V.V.: raises $1.50 to $2.50
TheBraveGirl: folds 
Fishdetective: calls $1.50
*** FLOP *** [4h 8d 5s]
Fishdetective: bets $5.22
Sadyhov V.V.: folds 
Uncalled bet ($5.22) returned to Fishdetective
Fishdetective collected $5.22 from pot
Fishdetective: doesn't show hand 
*** SUMMARY ***
Total pot $5.50 | Rake $0.28 
Board [4h 8d 5s]
Seat 2: TheBraveGirl (small blind) folded before Flop
Seat 3: Fishdetective (big blind) collected ($5.22)
Seat 4: Sul07 folded before Flop (didn't bet)
Seat 5: shootingGRID folded before Flop (didn't bet)
Seat 6: Sadyhov V.V. (button) folded on the Flop



PokerStars Hand #254339239646:  Hold'em No Limit ($0.50/$1.00 USD) - 2025/01/12 21:16:10 WET [2025/01/12 16:16:10 ET]
Table 'Donnera III' 6-max Seat #2 is the button
Seat 2: TheBraveGirl ($107.05 in chips) 
Seat 3: Fishdetective ($101.22 in chips) 
Seat 4: Sul07 ($16.08 in chips) 
Seat 5: shootingGRID ($105.70 in chips) 
Seat 6: Sadyhov V.V. ($140.55 in chips) 
Fishdetective: posts small blind $0.50
Sul07: posts big blind $1
*** HOLE CARDS ***
shootingGRID: raises $1.25 to $2.25
BumHuntKing joins the table at seat #1 
Sadyhov V.V.: folds 
TheBraveGirl: folds 
Fishdetective: folds 
Sul07: calls $1.25
*** FLOP *** [5c 4s 4c]
Sul07: checks 
shootingGRID: checks 
*** TURN *** [5c 4s 4c] [9d]
Sul07: checks 
shootingGRID: bets $3.56
Sul07: folds 
Uncalled bet ($3.56) returned to shootingGRID
shootingGRID collected $4.75 from pot
*** SUMMARY ***
Total pot $5 | Rake $0.25 
Board [5c 4s 4c 9d]
Seat 2: TheBraveGirl (button) folded before Flop (didn't bet)
Seat 3: Fishdetective (small blind) folded before Flop
Seat 4: Sul07 (big blind) folded on the Turn
Seat 5: shootingGRID collected ($4.75)
Seat 6: Sadyhov V.V. folded before Flop (didn't bet)



PokerStars Hand #254339258844:  Hold'em No Limit ($0.50/$1.00 USD) - 2025/01/12 21:16:56 WET [2025/01/12 16:16:56 ET]
Table 'Donnera III' 6-max Seat #3 is the button
Seat 1: BumHuntKing ($100 in chips) is sitting out
Seat 2: TheBraveGirl ($107.05 in chips) 
Seat 3: Fishdetective ($100.72 in chips) 
Seat 4: Sul07 ($13.83 in chips) 
Seat 5: shootingGRID ($108.20 in chips) 
Seat 6: Sadyhov V.V. ($140.55 in chips) 
Sul07: posts small blind $0.50
shootingGRID: posts big blind $1
BumHuntKing: sits out 
*** HOLE CARDS ***
Sadyhov V.V.: folds 
TheBraveGirl: folds 
Fishdetective: folds 
Sul07: calls $0.50
shootingGRID: checks 
*** FLOP *** [Th 6s 4s]
Sul07: checks 
shootingGRID: checks 
*** TURN *** [Th 6s 4s] [Ah]
Sul07: checks 
shootingGRID: checks 
*** RIVER *** [Th 6s 4s Ah] [Td]
Sul07: checks 
shootingGRID: checks 
*** SHOW DOWN ***
Sul07: shows [Jd 5c] (a pair of Tens)
shootingGRID: shows [Jc 3d] (a pair of Tens)
Sul07 collected $0.95 from pot
shootingGRID collected $0.95 from pot
*** SUMMARY ***
Total pot $2 | Rake $0.10 
Board [Th 6s 4s Ah Td]
Seat 1: BumHuntKing
Seat 2: TheBraveGirl folded before Flop (didn't bet)
Seat 3: Fishdetective (button) folded before Flop (didn't bet)
Seat 4: Sul07 (small blind) showed [Jd 5c] and won ($0.95) with a pair of Tens
Seat 5: shootingGRID (big blind) showed [Jc 3d] and won ($0.95) with a pair of Tens
Seat 6: Sadyhov V.V. folded before Flop (didn't bet)



PokerStars Hand #254339273885:  Hold'em No Limit ($0.50/$1.00 USD) - 2025/01/12 21:17:32 WET [2025/01/12 16:17:32 ET]
Table 'Donnera III' 6-max Seat #4 is the button
Seat 1: BumHuntKing ($100 in chips) is sitting out
Seat 2: TheBraveGirl ($107.05 in chips) 
Seat 3: Fishdetective ($100.72 in chips) 
Seat 4: Sul07 ($13.78 in chips) 
Seat 5: shootingGRID ($108.15 in chips) 
Seat 6: Sadyhov V.V. ($140.55 in chips) 
shootingGRID: posts small blind $0.50
Sadyhov V.V.: posts big blind $1
BumHuntKing: sits out 
*** HOLE CARDS ***
TheBraveGirl: folds 
Fishdetective: folds 
Sul07: folds 
shootingGRID: folds 
Uncalled bet ($0.50) returned to Sadyhov V.V.
Sadyhov V.V. collected $1 from pot
Sadyhov V.V.: doesn't show hand 
*** SUMMARY ***
Total pot $1 | Rake $0 
Seat 1: BumHuntKing
Seat 2: TheBraveGirl folded before Flop (didn't bet)
Seat 3: Fishdetective folded before Flop (didn't bet)
Seat 4: Sul07 (button) folded before Flop (didn't bet)
Seat 5: shootingGRID (small blind) folded before Flop
Seat 6: Sadyhov V.V. (big blind) collected ($1)



PokerStars Hand #254339281170:  Hold'em No Limit ($0.50/$1.00 USD) - 2025/01/12 21:17:50 WET [2025/01/12 16:17:50 ET]
Table 'Donnera III' 6-max Seat #5 is the button
Seat 1: BumHuntKing ($100 in chips) 
Seat 2: TheBraveGirl ($107.05 in chips) 
Seat 3: Fishdetective ($100.72 in chips) 
Seat 4: Sul07 ($13.78 in chips) 
Seat 5: shootingGRID ($107.65 in chips) 
Seat 6: Sadyhov V.V. ($141.05 in chips) 
Sadyhov V.V.: posts small blind $0.50
BumHuntKing: posts big blind $1
*** HOLE CARDS ***
TheBraveGirl: folds 
Fishdetective: raises $1.50 to $2.50
Sul07: folds 
shootingGRID: folds 
Sadyhov V.V.: folds 
BumHuntKing: folds 
Uncalled bet ($1.50) returned to Fishdetective
Fishdetective collected $2.50 from pot
Fishdetective: doesn't show hand 
*** SUMMARY ***
Total pot $2.50 | Rake $0 
Seat 1: BumHuntKing (big blind) folded before Flop
Seat 2: TheBraveGirl folded before Flop (didn't bet)
Seat 3: Fishdetective collected ($2.50)
Seat 4: Sul07 folded before Flop (didn't bet)
Seat 5: shootingGRID (button) folded before Flop (didn't bet)
Seat 6: Sadyhov V.V. (small blind) folded before Flop



PokerStars Hand #254339289051:  Hold'em No Limit ($0.50/$1.00 USD) - 2025/01/12 21:18:09 WET [2025/01/12 16:18:09 ET]
Table 'Donnera III' 6-max Seat #6 is the button
Seat 1: BumHuntKing ($100 in chips) 
Seat 2: TheBraveGirl ($107.05 in chips) 
Seat 3: Fishdetective ($102.22 in chips) 
Seat 4: Sul07 ($13.78 in chips) 
Seat 5: shootingGRID ($107.65 in chips) 
Seat 6: Sadyhov V.V. ($140.55 in chips) 
BumHuntKing: posts small blind $0.50
TheBraveGirl: posts big blind $1
*** HOLE CARDS ***
Fishdetective: folds 
Sul07: raises $12.78 to $13.78 and is all-in
shootingGRID: folds 
Sadyhov V.V.: folds 
BumHuntKing: folds 
TheBraveGirl: folds 
Uncalled bet ($12.78) returned to Sul07
Sul07 collected $2.50 from pot
Sul07: doesn't show hand 
*** SUMMARY ***
Total pot $2.50 | Rake $0 
Seat 1: BumHuntKing (small blind) folded before Flop
Seat 2: TheBraveGirl (big blind) folded before Flop
Seat 3: Fishdetective folded before Flop (didn't bet)
Seat 4: Sul07 collected ($2.50)
Seat 5: shootingGRID folded before Flop (didn't bet)
Seat 6: Sadyhov V.V. (button) folded before Flop (didn't bet)



PokerStars Hand #254339298602:  Hold'em No Limit ($0.50/$1.00 USD) - 2025/01/12 21:18:32 WET [2025/01/12 16:18:32 ET]
Table 'Donnera III' 6-max Seat #1 is the button
Seat 1: BumHuntKing ($100 in chips) 
Seat 2: TheBraveGirl ($106.05 in chips) 
Seat 3: Fishdetective ($102.22 in chips) 
Seat 4: Sul07 ($15.28 in chips) 
Seat 5: shootingGRID ($107.65 in chips) 
Seat 6: Sadyhov V.V. ($140.55 in chips) 
TheBraveGirl: posts small blind $0.50
Fishdetective: posts big blind $1
*** HOLE CARDS ***
Sul07: folds 
shootingGRID: folds 
Sadyhov V.V.: folds 
BumHuntKing: folds 
TheBraveGirl: raises $2 to $3
Fishdetective: calls $2
*** FLOP *** [2d 5c 7s]
TheBraveGirl: checks 
Fishdetective: bets $5
TheBraveGirl: folds 
Uncalled bet ($5) returned to Fishdetective
Fishdetective collected $5.70 from pot
Fishdetective: doesn't show hand 
*** SUMMARY ***
Total pot $6 | Rake $0.30 
Board [2d 5c 7s]
Seat 1: BumHuntKing (button) folded before Flop (didn't bet)
Seat 2: TheBraveGirl (small blind) folded on the Flop
Seat 3: Fishdetective (big blind) collected ($5.70)
Seat 4: Sul07 folded before Flop (didn't bet)
Seat 5: shootingGRID folded before Flop (didn't bet)
Seat 6: Sadyhov V.V. folded before Flop (didn't bet)



PokerStars Hand #254339314211:  Hold'em No Limit ($0.50/$1.00 USD) - 2025/01/12 21:19:11 WET [2025/01/12 16:19:11 ET]
Table 'Donnera III' 6-max Seat #2 is the button
Seat 1: BumHuntKing ($100 in chips) 
Seat 2: TheBraveGirl ($103.05 in chips) 
Seat 3: Fishdetective ($104.92 in chips) 
Seat 4: Sul07 ($15.28 in chips) 
Seat 5: shootingGRID ($107.65 in chips) 
Seat 6: Sadyhov V.V. ($140.55 in chips) 
Fishdetective: posts small blind $0.50
Sul07: posts big blind $1
*** HOLE CARDS ***
shootingGRID: folds 
Sadyhov V.V.: folds 
BumHuntKing: raises $1.20 to $2.20
TheBraveGirl: folds 
Fishdetective: calls $1.70
Sul07: calls $1.20
*** FLOP *** [9s 5h 3s]
Fishdetective: checks 
Sul07: checks 
BumHuntKing: bets $3.14
Fishdetective: folds 
Sul07: folds 
Uncalled bet ($3.14) returned to BumHuntKing
BumHuntKing collected $6.27 from pot
BumHuntKing: doesn't show hand 
*** SUMMARY ***
Total pot $6.60 | Rake $0.33 
Board [9s 5h 3s]
Seat 1: BumHuntKing collected ($6.27)
Seat 2: TheBraveGirl (button) folded before Flop (didn't bet)
Seat 3: Fishdetective (small blind) folded on the Flop
Seat 4: Sul07 (big blind) folded on the Flop
Seat 5: shootingGRID folded before Flop (didn't bet)
Seat 6: Sadyhov V.V. folded before Flop (didn't bet)



PokerStars Hand #254339329485:  Hold'em No Limit ($0.50/$1.00 USD) - 2025/01/12 21:19:48 WET [2025/01/12 16:19:48 ET]
Table 'Donnera III' 6-max Seat #3 is the button
Seat 1: BumHuntKing ($104.07 in chips) 
Seat 2: TheBraveGirl ($103.05 in chips) 
Seat 3: Fishdetective ($102.72 in chips) 
Seat 4: Sul07 ($13.08 in chips) 
Seat 5: shootingGRID ($107.65 in chips) 
Seat 6: Sadyhov V.V. ($140.55 in chips) 
Sul07: posts small blind $0.50
shootingGRID: posts big blind $1
*** HOLE CARDS ***
Sadyhov V.V.: folds 
BumHuntKing: folds 
TheBraveGirl: raises $1 to $2
Fishdetective: folds 
Sul07: folds 
shootingGRID: folds 
Uncalled bet ($1) returned to TheBraveGirl
TheBraveGirl collected $2.50 from pot
TheBraveGirl: doesn't show hand 
*** SUMMARY ***
Total pot $2.50 | Rake $0 
Seat 1: BumHuntKing folded before Flop (didn't bet)
Seat 2: TheBraveGirl collected ($2.50)
Seat 3: Fishdetective (button) folded before Flop (didn't bet)
Seat 4: Sul07 (small blind) folded before Flop
Seat 5: shootingGRID (big blind) folded before Flop
Seat 6: Sadyhov V.V. folded before Flop (didn't bet)



PokerStars Hand #254339338646:  Hold'em No Limit ($0.50/$1.00 USD) - 2025/01/12 21:20:10 WET [2025/01/12 16:20:10 ET]
Table 'Donnera III' 6-max Seat #4 is the button
Seat 1: BumHuntKing ($104.07 in chips) 
Seat 2: TheBraveGirl ($104.55 in chips) 
Seat 3: Fishdetective ($102.72 in chips) 
Seat 4: Sul07 ($12.58 in chips) 
Seat 5: shootingGRID ($106.65 in chips) 
Seat 6: Sadyhov V.V. ($140.55 in chips) 
shootingGRID: posts small blind $0.50
Sadyhov V.V.: posts big blind $1
*** HOLE CARDS ***
BumHuntKing: raises $1.20 to $2.20
TheBraveGirl: folds 
Fishdetective: folds 
Fishdetective leaves the table
Sul07: folds 
shootingGRID: folds 
Sadyhov V.V.: folds 
Uncalled bet ($1.20) returned to BumHuntKing
BumHuntKing collected $2.50 from pot
BumHuntKing: doesn't show hand 
*** SUMMARY ***
Total pot $2.50 | Rake $0 
Seat 1: BumHuntKing collected ($2.50)
Seat 2: TheBraveGirl folded before Flop (didn't bet)
Seat 3: Fishdetective folded before Flop (didn't bet)
Seat 4: Sul07 (button) folded before Flop (didn't bet)
Seat 5: shootingGRID (small blind) folded before Flop
Seat 6: Sadyhov V.V. (big blind) folded before Flop



PokerStars Hand #254339343918:  Hold'em No Limit ($0.50/$1.00 USD) - 2025/01/12 21:20:23 WET [2025/01/12 16:20:23 ET]
Table 'Donnera III' 6-max Seat #5 is the button
Seat 1: BumHuntKing ($105.57 in chips) 
Seat 2: TheBraveGirl ($104.55 in chips) 
Seat 4: Sul07 ($12.58 in chips) 
Seat 5: shootingGRID ($106.15 in chips) 
Seat 6: Sadyhov V.V. ($139.55 in chips) 
Sadyhov V.V.: posts small blind $0.50
BumHuntKing: posts big blind $1
*** HOLE CARDS ***
TheBraveGirl: folds 
Sul07: raises $11.58 to $12.58 and is all-in
shootingGRID: folds 
Sadyhov V.V.: folds 
BumHuntKing: folds 
Uncalled bet ($11.58) returned to Sul07
BumHuntKing leaves the table
Sul07 collected $2.50 from pot
Sul07: doesn't show hand 
*** SUMMARY ***
Total pot $2.50 | Rake $0 
Seat 1: BumHuntKing (big blind) folded before Flop
Seat 2: TheBraveGirl folded before Flop (didn't bet)
Seat 4: Sul07 collected ($2.50)
Seat 5: shootingGRID (button) folded before Flop (didn't bet)
Seat 6: Sadyhov V.V. (small blind) folded before Flop



PokerStars Hand #254339351822:  Hold'em No Limit ($0.50/$1.00 USD) - 2025/01/12 21:20:42 WET [2025/01/12 16:20:42 ET]
Table 'Donnera III' 6-max Seat #6 is the button
Seat 2: TheBraveGirl ($104.55 in chips) 
Seat 4: Sul07 ($14.08 in chips) 
Seat 5: shootingGRID ($106.15 in chips) 
Seat 6: Sadyhov V.V. ($139.05 in chips) 
TheBraveGirl: posts small blind $0.50
Sul07: posts big blind $1
*** HOLE CARDS ***
shootingGRID: raises $1.25 to $2.25
Sadyhov V.V.: folds 
TheBraveGirl: folds 
Sul07: folds 
Uncalled bet ($1.25) returned to shootingGRID
shootingGRID collected $2.50 from pot
*** SUMMARY ***
Total pot $2.50 | Rake $0 
Seat 2: TheBraveGirl (small blind) folded before Flop
Seat 4: Sul07 (big blind) folded before Flop
Seat 5: shootingGRID collected ($2.50)
Seat 6: Sadyhov V.V. (button) folded before Flop (didn't bet)



PokerStars Hand #254339357228:  Hold'em No Limit ($0.50/$1.00 USD) - 2025/01/12 21:20:56 WET [2025/01/12 16:20:56 ET]
Table 'Donnera III' 6-max Seat #2 is the button
Seat 2: TheBraveGirl ($104.05 in chips) 
Seat 4: Sul07 ($13.08 in chips) 
Seat 5: shootingGRID ($107.65 in chips) 
Seat 6: Sadyhov V.V. ($139.05 in chips) 
Sul07: posts small blind $0.50
shootingGRID: posts big blind $1
*** HOLE CARDS ***
Sadyhov V.V.: folds 
Sadyhov V.V. leaves the table
TheBraveGirl: raises $1 to $2
Sul07: folds 
shootingGRID: folds 
Uncalled bet ($1) returned to TheBraveGirl
TheBraveGirl collected $2.50 from pot
TheBraveGirl: doesn't show hand 
*** SUMMARY ***
Total pot $2.50 | Rake $0 
Seat 2: TheBraveGirl (button) collected ($2.50)
Seat 4: Sul07 (small blind) folded before Flop
Seat 5: shootingGRID (big blind) folded before Flop
Seat 6: Sadyhov V.V. folded before Flop (didn't bet)



