PokerStars Hand #254341070813:  Hold'em No Limit ($0.50/$1.00 USD) - 2025/01/12 22:37:35 WET [2025/01/12 17:37:35 ET]
Table 'Vundtia II' 6-max Seat #6 is the button
Seat 2: Joker007r ($100 in chips) 
Seat 6: 06Hookd ($102 in chips) 
06Hookd: posts small blind $0.50
Joker007r: posts big blind $1
*** HOLE CARDS ***
06Hookd: raises $1.30 to $2.30
Joker007r: folds 
Uncalled bet ($1.30) returned to 06Hookd
socito joins the table at seat #1 
06Hookd collected $2 from pot
06Hookd: doesn't show hand 
*** SUMMARY ***
Total pot $2 | Rake $0 
Seat 2: Joker007r (big blind) folded before Flop
Seat 6: 06Hookd (button) (small blind) collected ($2)



PokerStars Hand #254341075831:  Hold'em No Limit ($0.50/$1.00 USD) - 2025/01/12 22:37:49 WET [2025/01/12 17:37:49 ET]
Table 'Vundtia II' 6-max Seat #2 is the button
Seat 1: socito ($100 in chips) 
Seat 2: Joker007r ($100 in chips) 
Seat 6: 06Hookd ($103 in chips) 
06Hookd: posts small blind $0.50
socito: posts big blind $1
*** HOLE CARDS ***
Joker007r: raises $1.50 to $2.50
06Hookd: folds 
socito: folds 
Uncalled bet ($1.50) returned to Joker007r
Joker007r collected $2.50 from pot
Joker007r: doesn't show hand 
*** SUMMARY ***
Total pot $2.50 | Rake $0 
Seat 1: socito (big blind) folded before Flop
Seat 2: Joker007r (button) collected ($2.50)
Seat 6: 06Hookd (small blind) folded before Flop



PokerStars Hand #254341081338:  Hold'em No Limit ($0.50/$1.00 USD) - 2025/01/12 22:38:05 WET [2025/01/12 17:38:05 ET]
Table 'Vundtia II' 6-max Seat #6 is the button
Seat 1: socito ($100 in chips) 
Seat 2: Joker007r ($101.50 in chips) 
Seat 6: 06Hookd ($102.50 in chips) 
socito: posts small blind $0.50
Joker007r: posts big blind $1
*** HOLE CARDS ***
nicofellow joins the table at seat #3 
06Hookd: folds 
socito: folds 
Uncalled bet ($0.50) returned to Joker007r
Joker007r collected $1 from pot
Joker007r: doesn't show hand 
*** SUMMARY ***
Total pot $1 | Rake $0 
Seat 1: socito (small blind) folded before Flop
Seat 2: Joker007r (big blind) collected ($1)
Seat 6: 06Hookd (button) folded before Flop (didn't bet)



PokerStars Hand #254341085059:  Hold'em No Limit ($0.50/$1.00 USD) - 2025/01/12 22:38:15 WET [2025/01/12 17:38:15 ET]
Table 'Vundtia II' 6-max Seat #1 is the button
Seat 1: socito ($100 in chips) 
Seat 2: Joker007r ($102 in chips) 
Seat 3: nicofellow ($100 in chips) 
Seat 6: 06Hookd ($102.50 in chips) 
Joker007r: posts small blind $0.50
nicofellow: posts big blind $1
*** HOLE CARDS ***
06Hookd: folds 
socito: folds 
Joker007r: raises $2 to $3
nicofellow: calls $2
*** FLOP *** [7s Jc 4h]
Joker007r: bets $9.01
nicofellow: folds 
Uncalled bet ($9.01) returned to Joker007r
Joker007r collected $5.70 from pot
Joker007r: doesn't show hand 
*** SUMMARY ***
Total pot $6 | Rake $0.30 
Board [7s Jc 4h]
Seat 1: socito (button) folded before Flop (didn't bet)
Seat 2: Joker007r (small blind) collected ($5.70)
Seat 3: nicofellow (big blind) folded on the Flop
Seat 6: 06Hookd folded before Flop (didn't bet)



PokerStars Hand #254341094409:  Hold'em No Limit ($0.50/$1.00 USD) - 2025/01/12 22:38:42 WET [2025/01/12 17:38:42 ET]
Table 'Vundtia II' 6-max Seat #3 is the button
Seat 1: socito ($100 in chips) is sitting out
Seat 6: 06Hookd ($102.50 in chips) is sitting out
Seat 2: Joker007r ($104.70 in chips) 
Seat 3: nicofellow ($100 in chips) 
nicofellow: posts small blind $0.50
06Hookd: is sitting out 
socito: is sitting out 
Joker007r: posts big blind $1
*** HOLE CARDS ***
nicofellow: raises $1.50 to $2.50
Joker007r: calls $1.50
*** FLOP *** [Td Ts 9d]
Joker007r: checks 
nicofellow: checks 
*** TURN *** [Td Ts 9d] [8h]
Joker007r: checks 
nicofellow: checks 
*** RIVER *** [Td Ts 9d 8h] [5s]
Joker007r: checks 
nicofellow: bets $2.56
Joker007r: calls $2.56
*** SHOW DOWN ***
nicofellow: shows [Jh 3h] (a pair of Tens)
Joker007r: shows [2d 2h] (two pair, Tens and Deuces)
Joker007r collected $9.61 from pot
*** SUMMARY ***
Total pot $10.12 | Rake $0.51 
Board [Td Ts 9d 8h 5s]
Seat 1: socito
Seat 6: 06Hookd
Seat 2: Joker007r (big blind) showed [2d 2h] and won ($9.61) with two pair, Tens and Deuces
Seat 3: nicofellow (button) (small blind) showed [Jh 3h] and lost with a pair of Tens



PokerStars Hand #254341110231:  Hold'em No Limit ($0.50/$1.00 USD) - 2025/01/12 22:39:27 WET [2025/01/12 17:39:27 ET]
Table 'Vundtia II' 6-max Seat #2 is the button
Seat 1: socito ($100 in chips) is sitting out
Seat 6: 06Hookd ($102.50 in chips) is sitting out
Seat 2: Joker007r ($109.25 in chips) 
Seat 3: nicofellow ($100 in chips) 
Joker007r: posts small blind $0.50
nicofellow: posts big blind $1
*** HOLE CARDS ***
Joker007r: raises $1.50 to $2.50
nicofellow: folds 
Uncalled bet ($1.50) returned to Joker007r
Joker007r collected $2 from pot
Joker007r: doesn't show hand 
*** SUMMARY ***
Total pot $2 | Rake $0 
Seat 1: socito
Seat 6: 06Hookd
Seat 2: Joker007r (button) (small blind) collected ($2)
Seat 3: nicofellow (big blind) folded before Flop



PokerStars Hand #254341113190:  Hold'em No Limit ($0.50/$1.00 USD) - 2025/01/12 22:39:36 WET [2025/01/12 17:39:36 ET]
Table 'Vundtia II' 6-max Seat #3 is the button
Seat 1: socito ($100 in chips) is sitting out
Seat 6: 06Hookd ($102.50 in chips) is sitting out
Seat 2: Joker007r ($110.25 in chips) 
Seat 3: nicofellow ($100 in chips) 
nicofellow: posts small blind $0.50
Joker007r: posts big blind $1
*** HOLE CARDS ***
nicofellow: folds 
Uncalled bet ($0.50) returned to Joker007r
Joker007r collected $1 from pot
Joker007r: doesn't show hand 
*** SUMMARY ***
Total pot $1 | Rake $0 
Seat 1: socito
Seat 6: 06Hookd
Seat 2: Joker007r (big blind) collected ($1)
Seat 3: nicofellow (button) (small blind) folded before Flop



PokerStars Hand #254341120608:  Hold'em No Limit ($0.50/$1.00 USD) - 2025/01/12 22:39:57 WET [2025/01/12 17:39:57 ET]
Table 'Vundtia II' 6-max Seat #6 is the button
Seat 3: nicofellow ($100 in chips) is sitting out
Seat 2: Joker007r ($110.75 in chips) 
Seat 6: 06Hookd ($102.50 in chips) 
06Hookd: posts small blind $0.50
Joker007r: posts big blind $1
*** HOLE CARDS ***
06Hookd: folds 
Uncalled bet ($0.50) returned to Joker007r
Joker007r collected $1 from pot
Joker007r: doesn't show hand 
*** SUMMARY ***
Total pot $1 | Rake $0 
Seat 3: nicofellow
Seat 2: Joker007r (big blind) collected ($1)
Seat 6: 06Hookd (button) (small blind) folded before Flop



PokerStars Hand #254341122805:  Hold'em No Limit ($0.50/$1.00 USD) - 2025/01/12 22:40:03 WET [2025/01/12 17:40:03 ET]
Table 'Vundtia II' 6-max Seat #2 is the button
Seat 3: nicofellow ($100 in chips) is sitting out
Seat 2: Joker007r ($111.25 in chips) 
Seat 6: 06Hookd ($102 in chips) 
Joker007r: posts small blind $0.50
06Hookd: posts big blind $1
*** HOLE CARDS ***
nicofellow leaves the table
Joker007r: folds 
Uncalled bet ($0.50) returned to 06Hookd
06Hookd collected $1 from pot
06Hookd: doesn't show hand 
*** SUMMARY ***
Total pot $1 | Rake $0 
Seat 3: nicofellow
Seat 2: Joker007r (button) (small blind) folded before Flop
Seat 6: 06Hookd (big blind) collected ($1)



PokerStars Hand #254341129709:  Hold'em No Limit ($0.50/$1.00 USD) - 2025/01/12 22:40:24 WET [2025/01/12 17:40:24 ET]
Table 'Vundtia II' 6-max Seat #6 is the button
Seat 2: Joker007r ($110.75 in chips) 
Seat 6: 06Hookd ($102.50 in chips) 
06Hookd: posts small blind $0.50
Joker007r: posts big blind $1
*** HOLE CARDS ***
06Hookd: raises $1.30 to $2.30
Joker007r: folds 
Uncalled bet ($1.30) returned to 06Hookd
06Hookd collected $2 from pot
06Hookd: doesn't show hand 
*** SUMMARY ***
Total pot $2 | Rake $0 
Seat 2: Joker007r (big blind) folded before Flop
Seat 6: 06Hookd (button) (small blind) collected ($2)



PokerStars Hand #254341133200:  Hold'em No Limit ($0.50/$1.00 USD) - 2025/01/12 22:40:33 WET [2025/01/12 17:40:33 ET]
Table 'Vundtia II' 6-max Seat #2 is the button
Seat 2: Joker007r ($109.75 in chips) 
Seat 6: 06Hookd ($103.50 in chips) 
Joker007r: posts small blind $0.50
06Hookd: posts big blind $1
*** HOLE CARDS ***
Joker007r: folds 
Uncalled bet ($0.50) returned to 06Hookd
06Hookd collected $1 from pot
06Hookd: doesn't show hand 
*** SUMMARY ***
Total pot $1 | Rake $0 
Seat 2: Joker007r (button) (small blind) folded before Flop
Seat 6: 06Hookd (big blind) collected ($1)



PokerStars Hand #254341136981:  Hold'em No Limit ($0.50/$1.00 USD) - 2025/01/12 22:40:44 WET [2025/01/12 17:40:44 ET]
Table 'Vundtia II' 6-max Seat #6 is the button
Seat 2: Joker007r ($109.25 in chips) 
Seat 6: 06Hookd ($104 in chips) 
06Hookd: posts small blind $0.50
Joker007r: posts big blind $1
*** HOLE CARDS ***
06Hookd: raises $1.30 to $2.30
Joker007r: calls $1.30
*** FLOP *** [4d Kh Kd]
Joker007r: checks 
06Hookd: bets $1.44
Joker007r: calls $1.44
*** TURN *** [4d Kh Kd] [Qh]
Joker007r: checks 
06Hookd: checks 
*** RIVER *** [4d Kh Kd Qh] [6h]
Joker007r: bets $5.19
06Hookd: folds 
Uncalled bet ($5.19) returned to Joker007r
Joker007r collected $7.11 from pot
Joker007r: doesn't show hand 
*** SUMMARY ***
Total pot $7.48 | Rake $0.37 
Board [4d Kh Kd Qh 6h]
Seat 2: Joker007r (big blind) collected ($7.11)
Seat 6: 06Hookd (button) (small blind) folded on the River



PokerStars Hand #254341150161:  Hold'em No Limit ($0.50/$1.00 USD) - 2025/01/12 22:41:23 WET [2025/01/12 17:41:23 ET]
Table 'Vundtia II' 6-max Seat #2 is the button
Seat 2: Joker007r ($112.62 in chips) 
Seat 6: 06Hookd ($100.26 in chips) 
Joker007r: posts small blind $0.50
06Hookd: posts big blind $1
*** HOLE CARDS ***
Joker007r: raises $1.50 to $2.50
06Hookd: folds 
Uncalled bet ($1.50) returned to Joker007r
Joker007r collected $2 from pot
Joker007r: doesn't show hand 
*** SUMMARY ***
Total pot $2 | Rake $0 
Seat 2: Joker007r (button) (small blind) collected ($2)
Seat 6: 06Hookd (big blind) folded before Flop



PokerStars Hand #254341154035:  Hold'em No Limit ($0.50/$1.00 USD) - 2025/01/12 22:41:34 WET [2025/01/12 17:41:34 ET]
Table 'Vundtia II' 6-max Seat #6 is the button
Seat 2: Joker007r ($113.62 in chips) 
Seat 6: 06Hookd ($99.26 in chips) 
06Hookd: posts small blind $0.50
Joker007r: posts big blind $1
*** HOLE CARDS ***
06Hookd: raises $1.30 to $2.30
Joker007r: folds 
Uncalled bet ($1.30) returned to 06Hookd
06Hookd collected $2 from pot
06Hookd: doesn't show hand 
*** SUMMARY ***
Total pot $2 | Rake $0 
Seat 2: Joker007r (big blind) folded before Flop
Seat 6: 06Hookd (button) (small blind) collected ($2)



PokerStars Hand #254341156567:  Hold'em No Limit ($0.50/$1.00 USD) - 2025/01/12 22:41:41 WET [2025/01/12 17:41:41 ET]
Table 'Vundtia II' 6-max Seat #2 is the button
Seat 2: Joker007r ($112.62 in chips) 
Seat 6: 06Hookd ($100.26 in chips) 
Joker007r: posts small blind $0.50
06Hookd: posts big blind $1
*** HOLE CARDS ***
Joker007r: folds 
Uncalled bet ($0.50) returned to 06Hookd
06Hookd collected $1 from pot
06Hookd: doesn't show hand 
*** SUMMARY ***
Total pot $1 | Rake $0 
Seat 2: Joker007r (button) (small blind) folded before Flop
Seat 6: 06Hookd (big blind) collected ($1)



PokerStars Hand #254341158597:  Hold'em No Limit ($0.50/$1.00 USD) - 2025/01/12 22:41:47 WET [2025/01/12 17:41:47 ET]
Table 'Vundtia II' 6-max Seat #6 is the button
Seat 2: Joker007r ($112.12 in chips) 
Seat 6: 06Hookd ($100.76 in chips) 
06Hookd: posts small blind $0.50
Joker007r: posts big blind $1
*** HOLE CARDS ***
06Hookd: raises $1.30 to $2.30
Joker007r: calls $1.30
*** FLOP *** [7c 8h As]
Joker007r: checks 
06Hookd: bets $2.27
Joker007r: raises $5.73 to $8
06Hookd: folds 
Uncalled bet ($5.73) returned to Joker007r
Joker007r collected $8.68 from pot
Joker007r: doesn't show hand 
*** SUMMARY ***
Total pot $9.14 | Rake $0.46 
Board [7c 8h As]
Seat 2: Joker007r (big blind) collected ($8.68)
Seat 6: 06Hookd (button) (small blind) folded on the Flop



PokerStars Hand #254341170049:  Hold'em No Limit ($0.50/$1.00 USD) - 2025/01/12 22:42:20 WET [2025/01/12 17:42:20 ET]
Table 'Vundtia II' 6-max Seat #2 is the button
Seat 2: Joker007r ($116.23 in chips) 
Seat 6: 06Hookd ($96.19 in chips) 
Joker007r: posts small blind $0.50
06Hookd: posts big blind $1
*** HOLE CARDS ***
Joker007r: folds 
Uncalled bet ($0.50) returned to 06Hookd
06Hookd collected $1 from pot
06Hookd: doesn't show hand 
*** SUMMARY ***
Total pot $1 | Rake $0 
Seat 2: Joker007r (button) (small blind) folded before Flop
Seat 6: 06Hookd (big blind) collected ($1)



PokerStars Hand #254341233716:  Hold'em No Limit ($0.50/$1.00 USD) - 2025/01/12 22:45:26 WET [2025/01/12 17:45:26 ET]
Table 'Vundtia II' 6-max Seat #3 is the button
Seat 1: Manifestorr ($100 in chips) 
Seat 2: Joker007r ($115.73 in chips) 
Seat 3: mauriciogalo92 ($62.65 in chips) 
Seat 4: nastja336 ($100 in chips) 
Seat 5: Becar_06 ($100 in chips) 
Seat 6: HelloEzie ($100 in chips) 
nastja336: posts small blind $0.50
Becar_06: posts big blind $1
*** HOLE CARDS ***
HelloEzie: folds 
Manifestorr: folds 
Joker007r: folds 
mauriciogalo92: calls $1
nastja336: folds 
Becar_06: checks 
*** FLOP *** [8d Ah Qd]
Becar_06: checks 
mauriciogalo92: checks 
*** TURN *** [8d Ah Qd] [3d]
Becar_06: checks 
mauriciogalo92: checks 
*** RIVER *** [8d Ah Qd 3d] [6h]
Becar_06: bets $1.79
mauriciogalo92: folds 
Uncalled bet ($1.79) returned to Becar_06
Becar_06 collected $2.38 from pot
*** SUMMARY ***
Total pot $2.50 | Rake $0.12 
Board [8d Ah Qd 3d 6h]
Seat 1: Manifestorr folded before Flop (didn't bet)
Seat 2: Joker007r folded before Flop (didn't bet)
Seat 3: mauriciogalo92 (button) folded on the River
Seat 4: nastja336 (small blind) folded before Flop
Seat 5: Becar_06 (big blind) collected ($2.38)
Seat 6: HelloEzie folded before Flop (didn't bet)



PokerStars Hand #254341251307:  Hold'em No Limit ($0.50/$1.00 USD) - 2025/01/12 22:46:18 WET [2025/01/12 17:46:18 ET]
Table 'Vundtia II' 6-max Seat #4 is the button
Seat 1: Manifestorr ($100 in chips) 
Seat 2: Joker007r ($115.73 in chips) 
Seat 3: mauriciogalo92 ($61.65 in chips) 
Seat 4: nastja336 ($100 in chips) 
Seat 5: Becar_06 ($101.38 in chips) 
Seat 6: HelloEzie ($100 in chips) 
Becar_06: posts small blind $0.50
HelloEzie: posts big blind $1
*** HOLE CARDS ***
Manifestorr: folds 
Joker007r: folds 
mauriciogalo92: folds 
nastja336: folds 
Becar_06: raises $2 to $3
HelloEzie: raises $7 to $10
Becar_06: raises $91.38 to $101.38 and is all-in
HelloEzie: folds 
Uncalled bet ($91.38) returned to Becar_06
Becar_06 collected $20 from pot
*** SUMMARY ***
Total pot $20 | Rake $0 
Seat 1: Manifestorr folded before Flop (didn't bet)
Seat 2: Joker007r folded before Flop (didn't bet)
Seat 3: mauriciogalo92 folded before Flop (didn't bet)
Seat 4: nastja336 (button) folded before Flop (didn't bet)
Seat 5: Becar_06 (small blind) collected ($20)
Seat 6: HelloEzie (big blind) folded before Flop



PokerStars Hand #254341263894:  Hold'em No Limit ($0.50/$1.00 USD) - 2025/01/12 22:46:55 WET [2025/01/12 17:46:55 ET]
Table 'Vundtia II' 6-max Seat #5 is the button
Seat 1: Manifestorr ($100 in chips) 
Seat 2: Joker007r ($115.73 in chips) 
Seat 3: mauriciogalo92 ($61.65 in chips) 
Seat 4: nastja336 ($100 in chips) 
Seat 5: Becar_06 ($111.38 in chips) 
Seat 6: HelloEzie ($100 in chips) 
HelloEzie: posts small blind $0.50
Manifestorr: posts big blind $1
*** HOLE CARDS ***
Joker007r: folds 
mauriciogalo92: folds 
nastja336: folds 
Becar_06: folds 
HelloEzie: folds 
Uncalled bet ($0.50) returned to Manifestorr
Manifestorr collected $1 from pot
*** SUMMARY ***
Total pot $1 | Rake $0 
Seat 1: Manifestorr (big blind) collected ($1)
Seat 2: Joker007r folded before Flop (didn't bet)
Seat 3: mauriciogalo92 folded before Flop (didn't bet)
Seat 4: nastja336 folded before Flop (didn't bet)
Seat 5: Becar_06 (button) folded before Flop (didn't bet)
Seat 6: HelloEzie (small blind) folded before Flop



PokerStars Hand #254341267192:  Hold'em No Limit ($0.50/$1.00 USD) - 2025/01/12 22:47:05 WET [2025/01/12 17:47:05 ET]
Table 'Vundtia II' 6-max Seat #6 is the button
Seat 1: Manifestorr ($100.50 in chips) 
Seat 2: Joker007r ($115.73 in chips) 
Seat 3: mauriciogalo92 ($61.65 in chips) 
Seat 4: nastja336 ($100 in chips) 
Seat 5: Becar_06 ($111.38 in chips) 
Seat 6: HelloEzie ($100 in chips) 
Manifestorr: posts small blind $0.50
Joker007r: posts big blind $1
*** HOLE CARDS ***
mauriciogalo92: calls $1
nastja336: folds 
Becar_06: folds 
HelloEzie: folds 
Manifestorr: folds 
Joker007r: checks 
*** FLOP *** [5s 6s Jh]
Joker007r: checks 
mauriciogalo92: checks 
*** TURN *** [5s 6s Jh] [Ad]
Joker007r: checks 
mauriciogalo92: bets $1
Joker007r: folds 
Uncalled bet ($1) returned to mauriciogalo92
mauriciogalo92 collected $2.38 from pot
*** SUMMARY ***
Total pot $2.50 | Rake $0.12 
Board [5s 6s Jh Ad]
Seat 1: Manifestorr (small blind) folded before Flop
Seat 2: Joker007r (big blind) folded on the Turn
Seat 3: mauriciogalo92 collected ($2.38)
Seat 4: nastja336 folded before Flop (didn't bet)
Seat 5: Becar_06 folded before Flop (didn't bet)
Seat 6: HelloEzie (button) folded before Flop (didn't bet)



PokerStars Hand #254341273401:  Hold'em No Limit ($0.50/$1.00 USD) - 2025/01/12 22:47:23 WET [2025/01/12 17:47:23 ET]
Table 'Vundtia II' 6-max Seat #1 is the button
Seat 1: Manifestorr ($100 in chips) 
Seat 2: Joker007r ($114.73 in chips) 
Seat 3: mauriciogalo92 ($63.03 in chips) 
Seat 4: nastja336 ($100 in chips) 
Seat 5: Becar_06 ($111.38 in chips) 
Seat 6: HelloEzie ($100 in chips) 
Joker007r: posts small blind $0.50
mauriciogalo92: posts big blind $1
*** HOLE CARDS ***
nastja336: raises $1.50 to $2.50
Becar_06: folds 
HelloEzie: folds 
Manifestorr: folds 
Joker007r: folds 
mauriciogalo92: folds 
Uncalled bet ($1.50) returned to nastja336
nastja336 collected $2.50 from pot
nastja336: doesn't show hand 
*** SUMMARY ***
Total pot $2.50 | Rake $0 
Seat 1: Manifestorr (button) folded before Flop (didn't bet)
Seat 2: Joker007r (small blind) folded before Flop
Seat 3: mauriciogalo92 (big blind) folded before Flop
Seat 4: nastja336 collected ($2.50)
Seat 5: Becar_06 folded before Flop (didn't bet)
Seat 6: HelloEzie folded before Flop (didn't bet)



PokerStars Hand #254341278479:  Hold'em No Limit ($0.50/$1.00 USD) - 2025/01/12 22:47:38 WET [2025/01/12 17:47:38 ET]
Table 'Vundtia II' 6-max Seat #2 is the button
Seat 1: Manifestorr ($100 in chips) 
Seat 2: Joker007r ($114.23 in chips) 
Seat 3: mauriciogalo92 ($62.03 in chips) 
Seat 4: nastja336 ($101.50 in chips) 
Seat 5: Becar_06 ($111.38 in chips) 
Seat 6: HelloEzie ($100 in chips) 
mauriciogalo92: posts small blind $0.50
nastja336: posts big blind $1
*** HOLE CARDS ***
Becar_06: folds 
HelloEzie: folds 
Manifestorr: folds 
Joker007r: folds 
mauriciogalo92: calls $0.50
nastja336: checks 
*** FLOP *** [2d 3s Kc]
mauriciogalo92: checks 
nastja336: bets $1
mauriciogalo92: folds 
Uncalled bet ($1) returned to nastja336
nastja336 collected $1.90 from pot
nastja336: doesn't show hand 
*** SUMMARY ***
Total pot $2 | Rake $0.10 
Board [2d 3s Kc]
Seat 1: Manifestorr folded before Flop (didn't bet)
Seat 2: Joker007r (button) folded before Flop (didn't bet)
Seat 3: mauriciogalo92 (small blind) folded on the Flop
Seat 4: nastja336 (big blind) collected ($1.90)
Seat 5: Becar_06 folded before Flop (didn't bet)
Seat 6: HelloEzie folded before Flop (didn't bet)



PokerStars Hand #254341287298:  Hold'em No Limit ($0.50/$1.00 USD) - 2025/01/12 22:48:05 WET [2025/01/12 17:48:05 ET]
Table 'Vundtia II' 6-max Seat #3 is the button
Seat 1: Manifestorr ($100 in chips) 
Seat 2: Joker007r ($114.23 in chips) 
Seat 3: mauriciogalo92 ($61.03 in chips) 
Seat 4: nastja336 ($102.40 in chips) 
Seat 5: Becar_06 ($111.38 in chips) 
Seat 6: HelloEzie ($100 in chips) 
nastja336: posts small blind $0.50
Becar_06: posts big blind $1
*** HOLE CARDS ***
HelloEzie: folds 
Manifestorr: raises $1.20 to $2.20
Joker007r: folds 
mauriciogalo92: folds 
nastja336: folds 
Becar_06: folds 
Uncalled bet ($1.20) returned to Manifestorr
Manifestorr collected $2.50 from pot
*** SUMMARY ***
Total pot $2.50 | Rake $0 
Seat 1: Manifestorr collected ($2.50)
Seat 2: Joker007r folded before Flop (didn't bet)
Seat 3: mauriciogalo92 (button) folded before Flop (didn't bet)
Seat 4: nastja336 (small blind) folded before Flop
Seat 5: Becar_06 (big blind) folded before Flop
Seat 6: HelloEzie folded before Flop (didn't bet)



PokerStars Hand #254341291343:  Hold'em No Limit ($0.50/$1.00 USD) - 2025/01/12 22:48:17 WET [2025/01/12 17:48:17 ET]
Table 'Vundtia II' 6-max Seat #4 is the button
Seat 1: Manifestorr ($101.50 in chips) 
Seat 2: Joker007r ($114.23 in chips) 
Seat 3: mauriciogalo92 ($61.03 in chips) 
Seat 4: nastja336 ($101.90 in chips) 
Seat 5: Becar_06 ($110.38 in chips) 
Seat 6: HelloEzie ($100 in chips) 
Becar_06: posts small blind $0.50
HelloEzie: posts big blind $1
*** HOLE CARDS ***
Manifestorr: folds 
Joker007r: folds 
mauriciogalo92: folds 
nastja336: folds 
Becar_06: folds 
Uncalled bet ($0.50) returned to HelloEzie
HelloEzie collected $1 from pot
*** SUMMARY ***
Total pot $1 | Rake $0 
Seat 1: Manifestorr folded before Flop (didn't bet)
Seat 2: Joker007r folded before Flop (didn't bet)
Seat 3: mauriciogalo92 folded before Flop (didn't bet)
Seat 4: nastja336 (button) folded before Flop (didn't bet)
Seat 5: Becar_06 (small blind) folded before Flop
Seat 6: HelloEzie (big blind) collected ($1)



PokerStars Hand #254341294260:  Hold'em No Limit ($0.50/$1.00 USD) - 2025/01/12 22:48:26 WET [2025/01/12 17:48:26 ET]
Table 'Vundtia II' 6-max Seat #5 is the button
Seat 1: Manifestorr ($101.50 in chips) 
Seat 2: Joker007r ($114.23 in chips) 
Seat 3: mauriciogalo92 ($61.03 in chips) 
Seat 4: nastja336 ($101.90 in chips) 
Seat 5: Becar_06 ($109.88 in chips) 
Seat 6: HelloEzie ($100.50 in chips) 
HelloEzie: posts small blind $0.50
Manifestorr: posts big blind $1
*** HOLE CARDS ***
Joker007r: folds 
mauriciogalo92: folds 
nastja336: raises $1.50 to $2.50
Becar_06: raises $5 to $7.50
HelloEzie: folds 
Manifestorr: folds 
nastja336: raises $15.50 to $23
Becar_06: folds 
Uncalled bet ($15.50) returned to nastja336
nastja336 collected $16.50 from pot
nastja336: doesn't show hand 
*** SUMMARY ***
Total pot $16.50 | Rake $0 
Seat 1: Manifestorr (big blind) folded before Flop
Seat 2: Joker007r folded before Flop (didn't bet)
Seat 3: mauriciogalo92 folded before Flop (didn't bet)
Seat 4: nastja336 collected ($16.50)
Seat 5: Becar_06 (button) folded before Flop
Seat 6: HelloEzie (small blind) folded before Flop



PokerStars Hand #254341308688:  Hold'em No Limit ($0.50/$1.00 USD) - 2025/01/12 22:49:09 WET [2025/01/12 17:49:09 ET]
Table 'Vundtia II' 6-max Seat #6 is the button
Seat 1: Manifestorr ($100.50 in chips) 
Seat 2: Joker007r ($114.23 in chips) 
Seat 3: mauriciogalo92 ($61.03 in chips) 
Seat 4: nastja336 ($110.90 in chips) 
Seat 5: Becar_06 ($102.38 in chips) 
Seat 6: HelloEzie ($100 in chips) 
Manifestorr: posts small blind $0.50
Joker007r: posts big blind $1
*** HOLE CARDS ***
mauriciogalo92: calls $1
nastja336: folds 
Becar_06: folds 
HelloEzie: raises $3 to $4
Manifestorr: folds 
Joker007r: folds 
mauriciogalo92: folds 
Uncalled bet ($3) returned to HelloEzie
HelloEzie collected $3.50 from pot
*** SUMMARY ***
Total pot $3.50 | Rake $0 
Seat 1: Manifestorr (small blind) folded before Flop
Seat 2: Joker007r (big blind) folded before Flop
Seat 3: mauriciogalo92 folded before Flop
Seat 4: nastja336 folded before Flop (didn't bet)
Seat 5: Becar_06 folded before Flop (didn't bet)
Seat 6: HelloEzie (button) collected ($3.50)



PokerStars Hand #254341315355:  Hold'em No Limit ($0.50/$1.00 USD) - 2025/01/12 22:49:28 WET [2025/01/12 17:49:28 ET]
Table 'Vundtia II' 6-max Seat #1 is the button
Seat 1: Manifestorr ($100 in chips) 
Seat 2: Joker007r ($113.23 in chips) 
Seat 3: mauriciogalo92 ($60.03 in chips) 
Seat 4: nastja336 ($110.90 in chips) 
Seat 5: Becar_06 ($102.38 in chips) 
Seat 6: HelloEzie ($102.50 in chips) 
Joker007r: posts small blind $0.50
mauriciogalo92: posts big blind $1
*** HOLE CARDS ***
nastja336: folds 
Becar_06: folds 
HelloEzie: folds 
Manifestorr: raises $1.20 to $2.20
Joker007r: folds 
mauriciogalo92: calls $1.20
*** FLOP *** [3s 2s Kc]
mauriciogalo92: checks 
Manifestorr: bets $1.54
mauriciogalo92: folds 
Uncalled bet ($1.54) returned to Manifestorr
Manifestorr collected $4.66 from pot
*** SUMMARY ***
Total pot $4.90 | Rake $0.24 
Board [3s 2s Kc]
Seat 1: Manifestorr (button) collected ($4.66)
Seat 2: Joker007r (small blind) folded before Flop
Seat 3: mauriciogalo92 (big blind) folded on the Flop
Seat 4: nastja336 folded before Flop (didn't bet)
Seat 5: Becar_06 folded before Flop (didn't bet)
Seat 6: HelloEzie folded before Flop (didn't bet)



PokerStars Hand #254341330593:  Hold'em No Limit ($0.50/$1.00 USD) - 2025/01/12 22:50:15 WET [2025/01/12 17:50:15 ET]
Table 'Vundtia II' 6-max Seat #2 is the button
Seat 1: Manifestorr ($102.46 in chips) 
Seat 2: Joker007r ($112.73 in chips) 
Seat 3: mauriciogalo92 ($57.83 in chips) 
Seat 4: nastja336 ($110.90 in chips) 
Seat 5: Becar_06 ($102.38 in chips) 
Seat 6: HelloEzie ($102.50 in chips) 
mauriciogalo92: posts small blind $0.50
nastja336: posts big blind $1
*** HOLE CARDS ***
Becar_06: folds 
HelloEzie: folds 
Manifestorr: folds 
Joker007r has timed out
Joker007r: folds 
mauriciogalo92: folds 
Uncalled bet ($0.50) returned to nastja336
nastja336 collected $1 from pot
nastja336: doesn't show hand 
*** SUMMARY ***
Total pot $1 | Rake $0 
Seat 1: Manifestorr folded before Flop (didn't bet)
Seat 2: Joker007r (button) folded before Flop (didn't bet)
Seat 3: mauriciogalo92 (small blind) folded before Flop
Seat 4: nastja336 (big blind) collected ($1)
Seat 5: Becar_06 folded before Flop (didn't bet)
Seat 6: HelloEzie folded before Flop (didn't bet)



PokerStars Hand #254341338237:  Hold'em No Limit ($0.50/$1.00 USD) - 2025/01/12 22:50:38 WET [2025/01/12 17:50:38 ET]
Table 'Vundtia II' 6-max Seat #3 is the button
Seat 1: Manifestorr ($102.46 in chips) 
Seat 2: Joker007r ($112.73 in chips) 
Seat 3: mauriciogalo92 ($57.33 in chips) 
Seat 4: nastja336 ($111.40 in chips) 
Seat 5: Becar_06 ($102.38 in chips) 
Seat 6: HelloEzie ($102.50 in chips) 
nastja336: posts small blind $0.50
Becar_06: posts big blind $1
*** HOLE CARDS ***
HelloEzie: folds 
Manifestorr: raises $1.20 to $2.20
Joker007r: folds 
mauriciogalo92: folds 
nastja336: folds 
Becar_06: folds 
Uncalled bet ($1.20) returned to Manifestorr
Manifestorr collected $2.50 from pot
*** SUMMARY ***
Total pot $2.50 | Rake $0 
Seat 1: Manifestorr collected ($2.50)
Seat 2: Joker007r folded before Flop (didn't bet)
Seat 3: mauriciogalo92 (button) folded before Flop (didn't bet)
Seat 4: nastja336 (small blind) folded before Flop
Seat 5: Becar_06 (big blind) folded before Flop
Seat 6: HelloEzie folded before Flop (didn't bet)



PokerStars Hand #254341343356:  Hold'em No Limit ($0.50/$1.00 USD) - 2025/01/12 22:50:54 WET [2025/01/12 17:50:54 ET]
Table 'Vundtia II' 6-max Seat #4 is the button
Seat 1: Manifestorr ($103.96 in chips) 
Seat 2: Joker007r ($112.73 in chips) 
Seat 3: mauriciogalo92 ($57.33 in chips) 
Seat 4: nastja336 ($110.90 in chips) 
Seat 5: Becar_06 ($101.38 in chips) 
Seat 6: HelloEzie ($102.50 in chips) 
Becar_06: posts small blind $0.50
HelloEzie: posts big blind $1
*** HOLE CARDS ***
Manifestorr: raises $1.20 to $2.20
Joker007r: folds 
mauriciogalo92: folds 
nastja336: folds 
Becar_06: folds 
HelloEzie: calls $1.20
*** FLOP *** [Tc Kd Td]
HelloEzie: checks 
Manifestorr: bets $3.50
HelloEzie: calls $3.50
*** TURN *** [Tc Kd Td] [4d]
HelloEzie: checks 
Manifestorr: checks 
*** RIVER *** [Tc Kd Td 4d] [4h]
HelloEzie: bets $8.48
Manifestorr: calls $8.48
*** SHOW DOWN ***
HelloEzie: shows [9d 8d] (a flush, King high)
Manifestorr: shows [Qh Th] (a full house, Tens full of Fours)
Manifestorr collected $27.42 from pot
*** SUMMARY ***
Total pot $28.86 | Rake $1.44 
Board [Tc Kd Td 4d 4h]
Seat 1: Manifestorr showed [Qh Th] and won ($27.42) with a full house, Tens full of Fours
Seat 2: Joker007r folded before Flop (didn't bet)
Seat 3: mauriciogalo92 folded before Flop (didn't bet)
Seat 4: nastja336 (button) folded before Flop (didn't bet)
Seat 5: Becar_06 (small blind) folded before Flop
Seat 6: HelloEzie (big blind) showed [9d 8d] and lost with a flush, King high



PokerStars Hand #254341367237:  Hold'em No Limit ($0.50/$1.00 USD) - 2025/01/12 22:52:06 WET [2025/01/12 17:52:06 ET]
Table 'Vundtia II' 6-max Seat #5 is the button
Seat 1: Manifestorr ($117.20 in chips) is sitting out
Seat 2: Joker007r ($112.73 in chips) 
Seat 3: mauriciogalo92 ($57.33 in chips) 
Seat 4: nastja336 ($110.90 in chips) 
Seat 5: Becar_06 ($100.88 in chips) 
Seat 6: HelloEzie ($100 in chips) 
HelloEzie: posts small blind $0.50
Manifestorr: is sitting out 
Joker007r: posts big blind $1
*** HOLE CARDS ***
Manifestorr leaves the table
mauriciogalo92: calls $1
nastja336: raises $3 to $4
Becar_06: folds 
HelloEzie: folds 
Joker007r: folds 
mauriciogalo92: calls $3
*** FLOP *** [4c Td Js]
mauriciogalo92: bets $1
nastja336: calls $1
*** TURN *** [4c Td Js] [8h]
mauriciogalo92: bets $1
nastja336: calls $1
*** RIVER *** [4c Td Js 8h] [8s]
XneferX joins the table at seat #1 
mauriciogalo92: bets $10
nastja336: folds 
Uncalled bet ($10) returned to mauriciogalo92
mauriciogalo92 collected $12.82 from pot
*** SUMMARY ***
Total pot $13.50 | Rake $0.68 
Board [4c Td Js 8h 8s]
Seat 1: Manifestorr
Seat 2: Joker007r (big blind) folded before Flop
Seat 3: mauriciogalo92 collected ($12.82)
Seat 4: nastja336 folded on the River
Seat 5: Becar_06 (button) folded before Flop (didn't bet)
Seat 6: HelloEzie (small blind) folded before Flop



PokerStars Hand #254341376761:  Hold'em No Limit ($0.50/$1.00 USD) - 2025/01/12 22:52:36 WET [2025/01/12 17:52:36 ET]
Table 'Vundtia II' 6-max Seat #6 is the button
Seat 1: XneferX ($100 in chips) is sitting out
Seat 2: Joker007r ($111.73 in chips) 
Seat 3: mauriciogalo92 ($64.15 in chips) 
Seat 4: nastja336 ($104.90 in chips) 
Seat 5: Becar_06 ($100.88 in chips) 
Seat 6: HelloEzie ($100 in chips) 
Joker007r: posts small blind $0.50
mauriciogalo92: posts big blind $1
*** HOLE CARDS ***
nastja336: folds 
Becar_06: folds 
HelloEzie: raises $1.50 to $2.50
Joker007r: folds 
mauriciogalo92: calls $1.50
*** FLOP *** [Ah 2d 7d]
mauriciogalo92: bets $1
HelloEzie: raises $3.80 to $4.80
mauriciogalo92: calls $3.80
*** TURN *** [Ah 2d 7d] [9d]
mauriciogalo92: bets $1
HelloEzie: raises $7.90 to $8.90
mauriciogalo92: calls $7.90
*** RIVER *** [Ah 2d 7d 9d] [5c]
mauriciogalo92: checks 
HelloEzie: checks 
*** SHOW DOWN ***
mauriciogalo92: shows [Qs Qh] (a pair of Queens)
HelloEzie: shows [Ac 8s] (a pair of Aces)
HelloEzie collected $31.26 from pot
*** SUMMARY ***
Total pot $32.90 | Rake $1.64 
Board [Ah 2d 7d 9d 5c]
Seat 1: XneferX
Seat 2: Joker007r (small blind) folded before Flop
Seat 3: mauriciogalo92 (big blind) showed [Qs Qh] and lost with a pair of Queens
Seat 4: nastja336 folded before Flop (didn't bet)
Seat 5: Becar_06 folded before Flop (didn't bet)
Seat 6: HelloEzie (button) showed [Ac 8s] and won ($31.26) with a pair of Aces



PokerStars Hand #254341404579:  Hold'em No Limit ($0.50/$1.00 USD) - 2025/01/12 22:54:02 WET [2025/01/12 17:54:02 ET]
Table 'Vundtia II' 6-max Seat #2 is the button
Seat 1: XneferX ($100 in chips) is sitting out
Seat 2: Joker007r ($111.23 in chips) 
Seat 3: mauriciogalo92 ($47.95 in chips) 
Seat 4: nastja336 ($104.90 in chips) 
Seat 5: Becar_06 ($100.88 in chips) 
Seat 6: HelloEzie ($115.06 in chips) 
mauriciogalo92: posts small blind $0.50
nastja336: posts big blind $1
XneferX: sits out 
*** HOLE CARDS ***
Becar_06: folds 
HelloEzie: folds 
Joker007r: raises $1.50 to $2.50
mauriciogalo92: folds 
nastja336: calls $1.50
*** FLOP *** [9d 6h Qh]
nastja336: checks 
Joker007r: checks 
*** TURN *** [9d 6h Qh] [5c]
nastja336: bets $1.72
Joker007r: calls $1.72
*** RIVER *** [9d 6h Qh 5c] [8h]
nastja336: checks 
Joker007r: bets $5.66
nastja336: calls $5.66
*** SHOW DOWN ***
Joker007r: shows [7s 7d] (a straight, Five to Nine)
nastja336: mucks hand 
Joker007r collected $19.25 from pot
*** SUMMARY ***
Total pot $20.26 | Rake $1.01 
Board [9d 6h Qh 5c 8h]
Seat 1: XneferX
Seat 2: Joker007r (button) showed [7s 7d] and won ($19.25) with a straight, Five to Nine
Seat 3: mauriciogalo92 (small blind) folded before Flop
Seat 4: nastja336 (big blind) mucked
Seat 5: Becar_06 folded before Flop (didn't bet)
Seat 6: HelloEzie folded before Flop (didn't bet)



PokerStars Hand #254341417041:  Hold'em No Limit ($0.50/$1.00 USD) - 2025/01/12 22:54:41 WET [2025/01/12 17:54:41 ET]
Table 'Vundtia II' 6-max Seat #3 is the button
Seat 1: XneferX ($100 in chips) is sitting out
Seat 2: Joker007r ($120.60 in chips) 
Seat 3: mauriciogalo92 ($47.45 in chips) 
Seat 4: nastja336 ($100 in chips) 
Seat 5: Becar_06 ($100.88 in chips) 
Seat 6: HelloEzie ($115.06 in chips) 
nastja336: posts small blind $0.50
Becar_06: posts big blind $1
XneferX: sits out 
*** HOLE CARDS ***
HelloEzie: folds 
Joker007r: folds 
mauriciogalo92: folds 
nastja336: raises $2 to $3
Becar_06: raises $6 to $9
nastja336: folds 
Uncalled bet ($6) returned to Becar_06
Becar_06 collected $6 from pot
*** SUMMARY ***
Total pot $6 | Rake $0 
Seat 1: XneferX
Seat 2: Joker007r folded before Flop (didn't bet)
Seat 3: mauriciogalo92 (button) folded before Flop (didn't bet)
Seat 4: nastja336 (small blind) folded before Flop
Seat 5: Becar_06 (big blind) collected ($6)
Seat 6: HelloEzie folded before Flop (didn't bet)



PokerStars Hand #254341423649:  Hold'em No Limit ($0.50/$1.00 USD) - 2025/01/12 22:55:01 WET [2025/01/12 17:55:01 ET]
Table 'Vundtia II' 6-max Seat #4 is the button
Seat 1: XneferX ($100 in chips) is sitting out
Seat 2: Joker007r ($120.60 in chips) 
Seat 3: mauriciogalo92 ($47.45 in chips) 
Seat 4: nastja336 ($100 in chips) 
Seat 5: Becar_06 ($103.88 in chips) 
Seat 6: HelloEzie ($115.06 in chips) 
Becar_06: posts small blind $0.50
HelloEzie: posts big blind $1
XneferX: sits out 
*** HOLE CARDS ***
Joker007r: raises $2 to $3
mauriciogalo92: folds 
nastja336: raises $6 to $9
Becar_06: folds 
HelloEzie: folds 
Joker007r: folds 
Uncalled bet ($6) returned to nastja336
nastja336 collected $7.50 from pot
nastja336: doesn't show hand 
*** SUMMARY ***
Total pot $7.50 | Rake $0 
Seat 1: XneferX
Seat 2: Joker007r folded before Flop
Seat 3: mauriciogalo92 folded before Flop (didn't bet)
Seat 4: nastja336 (button) collected ($7.50)
Seat 5: Becar_06 (small blind) folded before Flop
Seat 6: HelloEzie (big blind) folded before Flop



PokerStars Hand #254341430036:  Hold'em No Limit ($0.50/$1.00 USD) - 2025/01/12 22:55:32 WET [2025/01/12 17:55:32 ET]
Table 'Vundtia II' 6-max Seat #5 is the button
Seat 1: XneferX ($100 in chips) 
Seat 2: Joker007r ($117.60 in chips) 
Seat 3: mauriciogalo92 ($47.45 in chips) 
Seat 4: nastja336 ($104.50 in chips) 
Seat 5: Becar_06 ($103.38 in chips) 
Seat 6: HelloEzie ($114.06 in chips) 
HelloEzie: posts small blind $0.50
XneferX: posts big blind $1
*** HOLE CARDS ***
Joker007r: raises $2 to $3
mauriciogalo92: folds 
nastja336: folds 
Becar_06: folds 
HelloEzie: folds 
XneferX: folds 
Uncalled bet ($2) returned to Joker007r
Joker007r collected $2.50 from pot
Joker007r: doesn't show hand 
*** SUMMARY ***
Total pot $2.50 | Rake $0 
Seat 1: XneferX (big blind) folded before Flop
Seat 2: Joker007r collected ($2.50)
Seat 3: mauriciogalo92 folded before Flop (didn't bet)
Seat 4: nastja336 folded before Flop (didn't bet)
Seat 5: Becar_06 (button) folded before Flop (didn't bet)
Seat 6: HelloEzie (small blind) folded before Flop



PokerStars Hand #254341432649:  Hold'em No Limit ($0.50/$1.00 USD) - 2025/01/12 22:55:45 WET [2025/01/12 17:55:45 ET]
Table 'Vundtia II' 6-max Seat #6 is the button
Seat 1: XneferX ($100 in chips) 
Seat 2: Joker007r ($119.10 in chips) 
Seat 3: mauriciogalo92 ($47.45 in chips) 
Seat 4: nastja336 ($104.50 in chips) 
Seat 5: Becar_06 ($103.38 in chips) 
Seat 6: HelloEzie ($113.56 in chips) 
XneferX: posts small blind $0.50
Joker007r: posts big blind $1
*** HOLE CARDS ***
mauriciogalo92: calls $1
nastja336: folds 
Becar_06: folds 
HelloEzie: raises $3 to $4
XneferX: folds 
Joker007r: calls $3
mauriciogalo92: calls $3
*** FLOP *** [9c Js 9h]
Joker007r: checks 
mauriciogalo92: checks 
HelloEzie: checks 
*** TURN *** [9c Js 9h] [2s]
Joker007r: checks 
mauriciogalo92: checks 
HelloEzie: bets $3.92
Joker007r: calls $3.92
mauriciogalo92: calls $3.92
*** RIVER *** [9c Js 9h 2s] [Kh]
Joker007r: checks 
mauriciogalo92: checks 
HelloEzie: checks 
*** SHOW DOWN ***
Joker007r: shows [Jc Kc] (two pair, Kings and Jacks)
mauriciogalo92: mucks hand 
HelloEzie: mucks hand 
Joker007r collected $23.05 from pot
*** SUMMARY ***
Total pot $24.26 | Rake $1.21 
Board [9c Js 9h 2s Kh]
Seat 1: XneferX (small blind) folded before Flop
Seat 2: Joker007r (big blind) showed [Jc Kc] and won ($23.05) with two pair, Kings and Jacks
Seat 3: mauriciogalo92 mucked
Seat 4: nastja336 folded before Flop (didn't bet)
Seat 5: Becar_06 folded before Flop (didn't bet)
Seat 6: HelloEzie (button) mucked



PokerStars Hand #254341449115:  Hold'em No Limit ($0.50/$1.00 USD) - 2025/01/12 22:57:05 WET [2025/01/12 17:57:05 ET]
Table 'Vundtia II' 6-max Seat #1 is the button
Seat 1: XneferX ($100 in chips) 
Seat 2: Joker007r ($134.23 in chips) 
Seat 3: mauriciogalo92 ($39.53 in chips) 
Seat 4: nastja336 ($104.50 in chips) 
Seat 5: Becar_06 ($103.38 in chips) 
Seat 6: HelloEzie ($105.64 in chips) 
Joker007r: posts small blind $0.50
mauriciogalo92: posts big blind $1
*** HOLE CARDS ***
nastja336: folds 
Becar_06: folds 
HelloEzie: folds 
XneferX: folds 
Joker007r: raises $1.50 to $2.50
mauriciogalo92: calls $1.50
*** FLOP *** [Kc Ts 5c]
Joker007r: bets $3.47
mauriciogalo92: folds 
Uncalled bet ($3.47) returned to Joker007r
Joker007r collected $4.75 from pot
Joker007r: doesn't show hand 
*** SUMMARY ***
Total pot $5 | Rake $0.25 
Board [Kc Ts 5c]
Seat 1: XneferX (button) folded before Flop (didn't bet)
Seat 2: Joker007r (small blind) collected ($4.75)
Seat 3: mauriciogalo92 (big blind) folded on the Flop
Seat 4: nastja336 folded before Flop (didn't bet)
Seat 5: Becar_06 folded before Flop (didn't bet)
Seat 6: HelloEzie folded before Flop (didn't bet)



PokerStars Hand #254341457011:  Hold'em No Limit ($0.50/$1.00 USD) - 2025/01/12 22:57:43 WET [2025/01/12 17:57:43 ET]
Table 'Vundtia II' 6-max Seat #2 is the button
Seat 1: XneferX ($100 in chips) 
Seat 2: Joker007r ($136.48 in chips) 
Seat 3: mauriciogalo92 ($37.03 in chips) 
Seat 4: nastja336 ($104.50 in chips) 
Seat 5: Becar_06 ($103.38 in chips) 
Seat 6: HelloEzie ($105.64 in chips) 
mauriciogalo92: posts small blind $0.50
nastja336: posts big blind $1
*** HOLE CARDS ***
Becar_06: folds 
HelloEzie: raises $1.50 to $2.50
XneferX: folds 
Joker007r: folds 
mauriciogalo92: folds 
nastja336: folds 
Uncalled bet ($1.50) returned to HelloEzie
HelloEzie collected $2.50 from pot
*** SUMMARY ***
Total pot $2.50 | Rake $0 
Seat 1: XneferX folded before Flop (didn't bet)
Seat 2: Joker007r (button) folded before Flop (didn't bet)
Seat 3: mauriciogalo92 (small blind) folded before Flop
Seat 4: nastja336 (big blind) folded before Flop
Seat 5: Becar_06 folded before Flop (didn't bet)
Seat 6: HelloEzie collected ($2.50)



PokerStars Hand #254341463309:  Hold'em No Limit ($0.50/$1.00 USD) - 2025/01/12 22:58:13 WET [2025/01/12 17:58:13 ET]
Table 'Vundtia II' 6-max Seat #3 is the button
Seat 1: XneferX ($100 in chips) 
Seat 2: Joker007r ($136.48 in chips) 
Seat 3: mauriciogalo92 ($36.53 in chips) 
Seat 4: nastja336 ($103.50 in chips) 
Seat 5: Becar_06 ($103.38 in chips) 
Seat 6: HelloEzie ($107.14 in chips) 
nastja336: posts small blind $0.50
Becar_06: posts big blind $1
*** HOLE CARDS ***
HelloEzie: folds 
XneferX: folds 
Joker007r: folds 
mauriciogalo92: calls $1
nastja336: raises $3 to $4
Becar_06: folds 
mauriciogalo92: calls $3
*** FLOP *** [9h 3c Ks]
nastja336: bets $2.82
mauriciogalo92: calls $2.82
*** TURN *** [9h 3c Ks] [Qh]
nastja336: checks 
mauriciogalo92: bets $10
nastja336: folds 
Uncalled bet ($10) returned to mauriciogalo92
mauriciogalo92 collected $13.91 from pot
*** SUMMARY ***
Total pot $14.64 | Rake $0.73 
Board [9h 3c Ks Qh]
Seat 1: XneferX folded before Flop (didn't bet)
Seat 2: Joker007r folded before Flop (didn't bet)
Seat 3: mauriciogalo92 (button) collected ($13.91)
Seat 4: nastja336 (small blind) folded on the Turn
Seat 5: Becar_06 (big blind) folded before Flop
Seat 6: HelloEzie folded before Flop (didn't bet)



PokerStars Hand #254341473581:  Hold'em No Limit ($0.50/$1.00 USD) - 2025/01/12 22:59:03 WET [2025/01/12 17:59:03 ET]
Table 'Vundtia II' 6-max Seat #4 is the button
Seat 1: XneferX ($100 in chips) 
Seat 2: Joker007r ($136.48 in chips) 
Seat 3: mauriciogalo92 ($43.62 in chips) 
Seat 4: nastja336 ($100 in chips) 
Seat 5: Becar_06 ($102.38 in chips) 
Seat 6: HelloEzie ($107.14 in chips) 
Becar_06: posts small blind $0.50
HelloEzie: posts big blind $1
*** HOLE CARDS ***
XneferX: folds 
Joker007r: raises $2 to $3
mauriciogalo92: calls $3
nastja336: folds 
Becar_06: folds 
HelloEzie: folds 
*** FLOP *** [Th 5h 2d]
Joker007r: bets $5.20
mauriciogalo92: folds 
Uncalled bet ($5.20) returned to Joker007r
Joker007r collected $7.12 from pot
*** SUMMARY ***
Total pot $7.50 | Rake $0.38 
Board [Th 5h 2d]
Seat 1: XneferX folded before Flop (didn't bet)
Seat 2: Joker007r collected ($7.12)
Seat 3: mauriciogalo92 folded on the Flop
Seat 4: nastja336 (button) folded before Flop (didn't bet)
Seat 5: Becar_06 (small blind) folded before Flop
Seat 6: HelloEzie (big blind) folded before Flop



PokerStars Hand #254341478386:  Hold'em No Limit ($0.50/$1.00 USD) - 2025/01/12 22:59:27 WET [2025/01/12 17:59:27 ET]
Table 'Vundtia II' 6-max Seat #5 is the button
Seat 1: XneferX ($100 in chips) 
Seat 2: Joker007r ($140.60 in chips) 
Seat 3: mauriciogalo92 ($40.62 in chips) 
Seat 4: nastja336 ($100 in chips) 
Seat 5: Becar_06 ($101.88 in chips) 
Seat 6: HelloEzie ($106.14 in chips) 
HelloEzie: posts small blind $0.50
XneferX: posts big blind $1
*** HOLE CARDS ***
Joker007r: folds 
mauriciogalo92: calls $1
nastja336: folds 
Becar_06: folds 
HelloEzie: folds 
XneferX: checks 
*** FLOP *** [2c 9s Ad]
XneferX: checks 
mauriciogalo92: checks 
*** TURN *** [2c 9s Ad] [3d]
XneferX: bets $1.83
mauriciogalo92: calls $1.83
*** RIVER *** [2c 9s Ad 3d] [4s]
XneferX: checks 
mauriciogalo92: bets $10
XneferX: calls $10
*** SHOW DOWN ***
mauriciogalo92: shows [7c 4c] (a pair of Fours)
XneferX: shows [9c 9h] (three of a kind, Nines)
XneferX collected $24.85 from pot
*** SUMMARY ***
Total pot $26.16 | Rake $1.31 
Board [2c 9s Ad 3d 4s]
Seat 1: XneferX (big blind) showed [9c 9h] and won ($24.85) with three of a kind, Nines
Seat 2: Joker007r folded before Flop (didn't bet)
Seat 3: mauriciogalo92 showed [7c 4c] and lost with a pair of Fours
Seat 4: nastja336 folded before Flop (didn't bet)
Seat 5: Becar_06 (button) folded before Flop (didn't bet)
Seat 6: HelloEzie (small blind) folded before Flop



PokerStars Hand #254341491219:  Hold'em No Limit ($0.50/$1.00 USD) - 2025/01/12 23:00:29 WET [2025/01/12 18:00:29 ET]
Table 'Vundtia II' 6-max Seat #6 is the button
Seat 1: XneferX ($112.02 in chips) 
Seat 2: Joker007r ($140.60 in chips) 
Seat 3: mauriciogalo92 ($27.79 in chips) 
Seat 4: nastja336 ($100 in chips) 
Seat 5: Becar_06 ($101.88 in chips) 
Seat 6: HelloEzie ($105.64 in chips) 
XneferX: posts small blind $0.50
Joker007r: posts big blind $1
*** HOLE CARDS ***
mauriciogalo92: folds 
nastja336: folds 
Becar_06: raises $1.30 to $2.30
HelloEzie: folds 
XneferX: folds 
Joker007r: raises $7.90 to $10.20
Becar_06: folds 
Uncalled bet ($7.90) returned to Joker007r
Joker007r collected $5.10 from pot
Joker007r: doesn't show hand 
*** SUMMARY ***
Total pot $5.10 | Rake $0 
Seat 1: XneferX (small blind) folded before Flop
Seat 2: Joker007r (big blind) collected ($5.10)
Seat 3: mauriciogalo92 folded before Flop (didn't bet)
Seat 4: nastja336 folded before Flop (didn't bet)
Seat 5: Becar_06 folded before Flop
Seat 6: HelloEzie (button) folded before Flop (didn't bet)



PokerStars Hand #254341495818:  Hold'em No Limit ($0.50/$1.00 USD) - 2025/01/12 23:00:48 WET [2025/01/12 18:00:48 ET]
Table 'Vundtia II' 6-max Seat #1 is the button
Seat 1: XneferX ($111.52 in chips) 
Seat 2: Joker007r ($143.40 in chips) 
Seat 3: mauriciogalo92 ($27.79 in chips) 
Seat 4: nastja336 ($100 in chips) 
Seat 5: Becar_06 ($100 in chips) 
Seat 6: HelloEzie ($105.64 in chips) 
Joker007r: posts small blind $0.50
mauriciogalo92: posts big blind $1
*** HOLE CARDS ***
nastja336: folds 
Becar_06: folds 
HelloEzie: folds 
XneferX: raises $1.77 to $2.77
Joker007r: folds 
mauriciogalo92: calls $1.77
*** FLOP *** [8c 3s Qd]
mauriciogalo92: checks 
XneferX: bets $1.20
mauriciogalo92: folds 
Uncalled bet ($1.20) returned to XneferX
XneferX collected $5.74 from pot
XneferX: doesn't show hand 
*** SUMMARY ***
Total pot $6.04 | Rake $0.30 
Board [8c 3s Qd]
Seat 1: XneferX (button) collected ($5.74)
Seat 2: Joker007r (small blind) folded before Flop
Seat 3: mauriciogalo92 (big blind) folded on the Flop
Seat 4: nastja336 folded before Flop (didn't bet)
Seat 5: Becar_06 folded before Flop (didn't bet)
Seat 6: HelloEzie folded before Flop (didn't bet)



PokerStars Hand #254341506957:  Hold'em No Limit ($0.50/$1.00 USD) - 2025/01/12 23:01:31 WET [2025/01/12 18:01:31 ET]
Table 'Vundtia II' 6-max Seat #2 is the button
Seat 1: XneferX ($114.49 in chips) 
Seat 2: Joker007r ($142.90 in chips) 
Seat 3: mauriciogalo92 ($25.02 in chips) 
Seat 4: nastja336 ($100 in chips) 
Seat 5: Becar_06 ($100 in chips) 
Seat 6: HelloEzie ($105.64 in chips) 
mauriciogalo92: posts small blind $0.50
nastja336: posts big blind $1
*** HOLE CARDS ***
Becar_06: folds 
HelloEzie: folds 
XneferX: folds 
Joker007r: raises $1.50 to $2.50
mauriciogalo92: folds 
nastja336: calls $1.50
*** FLOP *** [8s 8d Kh]
nastja336: checks 
Joker007r: checks 
*** TURN *** [8s 8d Kh] [Jd]
nastja336: checks 
Joker007r: bets $3.48
nastja336: calls $3.48
*** RIVER *** [8s 8d Kh Jd] [9h]
nastja336: checks 
Joker007r: checks 
*** SHOW DOWN ***
nastja336: shows [Jc 9c] (two pair, Jacks and Nines)
Joker007r: shows [Ts Kc] (two pair, Kings and Eights)
Joker007r collected $11.84 from pot
*** SUMMARY ***
Total pot $12.46 | Rake $0.62 
Board [8s 8d Kh Jd 9h]
Seat 1: XneferX folded before Flop (didn't bet)
Seat 2: Joker007r (button) showed [Ts Kc] and won ($11.84) with two pair, Kings and Eights
Seat 3: mauriciogalo92 (small blind) folded before Flop
Seat 4: nastja336 (big blind) showed [Jc 9c] and lost with two pair, Jacks and Nines
Seat 5: Becar_06 folded before Flop (didn't bet)
Seat 6: HelloEzie folded before Flop (didn't bet)



PokerStars Hand #254341524515:  Hold'em No Limit ($0.50/$1.00 USD) - 2025/01/12 23:02:28 WET [2025/01/12 18:02:28 ET]
Table 'Vundtia II' 6-max Seat #3 is the button
Seat 1: XneferX ($114.49 in chips) 
Seat 2: Joker007r ($148.76 in chips) 
Seat 3: mauriciogalo92 ($24.52 in chips) 
Seat 4: nastja336 ($100 in chips) 
Seat 5: Becar_06 ($100 in chips) 
Seat 6: HelloEzie ($105.64 in chips) 
nastja336: posts small blind $0.50
Becar_06: posts big blind $1
*** HOLE CARDS ***
HelloEzie: raises $1 to $2
XneferX: calls $2
Joker007r: raises $8 to $10
mauriciogalo92: raises $14.52 to $24.52 and is all-in
nastja336: folds 
Becar_06: folds 
HelloEzie: folds 
XneferX: folds 
Joker007r: calls $14.52
*** FLOP *** [7h Ad 9c]
*** TURN *** [7h Ad 9c] [Qs]
*** RIVER *** [7h Ad 9c Qs] [6d]
*** SHOW DOWN ***
Joker007r: shows [Ac Tc] (a pair of Aces)
mauriciogalo92: shows [Th Jh] (high card Ace)
Joker007r collected $52.04 from pot
*** SUMMARY ***
Total pot $54.54 | Rake $2.50 
Board [7h Ad 9c Qs 6d]
Seat 1: XneferX folded before Flop
Seat 2: Joker007r showed [Ac Tc] and won ($52.04) with a pair of Aces
Seat 3: mauriciogalo92 (button) showed [Th Jh] and lost with high card Ace
Seat 4: nastja336 (small blind) folded before Flop
Seat 5: Becar_06 (big blind) folded before Flop
Seat 6: HelloEzie folded before Flop



PokerStars Hand #254341541107:  Hold'em No Limit ($0.50/$1.00 USD) - 2025/01/12 23:03:21 WET [2025/01/12 18:03:21 ET]
Table 'Vundtia II' 6-max Seat #4 is the button
Seat 3: mauriciogalo92 ($0 in chips) is sitting out
Seat 1: XneferX ($112.49 in chips) 
Seat 2: Joker007r ($176.28 in chips) 
Seat 4: nastja336 ($100 in chips) 
Seat 5: Becar_06 ($100 in chips) 
Seat 6: HelloEzie ($103.64 in chips) 
Becar_06: posts small blind $0.50
HelloEzie: posts big blind $1
*** HOLE CARDS ***
XneferX: folds 
Joker007r: folds 
nastja336: folds 
Becar_06: folds 
Uncalled bet ($0.50) returned to HelloEzie
HelloEzie collected $1 from pot
*** SUMMARY ***
Total pot $1 | Rake $0 
Seat 3: mauriciogalo92
Seat 1: XneferX folded before Flop (didn't bet)
Seat 2: Joker007r folded before Flop (didn't bet)
Seat 4: nastja336 (button) folded before Flop (didn't bet)
Seat 5: Becar_06 (small blind) folded before Flop
Seat 6: HelloEzie (big blind) collected ($1)



PokerStars Hand #254341545825:  Hold'em No Limit ($0.50/$1.00 USD) - 2025/01/12 23:03:37 WET [2025/01/12 18:03:37 ET]
Table 'Vundtia II' 6-max Seat #5 is the button
Seat 3: mauriciogalo92 ($0 in chips) is sitting out
Seat 1: XneferX ($112.49 in chips) 
Seat 2: Joker007r ($176.28 in chips) 
Seat 4: nastja336 ($100 in chips) 
Seat 5: Becar_06 ($100 in chips) 
Seat 6: HelloEzie ($104.14 in chips) 
HelloEzie: posts small blind $0.50
XneferX: posts big blind $1
*** HOLE CARDS ***
Joker007r: raises $2 to $3
nastja336: folds 
Becar_06: folds 
HelloEzie: folds 
XneferX: folds 
Uncalled bet ($2) returned to Joker007r
Joker007r collected $2.50 from pot
Joker007r: doesn't show hand 
*** SUMMARY ***
Total pot $2.50 | Rake $0 
Seat 3: mauriciogalo92
Seat 1: XneferX (big blind) folded before Flop
Seat 2: Joker007r collected ($2.50)
Seat 4: nastja336 folded before Flop (didn't bet)
Seat 5: Becar_06 (button) folded before Flop (didn't bet)
Seat 6: HelloEzie (small blind) folded before Flop



PokerStars Hand #254341554354:  Hold'em No Limit ($0.50/$1.00 USD) - 2025/01/12 23:04:04 WET [2025/01/12 18:04:04 ET]
Table 'Vundtia II' 6-max Seat #6 is the button
Seat 3: mauriciogalo92 ($0 in chips) is sitting out
Seat 1: XneferX ($111.49 in chips) 
Seat 2: Joker007r ($177.78 in chips) 
Seat 4: nastja336 ($100 in chips) 
Seat 5: Becar_06 ($100 in chips) 
Seat 6: HelloEzie ($103.64 in chips) 
XneferX: posts small blind $0.50
Joker007r: posts big blind $1
*** HOLE CARDS ***
nastja336: folds 
Becar_06: folds 
HelloEzie: folds 
XneferX: folds 
Uncalled bet ($0.50) returned to Joker007r
Joker007r collected $1 from pot
Joker007r: doesn't show hand 
*** SUMMARY ***
Total pot $1 | Rake $0 
Seat 3: mauriciogalo92
Seat 1: XneferX (small blind) folded before Flop
Seat 2: Joker007r (big blind) collected ($1)
Seat 4: nastja336 folded before Flop (didn't bet)
Seat 5: Becar_06 folded before Flop (didn't bet)
Seat 6: HelloEzie (button) folded before Flop (didn't bet)



PokerStars Hand #254341558533:  Hold'em No Limit ($0.50/$1.00 USD) - 2025/01/12 23:04:17 WET [2025/01/12 18:04:17 ET]
Table 'Vundtia II' 6-max Seat #1 is the button
Seat 3: mauriciogalo92 ($0 in chips) is sitting out
Seat 1: XneferX ($110.99 in chips) 
Seat 2: Joker007r ($178.28 in chips) 
Seat 4: nastja336 ($100 in chips) 
Seat 5: Becar_06 ($100 in chips) 
Seat 6: HelloEzie ($103.64 in chips) 
Joker007r: posts small blind $0.50
nastja336: posts big blind $1
*** HOLE CARDS ***
Becar_06: folds 
HelloEzie: folds 
XneferX: folds 
Joker007r: raises $2 to $3
nastja336: calls $2
*** FLOP *** [Kh 6c 9c]
Joker007r: checks 
nastja336: checks 
*** TURN *** [Kh 6c 9c] [Qs]
Joker007r: checks 
nastja336: checks 
*** RIVER *** [Kh 6c 9c Qs] [7c]
Joker007r: checks 
nastja336: checks 
*** SHOW DOWN ***
Joker007r: shows [Tc Th] (a pair of Tens)
nastja336: mucks hand 
Joker007r collected $5.70 from pot
*** SUMMARY ***
Total pot $6 | Rake $0.30 
Board [Kh 6c 9c Qs 7c]
Seat 3: mauriciogalo92
Seat 1: XneferX (button) folded before Flop (didn't bet)
Seat 2: Joker007r (small blind) showed [Tc Th] and won ($5.70) with a pair of Tens
Seat 4: nastja336 (big blind) mucked
Seat 5: Becar_06 folded before Flop (didn't bet)
Seat 6: HelloEzie folded before Flop (didn't bet)



PokerStars Hand #254341569602:  Hold'em No Limit ($0.50/$1.00 USD) - 2025/01/12 23:04:52 WET [2025/01/12 18:04:52 ET]
Table 'Vundtia II' 6-max Seat #2 is the button
Seat 3: mauriciogalo92 ($0 in chips) is sitting out
Seat 1: XneferX ($110.99 in chips) 
Seat 2: Joker007r ($180.98 in chips) 
Seat 4: nastja336 ($100 in chips) 
Seat 5: Becar_06 ($100 in chips) 
Seat 6: HelloEzie ($103.64 in chips) 
nastja336: posts small blind $0.50
Becar_06: posts big blind $1
*** HOLE CARDS ***
HelloEzie: raises $1 to $2
XneferX: folds 
Joker007r: folds 
nastja336: folds 
Becar_06: folds 
Uncalled bet ($1) returned to HelloEzie
HelloEzie collected $2.50 from pot
*** SUMMARY ***
Total pot $2.50 | Rake $0 
Seat 3: mauriciogalo92
Seat 1: XneferX folded before Flop (didn't bet)
Seat 2: Joker007r (button) folded before Flop (didn't bet)
Seat 4: nastja336 (small blind) folded before Flop
Seat 5: Becar_06 (big blind) folded before Flop
Seat 6: HelloEzie collected ($2.50)



PokerStars Hand #254341574820:  Hold'em No Limit ($0.50/$1.00 USD) - 2025/01/12 23:05:09 WET [2025/01/12 18:05:09 ET]
Table 'Vundtia II' 6-max Seat #4 is the button
Seat 3: mauriciogalo92 ($0 in chips) is sitting out
Seat 6: HelloEzie ($105.14 in chips) is sitting out
Seat 1: XneferX ($110.99 in chips) 
Seat 2: Joker007r ($180.98 in chips) 
Seat 4: nastja336 ($100 in chips) 
Seat 5: Becar_06 ($100 in chips) 
Becar_06: posts small blind $0.50
HelloEzie: is sitting out 
XneferX: posts big blind $1
*** HOLE CARDS ***
HelloEzie leaves the table
Joker007r: raises $1.50 to $2.50
nastja336: folds 
Becar_06: folds 
XneferX: folds 
Uncalled bet ($1.50) returned to Joker007r
Joker007r collected $2.50 from pot
Joker007r: doesn't show hand 
*** SUMMARY ***
Total pot $2.50 | Rake $0 
Seat 3: mauriciogalo92
Seat 6: HelloEzie
Seat 1: XneferX (big blind) folded before Flop
Seat 2: Joker007r collected ($2.50)
Seat 4: nastja336 (button) folded before Flop (didn't bet)
Seat 5: Becar_06 (small blind) folded before Flop



PokerStars Hand #254341579350:  Hold'em No Limit ($0.50/$1.00 USD) - 2025/01/12 23:05:23 WET [2025/01/12 18:05:23 ET]
Table 'Vundtia II' 6-max Seat #1 is the button
Seat 3: mauriciogalo92 ($0 in chips) is sitting out
Seat 4: nastja336 ($100 in chips) is sitting out
Seat 1: XneferX ($109.99 in chips) 
Seat 5: Becar_06 ($100 in chips) 
XneferX: posts small blind $0.50
nastja336: is sitting out 
Becar_06: posts big blind $1
*** HOLE CARDS ***
nastja336 leaves the table
XneferX: raises $1.90 to $2.90
Becar_06: folds 
Uncalled bet ($1.90) returned to XneferX
XneferX collected $2 from pot
XneferX: doesn't show hand 
*** SUMMARY ***
Total pot $2 | Rake $0 
Seat 3: mauriciogalo92
Seat 4: nastja336
Seat 1: XneferX (button) (small blind) collected ($2)
Seat 5: Becar_06 (big blind) folded before Flop



PokerStars Hand #254341586222:  Hold'em No Limit ($0.50/$1.00 USD) - 2025/01/12 23:05:45 WET [2025/01/12 18:05:45 ET]
Table 'Vundtia II' 6-max Seat #5 is the button
Seat 3: mauriciogalo92 ($0 in chips) is sitting out
Seat 1: XneferX ($110.99 in chips) 
Seat 5: Becar_06 ($100 in chips) 
Becar_06: posts small blind $0.50
XneferX: posts big blind $1
*** HOLE CARDS ***
Becar_06: raises $1.50 to $2.50
XneferX: folds 
Uncalled bet ($1.50) returned to Becar_06
Becar_06 collected $2 from pot
*** SUMMARY ***
Total pot $2 | Rake $0 
Seat 3: mauriciogalo92
Seat 1: XneferX (big blind) folded before Flop
Seat 5: Becar_06 (button) (small blind) collected ($2)



PokerStars Hand #254341853436:  Hold'em No Limit ($0.50/$1.00 USD) - 2025/01/12 23:20:19 WET [2025/01/12 18:20:19 ET]
Table 'Vundtia II' 6-max Seat #6 is the button
Seat 2: Becar_06 ($101 in chips) 
Seat 3: Manifestorr ($117.20 in chips) 
Seat 4: XneferX ($109.99 in chips) 
Seat 5: nastja336 ($100 in chips) 
Seat 6: m0nTTu ($80 in chips) 
Becar_06: posts small blind $0.50
Manifestorr: posts big blind $1
*** HOLE CARDS ***
XneferX: folds 
nastja336: folds 
m0nTTu: folds 
Becar_06: raises $2 to $3
Manifestorr: raises $6 to $9
Becar_06: folds 
Uncalled bet ($6) returned to Manifestorr
Manifestorr collected $6 from pot
*** SUMMARY ***
Total pot $6 | Rake $0 
Seat 2: Becar_06 (small blind) folded before Flop
Seat 3: Manifestorr (big blind) collected ($6)
Seat 4: XneferX folded before Flop (didn't bet)
Seat 5: nastja336 folded before Flop (didn't bet)
Seat 6: m0nTTu (button) folded before Flop (didn't bet)



PokerStars Hand #254341864812:  Hold'em No Limit ($0.50/$1.00 USD) - 2025/01/12 23:20:57 WET [2025/01/12 18:20:57 ET]
Table 'Vundtia II' 6-max Seat #2 is the button
Seat 2: Becar_06 ($100 in chips) 
Seat 3: Manifestorr ($120.20 in chips) 
Seat 4: XneferX ($109.99 in chips) 
Seat 5: nastja336 ($100 in chips) 
Seat 6: m0nTTu ($100 in chips) 
Manifestorr: posts small blind $0.50
XneferX: posts big blind $1
*** HOLE CARDS ***
nastja336: folds 
m0nTTu: raises $1.50 to $2.50
Becar_06: folds 
Manifestorr: folds 
XneferX: calls $1.50
*** FLOP *** [Qd Ac 4h]
XneferX: checks 
m0nTTu: bets $1.72
XneferX: folds 
Uncalled bet ($1.72) returned to m0nTTu
m0nTTu collected $5.22 from pot
m0nTTu: doesn't show hand 
*** SUMMARY ***
Total pot $5.50 | Rake $0.28 
Board [Qd Ac 4h]
Seat 2: Becar_06 (button) folded before Flop (didn't bet)
Seat 3: Manifestorr (small blind) folded before Flop
Seat 4: XneferX (big blind) folded on the Flop
Seat 5: nastja336 folded before Flop (didn't bet)
Seat 6: m0nTTu collected ($5.22)



PokerStars Hand #254341881854:  Hold'em No Limit ($0.50/$1.00 USD) - 2025/01/12 23:21:54 WET [2025/01/12 18:21:54 ET]
Table 'Vundtia II' 6-max Seat #3 is the button
Seat 5: nastja336 ($100 in chips) is sitting out
Seat 2: Becar_06 ($100 in chips) 
Seat 3: Manifestorr ($119.70 in chips) 
Seat 4: XneferX ($107.49 in chips) 
Seat 6: m0nTTu ($102.72 in chips) 
XneferX: posts small blind $0.50
nastja336: is sitting out 
m0nTTu: posts big blind $1
*** HOLE CARDS ***
nastja336 leaves the table
Becar_06: folds 
Manifestorr: raises $1.20 to $2.20
XneferX: folds 
m0nTTu: folds 
Uncalled bet ($1.20) returned to Manifestorr
Manifestorr collected $2.50 from pot
*** SUMMARY ***
Total pot $2.50 | Rake $0 
Seat 5: nastja336
Seat 2: Becar_06 folded before Flop (didn't bet)
Seat 3: Manifestorr (button) collected ($2.50)
Seat 4: XneferX (small blind) folded before Flop
Seat 6: m0nTTu (big blind) folded before Flop



PokerStars Hand #254341894335:  Hold'em No Limit ($0.50/$1.00 USD) - 2025/01/12 23:22:36 WET [2025/01/12 18:22:36 ET]
Table 'Vundtia II' 6-max Seat #5 is the button
Seat 1: ReVeu710 ($100 in chips) 
Seat 2: Becar_06 ($100 in chips) 
Seat 3: Manifestorr ($121.20 in chips) 
Seat 5: JanaCaso ($52.52 in chips) 
Seat 6: m0nTTu ($101.72 in chips) 
XneferX leaves the table
m0nTTu: posts small blind $0.50
ReVeu710: posts big blind $1
*** HOLE CARDS ***
Becar_06: folds 
Manifestorr: raises $1.20 to $2.20
JanaCaso: folds 
v1lo4ka joins the table at seat #4 
m0nTTu: folds 
ReVeu710: folds 
Uncalled bet ($1.20) returned to Manifestorr
Manifestorr collected $2.50 from pot
*** SUMMARY ***
Total pot $2.50 | Rake $0 
Seat 1: ReVeu710 (big blind) folded before Flop
Seat 2: Becar_06 folded before Flop (didn't bet)
Seat 3: Manifestorr collected ($2.50)
Seat 5: JanaCaso (button) folded before Flop (didn't bet)
Seat 6: m0nTTu (small blind) folded before Flop



PokerStars Hand #254341898908:  Hold'em No Limit ($0.50/$1.00 USD) - 2025/01/12 23:22:51 WET [2025/01/12 18:22:51 ET]
Table 'Vundtia II' 6-max Seat #6 is the button
Seat 2: Becar_06 ($100 in chips) is sitting out
Seat 4: v1lo4ka ($100 in chips) is sitting out
Seat 1: ReVeu710 ($100 in chips) 
Seat 3: Manifestorr ($122.70 in chips) 
Seat 5: JanaCaso ($52.52 in chips) 
Seat 6: m0nTTu ($101.22 in chips) 
ReVeu710: posts small blind $0.50
Becar_06: is sitting out 
Manifestorr: posts big blind $1
v1lo4ka: sits out 
*** HOLE CARDS ***
Becar_06 leaves the table
JanaCaso: folds 
m0nTTu: folds 
ReVeu710: raises $2 to $3
JanaCaso leaves the table
Manifestorr: calls $2
*** FLOP *** [Js Kc Kd]
ReVeu710: bets $1.43
Manifestorr: raises $4.07 to $5.50
ReVeu710: folds 
Uncalled bet ($4.07) returned to Manifestorr
Manifestorr collected $8.42 from pot
*** SUMMARY ***
Total pot $8.86 | Rake $0.44 
Board [Js Kc Kd]
Seat 2: Becar_06
Seat 4: v1lo4ka
Seat 1: ReVeu710 (small blind) folded on the Flop
Seat 3: Manifestorr (big blind) collected ($8.42)
Seat 5: JanaCaso folded before Flop (didn't bet)
Seat 6: m0nTTu (button) folded before Flop (didn't bet)



PokerStars Hand #254341908514:  Hold'em No Limit ($0.50/$1.00 USD) - 2025/01/12 23:23:24 WET [2025/01/12 18:23:24 ET]
Table 'Vundtia II' 6-max Seat #1 is the button
Seat 1: ReVeu710 ($100 in chips) 
Seat 3: Manifestorr ($126.69 in chips) 
Seat 4: v1lo4ka ($100 in chips) 
Seat 6: m0nTTu ($101.22 in chips) 
Manifestorr: posts small blind $0.50
v1lo4ka: posts big blind $1
*** HOLE CARDS ***
m0nTTu: raises $1.50 to $2.50
ReVeu710: folds 
Manifestorr: folds 
v1lo4ka: folds 
Uncalled bet ($1.50) returned to m0nTTu
m0nTTu collected $2.50 from pot
m0nTTu: doesn't show hand 
*** SUMMARY ***
Total pot $2.50 | Rake $0 
Seat 1: ReVeu710 (button) folded before Flop (didn't bet)
Seat 3: Manifestorr (small blind) folded before Flop
Seat 4: v1lo4ka (big blind) folded before Flop
Seat 6: m0nTTu collected ($2.50)



PokerStars Hand #254341913744:  Hold'em No Limit ($0.50/$1.00 USD) - 2025/01/12 23:23:42 WET [2025/01/12 18:23:42 ET]
Table 'Vundtia II' 6-max Seat #3 is the button
Seat 1: ReVeu710 ($100 in chips) 
Seat 3: Manifestorr ($126.19 in chips) 
Seat 4: v1lo4ka ($100 in chips) 
Seat 6: m0nTTu ($102.72 in chips) 
v1lo4ka: posts small blind $0.50
m0nTTu: posts big blind $1
*** HOLE CARDS ***
ReVeu710: raises $1.30 to $2.30
Manifestorr: folds 
v1lo4ka: folds 
m0nTTu: raises $9.70 to $12
ReVeu710: calls $9.70
*** FLOP *** [8d 7d Qc]
m0nTTu: bets $11.75
nastja336 joins the table at seat #2 
ReVeu710: calls $11.75
*** TURN *** [8d 7d Qc] [Jc]
MKHNMM2000 joins the table at seat #5 
MKHNMM2000 is disconnected 
m0nTTu: bets $23.50
ReVeu710: raises $52.75 to $76.25 and is all-in
m0nTTu: folds 
Uncalled bet ($52.75) returned to ReVeu710
ReVeu710 collected $94 from pot
ReVeu710: doesn't show hand 
*** SUMMARY ***
Total pot $95 | Rake $1 
Board [8d 7d Qc Jc]
Seat 1: ReVeu710 collected ($94)
Seat 3: Manifestorr (button) folded before Flop (didn't bet)
Seat 4: v1lo4ka (small blind) folded before Flop
Seat 6: m0nTTu (big blind) folded on the Turn



PokerStars Hand #254341937234:  Hold'em No Limit ($0.50/$1.00 USD) - 2025/01/12 23:25:01 WET [2025/01/12 18:25:01 ET]
Table 'Vundtia II' 6-max Seat #4 is the button
Seat 1: ReVeu710 ($146.75 in chips) is sitting out
Seat 5: MKHNMM2000 ($100 in chips) is sitting out
Seat 2: nastja336 ($100 in chips) 
Seat 3: Manifestorr ($126.19 in chips) 
Seat 4: v1lo4ka ($100 in chips) 
Seat 6: m0nTTu ($55.47 in chips) 
m0nTTu: posts small blind $0.50
ReVeu710: is sitting out 
nastja336: posts big blind $1
*** HOLE CARDS ***
Manifestorr: folds 
ReVeu710 leaves the table
v1lo4ka: raises $1.20 to $2.20
SorinS28 joins the table at seat #1 
m0nTTu: raises $5.30 to $7.50
nastja336: folds 
v1lo4ka: folds 
Uncalled bet ($5.30) returned to m0nTTu
m0nTTu collected $5.40 from pot
m0nTTu: doesn't show hand 
*** SUMMARY ***
Total pot $5.40 | Rake $0 
Seat 1: ReVeu710
Seat 5: MKHNMM2000
Seat 2: nastja336 (big blind) folded before Flop
Seat 3: Manifestorr folded before Flop (didn't bet)
Seat 4: v1lo4ka (button) folded before Flop
Seat 6: m0nTTu (small blind) collected ($5.40)



PokerStars Hand #254341944742:  Hold'em No Limit ($0.50/$1.00 USD) - 2025/01/12 23:25:27 WET [2025/01/12 18:25:27 ET]
Table 'Vundtia II' 6-max Seat #6 is the button
Seat 1: SorinS28 ($100 in chips) is sitting out
Seat 2: nastja336 ($100 in chips) 
Seat 3: Manifestorr ($126.19 in chips) 
Seat 4: v1lo4ka ($100 in chips) 
Seat 5: MKHNMM2000 ($100 in chips) 
Seat 6: m0nTTu ($100 in chips) 
nastja336: posts small blind $0.50
Manifestorr: posts big blind $1
MKHNMM2000: posts big blind $1
*** HOLE CARDS ***
v1lo4ka: raises $2.50 to $3.50
MKHNMM2000: calls $2.50
m0nTTu: folds 
nastja336: folds 
Manifestorr: calls $2.50
*** FLOP *** [Jc 7s Qs]
Manifestorr: checks 
v1lo4ka: checks 
MKHNMM2000: checks 
*** TURN *** [Jc 7s Qs] [Tc]
Manifestorr: checks 
v1lo4ka: checks 
MKHNMM2000: checks 
*** RIVER *** [Jc 7s Qs Tc] [5h]
Manifestorr: bets $3.45
v1lo4ka: folds 
MKHNMM2000: calls $3.45
*** SHOW DOWN ***
Manifestorr: shows [Jh Ks] (a pair of Jacks)
MKHNMM2000: mucks hand 
Manifestorr collected $17 from pot
*** SUMMARY ***
Total pot $17.90 | Rake $0.90 
Board [Jc 7s Qs Tc 5h]
Seat 1: SorinS28
Seat 2: nastja336 (small blind) folded before Flop
Seat 3: Manifestorr (big blind) showed [Jh Ks] and won ($17) with a pair of Jacks
Seat 4: v1lo4ka folded on the River
Seat 5: MKHNMM2000 mucked
Seat 6: m0nTTu (button) folded before Flop (didn't bet)



PokerStars Hand #254341966783:  Hold'em No Limit ($0.50/$1.00 USD) - 2025/01/12 23:26:42 WET [2025/01/12 18:26:42 ET]
Table 'Vundtia II' 6-max Seat #2 is the button
Seat 1: SorinS28 ($100 in chips) is sitting out
Seat 2: nastja336 ($100 in chips) 
Seat 3: Manifestorr ($136.24 in chips) 
Seat 4: v1lo4ka ($100 in chips) 
Seat 5: MKHNMM2000 ($93.05 in chips) 
Seat 6: m0nTTu ($100 in chips) 
Manifestorr: posts small blind $0.50
v1lo4ka: posts big blind $1
SorinS28: sits out 
*** HOLE CARDS ***
MKHNMM2000: calls $1
m0nTTu: folds 
nastja336: folds 
Manifestorr: folds 
v1lo4ka: checks 
*** FLOP *** [Ad Kd Td]
v1lo4ka: checks 
MKHNMM2000: checks 
*** TURN *** [Ad Kd Td] [Qc]
v1lo4ka: checks 
MKHNMM2000: bets $2.38
v1lo4ka: folds 
Uncalled bet ($2.38) returned to MKHNMM2000
MKHNMM2000 collected $2.35 from pot
*** SUMMARY ***
Total pot $2.50 | Rake $0.15 
Board [Ad Kd Td Qc]
Seat 1: SorinS28
Seat 2: nastja336 (button) folded before Flop (didn't bet)
Seat 3: Manifestorr (small blind) folded before Flop
Seat 4: v1lo4ka (big blind) folded on the Turn
Seat 5: MKHNMM2000 collected ($2.35)
Seat 6: m0nTTu folded before Flop (didn't bet)



PokerStars Hand #254341978052:  Hold'em No Limit ($0.50/$1.00 USD) - 2025/01/12 23:27:21 WET [2025/01/12 18:27:21 ET]
Table 'Vundtia II' 6-max Seat #3 is the button
Seat 1: SorinS28 ($100 in chips) is sitting out
Seat 2: nastja336 ($100 in chips) 
Seat 3: Manifestorr ($135.74 in chips) 
Seat 4: v1lo4ka ($100 in chips) 
Seat 5: MKHNMM2000 ($94.40 in chips) 
Seat 6: m0nTTu ($100 in chips) 
v1lo4ka: posts small blind $0.50
MKHNMM2000: posts big blind $1
SorinS28: sits out 
*** HOLE CARDS ***
m0nTTu: raises $1.50 to $2.50
nastja336: folds 
Manifestorr: folds 
v1lo4ka: folds 
MKHNMM2000: folds 
Uncalled bet ($1.50) returned to m0nTTu
m0nTTu collected $2.50 from pot
m0nTTu: doesn't show hand 
*** SUMMARY ***
Total pot $2.50 | Rake $0 
Seat 1: SorinS28
Seat 2: nastja336 folded before Flop (didn't bet)
Seat 3: Manifestorr (button) folded before Flop (didn't bet)
Seat 4: v1lo4ka (small blind) folded before Flop
Seat 5: MKHNMM2000 (big blind) folded before Flop
Seat 6: m0nTTu collected ($2.50)



PokerStars Hand #254341981959:  Hold'em No Limit ($0.50/$1.00 USD) - 2025/01/12 23:27:35 WET [2025/01/12 18:27:35 ET]
Table 'Vundtia II' 6-max Seat #4 is the button
Seat 1: SorinS28 ($100 in chips) is sitting out
Seat 2: nastja336 ($100 in chips) 
Seat 3: Manifestorr ($135.74 in chips) 
Seat 4: v1lo4ka ($100 in chips) 
Seat 5: MKHNMM2000 ($93.40 in chips) 
Seat 6: m0nTTu ($101.50 in chips) 
MKHNMM2000: posts small blind $0.50
m0nTTu: posts big blind $1
SorinS28: sits out 
*** HOLE CARDS ***
nastja336: folds 
Manifestorr: folds 
v1lo4ka: raises $1.20 to $2.20
MKHNMM2000: calls $1.70
m0nTTu: folds 
*** FLOP *** [6h 3c 7s]
MKHNMM2000: checks 
v1lo4ka: checks 
*** TURN *** [6h 3c 7s] [Kc]
MKHNMM2000: checks 
v1lo4ka: bets $2.82
MKHNMM2000: calls $2.82
*** RIVER *** [6h 3c 7s Kc] [Js]
MKHNMM2000: checks 
v1lo4ka: bets $8.81
MKHNMM2000: calls $8.81
*** SHOW DOWN ***
v1lo4ka: shows [9s Qd] (high card King)
MKHNMM2000: shows [Jh Qh] (a pair of Jacks)
MKHNMM2000 collected $26.87 from pot
*** SUMMARY ***
Total pot $28.66 | Rake $1.79 
Board [6h 3c 7s Kc Js]
Seat 1: SorinS28
Seat 2: nastja336 folded before Flop (didn't bet)
Seat 3: Manifestorr folded before Flop (didn't bet)
Seat 4: v1lo4ka (button) showed [9s Qd] and lost with high card King
Seat 5: MKHNMM2000 (small blind) showed [Jh Qh] and won ($26.87) with a pair of Jacks
Seat 6: m0nTTu (big blind) folded before Flop



PokerStars Hand #254342039851:  Hold'em No Limit ($0.50/$1.00 USD) - 2025/01/12 23:30:54 WET [2025/01/12 18:30:54 ET]
Table 'Vundtia II' 6-max Seat #3 is the button
Seat 2: XneferX ($106.99 in chips) is sitting out
Seat 5: MKHNMM2000 ($104.24 in chips) is sitting out
Seat 1: SorinS28 ($100 in chips) 
Seat 3: Manifestorr ($140.14 in chips) 
Seat 4: v1lo4ka ($100 in chips) 
Seat 6: m0nTTu ($103.68 in chips) 
v1lo4ka: posts small blind $0.50
m0nTTu: posts big blind $1
XneferX: sits out 
*** HOLE CARDS ***
SorinS28: folds 
Manifestorr: raises $1.20 to $2.20
v1lo4ka: folds 
m0nTTu: folds 
Uncalled bet ($1.20) returned to Manifestorr
Manifestorr collected $2.50 from pot
*** SUMMARY ***
Total pot $2.50 | Rake $0 
Seat 2: XneferX
Seat 5: MKHNMM2000
Seat 1: SorinS28 folded before Flop (didn't bet)
Seat 3: Manifestorr (button) collected ($2.50)
Seat 4: v1lo4ka (small blind) folded before Flop
Seat 6: m0nTTu (big blind) folded before Flop



PokerStars Hand #254342043922:  Hold'em No Limit ($0.50/$1.00 USD) - 2025/01/12 23:31:08 WET [2025/01/12 18:31:08 ET]
Table 'Vundtia II' 6-max Seat #4 is the button
Seat 2: XneferX ($106.99 in chips) is sitting out
Seat 5: MKHNMM2000 ($104.24 in chips) is sitting out
Seat 1: SorinS28 ($100 in chips) 
Seat 3: Manifestorr ($141.64 in chips) 
Seat 4: v1lo4ka ($100 in chips) 
Seat 6: m0nTTu ($102.68 in chips) 
m0nTTu: posts small blind $0.50
SorinS28: posts big blind $1
XneferX: sits out 
*** HOLE CARDS ***
Manifestorr: raises $1.20 to $2.20
v1lo4ka: folds 
m0nTTu: folds 
SorinS28: calls $1.20
*** FLOP *** [7d Qs 6c]
SorinS28: checks 
Manifestorr: checks 
*** TURN *** [7d Qs 6c] [Ks]
SorinS28: checks 
Manifestorr: checks 
*** RIVER *** [7d Qs 6c Ks] [Kh]
SorinS28: bets $6.99
Manifestorr: folds 
Uncalled bet ($6.99) returned to SorinS28
SorinS28 collected $4.66 from pot
SorinS28: doesn't show hand 
*** SUMMARY ***
Total pot $4.90 | Rake $0.24 
Board [7d Qs 6c Ks Kh]
Seat 2: XneferX
Seat 5: MKHNMM2000
Seat 1: SorinS28 (big blind) collected ($4.66)
Seat 3: Manifestorr folded on the River
Seat 4: v1lo4ka (button) folded before Flop (didn't bet)
Seat 6: m0nTTu (small blind) folded before Flop



PokerStars Hand #254342067800:  Hold'em No Limit ($0.50/$1.00 USD) - 2025/01/12 23:32:31 WET [2025/01/12 18:32:31 ET]
Table 'Vundtia II' 6-max Seat #6 is the button
Seat 5: MKHNMM2000 ($104.24 in chips) is sitting out
Seat 1: SorinS28 ($102.46 in chips) 
Seat 2: XneferX ($106.99 in chips) 
Seat 3: Manifestorr ($139.44 in chips) 
Seat 4: v1lo4ka ($100 in chips) 
Seat 6: m0nTTu ($102.18 in chips) 
SorinS28: posts small blind $0.50
XneferX: posts big blind $1
*** HOLE CARDS ***
Manifestorr: raises $1.20 to $2.20
v1lo4ka: folds 
m0nTTu: raises $5.30 to $7.50
SorinS28: folds 
XneferX: folds 
Manifestorr: folds 
Uncalled bet ($5.30) returned to m0nTTu
m0nTTu collected $5.90 from pot
m0nTTu: doesn't show hand 
*** SUMMARY ***
Total pot $5.90 | Rake $0 
Seat 5: MKHNMM2000
Seat 1: SorinS28 (small blind) folded before Flop
Seat 2: XneferX (big blind) folded before Flop
Seat 3: Manifestorr folded before Flop
Seat 4: v1lo4ka folded before Flop (didn't bet)
Seat 6: m0nTTu (button) collected ($5.90)



PokerStars Hand #254342073998:  Hold'em No Limit ($0.50/$1.00 USD) - 2025/01/12 23:32:52 WET [2025/01/12 18:32:52 ET]
Table 'Vundtia II' 6-max Seat #1 is the button
Seat 3: Manifestorr ($137.24 in chips) is sitting out
Seat 4: v1lo4ka ($100 in chips) is sitting out
Seat 5: MKHNMM2000 ($104.24 in chips) is sitting out
Seat 1: SorinS28 ($101.96 in chips) 
Seat 2: XneferX ($105.99 in chips) 
Seat 6: m0nTTu ($105.88 in chips) 
XneferX: posts small blind $0.50
Manifestorr: is sitting out 
v1lo4ka: is sitting out 
m0nTTu: posts big blind $1
*** HOLE CARDS ***
SorinS28: raises $1.50 to $2.50
XneferX: folds 
Manifestorr leaves the table
m0nTTu: calls $1.50
*** FLOP *** [7s Jh Kd]
m0nTTu: checks 
Gaita_toien joins the table at seat #3 
v1lo4ka leaves the table
SorinS28: bets $1.30
m0nTTu: raises $5.87 to $7.17
v1lo4ka joins the table at seat #4 
SorinS28: folds 
Uncalled bet ($5.87) returned to m0nTTu
m0nTTu collected $7.70 from pot
m0nTTu: doesn't show hand 
*** SUMMARY ***
Total pot $8.10 | Rake $0.40 
Board [7s Jh Kd]
Seat 3: Manifestorr
Seat 4: v1lo4ka
Seat 5: MKHNMM2000
Seat 1: SorinS28 (button) folded on the Flop
Seat 2: XneferX (small blind) folded before Flop
Seat 6: m0nTTu (big blind) collected ($7.70)



PokerStars Hand #254342095715:  Hold'em No Limit ($0.50/$1.00 USD) - 2025/01/12 23:34:08 WET [2025/01/12 18:34:08 ET]
Table 'Vundtia II' 6-max Seat #3 is the button
Seat 2: XneferX ($105.49 in chips) is sitting out
Seat 5: MKHNMM2000 ($104.24 in chips) is sitting out
Seat 3: Gaita_toien ($100 in chips) 
Seat 4: v1lo4ka ($100 in chips) 
Seat 6: m0nTTu ($109.78 in chips) 
v1lo4ka: posts small blind $0.50
m0nTTu: posts big blind $1
*** HOLE CARDS ***
XneferX leaves the table
Gaita_toien: raises $1.50 to $2.50
v1lo4ka: folds 
m0nTTu: calls $1.50
*** FLOP *** [Ah 2d 3s]
m0nTTu: checks 
Gaita_toien: bets $1.51
m0nTTu: folds 
Uncalled bet ($1.51) returned to Gaita_toien
Gaita_toien collected $5.22 from pot
Gaita_toien: doesn't show hand 
*** SUMMARY ***
Total pot $5.50 | Rake $0.28 
Board [Ah 2d 3s]
Seat 2: XneferX
Seat 5: MKHNMM2000
Seat 3: Gaita_toien (button) collected ($5.22)
Seat 4: v1lo4ka (small blind) folded before Flop
Seat 6: m0nTTu (big blind) folded on the Flop



PokerStars Hand #254342122750:  Hold'em No Limit ($0.50/$1.00 USD) - 2025/01/12 23:35:44 WET [2025/01/12 18:35:44 ET]
Table 'Vundtia II' 6-max Seat #4 is the button
Seat 1: IREQO ($89.63 in chips) is sitting out
Seat 3: Gaita_toien ($102.72 in chips) is sitting out
Seat 5: MKHNMM2000 ($104.24 in chips) is sitting out
Seat 2: Armin1992550 ($55.42 in chips) 
Seat 4: nastja336 ($100 in chips) 
Seat 6: m0nTTu ($107.28 in chips) 
m0nTTu: posts small blind $0.50
Armin1992550: posts big blind $1
*** HOLE CARDS ***
nastja336: folds 
m0nTTu: folds 
Uncalled bet ($0.50) returned to Armin1992550
Armin1992550 collected $1 from pot
*** SUMMARY ***
Total pot $1 | Rake $0 
Seat 1: IREQO
Seat 3: Gaita_toien
Seat 5: MKHNMM2000
Seat 2: Armin1992550 (big blind) collected ($1)
Seat 4: nastja336 (button) folded before Flop (didn't bet)
Seat 6: m0nTTu (small blind) folded before Flop



PokerStars Hand #254342126543:  Hold'em No Limit ($0.50/$1.00 USD) - 2025/01/12 23:35:58 WET [2025/01/12 18:35:58 ET]
Table 'Vundtia II' 6-max Seat #6 is the button
Seat 1: IREQO ($89.63 in chips) is sitting out
Seat 5: MKHNMM2000 ($104.24 in chips) is sitting out
Seat 2: Armin1992550 ($55.92 in chips) 
Seat 3: Gaita_toien ($102.72 in chips) 
Seat 4: nastja336 ($100 in chips) 
Seat 6: m0nTTu ($106.78 in chips) 
Armin1992550: posts small blind $0.50
Gaita_toien: posts big blind $1
*** HOLE CARDS ***
nastja336: raises $1.50 to $2.50
m0nTTu: folds 
Armin1992550: folds 
Gaita_toien: folds 
Uncalled bet ($1.50) returned to nastja336
nastja336 collected $2.50 from pot
nastja336: doesn't show hand 
*** SUMMARY ***
Total pot $2.50 | Rake $0 
Seat 1: IREQO
Seat 5: MKHNMM2000
Seat 2: Armin1992550 (small blind) folded before Flop
Seat 3: Gaita_toien (big blind) folded before Flop
Seat 4: nastja336 collected ($2.50)
Seat 6: m0nTTu (button) folded before Flop (didn't bet)



PokerStars Hand #254342132815:  Hold'em No Limit ($0.50/$1.00 USD) - 2025/01/12 23:36:21 WET [2025/01/12 18:36:21 ET]
Table 'Vundtia II' 6-max Seat #2 is the button
Seat 1: IREQO ($89.63 in chips) is sitting out
Seat 5: MKHNMM2000 ($104.24 in chips) is sitting out
Seat 2: Armin1992550 ($55.42 in chips) 
Seat 3: Gaita_toien ($101.72 in chips) 
Seat 4: nastja336 ($101.50 in chips) 
Seat 6: m0nTTu ($106.78 in chips) 
Gaita_toien: posts small blind $0.50
nastja336: posts big blind $1
IREQO: sits out 
*** HOLE CARDS ***
m0nTTu: folds 
Armin1992550: calls $1
Gaita_toien: folds 
nastja336: checks 
*** FLOP *** [Qh Js Ad]
nastja336: checks 
Armin1992550: bets $1
nastja336: folds 
Uncalled bet ($1) returned to Armin1992550
Armin1992550 collected $2.35 from pot
*** SUMMARY ***
Total pot $2.50 | Rake $0.15 
Board [Qh Js Ad]
Seat 1: IREQO
Seat 5: MKHNMM2000
Seat 2: Armin1992550 (button) collected ($2.35)
Seat 3: Gaita_toien (small blind) folded before Flop
Seat 4: nastja336 (big blind) folded on the Flop
Seat 6: m0nTTu folded before Flop (didn't bet)



PokerStars Hand #254342139376:  Hold'em No Limit ($0.50/$1.00 USD) - 2025/01/12 23:36:44 WET [2025/01/12 18:36:44 ET]
Table 'Vundtia II' 6-max Seat #3 is the button
Seat 1: IREQO ($89.63 in chips) is sitting out
Seat 5: MKHNMM2000 ($104.24 in chips) is sitting out
Seat 2: Armin1992550 ($56.77 in chips) 
Seat 3: Gaita_toien ($101.22 in chips) 
Seat 4: nastja336 ($100.50 in chips) 
Seat 6: m0nTTu ($106.78 in chips) 
nastja336: posts small blind $0.50
m0nTTu: posts big blind $1
IREQO: sits out 
*** HOLE CARDS ***
Armin1992550: folds 
Gaita_toien: raises $1.50 to $2.50
nastja336: folds 
m0nTTu: folds 
Uncalled bet ($1.50) returned to Gaita_toien
Gaita_toien collected $2.50 from pot
Gaita_toien: doesn't show hand 
*** SUMMARY ***
Total pot $2.50 | Rake $0 
Seat 1: IREQO
Seat 5: MKHNMM2000
Seat 2: Armin1992550 folded before Flop (didn't bet)
Seat 3: Gaita_toien (button) collected ($2.50)
Seat 4: nastja336 (small blind) folded before Flop
Seat 6: m0nTTu (big blind) folded before Flop



PokerStars Hand #254342143089:  Hold'em No Limit ($0.50/$1.00 USD) - 2025/01/12 23:36:57 WET [2025/01/12 18:36:57 ET]
Table 'Vundtia II' 6-max Seat #4 is the button
Seat 5: MKHNMM2000 ($104.24 in chips) is sitting out
Seat 1: IREQO ($89.63 in chips) 
Seat 2: Armin1992550 ($56.77 in chips) 
Seat 3: Gaita_toien ($102.72 in chips) 
Seat 4: nastja336 ($100 in chips) 
Seat 6: m0nTTu ($105.78 in chips) 
m0nTTu: posts small blind $0.50
IREQO: posts big blind $1
*** HOLE CARDS ***
Armin1992550: calls $1
Gaita_toien: folds 
nastja336: raises $4 to $5
m0nTTu: folds 
IREQO: folds 
Armin1992550: folds 
Uncalled bet ($4) returned to nastja336
nastja336 collected $3.50 from pot
nastja336: doesn't show hand 
*** SUMMARY ***
Total pot $3.50 | Rake $0 
Seat 5: MKHNMM2000
Seat 1: IREQO (big blind) folded before Flop
Seat 2: Armin1992550 folded before Flop
Seat 3: Gaita_toien folded before Flop (didn't bet)
Seat 4: nastja336 (button) collected ($3.50)
Seat 6: m0nTTu (small blind) folded before Flop



PokerStars Hand #254342152385:  Hold'em No Limit ($0.50/$1.00 USD) - 2025/01/12 23:37:30 WET [2025/01/12 18:37:30 ET]
Table 'Vundtia II' 6-max Seat #6 is the button
Seat 5: MKHNMM2000 ($104.24 in chips) is sitting out
Seat 1: IREQO ($88.63 in chips) 
Seat 2: Armin1992550 ($55.77 in chips) 
Seat 3: Gaita_toien ($102.72 in chips) 
Seat 4: nastja336 ($102.50 in chips) 
Seat 6: m0nTTu ($105.28 in chips) 
IREQO: posts small blind $0.50
Armin1992550: posts big blind $1
*** HOLE CARDS ***
Gaita_toien: folds 
nastja336: folds 
m0nTTu: folds 
IREQO: raises $1.50 to $2.50
Armin1992550: calls $1.50
*** FLOP *** [8h 3d 9d]
IREQO: checks 
Armin1992550: bets $4
IREQO: folds 
Uncalled bet ($4) returned to Armin1992550
Armin1992550 collected $4.69 from pot
*** SUMMARY ***
Total pot $5 | Rake $0.31 
Board [8h 3d 9d]
Seat 5: MKHNMM2000
Seat 1: IREQO (small blind) folded on the Flop
Seat 2: Armin1992550 (big blind) collected ($4.69)
Seat 3: Gaita_toien folded before Flop (didn't bet)
Seat 4: nastja336 folded before Flop (didn't bet)
Seat 6: m0nTTu (button) folded before Flop (didn't bet)



PokerStars Hand #254342165335:  Hold'em No Limit ($0.50/$1.00 USD) - 2025/01/12 23:38:16 WET [2025/01/12 18:38:16 ET]
Table 'Vundtia II' 6-max Seat #1 is the button
Seat 5: MKHNMM2000 ($104.24 in chips) is sitting out
Seat 1: IREQO ($86.13 in chips) 
Seat 2: Armin1992550 ($57.96 in chips) 
Seat 3: Gaita_toien ($102.72 in chips) 
Seat 4: nastja336 ($102.50 in chips) 
Seat 6: m0nTTu ($105.28 in chips) 
Armin1992550: posts small blind $0.50
Gaita_toien: posts big blind $1
*** HOLE CARDS ***
nastja336: raises $1.50 to $2.50
m0nTTu: folds 
IREQO: folds 
Armin1992550: calls $2
Gaita_toien: folds 
*** FLOP *** [5s 4h Ks]
Armin1992550: bets $5
nastja336: folds 
Uncalled bet ($5) returned to Armin1992550
Armin1992550 collected $5.62 from pot
*** SUMMARY ***
Total pot $6 | Rake $0.38 
Board [5s 4h Ks]
Seat 5: MKHNMM2000
Seat 1: IREQO (button) folded before Flop (didn't bet)
Seat 2: Armin1992550 (small blind) collected ($5.62)
Seat 3: Gaita_toien (big blind) folded before Flop
Seat 4: nastja336 folded on the Flop
Seat 6: m0nTTu folded before Flop (didn't bet)



PokerStars Hand #254342174333:  Hold'em No Limit ($0.50/$1.00 USD) - 2025/01/12 23:38:48 WET [2025/01/12 18:38:48 ET]
Table 'Vundtia II' 6-max Seat #2 is the button
Seat 5: MKHNMM2000 ($104.24 in chips) is sitting out
Seat 1: IREQO ($86.13 in chips) 
Seat 2: Armin1992550 ($61.08 in chips) 
Seat 3: Gaita_toien ($101.72 in chips) 
Seat 4: nastja336 ($100 in chips) 
Seat 6: m0nTTu ($105.28 in chips) 
Gaita_toien: posts small blind $0.50
nastja336: posts big blind $1
*** HOLE CARDS ***
m0nTTu: folds 
IREQO: raises $1.50 to $2.50
Armin1992550: calls $2.50
Gaita_toien: raises $10.40 to $12.90
nastja336: folds 
IREQO: folds 
Armin1992550: calls $10.40
*** FLOP *** [7d Ks 2s]
Gaita_toien: bets $8.07
Armin1992550: raises $40.11 to $48.18 and is all-in
Gaita_toien: calls $40.11
*** TURN *** [7d Ks 2s] [Qd]
*** RIVER *** [7d Ks 2s Qd] [4s]
*** SHOW DOWN ***
Gaita_toien: shows [Kh Ac] (a pair of Kings)
Armin1992550: shows [Jd Td] (high card King)
Gaita_toien collected $123.16 from pot
*** SUMMARY ***
Total pot $125.66 | Rake $2.50 
Board [7d Ks 2s Qd 4s]
Seat 5: MKHNMM2000
Seat 1: IREQO folded before Flop
Seat 2: Armin1992550 (button) showed [Jd Td] and lost with high card King
Seat 3: Gaita_toien (small blind) showed [Kh Ac] and won ($123.16) with a pair of Kings
Seat 4: nastja336 (big blind) folded before Flop
Seat 6: m0nTTu folded before Flop (didn't bet)



PokerStars Hand #254342199217:  Hold'em No Limit ($0.50/$1.00 USD) - 2025/01/12 23:40:17 WET [2025/01/12 18:40:17 ET]
Table 'Vundtia II' 6-max Seat #3 is the button
Seat 2: Armin1992550 ($0 in chips) is sitting out
Seat 5: MKHNMM2000 ($104.24 in chips) is sitting out
Seat 1: IREQO ($83.63 in chips) 
Seat 3: Gaita_toien ($163.80 in chips) 
Seat 4: nastja336 ($100 in chips) 
Seat 6: m0nTTu ($105.28 in chips) 
nastja336: posts small blind $0.50
m0nTTu: posts big blind $1
*** HOLE CARDS ***
IREQO: folds 
Gaita_toien: raises $1.50 to $2.50
nastja336: folds 
MKHNMM2000 leaves the table
m0nTTu: raises $10.50 to $13
Gaita_toien: folds 
Uncalled bet ($10.50) returned to m0nTTu
m0nTTu collected $5.50 from pot
m0nTTu: doesn't show hand 
*** SUMMARY ***
Total pot $5.50 | Rake $0 
Seat 2: Armin1992550
Seat 5: MKHNMM2000
Seat 1: IREQO folded before Flop (didn't bet)
Seat 3: Gaita_toien (button) folded before Flop
Seat 4: nastja336 (small blind) folded before Flop
Seat 6: m0nTTu (big blind) collected ($5.50)



PokerStars Hand #254342208819:  Hold'em No Limit ($0.50/$1.00 USD) - 2025/01/12 23:40:52 WET [2025/01/12 18:40:52 ET]
Table 'Vundtia II' 6-max Seat #6 is the button
Seat 1: IREQO ($83.63 in chips) is sitting out
Seat 2: Armin1992550 ($0 in chips) is sitting out
Seat 3: Gaita_toien ($161.30 in chips) is sitting out
Seat 4: nastja336 ($100 in chips) 
Seat 6: m0nTTu ($108.28 in chips) 
m0nTTu: posts small blind $0.50
IREQO: is sitting out 
Gaita_toien: is sitting out 
nastja336: posts big blind $1
*** HOLE CARDS ***
m0nTTu: raises $1.50 to $2.50
nastja336: folds 
Uncalled bet ($1.50) returned to m0nTTu
m0nTTu collected $2 from pot
m0nTTu: doesn't show hand 
Gaita_toien leaves the table
*** SUMMARY ***
Total pot $2 | Rake $0 
Seat 1: IREQO
Seat 2: Armin1992550
Seat 3: Gaita_toien
Seat 4: nastja336 (big blind) folded before Flop
Seat 6: m0nTTu (button) (small blind) collected ($2)



PokerStars Hand #254342211436:  Hold'em No Limit ($0.50/$1.00 USD) - 2025/01/12 23:41:01 WET [2025/01/12 18:41:01 ET]
Table 'Vundtia II' 6-max Seat #4 is the button
Seat 1: IREQO ($83.63 in chips) is sitting out
Seat 2: Armin1992550 ($0 in chips) is sitting out
Seat 4: nastja336 ($100 in chips) 
Seat 6: m0nTTu ($109.28 in chips) 
nastja336: posts small blind $0.50
m0nTTu: posts big blind $1
*** HOLE CARDS ***
nastja336: raises $2 to $3
m0nTTu: calls $2
*** FLOP *** [4d 2s Td]
m0nTTu: checks 
nastja336: bets $1.88
m0nTTu: calls $1.88
*** TURN *** [4d 2s Td] [6h]
m0nTTu: checks 
nastja336: bets $13.50
m0nTTu: calls $13.50
*** RIVER *** [4d 2s Td 6h] [Jd]
m0nTTu: checks 
nastja336: checks 
*** SHOW DOWN ***
m0nTTu: shows [Kd 6s] (a pair of Sixes)
nastja336: mucks hand 
m0nTTu collected $35.76 from pot
*** SUMMARY ***
Total pot $36.76 | Rake $1 
Board [4d 2s Td 6h Jd]
Seat 1: IREQO
Seat 2: Armin1992550
Seat 4: nastja336 (button) (small blind) mucked
Seat 6: m0nTTu (big blind) showed [Kd 6s] and won ($35.76) with a pair of Sixes



PokerStars Hand #254342229539:  Hold'em No Limit ($0.50/$1.00 USD) - 2025/01/12 23:42:07 WET [2025/01/12 18:42:07 ET]
Table 'Vundtia II' 6-max Seat #6 is the button
Seat 1: IREQO ($83.63 in chips) is sitting out
Seat 2: Armin1992550 ($0 in chips) is sitting out
Seat 4: nastja336 ($100 in chips) 
Seat 6: m0nTTu ($126.66 in chips) 
m0nTTu: posts small blind $0.50
nastja336: posts big blind $1
*** HOLE CARDS ***
m0nTTu: raises $1.50 to $2.50
nastja336: calls $1.50
*** FLOP *** [9c 8c 9d]
nastja336: checks 
m0nTTu: bets $1.57
nastja336: calls $1.57
*** TURN *** [9c 8c 9d] [Ac]
nastja336: checks 
m0nTTu: bets $3.87
nastja336: raises $8.63 to $12.50
m0nTTu: folds 
Uncalled bet ($8.63) returned to nastja336
nastja336 collected $15.09 from pot
nastja336: doesn't show hand 
*** SUMMARY ***
Total pot $15.88 | Rake $0.79 
Board [9c 8c 9d Ac]
Seat 1: IREQO
Seat 2: Armin1992550
Seat 4: nastja336 (big blind) collected ($15.09)
Seat 6: m0nTTu (button) (small blind) folded on the Turn



