PokerStars Hand #254329205004:  Hold'em No Limit ($0.50/$1.00 USD) - 2025/01/12 11:52:46 WET [2025/01/12 6:52:46 ET]
Table 'Nemausa III' 6-max Seat #4 is the button
Seat 1: kars0n ($106.22 in chips) 
Seat 2: mr.Jckpot ($100 in chips) 
Seat 3: KarP93 ($116.61 in chips) 
Seat 4: Mabel1411 ($100.72 in chips) 
Seat 5: nastja336 ($108.48 in chips) 
Seat 6: shootingGRID ($100 in chips) 
nastja336: posts small blind $0.50
shootingGRID: posts big blind $1
*** HOLE CARDS ***
kars0n: raises $1 to $2
mr.Jckpot: folds 
KarP93: folds 
Mabel1411: folds 
nastja336: folds 
shootingGRID: calls $1
*** FLOP *** [9c Kd 8h]
shootingGRID: bets $2.82
kars0n: calls $2.82
*** TURN *** [9c Kd 8h] [6c]
shootingGRID: checks 
kars0n: bets $14.45
shootingGRID: calls $14.45
*** RIVER *** [9c Kd 8h 6c] [2s]
shootingGRID: checks 
kars0n: checks 
*** SHOW DOWN ***
shootingGRID: shows [Kc Ts] (a pair of Kings)
kars0n: mucks hand 
shootingGRID collected $37.09 from pot
*** SUMMARY ***
Total pot $39.04 | Rake $1.95 
Board [9c Kd 8h 6c 2s]
Seat 1: kars0n mucked
Seat 2: mr.Jckpot folded before Flop (didn't bet)
Seat 3: KarP93 folded before Flop (didn't bet)
Seat 4: Mabel1411 (button) folded before Flop (didn't bet)
Seat 5: nastja336 (small blind) folded before Flop
Seat 6: shootingGRID (big blind) showed [Kc Ts] and won ($37.09) with a pair of Kings



PokerStars Hand #254329216695:  Hold'em No Limit ($0.50/$1.00 USD) - 2025/01/12 11:54:04 WET [2025/01/12 6:54:04 ET]
Table 'Nemausa III' 6-max Seat #5 is the button
Seat 1: kars0n ($100 in chips) 
Seat 2: mr.Jckpot ($100 in chips) 
Seat 3: KarP93 ($116.61 in chips) 
Seat 4: Mabel1411 ($100.72 in chips) 
Seat 5: nastja336 ($107.98 in chips) 
Seat 6: shootingGRID ($117.82 in chips) 
shootingGRID: posts small blind $0.50
kars0n: posts big blind $1
*** HOLE CARDS ***
mr.Jckpot: folds 
KarP93: folds 
Mabel1411: calls $1
nastja336: folds 
shootingGRID: raises $4.50 to $5.50
kars0n: folds 
Mabel1411: calls $4.50
*** FLOP *** [Ah Jc As]
shootingGRID: bets $3.76
Mabel1411: folds 
Uncalled bet ($3.76) returned to shootingGRID
shootingGRID collected $11.40 from pot
*** SUMMARY ***
Total pot $12 | Rake $0.60 
Board [Ah Jc As]
Seat 1: kars0n (big blind) folded before Flop
Seat 2: mr.Jckpot folded before Flop (didn't bet)
Seat 3: KarP93 folded before Flop (didn't bet)
Seat 4: Mabel1411 folded on the Flop
Seat 5: nastja336 (button) folded before Flop (didn't bet)
Seat 6: shootingGRID (small blind) collected ($11.40)



PokerStars Hand #254329222352:  Hold'em No Limit ($0.50/$1.00 USD) - 2025/01/12 11:54:41 WET [2025/01/12 6:54:41 ET]
Table 'Nemausa III' 6-max Seat #6 is the button
Seat 1: kars0n ($100 in chips) 
Seat 2: mr.Jckpot ($100 in chips) 
Seat 3: KarP93 ($116.61 in chips) 
Seat 4: Mabel1411 ($95.22 in chips) 
Seat 5: nastja336 ($107.98 in chips) 
Seat 6: shootingGRID ($123.72 in chips) 
kars0n: posts small blind $0.50
mr.Jckpot: posts big blind $1
*** HOLE CARDS ***
KarP93: folds 
Mabel1411: folds 
nastja336: folds 
shootingGRID: raises $1.25 to $2.25
kars0n: folds 
mr.Jckpot: calls $1.25
*** FLOP *** [Js Qs Th]
mr.Jckpot: checks 
shootingGRID: bets $1.57
mr.Jckpot: folds 
Uncalled bet ($1.57) returned to shootingGRID
shootingGRID collected $4.75 from pot
*** SUMMARY ***
Total pot $5 | Rake $0.25 
Board [Js Qs Th]
Seat 1: kars0n (small blind) folded before Flop
Seat 2: mr.Jckpot (big blind) folded on the Flop
Seat 3: KarP93 folded before Flop (didn't bet)
Seat 4: Mabel1411 folded before Flop (didn't bet)
Seat 5: nastja336 folded before Flop (didn't bet)
Seat 6: shootingGRID (button) collected ($4.75)



PokerStars Hand #254329226379:  Hold'em No Limit ($0.50/$1.00 USD) - 2025/01/12 11:55:10 WET [2025/01/12 6:55:10 ET]
Table 'Nemausa III' 6-max Seat #1 is the button
Seat 1: kars0n ($100 in chips) 
Seat 2: mr.Jckpot ($100 in chips) 
Seat 3: KarP93 ($116.61 in chips) 
Seat 4: Mabel1411 ($95.22 in chips) 
Seat 5: nastja336 ($107.98 in chips) 
Seat 6: shootingGRID ($126.22 in chips) 
mr.Jckpot: posts small blind $0.50
KarP93: posts big blind $1
*** HOLE CARDS ***
Mabel1411: folds 
nastja336: folds 
shootingGRID: raises $1.25 to $2.25
kars0n: raises $5.25 to $7.50
mr.Jckpot: folds 
KarP93: folds 
shootingGRID: folds 
Uncalled bet ($5.25) returned to kars0n
kars0n collected $6 from pot
kars0n: doesn't show hand 
*** SUMMARY ***
Total pot $6 | Rake $0 
Seat 1: kars0n (button) collected ($6)
Seat 2: mr.Jckpot (small blind) folded before Flop
Seat 3: KarP93 (big blind) folded before Flop
Seat 4: Mabel1411 folded before Flop (didn't bet)
Seat 5: nastja336 folded before Flop (didn't bet)
Seat 6: shootingGRID folded before Flop



PokerStars Hand #254329230442:  Hold'em No Limit ($0.50/$1.00 USD) - 2025/01/12 11:55:42 WET [2025/01/12 6:55:42 ET]
Table 'Nemausa III' 6-max Seat #2 is the button
Seat 1: kars0n ($103.75 in chips) 
Seat 2: mr.Jckpot ($100 in chips) 
Seat 3: KarP93 ($115.61 in chips) 
Seat 4: Mabel1411 ($95.22 in chips) 
Seat 5: nastja336 ($107.98 in chips) 
Seat 6: shootingGRID ($123.97 in chips) 
KarP93: posts small blind $0.50
Mabel1411: posts big blind $1
*** HOLE CARDS ***
nastja336: folds 
shootingGRID: folds 
kars0n: folds 
mr.Jckpot: folds 
KarP93: folds 
Uncalled bet ($0.50) returned to Mabel1411
Mabel1411 collected $1 from pot
*** SUMMARY ***
Total pot $1 | Rake $0 
Seat 1: kars0n folded before Flop (didn't bet)
Seat 2: mr.Jckpot (button) folded before Flop (didn't bet)
Seat 3: KarP93 (small blind) folded before Flop
Seat 4: Mabel1411 (big blind) collected ($1)
Seat 5: nastja336 folded before Flop (didn't bet)
Seat 6: shootingGRID folded before Flop (didn't bet)



PokerStars Hand #254329232333:  Hold'em No Limit ($0.50/$1.00 USD) - 2025/01/12 11:55:58 WET [2025/01/12 6:55:58 ET]
Table 'Nemausa III' 6-max Seat #3 is the button
Seat 1: kars0n ($103.75 in chips) 
Seat 2: mr.Jckpot ($100 in chips) 
Seat 3: KarP93 ($115.11 in chips) 
Seat 4: Mabel1411 ($95.72 in chips) 
Seat 5: nastja336 ($107.98 in chips) 
Seat 6: shootingGRID ($123.97 in chips) 
Mabel1411: posts small blind $0.50
nastja336: posts big blind $1
*** HOLE CARDS ***
shootingGRID: folds 
kars0n: folds 
mr.Jckpot: folds 
KarP93: raises $1.50 to $2.50
Mabel1411: calls $2
nastja336: calls $1.50
*** FLOP *** [8h 2s Qc]
Mabel1411: checks 
nastja336: checks 
KarP93: checks 
*** TURN *** [8h 2s Qc] [Th]
Mabel1411: checks 
nastja336: bets $1.75
KarP93: folds 
Mabel1411: calls $1.75
*** RIVER *** [8h 2s Qc Th] [Kc]
Mabel1411: checks 
nastja336: checks 
*** SHOW DOWN ***
Mabel1411: shows [7h Ad] (high card Ace)
nastja336: shows [9c Ts] (a pair of Tens)
nastja336 collected $10.45 from pot
*** SUMMARY ***
Total pot $11 | Rake $0.55 
Board [8h 2s Qc Th Kc]
Seat 1: kars0n folded before Flop (didn't bet)
Seat 2: mr.Jckpot folded before Flop (didn't bet)
Seat 3: KarP93 (button) folded on the Turn
Seat 4: Mabel1411 (small blind) showed [7h Ad] and lost with high card Ace
Seat 5: nastja336 (big blind) showed [9c Ts] and won ($10.45) with a pair of Tens
Seat 6: shootingGRID folded before Flop (didn't bet)



PokerStars Hand #254329238112:  Hold'em No Limit ($0.50/$1.00 USD) - 2025/01/12 11:56:43 WET [2025/01/12 6:56:43 ET]
Table 'Nemausa III' 6-max Seat #4 is the button
Seat 1: kars0n ($103.75 in chips) 
Seat 2: mr.Jckpot ($100 in chips) 
Seat 3: KarP93 ($112.61 in chips) 
Seat 4: Mabel1411 ($91.47 in chips) 
Seat 5: nastja336 ($114.18 in chips) 
Seat 6: shootingGRID ($123.97 in chips) 
nastja336: posts small blind $0.50
shootingGRID: posts big blind $1
*** HOLE CARDS ***
kars0n: folds 
mr.Jckpot: folds 
KarP93: raises $1.50 to $2.50
Mabel1411: folds 
nastja336: folds 
shootingGRID: folds 
Uncalled bet ($1.50) returned to KarP93
KarP93 collected $2.50 from pot
KarP93: doesn't show hand 
*** SUMMARY ***
Total pot $2.50 | Rake $0 
Seat 1: kars0n folded before Flop (didn't bet)
Seat 2: mr.Jckpot folded before Flop (didn't bet)
Seat 3: KarP93 collected ($2.50)
Seat 4: Mabel1411 (button) folded before Flop (didn't bet)
Seat 5: nastja336 (small blind) folded before Flop
Seat 6: shootingGRID (big blind) folded before Flop



PokerStars Hand #254329239829:  Hold'em No Limit ($0.50/$1.00 USD) - 2025/01/12 11:56:57 WET [2025/01/12 6:56:57 ET]
Table 'Nemausa III' 6-max Seat #5 is the button
Seat 1: kars0n ($103.75 in chips) 
Seat 2: mr.Jckpot ($100 in chips) 
Seat 3: KarP93 ($114.11 in chips) 
Seat 4: Mabel1411 ($91.47 in chips) 
Seat 5: nastja336 ($113.68 in chips) 
Seat 6: shootingGRID ($122.97 in chips) 
shootingGRID: posts small blind $0.50
kars0n: posts big blind $1
*** HOLE CARDS ***
mr.Jckpot: folds 
KarP93: raises $1.50 to $2.50
Mabel1411: folds 
nastja336: folds 
shootingGRID: folds 
kars0n: folds 
Uncalled bet ($1.50) returned to KarP93
KarP93 collected $2.50 from pot
KarP93: doesn't show hand 
*** SUMMARY ***
Total pot $2.50 | Rake $0 
Seat 1: kars0n (big blind) folded before Flop
Seat 2: mr.Jckpot folded before Flop (didn't bet)
Seat 3: KarP93 collected ($2.50)
Seat 4: Mabel1411 folded before Flop (didn't bet)
Seat 5: nastja336 (button) folded before Flop (didn't bet)
Seat 6: shootingGRID (small blind) folded before Flop



PokerStars Hand #254329242041:  Hold'em No Limit ($0.50/$1.00 USD) - 2025/01/12 11:57:14 WET [2025/01/12 6:57:14 ET]
Table 'Nemausa III' 6-max Seat #6 is the button
Seat 1: kars0n ($102.75 in chips) 
Seat 2: mr.Jckpot ($100 in chips) 
Seat 3: KarP93 ($115.61 in chips) 
Seat 4: Mabel1411 ($91.47 in chips) 
Seat 5: nastja336 ($113.68 in chips) 
Seat 6: shootingGRID ($122.47 in chips) 
kars0n: posts small blind $0.50
mr.Jckpot: posts big blind $1
*** HOLE CARDS ***
KarP93: raises $1.50 to $2.50
Mabel1411: folds 
nastja336: raises $6.50 to $9
shootingGRID: folds 
kars0n: folds 
mr.Jckpot: folds 
KarP93: folds 
Uncalled bet ($6.50) returned to nastja336
nastja336 collected $6.50 from pot
nastja336: doesn't show hand 
*** SUMMARY ***
Total pot $6.50 | Rake $0 
Seat 1: kars0n (small blind) folded before Flop
Seat 2: mr.Jckpot (big blind) folded before Flop
Seat 3: KarP93 folded before Flop
Seat 4: Mabel1411 folded before Flop (didn't bet)
Seat 5: nastja336 collected ($6.50)
Seat 6: shootingGRID (button) folded before Flop (didn't bet)



PokerStars Hand #254329245971:  Hold'em No Limit ($0.50/$1.00 USD) - 2025/01/12 11:57:46 WET [2025/01/12 6:57:46 ET]
Table 'Nemausa III' 6-max Seat #1 is the button
Seat 1: kars0n ($102.25 in chips) 
Seat 2: mr.Jckpot ($100 in chips) 
Seat 3: KarP93 ($113.11 in chips) 
Seat 4: Mabel1411 ($91.47 in chips) 
Seat 5: nastja336 ($117.68 in chips) 
Seat 6: shootingGRID ($122.47 in chips) 
mr.Jckpot: posts small blind $0.50
KarP93: posts big blind $1
*** HOLE CARDS ***
Mabel1411: raises $1 to $2
nastja336: calls $2
shootingGRID: folds 
kars0n: folds 
mr.Jckpot: folds 
KarP93: raises $10 to $12
Mabel1411: folds 
nastja336: folds 
Uncalled bet ($10) returned to KarP93
KarP93 collected $6.50 from pot
KarP93: doesn't show hand 
*** SUMMARY ***
Total pot $6.50 | Rake $0 
Seat 1: kars0n (button) folded before Flop (didn't bet)
Seat 2: mr.Jckpot (small blind) folded before Flop
Seat 3: KarP93 (big blind) collected ($6.50)
Seat 4: Mabel1411 folded before Flop
Seat 5: nastja336 folded before Flop
Seat 6: shootingGRID folded before Flop (didn't bet)



PokerStars Hand #254329249368:  Hold'em No Limit ($0.50/$1.00 USD) - 2025/01/12 11:58:13 WET [2025/01/12 6:58:13 ET]
Table 'Nemausa III' 6-max Seat #2 is the button
Seat 1: kars0n ($102.25 in chips) 
Seat 2: mr.Jckpot ($100 in chips) 
Seat 3: KarP93 ($117.61 in chips) 
Seat 4: Mabel1411 ($89.47 in chips) 
Seat 5: nastja336 ($115.68 in chips) 
Seat 6: shootingGRID ($122.47 in chips) 
KarP93: posts small blind $0.50
Mabel1411: posts big blind $1
*** HOLE CARDS ***
nastja336: folds 
shootingGRID: raises $1.25 to $2.25
kars0n: folds 
mr.Jckpot: folds 
KarP93: raises $9.25 to $11.50
Mabel1411: folds 
shootingGRID: calls $9.25
*** FLOP *** [2d Qs Jc]
KarP93: bets $11.40
shootingGRID: folds 
Uncalled bet ($11.40) returned to KarP93
KarP93 collected $22.80 from pot
KarP93: doesn't show hand 
*** SUMMARY ***
Total pot $24 | Rake $1.20 
Board [2d Qs Jc]
Seat 1: kars0n folded before Flop (didn't bet)
Seat 2: mr.Jckpot (button) folded before Flop (didn't bet)
Seat 3: KarP93 (small blind) collected ($22.80)
Seat 4: Mabel1411 (big blind) folded before Flop
Seat 5: nastja336 folded before Flop (didn't bet)
Seat 6: shootingGRID folded on the Flop



PokerStars Hand #254329257978:  Hold'em No Limit ($0.50/$1.00 USD) - 2025/01/12 11:59:22 WET [2025/01/12 6:59:22 ET]
Table 'Nemausa III' 6-max Seat #3 is the button
Seat 1: kars0n ($102.25 in chips) 
Seat 2: mr.Jckpot ($100 in chips) 
Seat 3: KarP93 ($128.91 in chips) 
Seat 4: Mabel1411 ($88.47 in chips) 
Seat 5: nastja336 ($115.68 in chips) 
Seat 6: shootingGRID ($110.97 in chips) 
Mabel1411: posts small blind $0.50
nastja336: posts big blind $1
*** HOLE CARDS ***
shootingGRID: folds 
kars0n: folds 
mr.Jckpot: raises $1.50 to $2.50
KarP93: folds 
Mabel1411: calls $2
nastja336: folds 
*** FLOP *** [8h Jh 4h]
Mabel1411: checks 
nastja336 leaves the table
mr.Jckpot: bets $1.88
Mabel1411: calls $1.88
*** TURN *** [8h Jh 4h] [3d]
Mabel1411: checks 
mr.Jckpot: checks 
*** RIVER *** [8h Jh 4h 3d] [Tc]
MaRKiToScoK joins the table at seat #5 
Mabel1411: checks 
mr.Jckpot: checks 
*** SHOW DOWN ***
Mabel1411: shows [5h Ad] (high card Ace)
mr.Jckpot: shows [Ac 5c] (high card Ace)
Mabel1411 collected $4.58 from pot
mr.Jckpot collected $4.63 from pot
*** SUMMARY ***
Total pot $9.76 | Rake $0.55 
Board [8h Jh 4h 3d Tc]
Seat 1: kars0n folded before Flop (didn't bet)
Seat 2: mr.Jckpot showed [Ac 5c] and won ($4.63) with high card Ace
Seat 3: KarP93 (button) folded before Flop (didn't bet)
Seat 4: Mabel1411 (small blind) showed [5h Ad] and won ($4.58) with high card Ace
Seat 5: nastja336 (big blind) folded before Flop
Seat 6: shootingGRID folded before Flop (didn't bet)



PokerStars Hand #254329263052:  Hold'em No Limit ($0.50/$1.00 USD) - 2025/01/12 12:00:02 WET [2025/01/12 7:00:02 ET]
Table 'Nemausa III' 6-max Seat #4 is the button
Seat 5: MaRKiToScoK ($100 in chips) is sitting out
Seat 1: kars0n ($102.25 in chips) 
Seat 2: mr.Jckpot ($100.25 in chips) 
Seat 3: KarP93 ($128.91 in chips) 
Seat 4: Mabel1411 ($88.67 in chips) 
Seat 6: shootingGRID ($110.97 in chips) 
shootingGRID: posts small blind $0.50
kars0n: posts big blind $1
*** HOLE CARDS ***
mr.Jckpot: folds 
KarP93: folds 
Mabel1411: folds 
shootingGRID: folds 
Uncalled bet ($0.50) returned to kars0n
kars0n collected $1 from pot
kars0n: doesn't show hand 
*** SUMMARY ***
Total pot $1 | Rake $0 
Seat 5: MaRKiToScoK
Seat 1: kars0n (big blind) collected ($1)
Seat 2: mr.Jckpot folded before Flop (didn't bet)
Seat 3: KarP93 folded before Flop (didn't bet)
Seat 4: Mabel1411 (button) folded before Flop (didn't bet)
Seat 6: shootingGRID (small blind) folded before Flop



PokerStars Hand #254329266523:  Hold'em No Limit ($0.50/$1.00 USD) - 2025/01/12 12:00:29 WET [2025/01/12 7:00:29 ET]
Table 'Nemausa III' 6-max Seat #6 is the button
Seat 5: MaRKiToScoK ($100 in chips) is sitting out
Seat 1: kars0n ($102.75 in chips) 
Seat 2: mr.Jckpot ($100.25 in chips) 
Seat 3: KarP93 ($128.91 in chips) 
Seat 4: Mabel1411 ($88.67 in chips) 
Seat 6: shootingGRID ($110.47 in chips) 
kars0n: posts small blind $0.50
mr.Jckpot: posts big blind $1
MaRKiToScoK: sits out 
*** HOLE CARDS ***
KarP93: folds 
Mabel1411: raises $2 to $3
shootingGRID: calls $3
kars0n: folds 
mr.Jckpot: folds 
*** FLOP *** [As 5c 7s]
Mabel1411: bets $2
shootingGRID: calls $2
*** TURN *** [As 5c 7s] [5h]
Mabel1411: bets $4
shootingGRID: folds 
Uncalled bet ($4) returned to Mabel1411
Mabel1411 collected $10.78 from pot
*** SUMMARY ***
Total pot $11.50 | Rake $0.72 
Board [As 5c 7s 5h]
Seat 5: MaRKiToScoK
Seat 1: kars0n (small blind) folded before Flop
Seat 2: mr.Jckpot (big blind) folded before Flop
Seat 3: KarP93 folded before Flop (didn't bet)
Seat 4: Mabel1411 collected ($10.78)
Seat 6: shootingGRID (button) folded on the Turn



PokerStars Hand #254329275433:  Hold'em No Limit ($0.50/$1.00 USD) - 2025/01/12 12:01:30 WET [2025/01/12 7:01:30 ET]
Table 'Nemausa III' 6-max Seat #1 is the button
Seat 5: MaRKiToScoK ($100 in chips) is sitting out
Seat 1: kars0n ($102.25 in chips) 
Seat 2: mr.Jckpot ($100 in chips) 
Seat 3: KarP93 ($128.91 in chips) 
Seat 4: Mabel1411 ($94.45 in chips) 
Seat 6: shootingGRID ($105.47 in chips) 
mr.Jckpot: posts small blind $0.50
KarP93: posts big blind $1
MaRKiToScoK: sits out 
*** HOLE CARDS ***
Mabel1411: folds 
shootingGRID: folds 
kars0n: raises $1.50 to $2.50
mr.Jckpot: folds 
KarP93: calls $1.50
*** FLOP *** [5s 4h 5h]
KarP93: checks 
kars0n: checks 
*** TURN *** [5s 4h 5h] [Qd]
KarP93: bets $1.72
kars0n: calls $1.72
*** RIVER *** [5s 4h 5h Qd] [6h]
KarP93: bets $11
kars0n: raises $14 to $25
KarP93: folds 
Uncalled bet ($14) returned to kars0n
kars0n collected $29.39 from pot
kars0n: doesn't show hand 
*** SUMMARY ***
Total pot $30.94 | Rake $1.55 
Board [5s 4h 5h Qd 6h]
Seat 5: MaRKiToScoK
Seat 1: kars0n (button) collected ($29.39)
Seat 2: mr.Jckpot (small blind) folded before Flop
Seat 3: KarP93 (big blind) folded on the River
Seat 4: Mabel1411 folded before Flop (didn't bet)
Seat 6: shootingGRID folded before Flop (didn't bet)



PokerStars Hand #254329290134:  Hold'em No Limit ($0.50/$1.00 USD) - 2025/01/12 12:03:08 WET [2025/01/12 7:03:08 ET]
Table 'Nemausa III' 6-max Seat #2 is the button
Seat 5: MaRKiToScoK ($100 in chips) is sitting out
Seat 1: kars0n ($116.42 in chips) 
Seat 2: mr.Jckpot ($100 in chips) 
Seat 3: KarP93 ($113.69 in chips) 
Seat 4: Mabel1411 ($94.45 in chips) 
Seat 6: shootingGRID ($105.47 in chips) 
KarP93: posts small blind $0.50
Mabel1411: posts big blind $1
MaRKiToScoK: sits out 
*** HOLE CARDS ***
shootingGRID: folds 
kars0n: raises $1.50 to $2.50
mr.Jckpot: folds 
KarP93: calls $2
Mabel1411: folds 
*** FLOP *** [9d 4s Kh]
KarP93: checks 
kars0n: bets $4.28
KarP93: folds 
Uncalled bet ($4.28) returned to kars0n
kars0n collected $5.70 from pot
kars0n: doesn't show hand 
*** SUMMARY ***
Total pot $6 | Rake $0.30 
Board [9d 4s Kh]
Seat 5: MaRKiToScoK
Seat 1: kars0n collected ($5.70)
Seat 2: mr.Jckpot (button) folded before Flop (didn't bet)
Seat 3: KarP93 (small blind) folded on the Flop
Seat 4: Mabel1411 (big blind) folded before Flop
Seat 6: shootingGRID folded before Flop (didn't bet)



PokerStars Hand #254329294501:  Hold'em No Limit ($0.50/$1.00 USD) - 2025/01/12 12:03:38 WET [2025/01/12 7:03:38 ET]
Table 'Nemausa III' 6-max Seat #3 is the button
Seat 1: kars0n ($119.62 in chips) 
Seat 2: mr.Jckpot ($100 in chips) 
Seat 3: KarP93 ($111.19 in chips) 
Seat 4: Mabel1411 ($93.45 in chips) 
Seat 5: MaRKiToScoK ($100 in chips) 
Seat 6: shootingGRID ($105.47 in chips) 
Mabel1411: posts small blind $0.50
MaRKiToScoK: posts big blind $1
*** HOLE CARDS ***
shootingGRID: folds 
kars0n: folds 
mr.Jckpot: folds 
KarP93: folds 
Mabel1411: raises $1 to $2
MaRKiToScoK: folds 
Uncalled bet ($1) returned to Mabel1411
Mabel1411 collected $2 from pot
*** SUMMARY ***
Total pot $2 | Rake $0 
Seat 1: kars0n folded before Flop (didn't bet)
Seat 2: mr.Jckpot folded before Flop (didn't bet)
Seat 3: KarP93 (button) folded before Flop (didn't bet)
Seat 4: Mabel1411 (small blind) collected ($2)
Seat 5: MaRKiToScoK (big blind) folded before Flop
Seat 6: shootingGRID folded before Flop (didn't bet)



PokerStars Hand #254329298293:  Hold'em No Limit ($0.50/$1.00 USD) - 2025/01/12 12:04:03 WET [2025/01/12 7:04:03 ET]
Table 'Nemausa III' 6-max Seat #4 is the button
Seat 1: kars0n ($119.62 in chips) 
Seat 2: mr.Jckpot ($100 in chips) 
Seat 3: KarP93 ($111.19 in chips) 
Seat 4: Mabel1411 ($94.45 in chips) 
Seat 5: MaRKiToScoK ($100 in chips) 
Seat 6: shootingGRID ($105.47 in chips) 
MaRKiToScoK: posts small blind $0.50
shootingGRID: posts big blind $1
*** HOLE CARDS ***
kars0n: folds 
mr.Jckpot: folds 
KarP93: folds 
Mabel1411: raises $1 to $2
MaRKiToScoK: folds 
shootingGRID: folds 
Uncalled bet ($1) returned to Mabel1411
Mabel1411 collected $2.50 from pot
*** SUMMARY ***
Total pot $2.50 | Rake $0 
Seat 1: kars0n folded before Flop (didn't bet)
Seat 2: mr.Jckpot folded before Flop (didn't bet)
Seat 3: KarP93 folded before Flop (didn't bet)
Seat 4: Mabel1411 (button) collected ($2.50)
Seat 5: MaRKiToScoK (small blind) folded before Flop
Seat 6: shootingGRID (big blind) folded before Flop



PokerStars Hand #254329302425:  Hold'em No Limit ($0.50/$1.00 USD) - 2025/01/12 12:04:30 WET [2025/01/12 7:04:30 ET]
Table 'Nemausa III' 6-max Seat #5 is the button
Seat 1: kars0n ($119.62 in chips) 
Seat 2: mr.Jckpot ($100 in chips) 
Seat 3: KarP93 ($111.19 in chips) 
Seat 4: Mabel1411 ($95.95 in chips) 
Seat 5: MaRKiToScoK ($100 in chips) 
Seat 6: shootingGRID ($104.47 in chips) 
shootingGRID: posts small blind $0.50
kars0n: posts big blind $1
*** HOLE CARDS ***
mr.Jckpot: folds 
KarP93: raises $1.50 to $2.50
Mabel1411: folds 
MaRKiToScoK: folds 
shootingGRID: folds 
kars0n: folds 
Uncalled bet ($1.50) returned to KarP93
KarP93 collected $2.50 from pot
KarP93: doesn't show hand 
*** SUMMARY ***
Total pot $2.50 | Rake $0 
Seat 1: kars0n (big blind) folded before Flop
Seat 2: mr.Jckpot folded before Flop (didn't bet)
Seat 3: KarP93 collected ($2.50)
Seat 4: Mabel1411 folded before Flop (didn't bet)
Seat 5: MaRKiToScoK (button) folded before Flop (didn't bet)
Seat 6: shootingGRID (small blind) folded before Flop



PokerStars Hand #254329304771:  Hold'em No Limit ($0.50/$1.00 USD) - 2025/01/12 12:04:45 WET [2025/01/12 7:04:45 ET]
Table 'Nemausa III' 6-max Seat #6 is the button
Seat 1: kars0n ($118.62 in chips) 
Seat 2: mr.Jckpot ($100 in chips) 
Seat 3: KarP93 ($112.69 in chips) 
Seat 4: Mabel1411 ($95.95 in chips) 
Seat 5: MaRKiToScoK ($100 in chips) 
Seat 6: shootingGRID ($103.97 in chips) 
kars0n: posts small blind $0.50
mr.Jckpot: posts big blind $1
*** HOLE CARDS ***
KarP93: raises $1.50 to $2.50
Mabel1411: folds 
MaRKiToScoK: folds 
shootingGRID: folds 
kars0n: folds 
mr.Jckpot: raises $9.50 to $12
KarP93: calls $9.50
*** FLOP *** [As 6s Kc]
mr.Jckpot: bets $5.12
KarP93: calls $5.12
*** TURN *** [As 6s Kc] [Qh]
mr.Jckpot: bets $22.50
KarP93: folds 
Uncalled bet ($22.50) returned to mr.Jckpot
mr.Jckpot collected $33 from pot
mr.Jckpot: doesn't show hand 
*** SUMMARY ***
Total pot $34.74 | Rake $1.74 
Board [As 6s Kc Qh]
Seat 1: kars0n (small blind) folded before Flop
Seat 2: mr.Jckpot (big blind) collected ($33)
Seat 3: KarP93 folded on the Turn
Seat 4: Mabel1411 folded before Flop (didn't bet)
Seat 5: MaRKiToScoK folded before Flop (didn't bet)
Seat 6: shootingGRID (button) folded before Flop (didn't bet)



PokerStars Hand #254329316172:  Hold'em No Limit ($0.50/$1.00 USD) - 2025/01/12 12:06:00 WET [2025/01/12 7:06:00 ET]
Table 'Nemausa III' 6-max Seat #1 is the button
Seat 1: kars0n ($118.12 in chips) 
Seat 2: mr.Jckpot ($115.88 in chips) 
Seat 3: KarP93 ($100 in chips) 
Seat 4: Mabel1411 ($95.95 in chips) 
Seat 5: MaRKiToScoK ($100 in chips) 
Seat 6: shootingGRID ($103.97 in chips) 
mr.Jckpot: posts small blind $0.50
KarP93: posts big blind $1
*** HOLE CARDS ***
Mabel1411: raises $2 to $3
MaRKiToScoK: calls $3
shootingGRID: folds 
kars0n: folds 
mr.Jckpot: folds 
KarP93: folds 
*** FLOP *** [Th Ks 4c]
Mabel1411: checks 
MaRKiToScoK: checks 
*** TURN *** [Th Ks 4c] [9c]
Mabel1411: bets $3
MaRKiToScoK: folds 
Uncalled bet ($3) returned to Mabel1411
Mabel1411 collected $7.02 from pot
Mabel1411: doesn't show hand 
*** SUMMARY ***
Total pot $7.50 | Rake $0.48 
Board [Th Ks 4c 9c]
Seat 1: kars0n (button) folded before Flop (didn't bet)
Seat 2: mr.Jckpot (small blind) folded before Flop
Seat 3: KarP93 (big blind) folded before Flop
Seat 4: Mabel1411 collected ($7.02)
Seat 5: MaRKiToScoK folded on the Turn
Seat 6: shootingGRID folded before Flop (didn't bet)



PokerStars Hand #254329324302:  Hold'em No Limit ($0.50/$1.00 USD) - 2025/01/12 12:06:54 WET [2025/01/12 7:06:54 ET]
Table 'Nemausa III' 6-max Seat #2 is the button
Seat 1: kars0n ($118.12 in chips) 
Seat 2: mr.Jckpot ($115.38 in chips) 
Seat 3: KarP93 ($100 in chips) 
Seat 4: Mabel1411 ($99.97 in chips) 
Seat 5: MaRKiToScoK ($100 in chips) 
Seat 6: shootingGRID ($103.97 in chips) 
KarP93: posts small blind $0.50
Mabel1411: posts big blind $1
*** HOLE CARDS ***
MaRKiToScoK: raises $1.07 to $2.07
shootingGRID: folds 
kars0n: folds 
mr.Jckpot: folds 
KarP93: folds 
Mabel1411: calls $1.07
*** FLOP *** [2d Jh 8s]
Mabel1411: checks 
MaRKiToScoK: bets $1.32
Mabel1411: calls $1.32
*** TURN *** [2d Jh 8s] [9s]
Mabel1411: checks 
MaRKiToScoK: checks 
*** RIVER *** [2d Jh 8s 9s] [Ks]
Mabel1411: bets $3
MaRKiToScoK: folds 
Uncalled bet ($3) returned to Mabel1411
Mabel1411 collected $6.83 from pot
*** SUMMARY ***
Total pot $7.28 | Rake $0.45 
Board [2d Jh 8s 9s Ks]
Seat 1: kars0n folded before Flop (didn't bet)
Seat 2: mr.Jckpot (button) folded before Flop (didn't bet)
Seat 3: KarP93 (small blind) folded before Flop
Seat 4: Mabel1411 (big blind) collected ($6.83)
Seat 5: MaRKiToScoK folded on the River
Seat 6: shootingGRID folded before Flop (didn't bet)



PokerStars Hand #254329335001:  Hold'em No Limit ($0.50/$1.00 USD) - 2025/01/12 12:08:05 WET [2025/01/12 7:08:05 ET]
Table 'Nemausa III' 6-max Seat #3 is the button
Seat 1: kars0n ($118.12 in chips) 
Seat 2: mr.Jckpot ($115.38 in chips) 
Seat 3: KarP93 ($100 in chips) 
Seat 4: Mabel1411 ($103.41 in chips) 
Seat 5: MaRKiToScoK ($100 in chips) 
Seat 6: shootingGRID ($103.97 in chips) 
Mabel1411: posts small blind $0.50
MaRKiToScoK: posts big blind $1
*** HOLE CARDS ***
shootingGRID: folds 
kars0n: folds 
mr.Jckpot: folds 
KarP93: raises $1.50 to $2.50
Mabel1411: folds 
MaRKiToScoK: raises $9.50 to $12
KarP93: folds 
Uncalled bet ($9.50) returned to MaRKiToScoK
MaRKiToScoK collected $5.50 from pot
*** SUMMARY ***
Total pot $5.50 | Rake $0 
Seat 1: kars0n folded before Flop (didn't bet)
Seat 2: mr.Jckpot folded before Flop (didn't bet)
Seat 3: KarP93 (button) folded before Flop
Seat 4: Mabel1411 (small blind) folded before Flop
Seat 5: MaRKiToScoK (big blind) collected ($5.50)
Seat 6: shootingGRID folded before Flop (didn't bet)



PokerStars Hand #254329339328:  Hold'em No Limit ($0.50/$1.00 USD) - 2025/01/12 12:08:34 WET [2025/01/12 7:08:34 ET]
Table 'Nemausa III' 6-max Seat #4 is the button
Seat 1: kars0n ($118.12 in chips) 
Seat 2: mr.Jckpot ($115.38 in chips) 
Seat 3: KarP93 ($100 in chips) 
Seat 4: Mabel1411 ($102.91 in chips) 
Seat 5: MaRKiToScoK ($103 in chips) 
Seat 6: shootingGRID ($103.97 in chips) 
MaRKiToScoK: posts small blind $0.50
shootingGRID: posts big blind $1
*** HOLE CARDS ***
kars0n: folds 
mr.Jckpot: folds 
KarP93: folds 
Mabel1411: folds 
MaRKiToScoK: raises $1.77 to $2.77
shootingGRID: folds 
Uncalled bet ($1.77) returned to MaRKiToScoK
MaRKiToScoK collected $2 from pot
*** SUMMARY ***
Total pot $2 | Rake $0 
Seat 1: kars0n folded before Flop (didn't bet)
Seat 2: mr.Jckpot folded before Flop (didn't bet)
Seat 3: KarP93 folded before Flop (didn't bet)
Seat 4: Mabel1411 (button) folded before Flop (didn't bet)
Seat 5: MaRKiToScoK (small blind) collected ($2)
Seat 6: shootingGRID (big blind) folded before Flop



PokerStars Hand #254329341941:  Hold'em No Limit ($0.50/$1.00 USD) - 2025/01/12 12:08:51 WET [2025/01/12 7:08:51 ET]
Table 'Nemausa III' 6-max Seat #5 is the button
Seat 1: kars0n ($118.12 in chips) 
Seat 2: mr.Jckpot ($115.38 in chips) 
Seat 3: KarP93 ($100 in chips) 
Seat 4: Mabel1411 ($102.91 in chips) 
Seat 5: MaRKiToScoK ($104 in chips) 
Seat 6: shootingGRID ($102.97 in chips) 
shootingGRID: posts small blind $0.50
kars0n: posts big blind $1
*** HOLE CARDS ***
mr.Jckpot: folds 
KarP93: raises $1.50 to $2.50
Mabel1411: folds 
MaRKiToScoK: folds 
shootingGRID: folds 
kars0n: folds 
Uncalled bet ($1.50) returned to KarP93
KarP93 collected $2.50 from pot
KarP93: doesn't show hand 
*** SUMMARY ***
Total pot $2.50 | Rake $0 
Seat 1: kars0n (big blind) folded before Flop
Seat 2: mr.Jckpot folded before Flop (didn't bet)
Seat 3: KarP93 collected ($2.50)
Seat 4: Mabel1411 folded before Flop (didn't bet)
Seat 5: MaRKiToScoK (button) folded before Flop (didn't bet)
Seat 6: shootingGRID (small blind) folded before Flop



PokerStars Hand #254329344510:  Hold'em No Limit ($0.50/$1.00 USD) - 2025/01/12 12:09:08 WET [2025/01/12 7:09:08 ET]
Table 'Nemausa III' 6-max Seat #6 is the button
Seat 1: kars0n ($117.12 in chips) 
Seat 2: mr.Jckpot ($115.38 in chips) 
Seat 3: KarP93 ($101.50 in chips) 
Seat 4: Mabel1411 ($102.91 in chips) 
Seat 5: MaRKiToScoK ($104 in chips) 
Seat 6: shootingGRID ($102.47 in chips) 
kars0n: posts small blind $0.50
mr.Jckpot: posts big blind $1
*** HOLE CARDS ***
KarP93: folds 
Mabel1411: folds 
MaRKiToScoK: raises $1.22 to $2.22
shootingGRID: folds 
kars0n: folds 
mr.Jckpot: folds 
Uncalled bet ($1.22) returned to MaRKiToScoK
MaRKiToScoK collected $2.50 from pot
*** SUMMARY ***
Total pot $2.50 | Rake $0 
Seat 1: kars0n (small blind) folded before Flop
Seat 2: mr.Jckpot (big blind) folded before Flop
Seat 3: KarP93 folded before Flop (didn't bet)
Seat 4: Mabel1411 folded before Flop (didn't bet)
Seat 5: MaRKiToScoK collected ($2.50)
Seat 6: shootingGRID (button) folded before Flop (didn't bet)



PokerStars Hand #254329347765:  Hold'em No Limit ($0.50/$1.00 USD) - 2025/01/12 12:09:29 WET [2025/01/12 7:09:29 ET]
Table 'Nemausa III' 6-max Seat #1 is the button
Seat 1: kars0n ($116.62 in chips) 
Seat 2: mr.Jckpot ($114.38 in chips) 
Seat 3: KarP93 ($101.50 in chips) 
Seat 4: Mabel1411 ($102.91 in chips) 
Seat 5: MaRKiToScoK ($105.50 in chips) 
Seat 6: shootingGRID ($102.47 in chips) 
mr.Jckpot: posts small blind $0.50
KarP93: posts big blind $1
*** HOLE CARDS ***
Mabel1411: folds 
MaRKiToScoK: folds 
shootingGRID: folds 
kars0n: folds 
mr.Jckpot: raises $2 to $3
KarP93: raises $6 to $9
mr.Jckpot: folds 
Uncalled bet ($6) returned to KarP93
KarP93 collected $6 from pot
KarP93: doesn't show hand 
*** SUMMARY ***
Total pot $6 | Rake $0 
Seat 1: kars0n (button) folded before Flop (didn't bet)
Seat 2: mr.Jckpot (small blind) folded before Flop
Seat 3: KarP93 (big blind) collected ($6)
Seat 4: Mabel1411 folded before Flop (didn't bet)
Seat 5: MaRKiToScoK folded before Flop (didn't bet)
Seat 6: shootingGRID folded before Flop (didn't bet)



PokerStars Hand #254329355118:  Hold'em No Limit ($0.50/$1.00 USD) - 2025/01/12 12:10:17 WET [2025/01/12 7:10:17 ET]
Table 'Nemausa III' 6-max Seat #2 is the button
Seat 1: kars0n ($116.62 in chips) 
Seat 2: mr.Jckpot ($111.38 in chips) 
Seat 3: KarP93 ($104.50 in chips) 
Seat 4: Mabel1411 ($102.91 in chips) 
Seat 5: MaRKiToScoK ($105.50 in chips) 
Seat 6: shootingGRID ($102.47 in chips) 
KarP93: posts small blind $0.50
Mabel1411: posts big blind $1
*** HOLE CARDS ***
MaRKiToScoK: folds 
shootingGRID: folds 
kars0n: raises $1.50 to $2.50
mr.Jckpot: folds 
KarP93: folds 
Mabel1411: calls $1.50
*** FLOP *** [9c 3s 3d]
Mabel1411: checks 
kars0n: checks 
*** TURN *** [9c 3s 3d] [Jc]
Mabel1411: checks 
kars0n: checks 
*** RIVER *** [9c 3s 3d Jc] [Kc]
Mabel1411: bets $3
kars0n: folds 
Uncalled bet ($3) returned to Mabel1411
Mabel1411 collected $5.15 from pot
*** SUMMARY ***
Total pot $5.50 | Rake $0.35 
Board [9c 3s 3d Jc Kc]
Seat 1: kars0n folded on the River
Seat 2: mr.Jckpot (button) folded before Flop (didn't bet)
Seat 3: KarP93 (small blind) folded before Flop
Seat 4: Mabel1411 (big blind) collected ($5.15)
Seat 5: MaRKiToScoK folded before Flop (didn't bet)
Seat 6: shootingGRID folded before Flop (didn't bet)



PokerStars Hand #254329359923:  Hold'em No Limit ($0.50/$1.00 USD) - 2025/01/12 12:10:49 WET [2025/01/12 7:10:49 ET]
Table 'Nemausa III' 6-max Seat #3 is the button
Seat 1: kars0n ($114.12 in chips) 
Seat 2: mr.Jckpot ($111.38 in chips) 
Seat 3: KarP93 ($104 in chips) 
Seat 4: Mabel1411 ($105.56 in chips) 
Seat 5: MaRKiToScoK ($105.50 in chips) 
Seat 6: shootingGRID ($102.47 in chips) 
Mabel1411: posts small blind $0.50
MaRKiToScoK: posts big blind $1
*** HOLE CARDS ***
shootingGRID: folds 
kars0n: folds 
mr.Jckpot: raises $1.50 to $2.50
KarP93: folds 
Mabel1411: folds 
MaRKiToScoK: folds 
Uncalled bet ($1.50) returned to mr.Jckpot
mr.Jckpot collected $2.50 from pot
mr.Jckpot: doesn't show hand 
*** SUMMARY ***
Total pot $2.50 | Rake $0 
Seat 1: kars0n folded before Flop (didn't bet)
Seat 2: mr.Jckpot collected ($2.50)
Seat 3: KarP93 (button) folded before Flop (didn't bet)
Seat 4: Mabel1411 (small blind) folded before Flop
Seat 5: MaRKiToScoK (big blind) folded before Flop
Seat 6: shootingGRID folded before Flop (didn't bet)



PokerStars Hand #254329362754:  Hold'em No Limit ($0.50/$1.00 USD) - 2025/01/12 12:11:08 WET [2025/01/12 7:11:08 ET]
Table 'Nemausa III' 6-max Seat #4 is the button
Seat 1: kars0n ($114.12 in chips) 
Seat 2: mr.Jckpot ($112.88 in chips) 
Seat 3: KarP93 ($104 in chips) 
Seat 4: Mabel1411 ($105.06 in chips) 
Seat 5: MaRKiToScoK ($104.50 in chips) 
Seat 6: shootingGRID ($102.47 in chips) 
MaRKiToScoK: posts small blind $0.50
shootingGRID: posts big blind $1
*** HOLE CARDS ***
kars0n: folds 
mr.Jckpot: folds 
KarP93: folds 
Mabel1411: raises $2 to $3
MaRKiToScoK: folds 
shootingGRID: calls $2
*** FLOP *** [6d 4h 6h]
shootingGRID: bets $4.64
Mabel1411: calls $4.64
*** TURN *** [6d 4h 6h] [Jc]
shootingGRID: bets $11.24
Mabel1411: calls $11.24
*** RIVER *** [6d 4h 6h Jc] [6s]
shootingGRID: checks 
Mabel1411: bets $20.18
shootingGRID: folds 
Uncalled bet ($20.18) returned to Mabel1411
Mabel1411 collected $35.87 from pot
*** SUMMARY ***
Total pot $38.26 | Rake $2.39 
Board [6d 4h 6h Jc 6s]
Seat 1: kars0n folded before Flop (didn't bet)
Seat 2: mr.Jckpot folded before Flop (didn't bet)
Seat 3: KarP93 folded before Flop (didn't bet)
Seat 4: Mabel1411 (button) collected ($35.87)
Seat 5: MaRKiToScoK (small blind) folded before Flop
Seat 6: shootingGRID (big blind) folded on the River



PokerStars Hand #254329372360:  Hold'em No Limit ($0.50/$1.00 USD) - 2025/01/12 12:12:11 WET [2025/01/12 7:12:11 ET]
Table 'Nemausa III' 6-max Seat #5 is the button
Seat 1: kars0n ($114.12 in chips) 
Seat 2: mr.Jckpot ($112.88 in chips) 
Seat 3: KarP93 ($104 in chips) 
Seat 4: Mabel1411 ($122.05 in chips) 
Seat 5: MaRKiToScoK ($104 in chips) 
Seat 6: shootingGRID ($100 in chips) 
shootingGRID: posts small blind $0.50
kars0n: posts big blind $1
*** HOLE CARDS ***
mr.Jckpot: folds 
KarP93: folds 
Mabel1411: raises $2 to $3
MaRKiToScoK: folds 
shootingGRID: folds 
kars0n: calls $2
*** FLOP *** [Qd Tc 6s]
kars0n: checks 
Mabel1411: bets $2
kars0n: folds 
Uncalled bet ($2) returned to Mabel1411
Mabel1411 collected $6.10 from pot
*** SUMMARY ***
Total pot $6.50 | Rake $0.40 
Board [Qd Tc 6s]
Seat 1: kars0n (big blind) folded on the Flop
Seat 2: mr.Jckpot folded before Flop (didn't bet)
Seat 3: KarP93 folded before Flop (didn't bet)
Seat 4: Mabel1411 collected ($6.10)
Seat 5: MaRKiToScoK (button) folded before Flop (didn't bet)
Seat 6: shootingGRID (small blind) folded before Flop



PokerStars Hand #254329378877:  Hold'em No Limit ($0.50/$1.00 USD) - 2025/01/12 12:12:54 WET [2025/01/12 7:12:54 ET]
Table 'Nemausa III' 6-max Seat #6 is the button
Seat 1: kars0n ($111.12 in chips) 
Seat 2: mr.Jckpot ($112.88 in chips) 
Seat 3: KarP93 ($104 in chips) 
Seat 4: Mabel1411 ($125.15 in chips) 
Seat 5: MaRKiToScoK ($104 in chips) 
Seat 6: shootingGRID ($100 in chips) 
kars0n: posts small blind $0.50
mr.Jckpot: posts big blind $1
*** HOLE CARDS ***
KarP93: folds 
Mabel1411: folds 
MaRKiToScoK: folds 
shootingGRID: folds 
kars0n: folds 
Uncalled bet ($0.50) returned to mr.Jckpot
mr.Jckpot collected $1 from pot
mr.Jckpot: doesn't show hand 
*** SUMMARY ***
Total pot $1 | Rake $0 
Seat 1: kars0n (small blind) folded before Flop
Seat 2: mr.Jckpot (big blind) collected ($1)
Seat 3: KarP93 folded before Flop (didn't bet)
Seat 4: Mabel1411 folded before Flop (didn't bet)
Seat 5: MaRKiToScoK folded before Flop (didn't bet)
Seat 6: shootingGRID (button) folded before Flop (didn't bet)



PokerStars Hand #254329383313:  Hold'em No Limit ($0.50/$1.00 USD) - 2025/01/12 12:13:22 WET [2025/01/12 7:13:22 ET]
Table 'Nemausa III' 6-max Seat #1 is the button
Seat 1: kars0n ($110.62 in chips) 
Seat 2: mr.Jckpot ($113.38 in chips) 
Seat 3: KarP93 ($104 in chips) 
Seat 4: Mabel1411 ($125.15 in chips) 
Seat 5: MaRKiToScoK ($104 in chips) 
Seat 6: shootingGRID ($100 in chips) 
mr.Jckpot: posts small blind $0.50
KarP93: posts big blind $1
*** HOLE CARDS ***
Mabel1411: raises $2 to $3
MaRKiToScoK: raises $6 to $9
shootingGRID: folds 
kars0n: folds 
mr.Jckpot: folds 
KarP93: folds 
Mabel1411: raises $11 to $20
MaRKiToScoK: calls $11
*** FLOP *** [5s Jd 7s]
Mabel1411: bets $25
MaRKiToScoK: raises $59 to $84 and is all-in
Mabel1411: calls $59
*** TURN *** [5s Jd 7s] [5h]
*** RIVER *** [5s Jd 7s 5h] [2h]
*** SHOW DOWN ***
Mabel1411: shows [Qd Qh] (two pair, Queens and Fives)
MaRKiToScoK: shows [Ts Ks] (a pair of Fives)
Mabel1411 collected $206.38 from pot
*** SUMMARY ***
Total pot $209.50 | Rake $3.12 
Board [5s Jd 7s 5h 2h]
Seat 1: kars0n (button) folded before Flop (didn't bet)
Seat 2: mr.Jckpot (small blind) folded before Flop
Seat 3: KarP93 (big blind) folded before Flop
Seat 4: Mabel1411 showed [Qd Qh] and won ($206.38) with two pair, Queens and Fives
Seat 5: MaRKiToScoK showed [Ts Ks] and lost with a pair of Fives
Seat 6: shootingGRID folded before Flop (didn't bet)



PokerStars Hand #254329392233:  Hold'em No Limit ($0.50/$1.00 USD) - 2025/01/12 12:14:21 WET [2025/01/12 7:14:21 ET]
Table 'Nemausa III' 6-max Seat #2 is the button
Seat 1: kars0n ($110.62 in chips) 
Seat 2: mr.Jckpot ($112.88 in chips) 
Seat 3: KarP93 ($103 in chips) 
Seat 4: Mabel1411 ($227.53 in chips) 
Seat 5: MaRKiToScoK ($100 in chips) 
Seat 6: shootingGRID ($100 in chips) 
KarP93: posts small blind $0.50
Mabel1411: posts big blind $1
*** HOLE CARDS ***
MaRKiToScoK: raises $1.07 to $2.07
shootingGRID: folds 
kars0n: folds 
mr.Jckpot: folds 
KarP93: folds 
Mabel1411: calls $1.07
*** FLOP *** [8s 9h 3c]
Mabel1411: checks 
MaRKiToScoK: checks 
*** TURN *** [8s 9h 3c] [7h]
Mabel1411: checks 
MaRKiToScoK: checks 
*** RIVER *** [8s 9h 3c 7h] [7s]
Mabel1411: checks 
MaRKiToScoK: bets $1.46
Mabel1411: calls $1.46
*** SHOW DOWN ***
MaRKiToScoK: shows [Jc Ad] (a pair of Sevens)
Mabel1411: mucks hand 
MaRKiToScoK collected $7.18 from pot
*** SUMMARY ***
Total pot $7.56 | Rake $0.38 
Board [8s 9h 3c 7h 7s]
Seat 1: kars0n folded before Flop (didn't bet)
Seat 2: mr.Jckpot (button) folded before Flop (didn't bet)
Seat 3: KarP93 (small blind) folded before Flop
Seat 4: Mabel1411 (big blind) mucked
Seat 5: MaRKiToScoK showed [Jc Ad] and won ($7.18) with a pair of Sevens
Seat 6: shootingGRID folded before Flop (didn't bet)



PokerStars Hand #254329396979:  Hold'em No Limit ($0.50/$1.00 USD) - 2025/01/12 12:14:52 WET [2025/01/12 7:14:52 ET]
Table 'Nemausa III' 6-max Seat #3 is the button
Seat 1: kars0n ($110.62 in chips) 
Seat 2: mr.Jckpot ($112.88 in chips) 
Seat 3: KarP93 ($102.50 in chips) 
Seat 4: Mabel1411 ($224 in chips) 
Seat 5: MaRKiToScoK ($103.65 in chips) 
Seat 6: shootingGRID ($100 in chips) 
Mabel1411: posts small blind $0.50
MaRKiToScoK: posts big blind $1
*** HOLE CARDS ***
shootingGRID: folds 
kars0n: folds 
mr.Jckpot: folds 
KarP93: raises $1.50 to $2.50
Mabel1411: calls $2
MaRKiToScoK: calls $1.50
*** FLOP *** [Jc Tc 4d]
Mabel1411: checks 
MaRKiToScoK: checks 
KarP93: checks 
*** TURN *** [Jc Tc 4d] [2s]
Mabel1411: checks 
MaRKiToScoK: bets $10
KarP93: folds 
Mabel1411: calls $10
*** RIVER *** [Jc Tc 4d 2s] [Js]
Mabel1411: checks 
MaRKiToScoK: bets $3
Mabel1411: calls $3
*** SHOW DOWN ***
MaRKiToScoK: shows [8d 9c] (a pair of Jacks)
Mabel1411: shows [9d Td] (two pair, Jacks and Tens)
Mabel1411 collected $31.40 from pot
*** SUMMARY ***
Total pot $33.50 | Rake $2.10 
Board [Jc Tc 4d 2s Js]
Seat 1: kars0n folded before Flop (didn't bet)
Seat 2: mr.Jckpot folded before Flop (didn't bet)
Seat 3: KarP93 (button) folded on the Turn
Seat 4: Mabel1411 (small blind) showed [9d Td] and won ($31.40) with two pair, Jacks and Tens
Seat 5: MaRKiToScoK (big blind) showed [8d 9c] and lost with a pair of Jacks
Seat 6: shootingGRID folded before Flop (didn't bet)



PokerStars Hand #254329407109:  Hold'em No Limit ($0.50/$1.00 USD) - 2025/01/12 12:15:56 WET [2025/01/12 7:15:56 ET]
Table 'Nemausa III' 6-max Seat #4 is the button
Seat 1: kars0n ($110.62 in chips) 
Seat 2: mr.Jckpot ($112.88 in chips) 
Seat 3: KarP93 ($100 in chips) 
Seat 4: Mabel1411 ($239.90 in chips) 
Seat 5: MaRKiToScoK ($100 in chips) 
Seat 6: shootingGRID ($100 in chips) 
MaRKiToScoK: posts small blind $0.50
shootingGRID: posts big blind $1
*** HOLE CARDS ***
kars0n: folds 
mr.Jckpot: folds 
KarP93: folds 
Mabel1411: folds 
MaRKiToScoK: raises $1.77 to $2.77
shootingGRID: folds 
Uncalled bet ($1.77) returned to MaRKiToScoK
MaRKiToScoK collected $2 from pot
*** SUMMARY ***
Total pot $2 | Rake $0 
Seat 1: kars0n folded before Flop (didn't bet)
Seat 2: mr.Jckpot folded before Flop (didn't bet)
Seat 3: KarP93 folded before Flop (didn't bet)
Seat 4: Mabel1411 (button) folded before Flop (didn't bet)
Seat 5: MaRKiToScoK (small blind) collected ($2)
Seat 6: shootingGRID (big blind) folded before Flop



PokerStars Hand #254329410203:  Hold'em No Limit ($0.50/$1.00 USD) - 2025/01/12 12:16:16 WET [2025/01/12 7:16:16 ET]
Table 'Nemausa III' 6-max Seat #5 is the button
Seat 1: kars0n ($110.62 in chips) 
Seat 2: mr.Jckpot ($112.88 in chips) 
Seat 3: KarP93 ($100 in chips) 
Seat 4: Mabel1411 ($239.90 in chips) 
Seat 5: MaRKiToScoK ($101 in chips) 
Seat 6: shootingGRID ($100 in chips) 
shootingGRID: posts small blind $0.50
kars0n: posts big blind $1
*** HOLE CARDS ***
mr.Jckpot: folds 
KarP93: raises $1.50 to $2.50
Mabel1411: folds 
MaRKiToScoK: folds 
shootingGRID: folds 
kars0n: folds 
Uncalled bet ($1.50) returned to KarP93
KarP93 collected $2.50 from pot
KarP93: doesn't show hand 
*** SUMMARY ***
Total pot $2.50 | Rake $0 
Seat 1: kars0n (big blind) folded before Flop
Seat 2: mr.Jckpot folded before Flop (didn't bet)
Seat 3: KarP93 collected ($2.50)
Seat 4: Mabel1411 folded before Flop (didn't bet)
Seat 5: MaRKiToScoK (button) folded before Flop (didn't bet)
Seat 6: shootingGRID (small blind) folded before Flop



PokerStars Hand #254329412397:  Hold'em No Limit ($0.50/$1.00 USD) - 2025/01/12 12:16:31 WET [2025/01/12 7:16:31 ET]
Table 'Nemausa III' 6-max Seat #6 is the button
Seat 1: kars0n ($109.62 in chips) 
Seat 2: mr.Jckpot ($112.88 in chips) 
Seat 3: KarP93 ($101.50 in chips) 
Seat 4: Mabel1411 ($239.90 in chips) 
Seat 5: MaRKiToScoK ($101 in chips) 
Seat 6: shootingGRID ($100 in chips) 
kars0n: posts small blind $0.50
mr.Jckpot: posts big blind $1
*** HOLE CARDS ***
KarP93: folds 
Mabel1411: raises $2 to $3
MaRKiToScoK: raises $6.60 to $9.60
shootingGRID: folds 
kars0n: folds 
mr.Jckpot: folds 
Mabel1411: raises $10.70 to $20.30
MaRKiToScoK: calls $10.70
*** FLOP *** [8h Jd 5d]
Mabel1411: bets $20
MaRKiToScoK: raises $60.70 to $80.70 and is all-in
Mabel1411: calls $60.70
*** TURN *** [8h Jd 5d] [Qc]
*** RIVER *** [8h Jd 5d Qc] [Js]
*** SHOW DOWN ***
Mabel1411: shows [As Ah] (two pair, Aces and Jacks)
MaRKiToScoK: shows [3d Ad] (a pair of Jacks)
Mabel1411 collected $200.38 from pot
*** SUMMARY ***
Total pot $203.50 | Rake $3.12 
Board [8h Jd 5d Qc Js]
Seat 1: kars0n (small blind) folded before Flop
Seat 2: mr.Jckpot (big blind) folded before Flop
Seat 3: KarP93 folded before Flop (didn't bet)
Seat 4: Mabel1411 showed [As Ah] and won ($200.38) with two pair, Aces and Jacks
Seat 5: MaRKiToScoK showed [3d Ad] and lost with a pair of Jacks
Seat 6: shootingGRID (button) folded before Flop (didn't bet)



PokerStars Hand #254329419730:  Hold'em No Limit ($0.50/$1.00 USD) - 2025/01/12 12:17:19 WET [2025/01/12 7:17:19 ET]
Table 'Nemausa III' 6-max Seat #1 is the button
Seat 3: KarP93 ($101.50 in chips) is sitting out
Seat 1: kars0n ($109.12 in chips) 
Seat 2: mr.Jckpot ($111.88 in chips) 
Seat 4: Mabel1411 ($339.28 in chips) 
Seat 5: MaRKiToScoK ($100 in chips) 
Seat 6: shootingGRID ($100 in chips) 
mr.Jckpot: posts small blind $0.50
KarP93: is sitting out 
Mabel1411: posts big blind $1
*** HOLE CARDS ***
KarP93 leaves the table
MaRKiToScoK: raises $2 to $3
shootingGRID: folds 
kars0n: folds 
mr.Jckpot: folds 
Mabel1411: calls $2
*** FLOP *** [7s 7c 5c]
Mabel1411: checks 
MaRKiToScoK: bets $1.85
Mabel1411: calls $1.85
*** TURN *** [7s 7c 5c] [As]
Mabel1411: checks 
MaRKiToScoK: checks 
*** RIVER *** [7s 7c 5c As] [Jh]
Mabel1411: checks 
MaRKiToScoK: bets $7.27
Mabel1411: folds 
Uncalled bet ($7.27) returned to MaRKiToScoK
MaRKiToScoK collected $9.69 from pot
*** SUMMARY ***
Total pot $10.20 | Rake $0.51 
Board [7s 7c 5c As Jh]
Seat 3: KarP93
Seat 1: kars0n (button) folded before Flop (didn't bet)
Seat 2: mr.Jckpot (small blind) folded before Flop
Seat 4: Mabel1411 (big blind) folded on the River
Seat 5: MaRKiToScoK collected ($9.69)
Seat 6: shootingGRID folded before Flop (didn't bet)



PokerStars Hand #254329427066:  Hold'em No Limit ($0.50/$1.00 USD) - 2025/01/12 12:18:05 WET [2025/01/12 7:18:05 ET]
Table 'Nemausa III' 6-max Seat #2 is the button
Seat 1: kars0n ($109.12 in chips) 
Seat 2: mr.Jckpot ($111.38 in chips) 
Seat 4: Mabel1411 ($334.43 in chips) 
Seat 5: MaRKiToScoK ($104.84 in chips) 
Seat 6: shootingGRID ($100 in chips) 
Mabel1411: posts small blind $0.50
MaRKiToScoK: posts big blind $1
*** HOLE CARDS ***
shootingGRID: folds 
kars0n: raises $1.50 to $2.50
mr.Jckpot: folds 
Mabel1411: calls $2
MaRKiToScoK: raises $12 to $14.50
kars0n: raises $15.50 to $30
Mabel1411: folds 
MaRKiToScoK: folds 
Uncalled bet ($15.50) returned to kars0n
kars0n collected $31.50 from pot
kars0n: doesn't show hand 
*** SUMMARY ***
Total pot $31.50 | Rake $0 
Seat 1: kars0n collected ($31.50)
Seat 2: mr.Jckpot (button) folded before Flop (didn't bet)
Seat 4: Mabel1411 (small blind) folded before Flop
Seat 5: MaRKiToScoK (big blind) folded before Flop
Seat 6: shootingGRID folded before Flop (didn't bet)



PokerStars Hand #254329431876:  Hold'em No Limit ($0.50/$1.00 USD) - 2025/01/12 12:18:37 WET [2025/01/12 7:18:37 ET]
Table 'Nemausa III' 6-max Seat #4 is the button
Seat 1: kars0n ($126.12 in chips) 
Seat 2: mr.Jckpot ($111.38 in chips) 
Seat 4: Mabel1411 ($331.93 in chips) 
Seat 5: MaRKiToScoK ($100 in chips) 
Seat 6: shootingGRID ($100 in chips) 
MaRKiToScoK: posts small blind $0.50
shootingGRID: posts big blind $1
*** HOLE CARDS ***
kars0n: folds 
mr.Jckpot: folds 
Mabel1411: folds 
MaRKiToScoK: folds 
Uncalled bet ($0.50) returned to shootingGRID
shootingGRID collected $1 from pot
*** SUMMARY ***
Total pot $1 | Rake $0 
Seat 1: kars0n folded before Flop (didn't bet)
Seat 2: mr.Jckpot folded before Flop (didn't bet)
Seat 4: Mabel1411 (button) folded before Flop (didn't bet)
Seat 5: MaRKiToScoK (small blind) folded before Flop
Seat 6: shootingGRID (big blind) collected ($1)



PokerStars Hand #254329434894:  Hold'em No Limit ($0.50/$1.00 USD) - 2025/01/12 12:18:56 WET [2025/01/12 7:18:56 ET]
Table 'Nemausa III' 6-max Seat #5 is the button
Seat 1: kars0n ($126.12 in chips) 
Seat 2: mr.Jckpot ($111.38 in chips) 
Seat 4: Mabel1411 ($331.93 in chips) 
Seat 5: MaRKiToScoK ($100 in chips) 
Seat 6: shootingGRID ($100.50 in chips) 
shootingGRID: posts small blind $0.50
kars0n: posts big blind $1
*** HOLE CARDS ***
mr.Jckpot: folds 
Mabel1411: calls $1
MaRKiToScoK: raises $3 to $4
shootingGRID: folds 
kars0n: folds 
Mabel1411: calls $3
*** FLOP *** [3s Jc Jd]
Mabel1411: checks 
MaRKiToScoK: bets $2.71
Mabel1411: calls $2.71
*** TURN *** [3s Jc Jd] [2s]
Mabel1411: checks 
MaRKiToScoK: bets $10.63
Mabel1411: calls $10.63
*** RIVER *** [3s Jc Jd 2s] [3d]
Mabel1411: checks 
MaRKiToScoK: checks 
*** SHOW DOWN ***
Mabel1411: shows [2h 2d] (a full house, Deuces full of Jacks)
MaRKiToScoK: mucks hand 
Mabel1411 collected $33.92 from pot
*** SUMMARY ***
Total pot $36.18 | Rake $2.26 
Board [3s Jc Jd 2s 3d]
Seat 1: kars0n (big blind) folded before Flop
Seat 2: mr.Jckpot folded before Flop (didn't bet)
Seat 4: Mabel1411 showed [2h 2d] and won ($33.92) with a full house, Deuces full of Jacks
Seat 5: MaRKiToScoK (button) mucked
Seat 6: shootingGRID (small blind) folded before Flop



PokerStars Hand #254329441565:  Hold'em No Limit ($0.50/$1.00 USD) - 2025/01/12 12:19:39 WET [2025/01/12 7:19:39 ET]
Table 'Nemausa III' 6-max Seat #6 is the button
Seat 1: kars0n ($125.12 in chips) 
Seat 2: mr.Jckpot ($111.38 in chips) 
Seat 4: Mabel1411 ($348.51 in chips) 
Seat 5: MaRKiToScoK ($100 in chips) 
Seat 6: shootingGRID ($100 in chips) 
kars0n: posts small blind $0.50
mr.Jckpot: posts big blind $1
*** HOLE CARDS ***
Mabel1411: raises $2 to $3
MaRKiToScoK: raises $4.50 to $7.50
shootingGRID: folds 
kars0n: folds 
mr.Jckpot: folds 
Mabel1411: raises $10.50 to $18
MaRKiToScoK: calls $10.50
*** FLOP *** [7d 8d 5s]
Mabel1411: bets $16.81
MaRKiToScoK: calls $16.81
*** TURN *** [7d 8d 5s] [Qd]
Emily_GetMan joins the table at seat #3 
Mabel1411: bets $24.31
MaRKiToScoK: folds 
Uncalled bet ($24.31) returned to Mabel1411
Mabel1411 collected $68 from pot
*** SUMMARY ***
Total pot $71.12 | Rake $3.12 
Board [7d 8d 5s Qd]
Seat 1: kars0n (small blind) folded before Flop
Seat 2: mr.Jckpot (big blind) folded before Flop
Seat 4: Mabel1411 collected ($68)
Seat 5: MaRKiToScoK folded on the Turn
Seat 6: shootingGRID (button) folded before Flop (didn't bet)



PokerStars Hand #254329448514:  Hold'em No Limit ($0.50/$1.00 USD) - 2025/01/12 12:20:24 WET [2025/01/12 7:20:24 ET]
Table 'Nemausa III' 6-max Seat #1 is the button
Seat 1: kars0n ($124.62 in chips) 
Seat 2: mr.Jckpot ($110.38 in chips) 
Seat 3: Emily_GetMan ($100 in chips) 
Seat 4: Mabel1411 ($381.70 in chips) 
Seat 5: MaRKiToScoK ($100 in chips) 
Seat 6: shootingGRID ($100 in chips) 
mr.Jckpot: posts small blind $0.50
Emily_GetMan: posts big blind $1
*** HOLE CARDS ***
Mabel1411: folds 
MaRKiToScoK: folds 
shootingGRID: folds 
kars0n: folds 
mr.Jckpot: folds 
Uncalled bet ($0.50) returned to Emily_GetMan
Emily_GetMan collected $1 from pot
Emily_GetMan: doesn't show hand 
*** SUMMARY ***
Total pot $1 | Rake $0 
Seat 1: kars0n (button) folded before Flop (didn't bet)
Seat 2: mr.Jckpot (small blind) folded before Flop
Seat 3: Emily_GetMan (big blind) collected ($1)
Seat 4: Mabel1411 folded before Flop (didn't bet)
Seat 5: MaRKiToScoK folded before Flop (didn't bet)
Seat 6: shootingGRID folded before Flop (didn't bet)



PokerStars Hand #254329450316:  Hold'em No Limit ($0.50/$1.00 USD) - 2025/01/12 12:20:36 WET [2025/01/12 7:20:36 ET]
Table 'Nemausa III' 6-max Seat #2 is the button
Seat 1: kars0n ($124.62 in chips) 
Seat 2: mr.Jckpot ($109.88 in chips) 
Seat 3: Emily_GetMan ($100.50 in chips) 
Seat 4: Mabel1411 ($381.70 in chips) 
Seat 5: MaRKiToScoK ($100 in chips) 
Seat 6: shootingGRID ($100 in chips) 
Emily_GetMan: posts small blind $0.50
Mabel1411: posts big blind $1
*** HOLE CARDS ***
MaRKiToScoK: raises $2.50 to $3.50
shootingGRID: folds 
kars0n: folds 
mr.Jckpot: folds 
Emily_GetMan: folds 
Mabel1411: calls $2.50
*** FLOP *** [3h Th 6h]
Mabel1411: checks 
MaRKiToScoK: bets $5.34
Mabel1411: folds 
Uncalled bet ($5.34) returned to MaRKiToScoK
MaRKiToScoK collected $7.12 from pot
*** SUMMARY ***
Total pot $7.50 | Rake $0.38 
Board [3h Th 6h]
Seat 1: kars0n folded before Flop (didn't bet)
Seat 2: mr.Jckpot (button) folded before Flop (didn't bet)
Seat 3: Emily_GetMan (small blind) folded before Flop
Seat 4: Mabel1411 (big blind) folded on the Flop
Seat 5: MaRKiToScoK collected ($7.12)
Seat 6: shootingGRID folded before Flop (didn't bet)



PokerStars Hand #254329454438:  Hold'em No Limit ($0.50/$1.00 USD) - 2025/01/12 12:21:02 WET [2025/01/12 7:21:02 ET]
Table 'Nemausa III' 6-max Seat #3 is the button
Seat 1: kars0n ($124.62 in chips) 
Seat 2: mr.Jckpot ($109.88 in chips) 
Seat 3: Emily_GetMan ($100 in chips) 
Seat 4: Mabel1411 ($378.20 in chips) 
Seat 5: MaRKiToScoK ($103.62 in chips) 
Seat 6: shootingGRID ($100 in chips) 
Mabel1411: posts small blind $0.50
MaRKiToScoK: posts big blind $1
*** HOLE CARDS ***
shootingGRID: folds 
kars0n: folds 
mr.Jckpot: folds 
Emily_GetMan: folds 
Mabel1411: folds 
Uncalled bet ($0.50) returned to MaRKiToScoK
MaRKiToScoK collected $1 from pot
*** SUMMARY ***
Total pot $1 | Rake $0 
Seat 1: kars0n folded before Flop (didn't bet)
Seat 2: mr.Jckpot folded before Flop (didn't bet)
Seat 3: Emily_GetMan (button) folded before Flop (didn't bet)
Seat 4: Mabel1411 (small blind) folded before Flop
Seat 5: MaRKiToScoK (big blind) collected ($1)
Seat 6: shootingGRID folded before Flop (didn't bet)



PokerStars Hand #254329455705:  Hold'em No Limit ($0.50/$1.00 USD) - 2025/01/12 12:21:10 WET [2025/01/12 7:21:10 ET]
Table 'Nemausa III' 6-max Seat #4 is the button
Seat 1: kars0n ($124.62 in chips) 
Seat 2: mr.Jckpot ($109.88 in chips) 
Seat 3: Emily_GetMan ($100 in chips) 
Seat 4: Mabel1411 ($377.70 in chips) 
Seat 5: MaRKiToScoK ($104.12 in chips) 
Seat 6: shootingGRID ($100 in chips) 
MaRKiToScoK: posts small blind $0.50
shootingGRID: posts big blind $1
*** HOLE CARDS ***
kars0n: folds 
mr.Jckpot: folds 
Emily_GetMan: raises $1 to $2
Mabel1411: calls $2
MaRKiToScoK: calls $1.50
shootingGRID: calls $1
*** FLOP *** [3d 4d 5d]
MaRKiToScoK: bets $2.28
shootingGRID: calls $2.28
Emily_GetMan: calls $2.28
Mabel1411: folds 
*** TURN *** [3d 4d 5d] [2c]
MaRKiToScoK: checks 
shootingGRID: checks 
Emily_GetMan: bets $18.33
MaRKiToScoK: folds 
shootingGRID: folds 
Uncalled bet ($18.33) returned to Emily_GetMan
Emily_GetMan collected $14.10 from pot
Emily_GetMan: doesn't show hand 
*** SUMMARY ***
Total pot $14.84 | Rake $0.74 
Board [3d 4d 5d 2c]
Seat 1: kars0n folded before Flop (didn't bet)
Seat 2: mr.Jckpot folded before Flop (didn't bet)
Seat 3: Emily_GetMan collected ($14.10)
Seat 4: Mabel1411 (button) folded on the Flop
Seat 5: MaRKiToScoK (small blind) folded on the Turn
Seat 6: shootingGRID (big blind) folded on the Turn



PokerStars Hand #254329466906:  Hold'em No Limit ($0.50/$1.00 USD) - 2025/01/12 12:22:22 WET [2025/01/12 7:22:22 ET]
Table 'Nemausa III' 6-max Seat #5 is the button
Seat 1: kars0n ($124.62 in chips) 
Seat 2: mr.Jckpot ($109.88 in chips) 
Seat 3: Emily_GetMan ($109.82 in chips) 
Seat 4: Mabel1411 ($375.70 in chips) 
Seat 5: MaRKiToScoK ($100 in chips) 
Seat 6: shootingGRID ($100 in chips) 
shootingGRID: posts small blind $0.50
kars0n: posts big blind $1
*** HOLE CARDS ***
mr.Jckpot: folds 
Emily_GetMan: folds 
Mabel1411: raises $2 to $3
MaRKiToScoK: folds 
shootingGRID: folds 
kars0n: folds 
Uncalled bet ($2) returned to Mabel1411
Mabel1411 collected $2.50 from pot
*** SUMMARY ***
Total pot $2.50 | Rake $0 
Seat 1: kars0n (big blind) folded before Flop
Seat 2: mr.Jckpot folded before Flop (didn't bet)
Seat 3: Emily_GetMan folded before Flop (didn't bet)
Seat 4: Mabel1411 collected ($2.50)
Seat 5: MaRKiToScoK (button) folded before Flop (didn't bet)
Seat 6: shootingGRID (small blind) folded before Flop



PokerStars Hand #254329470830:  Hold'em No Limit ($0.50/$1.00 USD) - 2025/01/12 12:22:47 WET [2025/01/12 7:22:47 ET]
Table 'Nemausa III' 6-max Seat #6 is the button
Seat 1: kars0n ($123.62 in chips) 
Seat 2: mr.Jckpot ($109.88 in chips) 
Seat 3: Emily_GetMan ($109.82 in chips) 
Seat 4: Mabel1411 ($377.20 in chips) 
Seat 5: MaRKiToScoK ($100 in chips) 
Seat 6: shootingGRID ($100 in chips) 
kars0n: posts small blind $0.50
mr.Jckpot: posts big blind $1
*** HOLE CARDS ***
Emily_GetMan: folds 
Mabel1411: folds 
MaRKiToScoK: raises $1.22 to $2.22
shootingGRID: folds 
kars0n: folds 
mr.Jckpot: folds 
Uncalled bet ($1.22) returned to MaRKiToScoK
MaRKiToScoK collected $2.50 from pot
*** SUMMARY ***
Total pot $2.50 | Rake $0 
Seat 1: kars0n (small blind) folded before Flop
Seat 2: mr.Jckpot (big blind) folded before Flop
Seat 3: Emily_GetMan folded before Flop (didn't bet)
Seat 4: Mabel1411 folded before Flop (didn't bet)
Seat 5: MaRKiToScoK collected ($2.50)
Seat 6: shootingGRID (button) folded before Flop (didn't bet)



PokerStars Hand #254329473402:  Hold'em No Limit ($0.50/$1.00 USD) - 2025/01/12 12:23:04 WET [2025/01/12 7:23:04 ET]
Table 'Nemausa III' 6-max Seat #1 is the button
Seat 1: kars0n ($123.12 in chips) 
Seat 2: mr.Jckpot ($108.88 in chips) 
Seat 3: Emily_GetMan ($109.82 in chips) 
Seat 4: Mabel1411 ($377.20 in chips) 
Seat 5: MaRKiToScoK ($101.50 in chips) 
Seat 6: shootingGRID ($100 in chips) 
mr.Jckpot: posts small blind $0.50
Emily_GetMan: posts big blind $1
*** HOLE CARDS ***
Mabel1411: calls $1
MaRKiToScoK: raises $3 to $4
shootingGRID: raises $8.50 to $12.50
kars0n: folds 
mr.Jckpot: folds 
Emily_GetMan: folds 
Mabel1411: folds 
MaRKiToScoK: folds 
Uncalled bet ($8.50) returned to shootingGRID
shootingGRID collected $10.50 from pot
*** SUMMARY ***
Total pot $10.50 | Rake $0 
Seat 1: kars0n (button) folded before Flop (didn't bet)
Seat 2: mr.Jckpot (small blind) folded before Flop
Seat 3: Emily_GetMan (big blind) folded before Flop
Seat 4: Mabel1411 folded before Flop
Seat 5: MaRKiToScoK folded before Flop
Seat 6: shootingGRID collected ($10.50)



PokerStars Hand #254329476486:  Hold'em No Limit ($0.50/$1.00 USD) - 2025/01/12 12:23:23 WET [2025/01/12 7:23:23 ET]
Table 'Nemausa III' 6-max Seat #2 is the button
Seat 1: kars0n ($123.12 in chips) 
Seat 2: mr.Jckpot ($108.38 in chips) 
Seat 3: Emily_GetMan ($108.82 in chips) 
Seat 4: Mabel1411 ($376.20 in chips) 
Seat 5: MaRKiToScoK ($100 in chips) 
Seat 6: shootingGRID ($106.50 in chips) 
Emily_GetMan: posts small blind $0.50
Mabel1411: posts big blind $1
*** HOLE CARDS ***
MaRKiToScoK: folds 
shootingGRID: raises $1.25 to $2.25
kars0n: folds 
mr.Jckpot: folds 
Emily_GetMan: folds 
Mabel1411: calls $1.25
*** FLOP *** [8s Ac 3d]
Mabel1411: checks 
shootingGRID: bets $1.57
Mabel1411: folds 
Uncalled bet ($1.57) returned to shootingGRID
shootingGRID collected $4.75 from pot
*** SUMMARY ***
Total pot $5 | Rake $0.25 
Board [8s Ac 3d]
Seat 1: kars0n folded before Flop (didn't bet)
Seat 2: mr.Jckpot (button) folded before Flop (didn't bet)
Seat 3: Emily_GetMan (small blind) folded before Flop
Seat 4: Mabel1411 (big blind) folded on the Flop
Seat 5: MaRKiToScoK folded before Flop (didn't bet)
Seat 6: shootingGRID collected ($4.75)



PokerStars Hand #254329479816:  Hold'em No Limit ($0.50/$1.00 USD) - 2025/01/12 12:23:45 WET [2025/01/12 7:23:45 ET]
Table 'Nemausa III' 6-max Seat #3 is the button
Seat 1: kars0n ($123.12 in chips) 
Seat 2: mr.Jckpot ($108.38 in chips) 
Seat 3: Emily_GetMan ($108.32 in chips) 
Seat 4: Mabel1411 ($373.95 in chips) 
Seat 5: MaRKiToScoK ($100 in chips) 
Seat 6: shootingGRID ($109 in chips) 
Mabel1411: posts small blind $0.50
MaRKiToScoK: posts big blind $1
*** HOLE CARDS ***
shootingGRID: folds 
kars0n: raises $1 to $2
mr.Jckpot: folds 
Emily_GetMan: folds 
Mabel1411: calls $1.50
MaRKiToScoK: calls $1
*** FLOP *** [Qs 3c Kh]
Mabel1411: checks 
MaRKiToScoK: checks 
kars0n: checks 
*** TURN *** [Qs 3c Kh] [Th]
Mabel1411: checks 
MaRKiToScoK: checks 
kars0n: checks 
*** RIVER *** [Qs 3c Kh Th] [2c]
Mabel1411: checks 
MaRKiToScoK: checks 
kars0n: bets $4.28
Mabel1411: calls $4.28
MaRKiToScoK: folds 
*** SHOW DOWN ***
kars0n: shows [Qd As] (a pair of Queens)
Mabel1411: mucks hand 
kars0n collected $13.83 from pot
*** SUMMARY ***
Total pot $14.56 | Rake $0.73 
Board [Qs 3c Kh Th 2c]
Seat 1: kars0n showed [Qd As] and won ($13.83) with a pair of Queens
Seat 2: mr.Jckpot folded before Flop (didn't bet)
Seat 3: Emily_GetMan (button) folded before Flop (didn't bet)
Seat 4: Mabel1411 (small blind) mucked
Seat 5: MaRKiToScoK (big blind) folded on the River
Seat 6: shootingGRID folded before Flop (didn't bet)



PokerStars Hand #254329497047:  Hold'em No Limit ($0.50/$1.00 USD) - 2025/01/12 12:25:35 WET [2025/01/12 7:25:35 ET]
Table 'Nemausa III' 6-max Seat #4 is the button
Seat 1: kars0n ($130.67 in chips) 
Seat 2: mr.Jckpot ($108.38 in chips) 
Seat 3: Emily_GetMan ($108.32 in chips) 
Seat 4: Mabel1411 ($367.67 in chips) 
Seat 5: MaRKiToScoK ($100 in chips) 
Seat 6: shootingGRID ($109 in chips) 
MaRKiToScoK: posts small blind $0.50
shootingGRID: posts big blind $1
*** HOLE CARDS ***
kars0n: folds 
mr.Jckpot: folds 
Emily_GetMan: folds 
Mabel1411: raises $1 to $2
MaRKiToScoK: raises $8 to $10
shootingGRID: folds 
Mabel1411: folds 
Uncalled bet ($8) returned to MaRKiToScoK
MaRKiToScoK collected $5 from pot
*** SUMMARY ***
Total pot $5 | Rake $0 
Seat 1: kars0n folded before Flop (didn't bet)
Seat 2: mr.Jckpot folded before Flop (didn't bet)
Seat 3: Emily_GetMan folded before Flop (didn't bet)
Seat 4: Mabel1411 (button) folded before Flop
Seat 5: MaRKiToScoK (small blind) collected ($5)
Seat 6: shootingGRID (big blind) folded before Flop



PokerStars Hand #254329501316:  Hold'em No Limit ($0.50/$1.00 USD) - 2025/01/12 12:26:02 WET [2025/01/12 7:26:02 ET]
Table 'Nemausa III' 6-max Seat #5 is the button
Seat 1: kars0n ($130.67 in chips) 
Seat 2: mr.Jckpot ($108.38 in chips) 
Seat 3: Emily_GetMan ($108.32 in chips) 
Seat 4: Mabel1411 ($365.67 in chips) 
Seat 5: MaRKiToScoK ($103 in chips) 
Seat 6: shootingGRID ($108 in chips) 
shootingGRID: posts small blind $0.50
kars0n: posts big blind $1
*** HOLE CARDS ***
mr.Jckpot: folds 
Emily_GetMan: folds 
Mabel1411: folds 
MaRKiToScoK: folds 
shootingGRID: raises $2 to $3
kars0n: calls $2
*** FLOP *** [Kd 3s Td]
shootingGRID: checks 
kars0n: checks 
*** TURN *** [Kd 3s Td] [2h]
shootingGRID: checks 
kars0n: checks 
*** RIVER *** [Kd 3s Td 2h] [5h]
shootingGRID: checks 
kars0n: checks 
*** SHOW DOWN ***
shootingGRID: shows [Jc 8d] (high card King)
kars0n: shows [9c 9s] (a pair of Nines)
kars0n collected $5.70 from pot
*** SUMMARY ***
Total pot $6 | Rake $0.30 
Board [Kd 3s Td 2h 5h]
Seat 1: kars0n (big blind) showed [9c 9s] and won ($5.70) with a pair of Nines
Seat 2: mr.Jckpot folded before Flop (didn't bet)
Seat 3: Emily_GetMan folded before Flop (didn't bet)
Seat 4: Mabel1411 folded before Flop (didn't bet)
Seat 5: MaRKiToScoK (button) folded before Flop (didn't bet)
Seat 6: shootingGRID (small blind) showed [Jc 8d] and lost with high card King



PokerStars Hand #254329508475:  Hold'em No Limit ($0.50/$1.00 USD) - 2025/01/12 12:26:47 WET [2025/01/12 7:26:47 ET]
Table 'Nemausa III' 6-max Seat #6 is the button
Seat 1: kars0n ($133.37 in chips) 
Seat 2: mr.Jckpot ($108.38 in chips) 
Seat 3: Emily_GetMan ($108.32 in chips) 
Seat 4: Mabel1411 ($365.67 in chips) 
Seat 5: MaRKiToScoK ($103 in chips) 
Seat 6: shootingGRID ($105 in chips) 
kars0n: posts small blind $0.50
mr.Jckpot: posts big blind $1
*** HOLE CARDS ***
Emily_GetMan: raises $1 to $2
Mabel1411: folds 
MaRKiToScoK: folds 
shootingGRID: raises $5.50 to $7.50
kars0n: folds 
mr.Jckpot: folds 
Emily_GetMan: calls $5.50
*** FLOP *** [4h Kh 3d]
Emily_GetMan: checks 
shootingGRID: bets $5.17
Emily_GetMan: calls $5.17
*** TURN *** [4h Kh 3d] [2h]
Emily_GetMan: checks 
shootingGRID: bets $8.42
Emily_GetMan: raises $16.58 to $25
shootingGRID: calls $16.58
*** RIVER *** [4h Kh 3d 2h] [4c]
Emily_GetMan: checks 
shootingGRID: checks 
*** SHOW DOWN ***
Emily_GetMan: shows [Th Tc] (two pair, Tens and Fours)
shootingGRID: shows [Ah Qh] (a flush, Ace high)
shootingGRID collected $74.34 from pot
*** SUMMARY ***
Total pot $76.84 | Rake $2.50 
Board [4h Kh 3d 2h 4c]
Seat 1: kars0n (small blind) folded before Flop
Seat 2: mr.Jckpot (big blind) folded before Flop
Seat 3: Emily_GetMan showed [Th Tc] and lost with two pair, Tens and Fours
Seat 4: Mabel1411 folded before Flop (didn't bet)
Seat 5: MaRKiToScoK folded before Flop (didn't bet)
Seat 6: shootingGRID (button) showed [Ah Qh] and won ($74.34) with a flush, Ace high



PokerStars Hand #254329525581:  Hold'em No Limit ($0.50/$1.00 USD) - 2025/01/12 12:28:35 WET [2025/01/12 7:28:35 ET]
Table 'Nemausa III' 6-max Seat #1 is the button
Seat 1: kars0n ($132.87 in chips) 
Seat 2: mr.Jckpot ($107.38 in chips) 
Seat 3: Emily_GetMan ($100 in chips) 
Seat 4: Mabel1411 ($365.67 in chips) 
Seat 5: MaRKiToScoK ($103 in chips) 
Seat 6: shootingGRID ($141.67 in chips) 
mr.Jckpot: posts small blind $0.50
Emily_GetMan: posts big blind $1
*** HOLE CARDS ***
Mabel1411: folds 
MaRKiToScoK: folds 
shootingGRID: folds 
kars0n: raises $1.50 to $2.50
mr.Jckpot: folds 
Emily_GetMan: raises $10 to $12.50
kars0n: folds 
Uncalled bet ($10) returned to Emily_GetMan
Emily_GetMan collected $5.50 from pot
Emily_GetMan: doesn't show hand 
*** SUMMARY ***
Total pot $5.50 | Rake $0 
Seat 1: kars0n (button) folded before Flop
Seat 2: mr.Jckpot (small blind) folded before Flop
Seat 3: Emily_GetMan (big blind) collected ($5.50)
Seat 4: Mabel1411 folded before Flop (didn't bet)
Seat 5: MaRKiToScoK folded before Flop (didn't bet)
Seat 6: shootingGRID folded before Flop (didn't bet)



PokerStars Hand #254329528962:  Hold'em No Limit ($0.50/$1.00 USD) - 2025/01/12 12:28:57 WET [2025/01/12 7:28:57 ET]
Table 'Nemausa III' 6-max Seat #2 is the button
Seat 1: kars0n ($130.37 in chips) 
Seat 2: mr.Jckpot ($106.88 in chips) 
Seat 3: Emily_GetMan ($103 in chips) 
Seat 4: Mabel1411 ($365.67 in chips) 
Seat 5: MaRKiToScoK ($103 in chips) 
Seat 6: shootingGRID ($141.67 in chips) 
Emily_GetMan: posts small blind $0.50
Mabel1411: posts big blind $1
*** HOLE CARDS ***
MaRKiToScoK: folds 
shootingGRID: folds 
kars0n: raises $1.50 to $2.50
mr.Jckpot: raises $5 to $7.50
Emily_GetMan: folds 
Mabel1411: folds 
kars0n: folds 
Uncalled bet ($5) returned to mr.Jckpot
mr.Jckpot collected $6.50 from pot
mr.Jckpot: doesn't show hand 
*** SUMMARY ***
Total pot $6.50 | Rake $0 
Seat 1: kars0n folded before Flop
Seat 2: mr.Jckpot (button) collected ($6.50)
Seat 3: Emily_GetMan (small blind) folded before Flop
Seat 4: Mabel1411 (big blind) folded before Flop
Seat 5: MaRKiToScoK folded before Flop (didn't bet)
Seat 6: shootingGRID folded before Flop (didn't bet)



PokerStars Hand #254329535089:  Hold'em No Limit ($0.50/$1.00 USD) - 2025/01/12 12:29:36 WET [2025/01/12 7:29:36 ET]
Table 'Nemausa III' 6-max Seat #3 is the button
Seat 1: kars0n ($127.87 in chips) 
Seat 2: mr.Jckpot ($110.88 in chips) 
Seat 3: Emily_GetMan ($102.50 in chips) 
Seat 4: Mabel1411 ($364.67 in chips) 
Seat 5: MaRKiToScoK ($103 in chips) 
Seat 6: shootingGRID ($141.67 in chips) 
Mabel1411: posts small blind $0.50
MaRKiToScoK: posts big blind $1
*** HOLE CARDS ***
shootingGRID: raises $1.25 to $2.25
kars0n: folds 
mr.Jckpot: folds 
Emily_GetMan: folds 
Mabel1411: folds 
MaRKiToScoK: folds 
Uncalled bet ($1.25) returned to shootingGRID
shootingGRID collected $2.50 from pot
*** SUMMARY ***
Total pot $2.50 | Rake $0 
Seat 1: kars0n folded before Flop (didn't bet)
Seat 2: mr.Jckpot folded before Flop (didn't bet)
Seat 3: Emily_GetMan (button) folded before Flop (didn't bet)
Seat 4: Mabel1411 (small blind) folded before Flop
Seat 5: MaRKiToScoK (big blind) folded before Flop
Seat 6: shootingGRID collected ($2.50)



PokerStars Hand #254329538626:  Hold'em No Limit ($0.50/$1.00 USD) - 2025/01/12 12:29:57 WET [2025/01/12 7:29:57 ET]
Table 'Nemausa III' 6-max Seat #4 is the button
Seat 1: kars0n ($127.87 in chips) 
Seat 2: mr.Jckpot ($110.88 in chips) 
Seat 3: Emily_GetMan ($102.50 in chips) 
Seat 4: Mabel1411 ($364.17 in chips) 
Seat 5: MaRKiToScoK ($102 in chips) 
Seat 6: shootingGRID ($143.17 in chips) 
MaRKiToScoK: posts small blind $0.50
shootingGRID: posts big blind $1
*** HOLE CARDS ***
kars0n: raises $1 to $2
mr.Jckpot: folds 
Emily_GetMan: folds 
Mabel1411: folds 
MaRKiToScoK: folds 
shootingGRID: folds 
Uncalled bet ($1) returned to kars0n
kars0n collected $2.50 from pot
kars0n: doesn't show hand 
*** SUMMARY ***
Total pot $2.50 | Rake $0 
Seat 1: kars0n collected ($2.50)
Seat 2: mr.Jckpot folded before Flop (didn't bet)
Seat 3: Emily_GetMan folded before Flop (didn't bet)
Seat 4: Mabel1411 (button) folded before Flop (didn't bet)
Seat 5: MaRKiToScoK (small blind) folded before Flop
Seat 6: shootingGRID (big blind) folded before Flop



PokerStars Hand #254329541993:  Hold'em No Limit ($0.50/$1.00 USD) - 2025/01/12 12:30:18 WET [2025/01/12 7:30:18 ET]
Table 'Nemausa III' 6-max Seat #5 is the button
Seat 1: kars0n ($129.37 in chips) 
Seat 2: mr.Jckpot ($110.88 in chips) 
Seat 3: Emily_GetMan ($102.50 in chips) 
Seat 4: Mabel1411 ($364.17 in chips) 
Seat 5: MaRKiToScoK ($101.50 in chips) 
Seat 6: shootingGRID ($142.17 in chips) 
shootingGRID: posts small blind $0.50
kars0n: posts big blind $1
*** HOLE CARDS ***
mr.Jckpot: folds 
Emily_GetMan: folds 
Mabel1411: folds 
MaRKiToScoK: folds 
shootingGRID: folds 
Uncalled bet ($0.50) returned to kars0n
kars0n collected $1 from pot
kars0n: doesn't show hand 
*** SUMMARY ***
Total pot $1 | Rake $0 
Seat 1: kars0n (big blind) collected ($1)
Seat 2: mr.Jckpot folded before Flop (didn't bet)
Seat 3: Emily_GetMan folded before Flop (didn't bet)
Seat 4: Mabel1411 folded before Flop (didn't bet)
Seat 5: MaRKiToScoK (button) folded before Flop (didn't bet)
Seat 6: shootingGRID (small blind) folded before Flop



PokerStars Hand #254329545903:  Hold'em No Limit ($0.50/$1.00 USD) - 2025/01/12 12:30:42 WET [2025/01/12 7:30:42 ET]
Table 'Nemausa III' 6-max Seat #6 is the button
Seat 1: kars0n ($129.87 in chips) 
Seat 2: mr.Jckpot ($110.88 in chips) 
Seat 3: Emily_GetMan ($102.50 in chips) 
Seat 4: Mabel1411 ($364.17 in chips) 
Seat 5: MaRKiToScoK ($101.50 in chips) 
Seat 6: shootingGRID ($141.67 in chips) 
kars0n: posts small blind $0.50
mr.Jckpot: posts big blind $1
*** HOLE CARDS ***
Emily_GetMan: folds 
Mabel1411: folds 
MaRKiToScoK: folds 
shootingGRID: folds 
kars0n: raises $2 to $3
mr.Jckpot: calls $2
*** FLOP *** [Ac Qd 5d]
kars0n: checks 
mr.Jckpot: checks 
*** TURN *** [Ac Qd 5d] [3d]
kars0n: checks 
mr.Jckpot: bets $3.76
kars0n: folds 
Uncalled bet ($3.76) returned to mr.Jckpot
mr.Jckpot collected $5.70 from pot
mr.Jckpot: doesn't show hand 
*** SUMMARY ***
Total pot $6 | Rake $0.30 
Board [Ac Qd 5d 3d]
Seat 1: kars0n (small blind) folded on the Turn
Seat 2: mr.Jckpot (big blind) collected ($5.70)
Seat 3: Emily_GetMan folded before Flop (didn't bet)
Seat 4: Mabel1411 folded before Flop (didn't bet)
Seat 5: MaRKiToScoK folded before Flop (didn't bet)
Seat 6: shootingGRID (button) folded before Flop (didn't bet)



PokerStars Hand #254329555160:  Hold'em No Limit ($0.50/$1.00 USD) - 2025/01/12 12:31:40 WET [2025/01/12 7:31:40 ET]
Table 'Nemausa III' 6-max Seat #1 is the button
Seat 1: kars0n ($126.87 in chips) 
Seat 2: mr.Jckpot ($113.58 in chips) 
Seat 3: Emily_GetMan ($102.50 in chips) 
Seat 4: Mabel1411 ($364.17 in chips) 
Seat 5: MaRKiToScoK ($101.50 in chips) 
Seat 6: shootingGRID ($141.67 in chips) 
mr.Jckpot: posts small blind $0.50
Emily_GetMan: posts big blind $1
*** HOLE CARDS ***
Mabel1411: folds 
MaRKiToScoK: folds 
shootingGRID: folds 
kars0n: folds 
mr.Jckpot: folds 
Uncalled bet ($0.50) returned to Emily_GetMan
Emily_GetMan collected $1 from pot
Emily_GetMan: doesn't show hand 
*** SUMMARY ***
Total pot $1 | Rake $0 
Seat 1: kars0n (button) folded before Flop (didn't bet)
Seat 2: mr.Jckpot (small blind) folded before Flop
Seat 3: Emily_GetMan (big blind) collected ($1)
Seat 4: Mabel1411 folded before Flop (didn't bet)
Seat 5: MaRKiToScoK folded before Flop (didn't bet)
Seat 6: shootingGRID folded before Flop (didn't bet)



PokerStars Hand #254329559170:  Hold'em No Limit ($0.50/$1.00 USD) - 2025/01/12 12:32:05 WET [2025/01/12 7:32:05 ET]
Table 'Nemausa III' 6-max Seat #2 is the button
Seat 1: kars0n ($126.87 in chips) 
Seat 2: mr.Jckpot ($113.08 in chips) 
Seat 3: Emily_GetMan ($103 in chips) 
Seat 4: Mabel1411 ($364.17 in chips) 
Seat 5: MaRKiToScoK ($101.50 in chips) 
Seat 6: shootingGRID ($141.67 in chips) 
Emily_GetMan: posts small blind $0.50
Mabel1411: posts big blind $1
*** HOLE CARDS ***
MaRKiToScoK: folds 
shootingGRID: folds 
kars0n: folds 
mr.Jckpot: folds 
Emily_GetMan: raises $2 to $3
Mabel1411: calls $2
*** FLOP *** [7s 8h As]
Emily_GetMan: bets $3.76
Mabel1411: folds 
Uncalled bet ($3.76) returned to Emily_GetMan
Emily_GetMan collected $5.70 from pot
Emily_GetMan: doesn't show hand 
*** SUMMARY ***
Total pot $6 | Rake $0.30 
Board [7s 8h As]
Seat 1: kars0n folded before Flop (didn't bet)
Seat 2: mr.Jckpot (button) folded before Flop (didn't bet)
Seat 3: Emily_GetMan (small blind) collected ($5.70)
Seat 4: Mabel1411 (big blind) folded on the Flop
Seat 5: MaRKiToScoK folded before Flop (didn't bet)
Seat 6: shootingGRID folded before Flop (didn't bet)



PokerStars Hand #254329563536:  Hold'em No Limit ($0.50/$1.00 USD) - 2025/01/12 12:32:32 WET [2025/01/12 7:32:32 ET]
Table 'Nemausa III' 6-max Seat #3 is the button
Seat 1: kars0n ($126.87 in chips) 
Seat 2: mr.Jckpot ($113.08 in chips) 
Seat 3: Emily_GetMan ($105.70 in chips) 
Seat 4: Mabel1411 ($361.17 in chips) 
Seat 5: MaRKiToScoK ($101.50 in chips) 
Seat 6: shootingGRID ($141.67 in chips) 
Mabel1411: posts small blind $0.50
MaRKiToScoK: posts big blind $1
*** HOLE CARDS ***
shootingGRID: folds 
kars0n: raises $1 to $2
mr.Jckpot: folds 
Emily_GetMan: folds 
Mabel1411: folds 
MaRKiToScoK: folds 
Uncalled bet ($1) returned to kars0n
kars0n collected $2.50 from pot
kars0n: doesn't show hand 
*** SUMMARY ***
Total pot $2.50 | Rake $0 
Seat 1: kars0n collected ($2.50)
Seat 2: mr.Jckpot folded before Flop (didn't bet)
Seat 3: Emily_GetMan (button) folded before Flop (didn't bet)
Seat 4: Mabel1411 (small blind) folded before Flop
Seat 5: MaRKiToScoK (big blind) folded before Flop
Seat 6: shootingGRID folded before Flop (didn't bet)



PokerStars Hand #254329566893:  Hold'em No Limit ($0.50/$1.00 USD) - 2025/01/12 12:32:52 WET [2025/01/12 7:32:52 ET]
Table 'Nemausa III' 6-max Seat #4 is the button
Seat 1: kars0n ($128.37 in chips) 
Seat 2: mr.Jckpot ($113.08 in chips) 
Seat 3: Emily_GetMan ($105.70 in chips) 
Seat 4: Mabel1411 ($360.67 in chips) 
Seat 5: MaRKiToScoK ($100.50 in chips) 
Seat 6: shootingGRID ($141.67 in chips) 
MaRKiToScoK: posts small blind $0.50
shootingGRID: posts big blind $1
*** HOLE CARDS ***
kars0n: folds 
mr.Jckpot: folds 
Emily_GetMan: raises $1 to $2
Mabel1411: folds 
MaRKiToScoK: raises $8 to $10
shootingGRID: folds 
Emily_GetMan: folds 
Uncalled bet ($8) returned to MaRKiToScoK
MaRKiToScoK collected $5 from pot
*** SUMMARY ***
Total pot $5 | Rake $0 
Seat 1: kars0n folded before Flop (didn't bet)
Seat 2: mr.Jckpot folded before Flop (didn't bet)
Seat 3: Emily_GetMan folded before Flop
Seat 4: Mabel1411 (button) folded before Flop (didn't bet)
Seat 5: MaRKiToScoK (small blind) collected ($5)
Seat 6: shootingGRID (big blind) folded before Flop



PokerStars Hand #254329570774:  Hold'em No Limit ($0.50/$1.00 USD) - 2025/01/12 12:33:16 WET [2025/01/12 7:33:16 ET]
Table 'Nemausa III' 6-max Seat #5 is the button
Seat 1: kars0n ($128.37 in chips) 
Seat 2: mr.Jckpot ($113.08 in chips) 
Seat 3: Emily_GetMan ($103.70 in chips) 
Seat 4: Mabel1411 ($360.67 in chips) 
Seat 5: MaRKiToScoK ($103.50 in chips) 
Seat 6: shootingGRID ($140.67 in chips) 
shootingGRID: posts small blind $0.50
kars0n: posts big blind $1
*** HOLE CARDS ***
mr.Jckpot: folds 
Emily_GetMan: folds 
Mabel1411: folds 
MaRKiToScoK: folds 
shootingGRID: raises $2 to $3
kars0n: calls $2
*** FLOP *** [4d 9c Ts]
shootingGRID: checks 
kars0n: checks 
*** TURN *** [4d 9c Ts] [3c]
shootingGRID: checks 
kars0n: checks 
*** RIVER *** [4d 9c Ts 3c] [Qd]
shootingGRID: checks 
kars0n: bets $5.70
shootingGRID: folds 
Uncalled bet ($5.70) returned to kars0n
kars0n collected $5.70 from pot
kars0n: doesn't show hand 
*** SUMMARY ***
Total pot $6 | Rake $0.30 
Board [4d 9c Ts 3c Qd]
Seat 1: kars0n (big blind) collected ($5.70)
Seat 2: mr.Jckpot folded before Flop (didn't bet)
Seat 3: Emily_GetMan folded before Flop (didn't bet)
Seat 4: Mabel1411 folded before Flop (didn't bet)
Seat 5: MaRKiToScoK (button) folded before Flop (didn't bet)
Seat 6: shootingGRID (small blind) folded on the River



PokerStars Hand #254329582925:  Hold'em No Limit ($0.50/$1.00 USD) - 2025/01/12 12:34:30 WET [2025/01/12 7:34:30 ET]
Table 'Nemausa III' 6-max Seat #6 is the button
Seat 1: kars0n ($131.07 in chips) 
Seat 2: mr.Jckpot ($113.08 in chips) 
Seat 3: Emily_GetMan ($103.70 in chips) 
Seat 4: Mabel1411 ($360.67 in chips) 
Seat 5: MaRKiToScoK ($103.50 in chips) 
Seat 6: shootingGRID ($137.67 in chips) 
kars0n: posts small blind $0.50
mr.Jckpot: posts big blind $1
*** HOLE CARDS ***
Emily_GetMan: folds 
Mabel1411: folds 
MaRKiToScoK: folds 
shootingGRID: folds 
kars0n: raises $2 to $3
mr.Jckpot: folds 
Uncalled bet ($2) returned to kars0n
kars0n collected $2 from pot
kars0n: doesn't show hand 
*** SUMMARY ***
Total pot $2 | Rake $0 
Seat 1: kars0n (small blind) collected ($2)
Seat 2: mr.Jckpot (big blind) folded before Flop
Seat 3: Emily_GetMan folded before Flop (didn't bet)
Seat 4: Mabel1411 folded before Flop (didn't bet)
Seat 5: MaRKiToScoK folded before Flop (didn't bet)
Seat 6: shootingGRID (button) folded before Flop (didn't bet)



PokerStars Hand #254329585607:  Hold'em No Limit ($0.50/$1.00 USD) - 2025/01/12 12:34:47 WET [2025/01/12 7:34:47 ET]
Table 'Nemausa III' 6-max Seat #1 is the button
Seat 1: kars0n ($132.07 in chips) 
Seat 2: mr.Jckpot ($112.08 in chips) 
Seat 3: Emily_GetMan ($103.70 in chips) 
Seat 4: Mabel1411 ($360.67 in chips) 
Seat 5: MaRKiToScoK ($103.50 in chips) 
Seat 6: shootingGRID ($137.67 in chips) 
mr.Jckpot: posts small blind $0.50
Emily_GetMan: posts big blind $1
*** HOLE CARDS ***
Mabel1411: raises $1 to $2
MaRKiToScoK: raises $4.40 to $6.40
shootingGRID: folds 
kars0n: folds 
mr.Jckpot: folds 
Emily_GetMan: folds 
Mabel1411: calls $4.40
*** FLOP *** [Ad Qh 5s]
Mabel1411: checks 
MaRKiToScoK: bets $4.07
Mabel1411: calls $4.07
*** TURN *** [Ad Qh 5s] [4d]
Mabel1411: checks 
MaRKiToScoK: bets $21.32
Mabel1411: calls $21.32
*** RIVER *** [Ad Qh 5s 4d] [Th]
Mabel1411: checks 
MaRKiToScoK: bets $71.71 and is all-in
Mabel1411: calls $71.71
*** SHOW DOWN ***
MaRKiToScoK: shows [4c Ac] (two pair, Aces and Fours)
Mabel1411: shows [6s As] (a pair of Aces)
MaRKiToScoK collected $206 from pot
*** SUMMARY ***
Total pot $208.50 | Rake $2.50 
Board [Ad Qh 5s 4d Th]
Seat 1: kars0n (button) folded before Flop (didn't bet)
Seat 2: mr.Jckpot (small blind) folded before Flop
Seat 3: Emily_GetMan (big blind) folded before Flop
Seat 4: Mabel1411 showed [6s As] and lost with a pair of Aces
Seat 5: MaRKiToScoK showed [4c Ac] and won ($206) with two pair, Aces and Fours
Seat 6: shootingGRID folded before Flop (didn't bet)



PokerStars Hand #254329599826:  Hold'em No Limit ($0.50/$1.00 USD) - 2025/01/12 12:36:14 WET [2025/01/12 7:36:14 ET]
Table 'Nemausa III' 6-max Seat #2 is the button
Seat 1: kars0n ($132.07 in chips) 
Seat 2: mr.Jckpot ($111.58 in chips) 
Seat 3: Emily_GetMan ($102.70 in chips) 
Seat 4: Mabel1411 ($257.17 in chips) 
Seat 5: MaRKiToScoK ($206 in chips) 
Seat 6: shootingGRID ($137.67 in chips) 
Emily_GetMan: posts small blind $0.50
Mabel1411: posts big blind $1
*** HOLE CARDS ***
MaRKiToScoK: folds 
shootingGRID: folds 
kars0n: raises $1.50 to $2.50
mr.Jckpot: folds 
Emily_GetMan: folds 
Mabel1411: folds 
Uncalled bet ($1.50) returned to kars0n
kars0n collected $2.50 from pot
kars0n: doesn't show hand 
*** SUMMARY ***
Total pot $2.50 | Rake $0 
Seat 1: kars0n collected ($2.50)
Seat 2: mr.Jckpot (button) folded before Flop (didn't bet)
Seat 3: Emily_GetMan (small blind) folded before Flop
Seat 4: Mabel1411 (big blind) folded before Flop
Seat 5: MaRKiToScoK folded before Flop (didn't bet)
Seat 6: shootingGRID folded before Flop (didn't bet)



PokerStars Hand #254329603830:  Hold'em No Limit ($0.50/$1.00 USD) - 2025/01/12 12:36:39 WET [2025/01/12 7:36:39 ET]
Table 'Nemausa III' 6-max Seat #4 is the button
Seat 1: kars0n ($133.57 in chips) 
Seat 2: mr.Jckpot ($111.58 in chips) 
Seat 4: Mabel1411 ($256.17 in chips) 
Seat 5: MaRKiToScoK ($206 in chips) 
Seat 6: shootingGRID ($137.67 in chips) 
Emily_GetMan leaves the table
MaRKiToScoK: posts small blind $0.50
shootingGRID: posts big blind $1
*** HOLE CARDS ***
kars0n: folds 
mr.Jckpot: folds 
Mabel1411: folds 
MaRKiToScoK: raises $1.77 to $2.77
shootingGRID: calls $1.77
*** FLOP *** [Ks 8c 8s]
MaRKiToScoK: bets $1.58
shootingGRID: raises $5.56 to $7.14
MaRKiToScoK: folds 
Uncalled bet ($5.56) returned to shootingGRID
shootingGRID collected $8.26 from pot
*** SUMMARY ***
Total pot $8.70 | Rake $0.44 
Board [Ks 8c 8s]
Seat 1: kars0n folded before Flop (didn't bet)
Seat 2: mr.Jckpot folded before Flop (didn't bet)
Seat 4: Mabel1411 (button) folded before Flop (didn't bet)
Seat 5: MaRKiToScoK (small blind) folded on the Flop
Seat 6: shootingGRID (big blind) collected ($8.26)



PokerStars Hand #254329611661:  Hold'em No Limit ($0.50/$1.00 USD) - 2025/01/12 12:37:27 WET [2025/01/12 7:37:27 ET]
Table 'Nemausa III' 6-max Seat #5 is the button
Seat 1: kars0n ($133.57 in chips) 
Seat 2: mr.Jckpot ($111.58 in chips) 
Seat 4: Mabel1411 ($256.17 in chips) 
Seat 5: MaRKiToScoK ($201.65 in chips) 
Seat 6: shootingGRID ($141.58 in chips) 
shootingGRID: posts small blind $0.50
kars0n: posts big blind $1
*** HOLE CARDS ***
mr.Jckpot: folds 
Mabel1411: folds 
MaRKiToScoK: raises $1.33 to $2.33
shootingGRID: folds 
kars0n: folds 
Uncalled bet ($1.33) returned to MaRKiToScoK
MaRKiToScoK collected $2.50 from pot
*** SUMMARY ***
Total pot $2.50 | Rake $0 
Seat 1: kars0n (big blind) folded before Flop
Seat 2: mr.Jckpot folded before Flop (didn't bet)
Seat 4: Mabel1411 folded before Flop (didn't bet)
Seat 5: MaRKiToScoK (button) collected ($2.50)
Seat 6: shootingGRID (small blind) folded before Flop



PokerStars Hand #254329615733:  Hold'em No Limit ($0.50/$1.00 USD) - 2025/01/12 12:37:51 WET [2025/01/12 7:37:51 ET]
Table 'Nemausa III' 6-max Seat #6 is the button
Seat 1: kars0n ($132.57 in chips) 
Seat 2: mr.Jckpot ($111.58 in chips) 
Seat 4: Mabel1411 ($256.17 in chips) 
Seat 5: MaRKiToScoK ($203.15 in chips) 
Seat 6: shootingGRID ($141.08 in chips) 
kars0n: posts small blind $0.50
mr.Jckpot: posts big blind $1
*** HOLE CARDS ***
Mabel1411: raises $2 to $3
MaRKiToScoK: folds 
shootingGRID: folds 
xcinaz joins the table at seat #3 
kars0n: folds 
mr.Jckpot: folds 
Uncalled bet ($2) returned to Mabel1411
Mabel1411 collected $2.50 from pot
*** SUMMARY ***
Total pot $2.50 | Rake $0 
Seat 1: kars0n (small blind) folded before Flop
Seat 2: mr.Jckpot (big blind) folded before Flop
Seat 4: Mabel1411 collected ($2.50)
Seat 5: MaRKiToScoK folded before Flop (didn't bet)
Seat 6: shootingGRID (button) folded before Flop (didn't bet)



PokerStars Hand #254329619379:  Hold'em No Limit ($0.50/$1.00 USD) - 2025/01/12 12:38:13 WET [2025/01/12 7:38:13 ET]
Table 'Nemausa III' 6-max Seat #1 is the button
Seat 1: kars0n ($132.07 in chips) 
Seat 2: mr.Jckpot ($110.58 in chips) 
Seat 3: xcinaz ($100 in chips) 
Seat 4: Mabel1411 ($257.67 in chips) 
Seat 5: MaRKiToScoK ($203.15 in chips) 
Seat 6: shootingGRID ($141.08 in chips) 
mr.Jckpot: posts small blind $0.50
xcinaz: posts big blind $1
*** HOLE CARDS ***
Mabel1411: folds 
MaRKiToScoK: raises $1.50 to $2.50
shootingGRID: folds 
kars0n: folds 
mr.Jckpot: raises $9.50 to $12
xcinaz: folds 
MaRKiToScoK: calls $9.50
*** FLOP *** [5d 7c 9h]
mr.Jckpot: bets $7.84
MaRKiToScoK: calls $7.84
*** TURN *** [5d 7c 9h] [Tc]
mr.Jckpot: bets $21.26
MaRKiToScoK: folds 
Uncalled bet ($21.26) returned to mr.Jckpot
mr.Jckpot collected $38.65 from pot
mr.Jckpot: doesn't show hand 
*** SUMMARY ***
Total pot $40.68 | Rake $2.03 
Board [5d 7c 9h Tc]
Seat 1: kars0n (button) folded before Flop (didn't bet)
Seat 2: mr.Jckpot (small blind) collected ($38.65)
Seat 3: xcinaz (big blind) folded before Flop
Seat 4: Mabel1411 folded before Flop (didn't bet)
Seat 5: MaRKiToScoK folded on the Turn
Seat 6: shootingGRID folded before Flop (didn't bet)



PokerStars Hand #254329629529:  Hold'em No Limit ($0.50/$1.00 USD) - 2025/01/12 12:39:14 WET [2025/01/12 7:39:14 ET]
Table 'Nemausa III' 6-max Seat #2 is the button
Seat 1: kars0n ($132.07 in chips) 
Seat 2: mr.Jckpot ($129.39 in chips) 
Seat 3: xcinaz ($100 in chips) 
Seat 4: Mabel1411 ($257.67 in chips) 
Seat 5: MaRKiToScoK ($183.31 in chips) 
Seat 6: shootingGRID ($141.08 in chips) 
xcinaz: posts small blind $0.50
Mabel1411: posts big blind $1
*** HOLE CARDS ***
MaRKiToScoK: folds 
shootingGRID: raises $1.25 to $2.25
kars0n: folds 
mr.Jckpot: folds 
xcinaz: folds 
Mabel1411: folds 
Uncalled bet ($1.25) returned to shootingGRID
shootingGRID collected $2.50 from pot
*** SUMMARY ***
Total pot $2.50 | Rake $0 
Seat 1: kars0n folded before Flop (didn't bet)
Seat 2: mr.Jckpot (button) folded before Flop (didn't bet)
Seat 3: xcinaz (small blind) folded before Flop
Seat 4: Mabel1411 (big blind) folded before Flop
Seat 5: MaRKiToScoK folded before Flop (didn't bet)
Seat 6: shootingGRID collected ($2.50)



PokerStars Hand #254329632779:  Hold'em No Limit ($0.50/$1.00 USD) - 2025/01/12 12:39:33 WET [2025/01/12 7:39:33 ET]
Table 'Nemausa III' 6-max Seat #3 is the button
Seat 1: kars0n ($132.07 in chips) 
Seat 2: mr.Jckpot ($129.39 in chips) 
Seat 3: xcinaz ($100 in chips) 
Seat 4: Mabel1411 ($256.67 in chips) 
Seat 5: MaRKiToScoK ($183.31 in chips) 
Seat 6: shootingGRID ($142.58 in chips) 
Mabel1411: posts small blind $0.50
MaRKiToScoK: posts big blind $1
*** HOLE CARDS ***
shootingGRID: raises $1.25 to $2.25
kars0n: raises $5.25 to $7.50
mr.Jckpot: folds 
xcinaz: folds 
Mabel1411: folds 
MaRKiToScoK: folds 
shootingGRID: calls $5.25
*** FLOP *** [Ah Ac Qs]
shootingGRID: checks 
kars0n: bets $3.92
shootingGRID: folds 
Uncalled bet ($3.92) returned to kars0n
kars0n collected $15.68 from pot
kars0n: doesn't show hand 
*** SUMMARY ***
Total pot $16.50 | Rake $0.82 
Board [Ah Ac Qs]
Seat 1: kars0n collected ($15.68)
Seat 2: mr.Jckpot folded before Flop (didn't bet)
Seat 3: xcinaz (button) folded before Flop (didn't bet)
Seat 4: Mabel1411 (small blind) folded before Flop
Seat 5: MaRKiToScoK (big blind) folded before Flop
Seat 6: shootingGRID folded on the Flop



PokerStars Hand #254329641596:  Hold'em No Limit ($0.50/$1.00 USD) - 2025/01/12 12:40:26 WET [2025/01/12 7:40:26 ET]
Table 'Nemausa III' 6-max Seat #4 is the button
Seat 1: kars0n ($140.25 in chips) 
Seat 2: mr.Jckpot ($129.39 in chips) 
Seat 3: xcinaz ($100 in chips) 
Seat 4: Mabel1411 ($256.17 in chips) 
Seat 5: MaRKiToScoK ($182.31 in chips) 
Seat 6: shootingGRID ($135.08 in chips) 
MaRKiToScoK: posts small blind $0.50
shootingGRID: posts big blind $1
*** HOLE CARDS ***
kars0n: folds 
mr.Jckpot: folds 
xcinaz: folds 
Mabel1411: folds 
MaRKiToScoK: folds 
Uncalled bet ($0.50) returned to shootingGRID
shootingGRID collected $1 from pot
*** SUMMARY ***
Total pot $1 | Rake $0 
Seat 1: kars0n folded before Flop (didn't bet)
Seat 2: mr.Jckpot folded before Flop (didn't bet)
Seat 3: xcinaz folded before Flop (didn't bet)
Seat 4: Mabel1411 (button) folded before Flop (didn't bet)
Seat 5: MaRKiToScoK (small blind) folded before Flop
Seat 6: shootingGRID (big blind) collected ($1)



PokerStars Hand #254329643928:  Hold'em No Limit ($0.50/$1.00 USD) - 2025/01/12 12:40:40 WET [2025/01/12 7:40:40 ET]
Table 'Nemausa III' 6-max Seat #5 is the button
Seat 1: kars0n ($140.25 in chips) 
Seat 2: mr.Jckpot ($129.39 in chips) 
Seat 3: xcinaz ($100 in chips) 
Seat 4: Mabel1411 ($256.17 in chips) 
Seat 5: MaRKiToScoK ($181.81 in chips) 
Seat 6: shootingGRID ($135.58 in chips) 
shootingGRID: posts small blind $0.50
kars0n: posts big blind $1
*** HOLE CARDS ***
mr.Jckpot: folds 
xcinaz: raises $1 to $2
Mabel1411: folds 
MaRKiToScoK: folds 
shootingGRID: folds 
kars0n: folds 
Uncalled bet ($1) returned to xcinaz
xcinaz collected $2.50 from pot
xcinaz: doesn't show hand 
*** SUMMARY ***
Total pot $2.50 | Rake $0 
Seat 1: kars0n (big blind) folded before Flop
Seat 2: mr.Jckpot folded before Flop (didn't bet)
Seat 3: xcinaz collected ($2.50)
Seat 4: Mabel1411 folded before Flop (didn't bet)
Seat 5: MaRKiToScoK (button) folded before Flop (didn't bet)
Seat 6: shootingGRID (small blind) folded before Flop



PokerStars Hand #254329646414:  Hold'em No Limit ($0.50/$1.00 USD) - 2025/01/12 12:40:55 WET [2025/01/12 7:40:55 ET]
Table 'Nemausa III' 6-max Seat #6 is the button
Seat 1: kars0n ($139.25 in chips) 
Seat 2: mr.Jckpot ($129.39 in chips) 
Seat 3: xcinaz ($101.50 in chips) 
Seat 4: Mabel1411 ($256.17 in chips) 
Seat 5: MaRKiToScoK ($181.81 in chips) 
Seat 6: shootingGRID ($135.08 in chips) 
kars0n: posts small blind $0.50
mr.Jckpot: posts big blind $1
*** HOLE CARDS ***
xcinaz: raises $1 to $2
Mabel1411: folds 
MaRKiToScoK: raises $4.40 to $6.40
shootingGRID: folds 
kars0n: folds 
mr.Jckpot: folds 
xcinaz: folds 
Uncalled bet ($4.40) returned to MaRKiToScoK
MaRKiToScoK collected $5.50 from pot
*** SUMMARY ***
Total pot $5.50 | Rake $0 
Seat 1: kars0n (small blind) folded before Flop
Seat 2: mr.Jckpot (big blind) folded before Flop
Seat 3: xcinaz folded before Flop
Seat 4: Mabel1411 folded before Flop (didn't bet)
Seat 5: MaRKiToScoK collected ($5.50)
Seat 6: shootingGRID (button) folded before Flop (didn't bet)



PokerStars Hand #254329650920:  Hold'em No Limit ($0.50/$1.00 USD) - 2025/01/12 12:41:21 WET [2025/01/12 7:41:21 ET]
Table 'Nemausa III' 6-max Seat #1 is the button
Seat 1: kars0n ($138.75 in chips) 
Seat 2: mr.Jckpot ($128.39 in chips) 
Seat 3: xcinaz ($100 in chips) 
Seat 4: Mabel1411 ($256.17 in chips) 
Seat 5: MaRKiToScoK ($185.31 in chips) 
Seat 6: shootingGRID ($135.08 in chips) 
mr.Jckpot: posts small blind $0.50
xcinaz: posts big blind $1
*** HOLE CARDS ***
Mabel1411: calls $1
MaRKiToScoK: folds 
shootingGRID: raises $2.25 to $3.25
kars0n: folds 
mr.Jckpot: folds 
xcinaz: folds 
Mabel1411: calls $2.25
*** FLOP *** [2d 5d Jd]
Mabel1411: checks 
shootingGRID: checks 
*** TURN *** [2d 5d Jd] [3c]
Mabel1411: checks 
shootingGRID: checks 
*** RIVER *** [2d 5d Jd 3c] [Qc]
Mabel1411: checks 
shootingGRID: bets $5.70
Mabel1411: folds 
Uncalled bet ($5.70) returned to shootingGRID
shootingGRID collected $7.60 from pot
*** SUMMARY ***
Total pot $8 | Rake $0.40 
Board [2d 5d Jd 3c Qc]
Seat 1: kars0n (button) folded before Flop (didn't bet)
Seat 2: mr.Jckpot (small blind) folded before Flop
Seat 3: xcinaz (big blind) folded before Flop
Seat 4: Mabel1411 folded on the River
Seat 5: MaRKiToScoK folded before Flop (didn't bet)
Seat 6: shootingGRID collected ($7.60)



PokerStars Hand #254329662664:  Hold'em No Limit ($0.50/$1.00 USD) - 2025/01/12 12:42:29 WET [2025/01/12 7:42:29 ET]
Table 'Nemausa III' 6-max Seat #2 is the button
Seat 1: kars0n ($138.75 in chips) 
Seat 2: mr.Jckpot ($127.89 in chips) 
Seat 3: xcinaz ($100 in chips) 
Seat 4: Mabel1411 ($252.92 in chips) 
Seat 5: MaRKiToScoK ($185.31 in chips) 
Seat 6: shootingGRID ($139.43 in chips) 
xcinaz: posts small blind $0.50
Mabel1411: posts big blind $1
*** HOLE CARDS ***
MaRKiToScoK: folds 
shootingGRID: folds 
kars0n: folds 
mr.Jckpot: folds 
xcinaz: folds 
Uncalled bet ($0.50) returned to Mabel1411
Mabel1411 collected $1 from pot
*** SUMMARY ***
Total pot $1 | Rake $0 
Seat 1: kars0n folded before Flop (didn't bet)
Seat 2: mr.Jckpot (button) folded before Flop (didn't bet)
Seat 3: xcinaz (small blind) folded before Flop
Seat 4: Mabel1411 (big blind) collected ($1)
Seat 5: MaRKiToScoK folded before Flop (didn't bet)
Seat 6: shootingGRID folded before Flop (didn't bet)



PokerStars Hand #254329665757:  Hold'em No Limit ($0.50/$1.00 USD) - 2025/01/12 12:42:47 WET [2025/01/12 7:42:47 ET]
Table 'Nemausa III' 6-max Seat #3 is the button
Seat 1: kars0n ($138.75 in chips) 
Seat 2: mr.Jckpot ($127.89 in chips) 
Seat 3: xcinaz ($100 in chips) 
Seat 4: Mabel1411 ($253.42 in chips) 
Seat 5: MaRKiToScoK ($185.31 in chips) 
Seat 6: shootingGRID ($139.43 in chips) 
Mabel1411: posts small blind $0.50
MaRKiToScoK: posts big blind $1
*** HOLE CARDS ***
shootingGRID: folds 
kars0n: folds 
mr.Jckpot: folds 
xcinaz: raises $1.50 to $2.50
Mabel1411: calls $2
MaRKiToScoK: folds 
*** FLOP *** [3c Ad 5d]
Mabel1411: checks 
xcinaz: checks 
*** TURN *** [3c Ad 5d] [As]
Mabel1411: checks 
xcinaz: checks 
*** RIVER *** [3c Ad 5d As] [2d]
Mabel1411: checks 
xcinaz: checks 
*** SHOW DOWN ***
Mabel1411: shows [9h Jc] (a pair of Aces)
xcinaz: shows [Td Qc] (a pair of Aces - Queen kicker)
xcinaz collected $5.70 from pot
*** SUMMARY ***
Total pot $6 | Rake $0.30 
Board [3c Ad 5d As 2d]
Seat 1: kars0n folded before Flop (didn't bet)
Seat 2: mr.Jckpot folded before Flop (didn't bet)
Seat 3: xcinaz (button) showed [Td Qc] and won ($5.70) with a pair of Aces
Seat 4: Mabel1411 (small blind) showed [9h Jc] and lost with a pair of Aces
Seat 5: MaRKiToScoK (big blind) folded before Flop
Seat 6: shootingGRID folded before Flop (didn't bet)



PokerStars Hand #254329676026:  Hold'em No Limit ($0.50/$1.00 USD) - 2025/01/12 12:43:46 WET [2025/01/12 7:43:46 ET]
Table 'Nemausa III' 6-max Seat #4 is the button
Seat 1: kars0n ($138.75 in chips) 
Seat 2: mr.Jckpot ($127.89 in chips) 
Seat 3: xcinaz ($103.20 in chips) 
Seat 4: Mabel1411 ($250.92 in chips) 
Seat 5: MaRKiToScoK ($184.31 in chips) 
Seat 6: shootingGRID ($139.43 in chips) 
MaRKiToScoK: posts small blind $0.50
shootingGRID: posts big blind $1
*** HOLE CARDS ***
kars0n: folds 
mr.Jckpot: folds 
xcinaz: folds 
Mabel1411: raises $2 to $3
MaRKiToScoK: raises $9 to $12
shootingGRID: folds 
Mabel1411: calls $9
*** FLOP *** [9c 7h 2d]
MaRKiToScoK: checks 
Mabel1411: checks 
*** TURN *** [9c 7h 2d] [Qd]
MaRKiToScoK: bets $23
Mabel1411: folds 
Uncalled bet ($23) returned to MaRKiToScoK
MaRKiToScoK collected $23.75 from pot
MaRKiToScoK: doesn't show hand 
*** SUMMARY ***
Total pot $25 | Rake $1.25 
Board [9c 7h 2d Qd]
Seat 1: kars0n folded before Flop (didn't bet)
Seat 2: mr.Jckpot folded before Flop (didn't bet)
Seat 3: xcinaz folded before Flop (didn't bet)
Seat 4: Mabel1411 (button) folded on the Turn
Seat 5: MaRKiToScoK (small blind) collected ($23.75)
Seat 6: shootingGRID (big blind) folded before Flop



PokerStars Hand #254329688223:  Hold'em No Limit ($0.50/$1.00 USD) - 2025/01/12 12:44:56 WET [2025/01/12 7:44:56 ET]
Table 'Nemausa III' 6-max Seat #5 is the button
Seat 1: kars0n ($138.75 in chips) 
Seat 2: mr.Jckpot ($127.89 in chips) 
Seat 3: xcinaz ($103.20 in chips) 
Seat 4: Mabel1411 ($238.92 in chips) 
Seat 5: MaRKiToScoK ($196.06 in chips) 
Seat 6: shootingGRID ($138.43 in chips) 
shootingGRID: posts small blind $0.50
kars0n: posts big blind $1
*** HOLE CARDS ***
mr.Jckpot: raises $1.50 to $2.50
xcinaz: folds 
Mabel1411: folds 
MaRKiToScoK: raises $5.50 to $8
shootingGRID: folds 
kars0n: folds 
mr.Jckpot: folds 
Uncalled bet ($5.50) returned to MaRKiToScoK
MaRKiToScoK collected $6.50 from pot
*** SUMMARY ***
Total pot $6.50 | Rake $0 
Seat 1: kars0n (big blind) folded before Flop
Seat 2: mr.Jckpot folded before Flop
Seat 3: xcinaz folded before Flop (didn't bet)
Seat 4: Mabel1411 folded before Flop (didn't bet)
Seat 5: MaRKiToScoK (button) collected ($6.50)
Seat 6: shootingGRID (small blind) folded before Flop



PokerStars Hand #254329695991:  Hold'em No Limit ($0.50/$1.00 USD) - 2025/01/12 12:45:40 WET [2025/01/12 7:45:40 ET]
Table 'Nemausa III' 6-max Seat #6 is the button
Seat 1: kars0n ($137.75 in chips) 
Seat 2: mr.Jckpot ($125.39 in chips) 
Seat 3: xcinaz ($103.20 in chips) 
Seat 4: Mabel1411 ($238.92 in chips) 
Seat 5: MaRKiToScoK ($200.06 in chips) 
Seat 6: shootingGRID ($137.93 in chips) 
kars0n: posts small blind $0.50
mr.Jckpot: posts big blind $1
*** HOLE CARDS ***
xcinaz: raises $1 to $2
Mabel1411: folds 
MaRKiToScoK: folds 
shootingGRID: folds 
kars0n: folds 
mr.Jckpot: raises $10 to $12
xcinaz: calls $10
*** FLOP *** [Ac 3c 4c]
mr.Jckpot: checks 
xcinaz: checks 
*** TURN *** [Ac 3c 4c] [6h]
mr.Jckpot: bets $12.50
xcinaz: calls $12.50
*** RIVER *** [Ac 3c 4c 6h] [8h]
mr.Jckpot: checks 
xcinaz: checks 
*** SHOW DOWN ***
mr.Jckpot: shows [Qd Ad] (a pair of Aces)
xcinaz: mucks hand 
mr.Jckpot collected $47.02 from pot
*** SUMMARY ***
Total pot $49.50 | Rake $2.48 
Board [Ac 3c 4c 6h 8h]
Seat 1: kars0n (small blind) folded before Flop
Seat 2: mr.Jckpot (big blind) showed [Qd Ad] and won ($47.02) with a pair of Aces
Seat 3: xcinaz mucked
Seat 4: Mabel1411 folded before Flop (didn't bet)
Seat 5: MaRKiToScoK folded before Flop (didn't bet)
Seat 6: shootingGRID (button) folded before Flop (didn't bet)



PokerStars Hand #254329707987:  Hold'em No Limit ($0.50/$1.00 USD) - 2025/01/12 12:46:50 WET [2025/01/12 7:46:50 ET]
Table 'Nemausa III' 6-max Seat #1 is the button
Seat 1: kars0n ($137.25 in chips) 
Seat 2: mr.Jckpot ($147.91 in chips) 
Seat 3: xcinaz ($100 in chips) 
Seat 4: Mabel1411 ($238.92 in chips) 
Seat 5: MaRKiToScoK ($200.06 in chips) 
Seat 6: shootingGRID ($137.93 in chips) 
mr.Jckpot: posts small blind $0.50
xcinaz: posts big blind $1
*** HOLE CARDS ***
Mabel1411: raises $1 to $2
MaRKiToScoK: raises $4.40 to $6.40
shootingGRID: folds 
kars0n: folds 
mr.Jckpot: folds 
xcinaz: folds 
Mabel1411: calls $4.40
*** FLOP *** [2c Jc Ah]
Mabel1411: bets $5
MaRKiToScoK: calls $5
*** TURN *** [2c Jc Ah] [9c]
Mabel1411: bets $8.54
MaRKiToScoK: raises $29.62 to $38.16
Mabel1411: calls $29.62
*** RIVER *** [2c Jc Ah 9c] [3d]
Mabel1411: checks 
MaRKiToScoK: bets $150.50 and is all-in
Mabel1411: calls $150.50
*** SHOW DOWN ***
MaRKiToScoK: shows [5c Ac] (a flush, Ace high)
Mabel1411: shows [Ad 9h] (two pair, Aces and Nines)
MaRKiToScoK collected $399.12 from pot
*** SUMMARY ***
Total pot $401.62 | Rake $2.50 
Board [2c Jc Ah 9c 3d]
Seat 1: kars0n (button) folded before Flop (didn't bet)
Seat 2: mr.Jckpot (small blind) folded before Flop
Seat 3: xcinaz (big blind) folded before Flop
Seat 4: Mabel1411 showed [Ad 9h] and lost with two pair, Aces and Nines
Seat 5: MaRKiToScoK showed [5c Ac] and won ($399.12) with a flush, Ace high
Seat 6: shootingGRID folded before Flop (didn't bet)



PokerStars Hand #254329723159:  Hold'em No Limit ($0.50/$1.00 USD) - 2025/01/12 12:48:17 WET [2025/01/12 7:48:17 ET]
Table 'Nemausa III' 6-max Seat #2 is the button
Seat 1: kars0n ($137.25 in chips) 
Seat 2: mr.Jckpot ($147.41 in chips) 
Seat 3: xcinaz ($100 in chips) 
Seat 4: Mabel1411 ($38.86 in chips) 
Seat 5: MaRKiToScoK ($399.12 in chips) 
Seat 6: shootingGRID ($137.93 in chips) 
xcinaz: posts small blind $0.50
Mabel1411: posts big blind $1
*** HOLE CARDS ***
MaRKiToScoK: folds 
shootingGRID: folds 
kars0n: raises $1.50 to $2.50
mr.Jckpot: folds 
xcinaz: folds 
Mabel1411: raises $3.50 to $6
kars0n: calls $3.50
*** FLOP *** [Js 7h 5s]
Mabel1411: bets $5.94
kars0n: calls $5.94
*** TURN *** [Js 7h 5s] [Ks]
Mabel1411: checks 
kars0n: checks 
*** RIVER *** [Js 7h 5s Ks] [Kc]
Mabel1411: checks 
kars0n: checks 
*** SHOW DOWN ***
Mabel1411: shows [Ac Ts] (a pair of Kings)
kars0n: shows [Ah 5h] (two pair, Kings and Fives)
kars0n collected $23.16 from pot
*** SUMMARY ***
Total pot $24.38 | Rake $1.22 
Board [Js 7h 5s Ks Kc]
Seat 1: kars0n showed [Ah 5h] and won ($23.16) with two pair, Kings and Fives
Seat 2: mr.Jckpot (button) folded before Flop (didn't bet)
Seat 3: xcinaz (small blind) folded before Flop
Seat 4: Mabel1411 (big blind) showed [Ac Ts] and lost with a pair of Kings
Seat 5: MaRKiToScoK folded before Flop (didn't bet)
Seat 6: shootingGRID folded before Flop (didn't bet)



PokerStars Hand #254329732039:  Hold'em No Limit ($0.50/$1.00 USD) - 2025/01/12 12:49:09 WET [2025/01/12 7:49:09 ET]
Table 'Nemausa III' 6-max Seat #3 is the button
Seat 1: kars0n ($148.47 in chips) 
Seat 2: mr.Jckpot ($147.41 in chips) 
Seat 3: xcinaz ($100 in chips) 
Seat 4: Mabel1411 ($26.92 in chips) 
Seat 5: MaRKiToScoK ($399.12 in chips) 
Seat 6: shootingGRID ($137.93 in chips) 
Mabel1411: posts small blind $0.50
MaRKiToScoK: posts big blind $1
*** HOLE CARDS ***
shootingGRID: folds 
kars0n: folds 
mr.Jckpot: folds 
xcinaz: folds 
Mabel1411: folds 
Uncalled bet ($0.50) returned to MaRKiToScoK
MaRKiToScoK collected $1 from pot
Mabel1411 leaves the table
*** SUMMARY ***
Total pot $1 | Rake $0 
Seat 1: kars0n folded before Flop (didn't bet)
Seat 2: mr.Jckpot folded before Flop (didn't bet)
Seat 3: xcinaz (button) folded before Flop (didn't bet)
Seat 4: Mabel1411 (small blind) folded before Flop
Seat 5: MaRKiToScoK (big blind) collected ($1)
Seat 6: shootingGRID folded before Flop (didn't bet)



PokerStars Hand #254329734205:  Hold'em No Limit ($0.50/$1.00 USD) - 2025/01/12 12:49:21 WET [2025/01/12 7:49:21 ET]
Table 'Nemausa III' 6-max Seat #5 is the button
Seat 1: kars0n ($148.47 in chips) 
Seat 2: mr.Jckpot ($147.41 in chips) 
Seat 3: xcinaz ($100 in chips) 
Seat 5: MaRKiToScoK ($399.62 in chips) 
Seat 6: shootingGRID ($137.93 in chips) 
shootingGRID: posts small blind $0.50
kars0n: posts big blind $1
*** HOLE CARDS ***
mr.Jckpot: folds 
xcinaz: folds 
MaRKiToScoK: raises $1.33 to $2.33
shootingGRID: raises $9.67 to $12
kars0n: folds 
MaRKiToScoK: calls $9.67
*** FLOP *** [Td Ac 4c]
shootingGRID: bets $11.88
Kunmadalin joins the table at seat #4 
Kunmadalin is disconnected 
MaRKiToScoK: calls $11.88
*** TURN *** [Td Ac 4c] [6d]
Kunmadalin leaves the table
shootingGRID: checks 
MaRKiToScoK: checks 
*** RIVER *** [Td Ac 4c 6d] [Jh]
shootingGRID: checks 
Kunmadalin joins the table at seat #4 
Kunmadalin is disconnected 
MaRKiToScoK: checks 
*** SHOW DOWN ***
shootingGRID: shows [4h Ah] (two pair, Aces and Fours)
MaRKiToScoK: mucks hand 
shootingGRID collected $46.32 from pot
*** SUMMARY ***
Total pot $48.76 | Rake $2.44 
Board [Td Ac 4c 6d Jh]
Seat 1: kars0n (big blind) folded before Flop
Seat 2: mr.Jckpot folded before Flop (didn't bet)
Seat 3: xcinaz folded before Flop (didn't bet)
Seat 5: MaRKiToScoK (button) mucked
Seat 6: shootingGRID (small blind) showed [4h Ah] and won ($46.32) with two pair, Aces and Fours



PokerStars Hand #254329745908:  Hold'em No Limit ($0.50/$1.00 USD) - 2025/01/12 12:50:29 WET [2025/01/12 7:50:29 ET]
Table 'Nemausa III' 6-max Seat #6 is the button
Seat 4: Kunmadalin ($60.69 in chips) is sitting out
Seat 1: kars0n ($147.47 in chips) 
Seat 2: mr.Jckpot ($147.41 in chips) 
Seat 3: xcinaz ($100 in chips) 
Seat 5: MaRKiToScoK ($375.74 in chips) 
Seat 6: shootingGRID ($160.37 in chips) 
kars0n: posts small blind $0.50
mr.Jckpot: posts big blind $1
Kunmadalin: sits out 
*** HOLE CARDS ***
Kunmadalin leaves the table
xcinaz: folds 
MaRKiToScoK: folds 
shootingGRID: folds 
kars0n: folds 
Uncalled bet ($0.50) returned to mr.Jckpot
mr.Jckpot collected $1 from pot
mr.Jckpot: doesn't show hand 
*** SUMMARY ***
Total pot $1 | Rake $0 
Seat 4: Kunmadalin
Seat 1: kars0n (small blind) folded before Flop
Seat 2: mr.Jckpot (big blind) collected ($1)
Seat 3: xcinaz folded before Flop (didn't bet)
Seat 5: MaRKiToScoK folded before Flop (didn't bet)
Seat 6: shootingGRID (button) folded before Flop (didn't bet)



PokerStars Hand #254329748723:  Hold'em No Limit ($0.50/$1.00 USD) - 2025/01/12 12:50:45 WET [2025/01/12 7:50:45 ET]
Table 'Nemausa III' 6-max Seat #1 is the button
Seat 3: xcinaz ($100 in chips) is sitting out
Seat 1: kars0n ($146.97 in chips) 
Seat 2: mr.Jckpot ($147.91 in chips) 
Seat 5: MaRKiToScoK ($375.74 in chips) 
Seat 6: shootingGRID ($160.37 in chips) 
mr.Jckpot: posts small blind $0.50
xcinaz: is sitting out 
MaRKiToScoK: posts big blind $1
*** HOLE CARDS ***
shootingGRID: folds 
kars0n: folds 
mr.Jckpot: raises $2 to $3
xcinaz leaves the table
MaRKiToScoK: raises $7 to $10
mr.Jckpot: raises $15 to $25
MaRKiToScoK: calls $15
*** FLOP *** [Tc 7h Ac]
mr.Jckpot: bets $14
MaRKiToScoK: calls $14
*** TURN *** [Tc 7h Ac] [Ah]
mr.Jckpot: bets $46
MaRKiToScoK: folds 
Uncalled bet ($46) returned to mr.Jckpot
mr.Jckpot collected $77 from pot
mr.Jckpot: doesn't show hand 
*** SUMMARY ***
Total pot $78 | Rake $1 
Board [Tc 7h Ac Ah]
Seat 3: xcinaz
Seat 1: kars0n (button) folded before Flop (didn't bet)
Seat 2: mr.Jckpot (small blind) collected ($77)
Seat 5: MaRKiToScoK (big blind) folded on the Turn
Seat 6: shootingGRID folded before Flop (didn't bet)



PokerStars Hand #254329760104:  Hold'em No Limit ($0.50/$1.00 USD) - 2025/01/12 12:51:50 WET [2025/01/12 7:51:50 ET]
Table 'Nemausa III' 6-max Seat #2 is the button
Seat 1: kars0n ($146.97 in chips) 
Seat 2: mr.Jckpot ($185.91 in chips) 
Seat 5: MaRKiToScoK ($336.74 in chips) 
Seat 6: shootingGRID ($160.37 in chips) 
MaRKiToScoK: posts small blind $0.50
shootingGRID: posts big blind $1
*** HOLE CARDS ***
kars0n: raises $1.50 to $2.50
mr.Jckpot: folds 
Kunmadalin joins the table at seat #3 
Kunmadalin is disconnected 
MaRKiToScoK: folds 
Rysiff joins the table at seat #4 
Kunmadalin leaves the table
shootingGRID: folds 
Uncalled bet ($1.50) returned to kars0n
kars0n collected $2.50 from pot
kars0n: doesn't show hand 
*** SUMMARY ***
Total pot $2.50 | Rake $0 
Seat 1: kars0n collected ($2.50)
Seat 2: mr.Jckpot (button) folded before Flop (didn't bet)
Seat 5: MaRKiToScoK (small blind) folded before Flop
Seat 6: shootingGRID (big blind) folded before Flop



PokerStars Hand #254329764195:  Hold'em No Limit ($0.50/$1.00 USD) - 2025/01/12 12:52:13 WET [2025/01/12 7:52:13 ET]
Table 'Nemausa III' 6-max Seat #5 is the button
Seat 4: Rysiff ($100 in chips) is sitting out
Seat 1: kars0n ($148.47 in chips) 
Seat 2: mr.Jckpot ($185.91 in chips) 
Seat 5: MaRKiToScoK ($336.24 in chips) 
Seat 6: shootingGRID ($159.37 in chips) 
shootingGRID: posts small blind $0.50
kars0n: posts big blind $1
Rysiff: sits out 
*** HOLE CARDS ***
mr.Jckpot: folds 
MaRKiToScoK: folds 
shootingGRID: folds 
Uncalled bet ($0.50) returned to kars0n
kars0n collected $1 from pot
kars0n: doesn't show hand 
*** SUMMARY ***
Total pot $1 | Rake $0 
Seat 4: Rysiff
Seat 1: kars0n (big blind) collected ($1)
Seat 2: mr.Jckpot folded before Flop (didn't bet)
Seat 5: MaRKiToScoK (button) folded before Flop (didn't bet)
Seat 6: shootingGRID (small blind) folded before Flop



PokerStars Hand #254329768106:  Hold'em No Limit ($0.50/$1.00 USD) - 2025/01/12 12:52:36 WET [2025/01/12 7:52:36 ET]
Table 'Nemausa III' 6-max Seat #6 is the button
Seat 2: mr.Jckpot ($185.91 in chips) is sitting out
Seat 1: kars0n ($148.97 in chips) 
Seat 4: Rysiff ($100 in chips) 
Seat 5: MaRKiToScoK ($336.24 in chips) 
Seat 6: shootingGRID ($158.87 in chips) 
kars0n: posts small blind $0.50
mr.Jckpot: is sitting out 
Rysiff: posts big blind $1
*** HOLE CARDS ***
mr.Jckpot leaves the table
MaRKiToScoK: folds 
shootingGRID: folds 
MaRKiToScoK leaves the table
kars0n: folds 
Uncalled bet ($0.50) returned to Rysiff
kars0n leaves the table
Rysiff collected $1 from pot
Rysiff: doesn't show hand 
*** SUMMARY ***
Total pot $1 | Rake $0 
Seat 2: mr.Jckpot
Seat 1: kars0n (small blind) folded before Flop
Seat 4: Rysiff (big blind) collected ($1)
Seat 5: MaRKiToScoK folded before Flop (didn't bet)
Seat 6: shootingGRID (button) folded before Flop (didn't bet)



PokerStars Hand #254329771452:  Hold'em No Limit ($0.50/$1.00 USD) - 2025/01/12 12:52:55 WET [2025/01/12 7:52:55 ET]
Table 'Nemausa III' 6-max Seat #4 is the button
Seat 4: Rysiff ($100.50 in chips) 
Seat 6: shootingGRID ($158.87 in chips) 
Rysiff: posts small blind $0.50
shootingGRID: posts big blind $1
*** HOLE CARDS ***
Rysiff: folds 
Uncalled bet ($0.50) returned to shootingGRID
shootingGRID collected $1 from pot
*** SUMMARY ***
Total pot $1 | Rake $0 
Seat 4: Rysiff (button) (small blind) folded before Flop
Seat 6: shootingGRID (big blind) collected ($1)



