PokerStars Hand #254325880412:  Hold'em No Limit ($0.50/$1.00 USD) - 2025/01/12 4:20:33 WET [2025/01/11 23:20:33 ET]
Table 'Vela III' 6-max Seat #5 is the button
Seat 1: 50CandyJoe ($184.80 in chips) 
Seat 2: XneferX ($114.02 in chips) 
Seat 3: 7bekon7 ($126.76 in chips) 
Seat 4: MaRKiToScoK ($125.20 in chips) 
Seat 5: CalcioNap ($97.94 in chips) 
Seat 6: LuckyShikari ($100 in chips) 
LuckyShikari: posts small blind $0.50
50CandyJoe: posts big blind $1
*** HOLE CARDS ***
XneferX: folds 
7bekon7: folds 
MaRKiToScoK: folds 
CalcioNap: folds 
LuckyShikari: folds 
Uncalled bet ($0.50) returned to 50CandyJoe
50CandyJoe collected $1 from pot
50CandyJoe: doesn't show hand 
*** SUMMARY ***
Total pot $1 | Rake $0 
Seat 1: 50CandyJoe (big blind) collected ($1)
Seat 2: XneferX folded before Flop (didn't bet)
Seat 3: 7bekon7 folded before Flop (didn't bet)
Seat 4: MaRKiToScoK folded before Flop (didn't bet)
Seat 5: CalcioNap (button) folded before Flop (didn't bet)
Seat 6: LuckyShikari (small blind) folded before Flop



PokerStars Hand #254325883634:  Hold'em No Limit ($0.50/$1.00 USD) - 2025/01/12 4:21:01 WET [2025/01/11 23:21:01 ET]
Table 'Vela III' 6-max Seat #6 is the button
Seat 1: 50CandyJoe ($185.30 in chips) 
Seat 2: XneferX ($114.02 in chips) 
Seat 3: 7bekon7 ($126.76 in chips) 
Seat 4: MaRKiToScoK ($125.20 in chips) 
Seat 5: CalcioNap ($97.94 in chips) 
Seat 6: LuckyShikari ($100 in chips) 
50CandyJoe: posts small blind $0.50
XneferX: posts big blind $1
*** HOLE CARDS ***
7bekon7: folds 
MaRKiToScoK: folds 
CalcioNap: calls $1
LuckyShikari: raises $2.50 to $3.50
50CandyJoe: folds 
XneferX: folds 
CalcioNap: calls $2.50
*** FLOP *** [3d Ad Kd]
CalcioNap: checks 
LuckyShikari: bets $2.50
CalcioNap: folds 
Uncalled bet ($2.50) returned to LuckyShikari
LuckyShikari collected $8.08 from pot
LuckyShikari: doesn't show hand 
*** SUMMARY ***
Total pot $8.50 | Rake $0.42 
Board [3d Ad Kd]
Seat 1: 50CandyJoe (small blind) folded before Flop
Seat 2: XneferX (big blind) folded before Flop
Seat 3: 7bekon7 folded before Flop (didn't bet)
Seat 4: MaRKiToScoK folded before Flop (didn't bet)
Seat 5: CalcioNap folded on the Flop
Seat 6: LuckyShikari (button) collected ($8.08)



PokerStars Hand #254325889429:  Hold'em No Limit ($0.50/$1.00 USD) - 2025/01/12 4:21:49 WET [2025/01/11 23:21:49 ET]
Table 'Vela III' 6-max Seat #1 is the button
Seat 1: 50CandyJoe ($184.80 in chips) 
Seat 2: XneferX ($113.02 in chips) 
Seat 3: 7bekon7 ($126.76 in chips) 
Seat 4: MaRKiToScoK ($125.20 in chips) 
Seat 5: CalcioNap ($94.44 in chips) 
Seat 6: LuckyShikari ($104.58 in chips) 
XneferX: posts small blind $0.50
7bekon7: posts big blind $1
*** HOLE CARDS ***
MaRKiToScoK: folds 
CalcioNap: calls $1
LuckyShikari: raises $2.80 to $3.80
50CandyJoe: folds 
XneferX: folds 
7bekon7: folds 
CalcioNap: calls $2.80
*** FLOP *** [5d 4c Qs]
CalcioNap: checks 
LuckyShikari: bets $3.50
CalcioNap: folds 
Uncalled bet ($3.50) returned to LuckyShikari
LuckyShikari collected $8.64 from pot
LuckyShikari: doesn't show hand 
*** SUMMARY ***
Total pot $9.10 | Rake $0.46 
Board [5d 4c Qs]
Seat 1: 50CandyJoe (button) folded before Flop (didn't bet)
Seat 2: XneferX (small blind) folded before Flop
Seat 3: 7bekon7 (big blind) folded before Flop
Seat 4: MaRKiToScoK folded before Flop (didn't bet)
Seat 5: CalcioNap folded on the Flop
Seat 6: LuckyShikari collected ($8.64)



PokerStars Hand #254325894486:  Hold'em No Limit ($0.50/$1.00 USD) - 2025/01/12 4:22:31 WET [2025/01/11 23:22:31 ET]
Table 'Vela III' 6-max Seat #2 is the button
Seat 1: 50CandyJoe ($184.80 in chips) 
Seat 2: XneferX ($112.52 in chips) 
Seat 3: 7bekon7 ($125.76 in chips) 
Seat 4: MaRKiToScoK ($125.20 in chips) 
Seat 5: CalcioNap ($90.64 in chips) 
Seat 6: LuckyShikari ($109.42 in chips) 
7bekon7: posts small blind $0.50
MaRKiToScoK: posts big blind $1
*** HOLE CARDS ***
CalcioNap: folds 
CalcioNap leaves the table
LuckyShikari: folds 
50CandyJoe: raises $1.20 to $2.20
XneferX: folds 
7bekon7: raises $5.40 to $7.60
MaRKiToScoK: folds 
50CandyJoe: calls $5.40
*** FLOP *** [8s 5s 9s]
7bekon7: bets $3.85
50CandyJoe: raises $9.24 to $13.09
7bekon7: folds 
Uncalled bet ($9.24) returned to 50CandyJoe
50CandyJoe collected $22.70 from pot
50CandyJoe: doesn't show hand 
*** SUMMARY ***
Total pot $23.90 | Rake $1.20 
Board [8s 5s 9s]
Seat 1: 50CandyJoe collected ($22.70)
Seat 2: XneferX (button) folded before Flop (didn't bet)
Seat 3: 7bekon7 (small blind) folded on the Flop
Seat 4: MaRKiToScoK (big blind) folded before Flop
Seat 5: CalcioNap folded before Flop (didn't bet)
Seat 6: LuckyShikari folded before Flop (didn't bet)



PokerStars Hand #254325902951:  Hold'em No Limit ($0.50/$1.00 USD) - 2025/01/12 4:23:42 WET [2025/01/11 23:23:42 ET]
Table 'Vela III' 6-max Seat #3 is the button
Seat 1: 50CandyJoe ($196.05 in chips) 
Seat 2: XneferX ($112.52 in chips) 
Seat 3: 7bekon7 ($114.31 in chips) 
Seat 4: MaRKiToScoK ($124.20 in chips) 
Seat 6: LuckyShikari ($109.42 in chips) 
MaRKiToScoK: posts small blind $0.50
LuckyShikari: posts big blind $1
*** HOLE CARDS ***
50CandyJoe: folds 
XneferX: folds 
7bekon7: raises $1.25 to $2.25
MaRKiToScoK: folds 
LuckyShikari: raises $12.25 to $14.50
50CandyJoe leaves the table
snnoowflake joins the table at seat #1 
7bekon7: calls $12.25
*** FLOP *** [Ks 3h 7s]
LuckyShikari: bets $3.50
7bekon7: calls $3.50
*** TURN *** [Ks 3h 7s] [Qc]
LuckyShikari: bets $3.50
7bekon7: calls $3.50
*** RIVER *** [Ks 3h 7s Qc] [8d]
LuckyShikari: bets $3.50
7bekon7: calls $3.50
*** SHOW DOWN ***
LuckyShikari: shows [Jc Jd] (a pair of Jacks)
7bekon7: mucks hand 
LuckyShikari collected $48 from pot
*** SUMMARY ***
Total pot $50.50 | Rake $2.50 
Board [Ks 3h 7s Qc 8d]
Seat 1: 50CandyJoe folded before Flop (didn't bet)
Seat 2: XneferX folded before Flop (didn't bet)
Seat 3: 7bekon7 (button) mucked
Seat 4: MaRKiToScoK (small blind) folded before Flop
Seat 6: LuckyShikari (big blind) showed [Jc Jd] and won ($48) with a pair of Jacks



PokerStars Hand #254325913094:  Hold'em No Limit ($0.50/$1.00 USD) - 2025/01/12 4:25:07 WET [2025/01/11 23:25:07 ET]
Table 'Vela III' 6-max Seat #4 is the button
Seat 1: snnoowflake ($100 in chips) 
Seat 2: XneferX ($112.52 in chips) 
Seat 3: 7bekon7 ($100 in chips) 
Seat 4: MaRKiToScoK ($123.70 in chips) 
Seat 6: LuckyShikari ($132.42 in chips) 
LuckyShikari: posts small blind $0.50
snnoowflake: posts big blind $1
*** HOLE CARDS ***
XneferX: folds 
7bekon7: folds 
MaRKiToScoK: raises $1.33 to $2.33
LuckyShikari: folds 
snnoowflake: folds 
Uncalled bet ($1.33) returned to MaRKiToScoK
MaRKiToScoK collected $2.50 from pot
*** SUMMARY ***
Total pot $2.50 | Rake $0 
Seat 1: snnoowflake (big blind) folded before Flop
Seat 2: XneferX folded before Flop (didn't bet)
Seat 3: 7bekon7 folded before Flop (didn't bet)
Seat 4: MaRKiToScoK (button) collected ($2.50)
Seat 6: LuckyShikari (small blind) folded before Flop



PokerStars Hand #254325704297:  Hold'em No Limit ($0.50/$1.00 USD) - 2025/01/12 3:55:59 WET [2025/01/11 22:55:59 ET]
Table 'Vela III' 6-max Seat #2 is the button
Seat 1: 50CandyJoe ($180.57 in chips) 
Seat 2: XneferX ($115.61 in chips) 
Seat 3: 7bekon7 ($101.20 in chips) 
Seat 4: MaRKiToScoK ($105.73 in chips) 
Seat 5: CalcioNap ($102.17 in chips) 
Seat 6: LuckyShikari ($112.43 in chips) 
7bekon7: posts small blind $0.50
MaRKiToScoK: posts big blind $1
*** HOLE CARDS ***
CalcioNap: calls $1
LuckyShikari: folds 
50CandyJoe: folds 
XneferX: folds 
7bekon7: folds 
MaRKiToScoK: checks 
*** FLOP *** [Kh 4h 3c]
MaRKiToScoK: checks 
CalcioNap: bets $2
MaRKiToScoK: calls $2
*** TURN *** [Kh 4h 3c] [4d]
MaRKiToScoK: bets $2.04
CalcioNap: raises $2.04 to $4.08
MaRKiToScoK: calls $2.04
*** RIVER *** [Kh 4h 3c 4d] [Td]
MaRKiToScoK: checks 
CalcioNap: bets $10
MaRKiToScoK: calls $10
*** SHOW DOWN ***
CalcioNap: shows [Ks Kc] (a full house, Kings full of Fours)
MaRKiToScoK: mucks hand 
CalcioNap collected $32.93 from pot
*** SUMMARY ***
Total pot $34.66 | Rake $1.73 
Board [Kh 4h 3c 4d Td]
Seat 1: 50CandyJoe folded before Flop (didn't bet)
Seat 2: XneferX (button) folded before Flop (didn't bet)
Seat 3: 7bekon7 (small blind) folded before Flop
Seat 4: MaRKiToScoK (big blind) mucked
Seat 5: CalcioNap showed [Ks Kc] and won ($32.93) with a full house, Kings full of Fours
Seat 6: LuckyShikari folded before Flop (didn't bet)



PokerStars Hand #254325711335:  Hold'em No Limit ($0.50/$1.00 USD) - 2025/01/12 3:57:05 WET [2025/01/11 22:57:05 ET]
Table 'Vela III' 6-max Seat #3 is the button
Seat 1: 50CandyJoe ($180.57 in chips) 
Seat 2: XneferX ($115.61 in chips) 
Seat 3: 7bekon7 ($100.70 in chips) 
Seat 4: MaRKiToScoK ($100 in chips) 
Seat 5: CalcioNap ($118.02 in chips) 
Seat 6: LuckyShikari ($112.43 in chips) 
MaRKiToScoK: posts small blind $0.50
CalcioNap: posts big blind $1
*** HOLE CARDS ***
LuckyShikari: folds 
50CandyJoe: raises $1.20 to $2.20
XneferX: folds 
7bekon7: folds 
MaRKiToScoK: folds 
CalcioNap: calls $1.20
*** FLOP *** [Th Qh Qs]
CalcioNap: checks 
50CandyJoe: bets $1.54
CalcioNap: folds 
Uncalled bet ($1.54) returned to 50CandyJoe
50CandyJoe collected $4.66 from pot
50CandyJoe: doesn't show hand 
*** SUMMARY ***
Total pot $4.90 | Rake $0.24 
Board [Th Qh Qs]
Seat 1: 50CandyJoe collected ($4.66)
Seat 2: XneferX folded before Flop (didn't bet)
Seat 3: 7bekon7 (button) folded before Flop (didn't bet)
Seat 4: MaRKiToScoK (small blind) folded before Flop
Seat 5: CalcioNap (big blind) folded on the Flop
Seat 6: LuckyShikari folded before Flop (didn't bet)



PokerStars Hand #254325715890:  Hold'em No Limit ($0.50/$1.00 USD) - 2025/01/12 3:57:47 WET [2025/01/11 22:57:47 ET]
Table 'Vela III' 6-max Seat #4 is the button
Seat 1: 50CandyJoe ($183.03 in chips) 
Seat 2: XneferX ($115.61 in chips) 
Seat 3: 7bekon7 ($100.70 in chips) 
Seat 4: MaRKiToScoK ($100 in chips) 
Seat 5: CalcioNap ($115.82 in chips) 
Seat 6: LuckyShikari ($112.43 in chips) 
CalcioNap: posts small blind $0.50
LuckyShikari: posts big blind $1
*** HOLE CARDS ***
50CandyJoe: folds 
XneferX: folds 
7bekon7: raises $1.50 to $2.50
MaRKiToScoK: folds 
CalcioNap: folds 
LuckyShikari: folds 
Uncalled bet ($1.50) returned to 7bekon7
7bekon7 collected $2.50 from pot
7bekon7: doesn't show hand 
*** SUMMARY ***
Total pot $2.50 | Rake $0 
Seat 1: 50CandyJoe folded before Flop (didn't bet)
Seat 2: XneferX folded before Flop (didn't bet)
Seat 3: 7bekon7 collected ($2.50)
Seat 4: MaRKiToScoK (button) folded before Flop (didn't bet)
Seat 5: CalcioNap (small blind) folded before Flop
Seat 6: LuckyShikari (big blind) folded before Flop



PokerStars Hand #254325718854:  Hold'em No Limit ($0.50/$1.00 USD) - 2025/01/12 3:58:15 WET [2025/01/11 22:58:15 ET]
Table 'Vela III' 6-max Seat #5 is the button
Seat 1: 50CandyJoe ($183.03 in chips) 
Seat 2: XneferX ($115.61 in chips) 
Seat 3: 7bekon7 ($102.20 in chips) 
Seat 4: MaRKiToScoK ($100 in chips) 
Seat 5: CalcioNap ($115.32 in chips) 
Seat 6: LuckyShikari ($111.43 in chips) 
LuckyShikari: posts small blind $0.50
50CandyJoe: posts big blind $1
*** HOLE CARDS ***
XneferX: folds 
7bekon7: raises $1.25 to $2.25
MaRKiToScoK: folds 
CalcioNap: folds 
LuckyShikari: folds 
50CandyJoe: folds 
Uncalled bet ($1.25) returned to 7bekon7
7bekon7 collected $2.50 from pot
7bekon7: doesn't show hand 
*** SUMMARY ***
Total pot $2.50 | Rake $0 
Seat 1: 50CandyJoe (big blind) folded before Flop
Seat 2: XneferX folded before Flop (didn't bet)
Seat 3: 7bekon7 collected ($2.50)
Seat 4: MaRKiToScoK folded before Flop (didn't bet)
Seat 5: CalcioNap (button) folded before Flop (didn't bet)
Seat 6: LuckyShikari (small blind) folded before Flop



PokerStars Hand #254325724284:  Hold'em No Limit ($0.50/$1.00 USD) - 2025/01/12 3:59:06 WET [2025/01/11 22:59:06 ET]
Table 'Vela III' 6-max Seat #6 is the button
Seat 1: 50CandyJoe ($182.03 in chips) 
Seat 2: XneferX ($115.61 in chips) 
Seat 3: 7bekon7 ($103.70 in chips) 
Seat 4: MaRKiToScoK ($100 in chips) 
Seat 5: CalcioNap ($115.32 in chips) 
Seat 6: LuckyShikari ($110.93 in chips) 
50CandyJoe: posts small blind $0.50
XneferX: posts big blind $1
*** HOLE CARDS ***
7bekon7: raises $1.25 to $2.25
MaRKiToScoK: folds 
CalcioNap: folds 
LuckyShikari: folds 
50CandyJoe: folds 
XneferX: folds 
Uncalled bet ($1.25) returned to 7bekon7
7bekon7 collected $2.50 from pot
7bekon7: doesn't show hand 
*** SUMMARY ***
Total pot $2.50 | Rake $0 
Seat 1: 50CandyJoe (small blind) folded before Flop
Seat 2: XneferX (big blind) folded before Flop
Seat 3: 7bekon7 collected ($2.50)
Seat 4: MaRKiToScoK folded before Flop (didn't bet)
Seat 5: CalcioNap folded before Flop (didn't bet)
Seat 6: LuckyShikari (button) folded before Flop (didn't bet)



PokerStars Hand #254325727972:  Hold'em No Limit ($0.50/$1.00 USD) - 2025/01/12 3:59:40 WET [2025/01/11 22:59:40 ET]
Table 'Vela III' 6-max Seat #1 is the button
Seat 1: 50CandyJoe ($181.53 in chips) 
Seat 2: XneferX ($114.61 in chips) 
Seat 3: 7bekon7 ($105.20 in chips) 
Seat 4: MaRKiToScoK ($100 in chips) 
Seat 5: CalcioNap ($115.32 in chips) 
Seat 6: LuckyShikari ($110.93 in chips) 
XneferX: posts small blind $0.50
7bekon7: posts big blind $1
*** HOLE CARDS ***
MaRKiToScoK: folds 
CalcioNap: folds 
LuckyShikari: folds 
50CandyJoe: folds 
XneferX: raises $1.90 to $2.90
7bekon7: folds 
Uncalled bet ($1.90) returned to XneferX
XneferX collected $2 from pot
XneferX: doesn't show hand 
*** SUMMARY ***
Total pot $2 | Rake $0 
Seat 1: 50CandyJoe (button) folded before Flop (didn't bet)
Seat 2: XneferX (small blind) collected ($2)
Seat 3: 7bekon7 (big blind) folded before Flop
Seat 4: MaRKiToScoK folded before Flop (didn't bet)
Seat 5: CalcioNap folded before Flop (didn't bet)
Seat 6: LuckyShikari folded before Flop (didn't bet)



PokerStars Hand #254325730352:  Hold'em No Limit ($0.50/$1.00 USD) - 2025/01/12 4:00:03 WET [2025/01/11 23:00:03 ET]
Table 'Vela III' 6-max Seat #2 is the button
Seat 1: 50CandyJoe ($181.53 in chips) 
Seat 2: XneferX ($115.61 in chips) 
Seat 3: 7bekon7 ($104.20 in chips) 
Seat 4: MaRKiToScoK ($100 in chips) 
Seat 5: CalcioNap ($115.32 in chips) 
Seat 6: LuckyShikari ($110.93 in chips) 
7bekon7: posts small blind $0.50
MaRKiToScoK: posts big blind $1
*** HOLE CARDS ***
CalcioNap: folds 
LuckyShikari: folds 
50CandyJoe: folds 
XneferX: folds 
7bekon7: folds 
Uncalled bet ($0.50) returned to MaRKiToScoK
MaRKiToScoK collected $1 from pot
*** SUMMARY ***
Total pot $1 | Rake $0 
Seat 1: 50CandyJoe folded before Flop (didn't bet)
Seat 2: XneferX (button) folded before Flop (didn't bet)
Seat 3: 7bekon7 (small blind) folded before Flop
Seat 4: MaRKiToScoK (big blind) collected ($1)
Seat 5: CalcioNap folded before Flop (didn't bet)
Seat 6: LuckyShikari folded before Flop (didn't bet)



PokerStars Hand #254325732179:  Hold'em No Limit ($0.50/$1.00 USD) - 2025/01/12 4:00:20 WET [2025/01/11 23:00:20 ET]
Table 'Vela III' 6-max Seat #3 is the button
Seat 1: 50CandyJoe ($181.53 in chips) 
Seat 2: XneferX ($115.61 in chips) 
Seat 3: 7bekon7 ($103.70 in chips) 
Seat 4: MaRKiToScoK ($100.50 in chips) 
Seat 5: CalcioNap ($115.32 in chips) 
Seat 6: LuckyShikari ($110.93 in chips) 
MaRKiToScoK: posts small blind $0.50
CalcioNap: posts big blind $1
*** HOLE CARDS ***
LuckyShikari: raises $2.50 to $3.50
50CandyJoe: folds 
XneferX: calls $3.50
7bekon7: folds 
MaRKiToScoK: folds 
CalcioNap: folds 
*** FLOP *** [2d 2h 8d]
LuckyShikari: bets $3.50
XneferX: calls $3.50
*** TURN *** [2d 2h 8d] [Ac]
LuckyShikari: bets $3.50
XneferX: calls $3.50
*** RIVER *** [2d 2h 8d Ac] [Kh]
LuckyShikari: bets $3.50
XneferX: calls $3.50
*** SHOW DOWN ***
LuckyShikari: shows [Qh Kd] (two pair, Kings and Deuces)
XneferX: shows [Ah Qd] (two pair, Aces and Deuces)
XneferX collected $28.02 from pot
*** SUMMARY ***
Total pot $29.50 | Rake $1.48 
Board [2d 2h 8d Ac Kh]
Seat 1: 50CandyJoe folded before Flop (didn't bet)
Seat 2: XneferX showed [Ah Qd] and won ($28.02) with two pair, Aces and Deuces
Seat 3: 7bekon7 (button) folded before Flop (didn't bet)
Seat 4: MaRKiToScoK (small blind) folded before Flop
Seat 5: CalcioNap (big blind) folded before Flop
Seat 6: LuckyShikari showed [Qh Kd] and lost with two pair, Kings and Deuces



PokerStars Hand #254325743224:  Hold'em No Limit ($0.50/$1.00 USD) - 2025/01/12 4:01:50 WET [2025/01/11 23:01:50 ET]
Table 'Vela III' 6-max Seat #4 is the button
Seat 1: 50CandyJoe ($181.53 in chips) 
Seat 2: XneferX ($129.63 in chips) 
Seat 3: 7bekon7 ($103.70 in chips) 
Seat 4: MaRKiToScoK ($100 in chips) 
Seat 5: CalcioNap ($114.32 in chips) 
Seat 6: LuckyShikari ($100 in chips) 
CalcioNap: posts small blind $0.50
LuckyShikari: posts big blind $1
*** HOLE CARDS ***
50CandyJoe: folds 
XneferX: folds 
7bekon7: folds 
MaRKiToScoK: raises $1.33 to $2.33
CalcioNap: folds 
LuckyShikari: calls $1.33
*** FLOP *** [6c 9h 5h]
LuckyShikari: checks 
MaRKiToScoK: checks 
*** TURN *** [6c 9h 5h] [Ad]
LuckyShikari: checks 
MaRKiToScoK: checks 
*** RIVER *** [6c 9h 5h Ad] [Ks]
LuckyShikari: checks 
MaRKiToScoK: checks 
*** SHOW DOWN ***
LuckyShikari: shows [7c 9d] (a pair of Nines)
MaRKiToScoK: shows [Kc Jc] (a pair of Kings)
MaRKiToScoK collected $4.90 from pot
*** SUMMARY ***
Total pot $5.16 | Rake $0.26 
Board [6c 9h 5h Ad Ks]
Seat 1: 50CandyJoe folded before Flop (didn't bet)
Seat 2: XneferX folded before Flop (didn't bet)
Seat 3: 7bekon7 folded before Flop (didn't bet)
Seat 4: MaRKiToScoK (button) showed [Kc Jc] and won ($4.90) with a pair of Kings
Seat 5: CalcioNap (small blind) folded before Flop
Seat 6: LuckyShikari (big blind) showed [7c 9d] and lost with a pair of Nines



PokerStars Hand #254325748532:  Hold'em No Limit ($0.50/$1.00 USD) - 2025/01/12 4:02:33 WET [2025/01/11 23:02:33 ET]
Table 'Vela III' 6-max Seat #5 is the button
Seat 1: 50CandyJoe ($181.53 in chips) 
Seat 2: XneferX ($129.63 in chips) 
Seat 3: 7bekon7 ($103.70 in chips) 
Seat 4: MaRKiToScoK ($102.57 in chips) 
Seat 5: CalcioNap ($113.82 in chips) 
Seat 6: LuckyShikari ($100 in chips) 
LuckyShikari: posts small blind $0.50
50CandyJoe: posts big blind $1
*** HOLE CARDS ***
XneferX: folds 
7bekon7: raises $1.25 to $2.25
MaRKiToScoK: calls $2.25
CalcioNap: calls $2.25
LuckyShikari: folds 
50CandyJoe: folds 
*** FLOP *** [Ac 7s Td]
7bekon7: bets $1.96
MaRKiToScoK: folds 
CalcioNap: calls $1.96
*** TURN *** [Ac 7s Td] [8d]
7bekon7: bets $2.89
CalcioNap: calls $2.89
*** RIVER *** [Ac 7s Td 8d] [8c]
7bekon7: bets $8.53
CalcioNap: folds 
Uncalled bet ($8.53) returned to 7bekon7
7bekon7 collected $17.05 from pot
7bekon7: doesn't show hand 
*** SUMMARY ***
Total pot $17.95 | Rake $0.90 
Board [Ac 7s Td 8d 8c]
Seat 1: 50CandyJoe (big blind) folded before Flop
Seat 2: XneferX folded before Flop (didn't bet)
Seat 3: 7bekon7 collected ($17.05)
Seat 4: MaRKiToScoK folded on the Flop
Seat 5: CalcioNap (button) folded on the River
Seat 6: LuckyShikari (small blind) folded before Flop



PokerStars Hand #254325757928:  Hold'em No Limit ($0.50/$1.00 USD) - 2025/01/12 4:03:48 WET [2025/01/11 23:03:48 ET]
Table 'Vela III' 6-max Seat #6 is the button
Seat 1: 50CandyJoe ($180.53 in chips) 
Seat 2: XneferX ($129.63 in chips) 
Seat 3: 7bekon7 ($113.65 in chips) 
Seat 4: MaRKiToScoK ($100.32 in chips) 
Seat 5: CalcioNap ($106.72 in chips) 
Seat 6: LuckyShikari ($100 in chips) 
50CandyJoe: posts small blind $0.50
XneferX: posts big blind $1
*** HOLE CARDS ***
7bekon7: raises $1.25 to $2.25
MaRKiToScoK: folds 
CalcioNap: folds 
LuckyShikari: folds 
50CandyJoe: folds 
XneferX: calls $1.25
*** FLOP *** [3c 7d 6h]
XneferX: checks 
7bekon7: checks 
*** TURN *** [3c 7d 6h] [4h]
XneferX: checks 
7bekon7: checks 
*** RIVER *** [3c 7d 6h 4h] [3d]
XneferX: bets $3.66
7bekon7: calls $3.66
*** SHOW DOWN ***
XneferX: shows [Th Jc] (a pair of Threes)
7bekon7: shows [Ac 6c] (two pair, Sixes and Threes)
7bekon7 collected $11.70 from pot
*** SUMMARY ***
Total pot $12.32 | Rake $0.62 
Board [3c 7d 6h 4h 3d]
Seat 1: 50CandyJoe (small blind) folded before Flop
Seat 2: XneferX (big blind) showed [Th Jc] and lost with a pair of Threes
Seat 3: 7bekon7 showed [Ac 6c] and won ($11.70) with two pair, Sixes and Threes
Seat 4: MaRKiToScoK folded before Flop (didn't bet)
Seat 5: CalcioNap folded before Flop (didn't bet)
Seat 6: LuckyShikari (button) folded before Flop (didn't bet)



PokerStars Hand #254325772146:  Hold'em No Limit ($0.50/$1.00 USD) - 2025/01/12 4:05:42 WET [2025/01/11 23:05:42 ET]
Table 'Vela III' 6-max Seat #1 is the button
Seat 1: 50CandyJoe ($180.03 in chips) 
Seat 2: XneferX ($123.72 in chips) 
Seat 3: 7bekon7 ($119.44 in chips) 
Seat 4: MaRKiToScoK ($100.32 in chips) 
Seat 5: CalcioNap ($106.72 in chips) 
Seat 6: LuckyShikari ($100 in chips) 
XneferX: posts small blind $0.50
7bekon7: posts big blind $1
*** HOLE CARDS ***
MaRKiToScoK: raises $1.07 to $2.07
CalcioNap: folds 
LuckyShikari: raises $5.93 to $8
50CandyJoe: folds 
XneferX: folds 
7bekon7: folds 
MaRKiToScoK: calls $5.93
*** FLOP *** [Qd Kc 5s]
MaRKiToScoK: checks 
LuckyShikari: bets $3.50
MaRKiToScoK: raises $11.38 to $14.88
LuckyShikari: folds 
Uncalled bet ($11.38) returned to MaRKiToScoK
MaRKiToScoK collected $23.28 from pot
MaRKiToScoK: shows [5d 4d] (a pair of Fives)
*** SUMMARY ***
Total pot $24.50 | Rake $1.22 
Board [Qd Kc 5s]
Seat 1: 50CandyJoe (button) folded before Flop (didn't bet)
Seat 2: XneferX (small blind) folded before Flop
Seat 3: 7bekon7 (big blind) folded before Flop
Seat 4: MaRKiToScoK collected ($23.28)
Seat 5: CalcioNap folded before Flop (didn't bet)
Seat 6: LuckyShikari folded on the Flop



PokerStars Hand #254325778944:  Hold'em No Limit ($0.50/$1.00 USD) - 2025/01/12 4:06:37 WET [2025/01/11 23:06:37 ET]
Table 'Vela III' 6-max Seat #2 is the button
Seat 1: 50CandyJoe ($180.03 in chips) 
Seat 2: XneferX ($123.22 in chips) 
Seat 3: 7bekon7 ($118.44 in chips) 
Seat 4: MaRKiToScoK ($112.10 in chips) 
Seat 5: CalcioNap ($106.72 in chips) 
Seat 6: LuckyShikari ($100 in chips) 
7bekon7: posts small blind $0.50
MaRKiToScoK: posts big blind $1
*** HOLE CARDS ***
CalcioNap: folds 
LuckyShikari: raises $2.50 to $3.50
50CandyJoe: folds 
XneferX: folds 
7bekon7: folds 
MaRKiToScoK: folds 
Uncalled bet ($2.50) returned to LuckyShikari
LuckyShikari collected $2.50 from pot
LuckyShikari: doesn't show hand 
*** SUMMARY ***
Total pot $2.50 | Rake $0 
Seat 1: 50CandyJoe folded before Flop (didn't bet)
Seat 2: XneferX (button) folded before Flop (didn't bet)
Seat 3: 7bekon7 (small blind) folded before Flop
Seat 4: MaRKiToScoK (big blind) folded before Flop
Seat 5: CalcioNap folded before Flop (didn't bet)
Seat 6: LuckyShikari collected ($2.50)



PokerStars Hand #254325781749:  Hold'em No Limit ($0.50/$1.00 USD) - 2025/01/12 4:07:00 WET [2025/01/11 23:07:00 ET]
Table 'Vela III' 6-max Seat #3 is the button
Seat 1: 50CandyJoe ($180.03 in chips) 
Seat 2: XneferX ($123.22 in chips) 
Seat 3: 7bekon7 ($117.94 in chips) 
Seat 4: MaRKiToScoK ($111.10 in chips) 
Seat 5: CalcioNap ($106.72 in chips) 
Seat 6: LuckyShikari ($101.50 in chips) 
MaRKiToScoK: posts small blind $0.50
CalcioNap: posts big blind $1
*** HOLE CARDS ***
LuckyShikari: raises $2.50 to $3.50
50CandyJoe: folds 
XneferX: folds 
7bekon7: folds 
MaRKiToScoK: calls $3
CalcioNap: folds 
*** FLOP *** [9d 3c Th]
MaRKiToScoK: checks 
LuckyShikari: bets $3.50
MaRKiToScoK: raises $10 to $13.50
LuckyShikari: folds 
Uncalled bet ($10) returned to MaRKiToScoK
MaRKiToScoK collected $14.25 from pot
MaRKiToScoK: doesn't show hand 
*** SUMMARY ***
Total pot $15 | Rake $0.75 
Board [9d 3c Th]
Seat 1: 50CandyJoe folded before Flop (didn't bet)
Seat 2: XneferX folded before Flop (didn't bet)
Seat 3: 7bekon7 (button) folded before Flop (didn't bet)
Seat 4: MaRKiToScoK (small blind) collected ($14.25)
Seat 5: CalcioNap (big blind) folded before Flop
Seat 6: LuckyShikari folded on the Flop



PokerStars Hand #254325785276:  Hold'em No Limit ($0.50/$1.00 USD) - 2025/01/12 4:07:28 WET [2025/01/11 23:07:28 ET]
Table 'Vela III' 6-max Seat #4 is the button
Seat 1: 50CandyJoe ($180.03 in chips) 
Seat 2: XneferX ($123.22 in chips) 
Seat 3: 7bekon7 ($117.94 in chips) 
Seat 4: MaRKiToScoK ($118.35 in chips) 
Seat 5: CalcioNap ($105.72 in chips) 
Seat 6: LuckyShikari ($100 in chips) 
CalcioNap: posts small blind $0.50
LuckyShikari: posts big blind $1
*** HOLE CARDS ***
50CandyJoe: folds 
XneferX: folds 
7bekon7: folds 
MaRKiToScoK: folds 
CalcioNap: calls $0.50
LuckyShikari: checks 
*** FLOP *** [5s 4d 4s]
CalcioNap: bets $2
LuckyShikari: raises $2 to $4
CalcioNap: calls $2
*** TURN *** [5s 4d 4s] [9s]
CalcioNap: checks 
LuckyShikari: bets $3.50
CalcioNap: calls $3.50
*** RIVER *** [5s 4d 4s 9s] [2c]
CalcioNap: checks 
LuckyShikari: bets $16.15
CalcioNap: folds 
Uncalled bet ($16.15) returned to LuckyShikari
LuckyShikari collected $16.15 from pot
LuckyShikari: doesn't show hand 
*** SUMMARY ***
Total pot $17 | Rake $0.85 
Board [5s 4d 4s 9s 2c]
Seat 1: 50CandyJoe folded before Flop (didn't bet)
Seat 2: XneferX folded before Flop (didn't bet)
Seat 3: 7bekon7 folded before Flop (didn't bet)
Seat 4: MaRKiToScoK (button) folded before Flop (didn't bet)
Seat 5: CalcioNap (small blind) folded on the River
Seat 6: LuckyShikari (big blind) collected ($16.15)



PokerStars Hand #254325789498:  Hold'em No Limit ($0.50/$1.00 USD) - 2025/01/12 4:08:03 WET [2025/01/11 23:08:03 ET]
Table 'Vela III' 6-max Seat #5 is the button
Seat 1: 50CandyJoe ($180.03 in chips) 
Seat 2: XneferX ($123.22 in chips) 
Seat 3: 7bekon7 ($117.94 in chips) 
Seat 4: MaRKiToScoK ($118.35 in chips) 
Seat 5: CalcioNap ($97.22 in chips) 
Seat 6: LuckyShikari ($107.65 in chips) 
LuckyShikari: posts small blind $0.50
50CandyJoe: posts big blind $1
*** HOLE CARDS ***
XneferX: folds 
7bekon7: folds 
MaRKiToScoK: raises $1.22 to $2.22
CalcioNap: calls $2.22
LuckyShikari: raises $11.78 to $14
50CandyJoe: folds 
MaRKiToScoK: folds 
CalcioNap: folds 
Uncalled bet ($11.78) returned to LuckyShikari
LuckyShikari collected $7.66 from pot
LuckyShikari: doesn't show hand 
*** SUMMARY ***
Total pot $7.66 | Rake $0 
Seat 1: 50CandyJoe (big blind) folded before Flop
Seat 2: XneferX folded before Flop (didn't bet)
Seat 3: 7bekon7 folded before Flop (didn't bet)
Seat 4: MaRKiToScoK folded before Flop
Seat 5: CalcioNap (button) folded before Flop
Seat 6: LuckyShikari (small blind) collected ($7.66)



PokerStars Hand #254325793540:  Hold'em No Limit ($0.50/$1.00 USD) - 2025/01/12 4:08:37 WET [2025/01/11 23:08:37 ET]
Table 'Vela III' 6-max Seat #6 is the button
Seat 2: XneferX ($123.22 in chips) is sitting out
Seat 1: 50CandyJoe ($179.03 in chips) 
Seat 3: 7bekon7 ($117.94 in chips) 
Seat 4: MaRKiToScoK ($116.13 in chips) 
Seat 5: CalcioNap ($95 in chips) 
Seat 6: LuckyShikari ($113.09 in chips) 
50CandyJoe: posts small blind $0.50
7bekon7: posts big blind $1
*** HOLE CARDS ***
MaRKiToScoK: folds 
CalcioNap: folds 
LuckyShikari: raises $2.50 to $3.50
50CandyJoe: folds 
7bekon7: calls $2.50
*** FLOP *** [Jc Ac 3c]
7bekon7: checks 
LuckyShikari: checks 
*** TURN *** [Jc Ac 3c] [Kd]
7bekon7: checks 
LuckyShikari: checks 
*** RIVER *** [Jc Ac 3c Kd] [9h]
7bekon7: bets $7.12
LuckyShikari: folds 
Uncalled bet ($7.12) returned to 7bekon7
7bekon7 collected $7.12 from pot
7bekon7: doesn't show hand 
*** SUMMARY ***
Total pot $7.50 | Rake $0.38 
Board [Jc Ac 3c Kd 9h]
Seat 2: XneferX
Seat 1: 50CandyJoe (small blind) folded before Flop
Seat 3: 7bekon7 (big blind) collected ($7.12)
Seat 4: MaRKiToScoK folded before Flop (didn't bet)
Seat 5: CalcioNap folded before Flop (didn't bet)
Seat 6: LuckyShikari (button) folded on the River



PokerStars Hand #254325799855:  Hold'em No Limit ($0.50/$1.00 USD) - 2025/01/12 4:09:29 WET [2025/01/11 23:09:29 ET]
Table 'Vela III' 6-max Seat #1 is the button
Seat 2: XneferX ($123.22 in chips) is sitting out
Seat 1: 50CandyJoe ($178.53 in chips) 
Seat 3: 7bekon7 ($121.56 in chips) 
Seat 4: MaRKiToScoK ($116.13 in chips) 
Seat 5: CalcioNap ($95 in chips) 
Seat 6: LuckyShikari ($109.59 in chips) 
7bekon7: posts small blind $0.50
MaRKiToScoK: posts big blind $1
*** HOLE CARDS ***
CalcioNap: folds 
LuckyShikari: raises $2.50 to $3.50
50CandyJoe: folds 
7bekon7: folds 
MaRKiToScoK: folds 
Uncalled bet ($2.50) returned to LuckyShikari
LuckyShikari collected $2.50 from pot
LuckyShikari: doesn't show hand 
*** SUMMARY ***
Total pot $2.50 | Rake $0 
Seat 2: XneferX
Seat 1: 50CandyJoe (button) folded before Flop (didn't bet)
Seat 3: 7bekon7 (small blind) folded before Flop
Seat 4: MaRKiToScoK (big blind) folded before Flop
Seat 5: CalcioNap folded before Flop (didn't bet)
Seat 6: LuckyShikari collected ($2.50)



PokerStars Hand #254325803956:  Hold'em No Limit ($0.50/$1.00 USD) - 2025/01/12 4:10:01 WET [2025/01/11 23:10:01 ET]
Table 'Vela III' 6-max Seat #3 is the button
Seat 2: XneferX ($123.22 in chips) is sitting out
Seat 1: 50CandyJoe ($178.53 in chips) 
Seat 3: 7bekon7 ($121.06 in chips) 
Seat 4: MaRKiToScoK ($115.13 in chips) 
Seat 5: CalcioNap ($95 in chips) 
Seat 6: LuckyShikari ($111.09 in chips) 
MaRKiToScoK: posts small blind $0.50
CalcioNap: posts big blind $1
*** HOLE CARDS ***
LuckyShikari: raises $2.50 to $3.50
50CandyJoe: calls $3.50
7bekon7: folds 
MaRKiToScoK: folds 
CalcioNap: calls $2.50
*** FLOP *** [5s Js 6h]
CalcioNap: bets $2
LuckyShikari: calls $2
50CandyJoe: calls $2
*** TURN *** [5s Js 6h] [2s]
CalcioNap: bets $2
LuckyShikari: calls $2
50CandyJoe: raises $14 to $16
CalcioNap: folds 
LuckyShikari: folds 
Uncalled bet ($14) returned to 50CandyJoe
50CandyJoe collected $21.85 from pot
50CandyJoe: doesn't show hand 
*** SUMMARY ***
Total pot $23 | Rake $1.15 
Board [5s Js 6h 2s]
Seat 2: XneferX
Seat 1: 50CandyJoe collected ($21.85)
Seat 3: 7bekon7 (button) folded before Flop (didn't bet)
Seat 4: MaRKiToScoK (small blind) folded before Flop
Seat 5: CalcioNap (big blind) folded on the Turn
Seat 6: LuckyShikari folded on the Turn



PokerStars Hand #254325811998:  Hold'em No Limit ($0.50/$1.00 USD) - 2025/01/12 4:11:06 WET [2025/01/11 23:11:06 ET]
Table 'Vela III' 6-max Seat #4 is the button
Seat 2: XneferX ($123.22 in chips) is sitting out
Seat 1: 50CandyJoe ($192.88 in chips) 
Seat 3: 7bekon7 ($121.06 in chips) 
Seat 4: MaRKiToScoK ($114.63 in chips) 
Seat 5: CalcioNap ($87.50 in chips) 
Seat 6: LuckyShikari ($103.59 in chips) 
CalcioNap: posts small blind $0.50
LuckyShikari: posts big blind $1
XneferX: sits out 
*** HOLE CARDS ***
50CandyJoe: folds 
7bekon7: raises $1.50 to $2.50
MaRKiToScoK: folds 
CalcioNap: folds 
LuckyShikari: calls $1.50
*** FLOP *** [2d 7s Qs]
LuckyShikari: checks 
7bekon7: checks 
*** TURN *** [2d 7s Qs] [7c]
LuckyShikari: checks 
7bekon7: checks 
*** RIVER *** [2d 7s Qs 7c] [6h]
LuckyShikari: bets $3.50
7bekon7: calls $3.50
*** SHOW DOWN ***
LuckyShikari: shows [5c 6s] (two pair, Sevens and Sixes)
7bekon7: mucks hand 
LuckyShikari collected $11.88 from pot
*** SUMMARY ***
Total pot $12.50 | Rake $0.62 
Board [2d 7s Qs 7c 6h]
Seat 2: XneferX
Seat 1: 50CandyJoe folded before Flop (didn't bet)
Seat 3: 7bekon7 mucked
Seat 4: MaRKiToScoK (button) folded before Flop (didn't bet)
Seat 5: CalcioNap (small blind) folded before Flop
Seat 6: LuckyShikari (big blind) showed [5c 6s] and won ($11.88) with two pair, Sevens and Sixes



PokerStars Hand #254325820083:  Hold'em No Limit ($0.50/$1.00 USD) - 2025/01/12 4:12:12 WET [2025/01/11 23:12:12 ET]
Table 'Vela III' 6-max Seat #5 is the button
Seat 2: XneferX ($123.22 in chips) is sitting out
Seat 1: 50CandyJoe ($192.88 in chips) 
Seat 3: 7bekon7 ($115.06 in chips) 
Seat 4: MaRKiToScoK ($114.63 in chips) 
Seat 5: CalcioNap ($87 in chips) 
Seat 6: LuckyShikari ($109.47 in chips) 
LuckyShikari: posts small blind $0.50
50CandyJoe: posts big blind $1
XneferX: sits out 
*** HOLE CARDS ***
7bekon7: raises $1.25 to $2.25
MaRKiToScoK: folds 
CalcioNap: calls $2.25
LuckyShikari: calls $1.75
50CandyJoe: calls $1.25
*** FLOP *** [7h Ts 3d]
LuckyShikari: checks 
50CandyJoe: checks 
7bekon7: checks 
CalcioNap: checks 
*** TURN *** [7h Ts 3d] [6d]
LuckyShikari: checks 
50CandyJoe: checks 
7bekon7: checks 
CalcioNap: checks 
*** RIVER *** [7h Ts 3d 6d] [Js]
LuckyShikari: checks 
50CandyJoe: checks 
7bekon7: checks 
CalcioNap: checks 
*** SHOW DOWN ***
LuckyShikari: shows [2d 2c] (a pair of Deuces)
50CandyJoe: shows [5s 6s] (a pair of Sixes)
7bekon7: mucks hand 
CalcioNap: mucks hand 
50CandyJoe collected $8.55 from pot
*** SUMMARY ***
Total pot $9 | Rake $0.45 
Board [7h Ts 3d 6d Js]
Seat 2: XneferX
Seat 1: 50CandyJoe (big blind) showed [5s 6s] and won ($8.55) with a pair of Sixes
Seat 3: 7bekon7 mucked
Seat 4: MaRKiToScoK folded before Flop (didn't bet)
Seat 5: CalcioNap (button) mucked
Seat 6: LuckyShikari (small blind) showed [2d 2c] and lost with a pair of Deuces



PokerStars Hand #254325828990:  Hold'em No Limit ($0.50/$1.00 USD) - 2025/01/12 4:13:24 WET [2025/01/11 23:13:24 ET]
Table 'Vela III' 6-max Seat #6 is the button
Seat 1: 50CandyJoe ($199.18 in chips) 
Seat 2: XneferX ($123.22 in chips) 
Seat 3: 7bekon7 ($112.81 in chips) 
Seat 4: MaRKiToScoK ($114.63 in chips) 
Seat 5: CalcioNap ($84.75 in chips) 
Seat 6: LuckyShikari ($107.22 in chips) 
50CandyJoe: posts small blind $0.50
XneferX: posts big blind $1
*** HOLE CARDS ***
7bekon7: folds 
MaRKiToScoK: folds 
CalcioNap: folds 
LuckyShikari: raises $2.50 to $3.50
50CandyJoe: raises $9.50 to $13
XneferX: folds 
LuckyShikari: folds 
Uncalled bet ($9.50) returned to 50CandyJoe
50CandyJoe collected $8 from pot
50CandyJoe: doesn't show hand 
*** SUMMARY ***
Total pot $8 | Rake $0 
Seat 1: 50CandyJoe (small blind) collected ($8)
Seat 2: XneferX (big blind) folded before Flop
Seat 3: 7bekon7 folded before Flop (didn't bet)
Seat 4: MaRKiToScoK folded before Flop (didn't bet)
Seat 5: CalcioNap folded before Flop (didn't bet)
Seat 6: LuckyShikari (button) folded before Flop



PokerStars Hand #254325831936:  Hold'em No Limit ($0.50/$1.00 USD) - 2025/01/12 4:13:48 WET [2025/01/11 23:13:48 ET]
Table 'Vela III' 6-max Seat #1 is the button
Seat 1: 50CandyJoe ($203.68 in chips) 
Seat 2: XneferX ($122.22 in chips) 
Seat 3: 7bekon7 ($112.81 in chips) 
Seat 4: MaRKiToScoK ($114.63 in chips) 
Seat 5: CalcioNap ($84.75 in chips) 
Seat 6: LuckyShikari ($103.72 in chips) 
XneferX: posts small blind $0.50
7bekon7: posts big blind $1
*** HOLE CARDS ***
MaRKiToScoK: folds 
CalcioNap: folds 
LuckyShikari: raises $2.50 to $3.50
50CandyJoe: raises $7 to $10.50
XneferX: folds 
7bekon7: folds 
LuckyShikari: folds 
Uncalled bet ($7) returned to 50CandyJoe
50CandyJoe collected $8.50 from pot
50CandyJoe: doesn't show hand 
*** SUMMARY ***
Total pot $8.50 | Rake $0 
Seat 1: 50CandyJoe (button) collected ($8.50)
Seat 2: XneferX (small blind) folded before Flop
Seat 3: 7bekon7 (big blind) folded before Flop
Seat 4: MaRKiToScoK folded before Flop (didn't bet)
Seat 5: CalcioNap folded before Flop (didn't bet)
Seat 6: LuckyShikari folded before Flop



PokerStars Hand #254325999640:  Hold'em No Limit ($0.50/$1.00 USD) - 2025/01/12 4:37:33 WET [2025/01/11 23:37:33 ET]
Table 'Vela III' 6-max Seat #5 is the button
Seat 1: snnoowflake ($187 in chips) 
Seat 2: Xenicide ($101.50 in chips) 
Seat 3: 7bekon7 ($146.06 in chips) 
Seat 4: MaRKiToScoK ($100 in chips) 
Seat 5: feloran ($14.94 in chips) 
Seat 6: LuckyShikari ($148.60 in chips) 
LuckyShikari: posts small blind $0.50
snnoowflake: posts big blind $1
*** HOLE CARDS ***
Xenicide: folds 
7bekon7: folds 
MaRKiToScoK: raises $1.22 to $2.22
feloran: folds 
LuckyShikari: raises $11.28 to $13.50
snnoowflake: folds 
MaRKiToScoK: raises $86.50 to $100 and is all-in
LuckyShikari: calls $86.50
*** FLOP *** [6h 7c Ac]
*** TURN *** [6h 7c Ac] [9c]
*** RIVER *** [6h 7c Ac 9c] [Tc]
*** SHOW DOWN ***
LuckyShikari: shows [Kd As] (a pair of Aces)
MaRKiToScoK: shows [Ah Qc] (a flush, Ace high)
MaRKiToScoK collected $198.50 from pot
*** SUMMARY ***
Total pot $201 | Rake $2.50 
Board [6h 7c Ac 9c Tc]
Seat 1: snnoowflake (big blind) folded before Flop
Seat 2: Xenicide folded before Flop (didn't bet)
Seat 3: 7bekon7 folded before Flop (didn't bet)
Seat 4: MaRKiToScoK showed [Ah Qc] and won ($198.50) with a flush, Ace high
Seat 5: feloran (button) folded before Flop (didn't bet)
Seat 6: LuckyShikari (small blind) showed [Kd As] and lost with a pair of Aces



PokerStars Hand #254326003849:  Hold'em No Limit ($0.50/$1.00 USD) - 2025/01/12 4:38:11 WET [2025/01/11 23:38:11 ET]
Table 'Vela III' 6-max Seat #6 is the button
Seat 1: snnoowflake ($186 in chips) 
Seat 2: Xenicide ($101.50 in chips) 
Seat 3: 7bekon7 ($146.06 in chips) 
Seat 4: MaRKiToScoK ($198.50 in chips) 
Seat 5: feloran ($14.94 in chips) 
Seat 6: LuckyShikari ($100 in chips) 
snnoowflake: posts small blind $0.50
Xenicide: posts big blind $1
*** HOLE CARDS ***
7bekon7: folds 
MaRKiToScoK: folds 
feloran: calls $1
LuckyShikari: folds 
snnoowflake: calls $0.50
Xenicide: checks 
*** FLOP *** [6s Qh 9h]
snnoowflake: checks 
Xenicide: checks 
feloran: bets $2.85
snnoowflake: folds 
Xenicide: folds 
Uncalled bet ($2.85) returned to feloran
feloran collected $2.85 from pot
feloran: doesn't show hand 
*** SUMMARY ***
Total pot $3 | Rake $0.15 
Board [6s Qh 9h]
Seat 1: snnoowflake (small blind) folded on the Flop
Seat 2: Xenicide (big blind) folded on the Flop
Seat 3: 7bekon7 folded before Flop (didn't bet)
Seat 4: MaRKiToScoK folded before Flop (didn't bet)
Seat 5: feloran collected ($2.85)
Seat 6: LuckyShikari (button) folded before Flop (didn't bet)



PokerStars Hand #254326009164:  Hold'em No Limit ($0.50/$1.00 USD) - 2025/01/12 4:38:58 WET [2025/01/11 23:38:58 ET]
Table 'Vela III' 6-max Seat #1 is the button
Seat 1: snnoowflake ($185 in chips) 
Seat 2: Xenicide ($100.50 in chips) 
Seat 3: 7bekon7 ($146.06 in chips) 
Seat 4: MaRKiToScoK ($198.50 in chips) 
Seat 5: feloran ($16.79 in chips) 
Seat 6: LuckyShikari ($100 in chips) 
Xenicide: posts small blind $0.50
7bekon7: posts big blind $1
*** HOLE CARDS ***
MaRKiToScoK: folds 
MaRKiToScoK leaves the table
feloran: calls $1
LuckyShikari: folds 
snnoowflake: folds 
Xenicide: raises $5 to $6
7bekon7: folds 
feloran: calls $5
*** FLOP *** [7d 3s 5s]
Xenicide: bets $24
feloran: calls $10.79 and is all-in
Uncalled bet ($13.21) returned to Xenicide
*** TURN *** [7d 3s 5s] [8c]
*** RIVER *** [7d 3s 5s 8c] [Tc]
*** SHOW DOWN ***
Xenicide: shows [6d As] (high card Ace)
feloran: shows [Qs 7c] (a pair of Sevens)
feloran collected $32.85 from pot
*** SUMMARY ***
Total pot $34.58 | Rake $1.73 
Board [7d 3s 5s 8c Tc]
Seat 1: snnoowflake (button) folded before Flop (didn't bet)
Seat 2: Xenicide (small blind) showed [6d As] and lost with high card Ace
Seat 3: 7bekon7 (big blind) folded before Flop
Seat 4: MaRKiToScoK folded before Flop (didn't bet)
Seat 5: feloran showed [Qs 7c] and won ($32.85) with a pair of Sevens
Seat 6: LuckyShikari folded before Flop (didn't bet)



PokerStars Hand #254326012848:  Hold'em No Limit ($0.50/$1.00 USD) - 2025/01/12 4:39:31 WET [2025/01/11 23:39:31 ET]
Table 'Vela III' 6-max Seat #2 is the button
Seat 1: snnoowflake ($185 in chips) 
Seat 2: Xenicide ($100 in chips) 
Seat 3: 7bekon7 ($145.06 in chips) 
Seat 5: feloran ($32.85 in chips) 
Seat 6: LuckyShikari ($100 in chips) 
7bekon7: posts small blind $0.50
feloran: posts big blind $1
*** HOLE CARDS ***
LuckyShikari: folds 
snnoowflake: folds 
Xenicide: folds 
7bekon7: folds 
Uncalled bet ($0.50) returned to feloran
feloran collected $1 from pot
feloran: doesn't show hand 
MaRKiToScoK joins the table at seat #4 
*** SUMMARY ***
Total pot $1 | Rake $0 
Seat 1: snnoowflake folded before Flop (didn't bet)
Seat 2: Xenicide (button) folded before Flop (didn't bet)
Seat 3: 7bekon7 (small blind) folded before Flop
Seat 5: feloran (big blind) collected ($1)
Seat 6: LuckyShikari folded before Flop (didn't bet)



PokerStars Hand #254326014935:  Hold'em No Limit ($0.50/$1.00 USD) - 2025/01/12 4:39:50 WET [2025/01/11 23:39:50 ET]
Table 'Vela III' 6-max Seat #3 is the button
Seat 4: MaRKiToScoK ($198.50 in chips) is sitting out
Seat 1: snnoowflake ($185 in chips) 
Seat 2: Xenicide ($100 in chips) 
Seat 3: 7bekon7 ($144.56 in chips) 
Seat 5: feloran ($33.35 in chips) 
Seat 6: LuckyShikari ($100 in chips) 
feloran: posts small blind $0.50
LuckyShikari: posts big blind $1
*** HOLE CARDS ***
snnoowflake: folds 
Xenicide: folds 
7bekon7: raises $1.50 to $2.50
feloran: folds 
LuckyShikari: folds 
Uncalled bet ($1.50) returned to 7bekon7
7bekon7 collected $2.50 from pot
7bekon7: doesn't show hand 
*** SUMMARY ***
Total pot $2.50 | Rake $0 
Seat 4: MaRKiToScoK
Seat 1: snnoowflake folded before Flop (didn't bet)
Seat 2: Xenicide folded before Flop (didn't bet)
Seat 3: 7bekon7 (button) collected ($2.50)
Seat 5: feloran (small blind) folded before Flop
Seat 6: LuckyShikari (big blind) folded before Flop



PokerStars Hand #254326017892:  Hold'em No Limit ($0.50/$1.00 USD) - 2025/01/12 4:40:16 WET [2025/01/11 23:40:16 ET]
Table 'Vela III' 6-max Seat #5 is the button
Seat 4: MaRKiToScoK ($198.50 in chips) is sitting out
Seat 1: snnoowflake ($185 in chips) 
Seat 2: Xenicide ($100 in chips) 
Seat 3: 7bekon7 ($146.06 in chips) 
Seat 5: feloran ($32.85 in chips) 
Seat 6: LuckyShikari ($100 in chips) 
LuckyShikari: posts small blind $0.50
snnoowflake: posts big blind $1
MaRKiToScoK: sits out 
*** HOLE CARDS ***
Xenicide: folds 
7bekon7: folds 
feloran: folds 
LuckyShikari: raises $2.50 to $3.50
snnoowflake: folds 
Uncalled bet ($2.50) returned to LuckyShikari
LuckyShikari collected $2 from pot
LuckyShikari: doesn't show hand 
*** SUMMARY ***
Total pot $2 | Rake $0 
Seat 4: MaRKiToScoK
Seat 1: snnoowflake (big blind) folded before Flop
Seat 2: Xenicide folded before Flop (didn't bet)
Seat 3: 7bekon7 folded before Flop (didn't bet)
Seat 5: feloran (button) folded before Flop (didn't bet)
Seat 6: LuckyShikari (small blind) collected ($2)



PokerStars Hand #254326019375:  Hold'em No Limit ($0.50/$1.00 USD) - 2025/01/12 4:40:30 WET [2025/01/11 23:40:30 ET]
Table 'Vela III' 6-max Seat #6 is the button
Seat 4: MaRKiToScoK ($198.50 in chips) is sitting out
Seat 1: snnoowflake ($184 in chips) 
Seat 2: Xenicide ($100 in chips) 
Seat 3: 7bekon7 ($146.06 in chips) 
Seat 5: feloran ($32.85 in chips) 
Seat 6: LuckyShikari ($101 in chips) 
snnoowflake: posts small blind $0.50
Xenicide: posts big blind $1
MaRKiToScoK: sits out 
*** HOLE CARDS ***
7bekon7: raises $1.25 to $2.25
feloran: calls $2.25
LuckyShikari: folds 
snnoowflake: raises $8.75 to $11
Xenicide: folds 
7bekon7: folds 
feloran: calls $8.75
*** FLOP *** [2h 3d 5d]
snnoowflake: checks 
feloran: bets $6
snnoowflake: raises $119.50 to $125.50
feloran: calls $15.85 and is all-in
Uncalled bet ($103.65) returned to snnoowflake
*** TURN *** [2h 3d 5d] [4h]
*** RIVER *** [2h 3d 5d 4h] [8h]
*** SHOW DOWN ***
snnoowflake: shows [Ah Qh] (a flush, Ace high)
feloran: shows [Jd Qd] (high card Queen)
snnoowflake collected $66.45 from pot
*** SUMMARY ***
Total pot $68.95 | Rake $2.50 
Board [2h 3d 5d 4h 8h]
Seat 4: MaRKiToScoK
Seat 1: snnoowflake (small blind) showed [Ah Qh] and won ($66.45) with a flush, Ace high
Seat 2: Xenicide (big blind) folded before Flop
Seat 3: 7bekon7 folded before Flop
Seat 5: feloran showed [Jd Qd] and lost with high card Queen
Seat 6: LuckyShikari (button) folded before Flop (didn't bet)



PokerStars Hand #254326026832:  Hold'em No Limit ($0.50/$1.00 USD) - 2025/01/12 4:41:36 WET [2025/01/11 23:41:36 ET]
Table 'Vela III' 6-max Seat #1 is the button
Seat 4: MaRKiToScoK ($198.50 in chips) is sitting out
Seat 5: feloran ($0 in chips) is sitting out
Seat 1: snnoowflake ($217.60 in chips) 
Seat 2: Xenicide ($100 in chips) 
Seat 3: 7bekon7 ($143.81 in chips) 
Seat 6: LuckyShikari ($101 in chips) 
Xenicide: posts small blind $0.50
7bekon7: posts big blind $1
MaRKiToScoK: sits out 
*** HOLE CARDS ***
LuckyShikari: folds 
snnoowflake: raises $1.50 to $2.50
Xenicide: folds 
7bekon7: folds 
Uncalled bet ($1.50) returned to snnoowflake
snnoowflake collected $2.50 from pot
snnoowflake: doesn't show hand 
*** SUMMARY ***
Total pot $2.50 | Rake $0 
Seat 4: MaRKiToScoK
Seat 5: feloran
Seat 1: snnoowflake (button) collected ($2.50)
Seat 2: Xenicide (small blind) folded before Flop
Seat 3: 7bekon7 (big blind) folded before Flop
Seat 6: LuckyShikari folded before Flop (didn't bet)



PokerStars Hand #254326028479:  Hold'em No Limit ($0.50/$1.00 USD) - 2025/01/12 4:41:50 WET [2025/01/11 23:41:50 ET]
Table 'Vela III' 6-max Seat #2 is the button
Seat 1: snnoowflake ($219.10 in chips) 
Seat 2: Xenicide ($100 in chips) 
Seat 3: 7bekon7 ($142.81 in chips) 
Seat 4: MaRKiToScoK ($198.50 in chips) 
Seat 5: feloran ($23.80 in chips) 
Seat 6: LuckyShikari ($101 in chips) 
7bekon7: posts small blind $0.50
MaRKiToScoK: posts big blind $1
*** HOLE CARDS ***
feloran: calls $1
LuckyShikari: raises $2.50 to $3.50
snnoowflake: folds 
Xenicide: folds 
7bekon7: folds 
MaRKiToScoK: calls $2.50
feloran: calls $2.50
*** FLOP *** [4c Tc 2s]
MaRKiToScoK: checks 
feloran: checks 
LuckyShikari: checks 
*** TURN *** [4c Tc 2s] [3d]
MaRKiToScoK: bets $7.84
feloran: folds 
LuckyShikari: folds 
Uncalled bet ($7.84) returned to MaRKiToScoK
MaRKiToScoK collected $10.45 from pot
MaRKiToScoK: doesn't show hand 
*** SUMMARY ***
Total pot $11 | Rake $0.55 
Board [4c Tc 2s 3d]
Seat 1: snnoowflake folded before Flop (didn't bet)
Seat 2: Xenicide (button) folded before Flop (didn't bet)
Seat 3: 7bekon7 (small blind) folded before Flop
Seat 4: MaRKiToScoK (big blind) collected ($10.45)
Seat 5: feloran folded on the Turn
Seat 6: LuckyShikari folded on the Turn



PokerStars Hand #254326035347:  Hold'em No Limit ($0.50/$1.00 USD) - 2025/01/12 4:42:53 WET [2025/01/11 23:42:53 ET]
Table 'Vela III' 6-max Seat #3 is the button
Seat 1: snnoowflake ($219.10 in chips) 
Seat 2: Xenicide ($100 in chips) 
Seat 3: 7bekon7 ($142.31 in chips) 
Seat 4: MaRKiToScoK ($205.45 in chips) 
Seat 5: feloran ($20.30 in chips) 
Seat 6: LuckyShikari ($100 in chips) 
MaRKiToScoK: posts small blind $0.50
feloran: posts big blind $1
*** HOLE CARDS ***
LuckyShikari: folds 
snnoowflake: folds 
Xenicide: folds 
7bekon7: folds 
MaRKiToScoK: raises $1.77 to $2.77
feloran: calls $1.77
*** FLOP *** [3c Qd Qs]
MaRKiToScoK: bets $1.58
feloran: raises $15.95 to $17.53 and is all-in
MaRKiToScoK: folds 
Uncalled bet ($15.95) returned to feloran
feloran collected $8.26 from pot
feloran: doesn't show hand 
*** SUMMARY ***
Total pot $8.70 | Rake $0.44 
Board [3c Qd Qs]
Seat 1: snnoowflake folded before Flop (didn't bet)
Seat 2: Xenicide folded before Flop (didn't bet)
Seat 3: 7bekon7 (button) folded before Flop (didn't bet)
Seat 4: MaRKiToScoK (small blind) folded on the Flop
Seat 5: feloran (big blind) collected ($8.26)
Seat 6: LuckyShikari folded before Flop (didn't bet)



PokerStars Hand #254326038241:  Hold'em No Limit ($0.50/$1.00 USD) - 2025/01/12 4:43:20 WET [2025/01/11 23:43:20 ET]
Table 'Vela III' 6-max Seat #4 is the button
Seat 1: snnoowflake ($219.10 in chips) 
Seat 2: Xenicide ($100 in chips) 
Seat 3: 7bekon7 ($142.31 in chips) 
Seat 4: MaRKiToScoK ($201.10 in chips) 
Seat 5: feloran ($24.21 in chips) 
Seat 6: LuckyShikari ($100 in chips) 
feloran: posts small blind $0.50
LuckyShikari: posts big blind $1
*** HOLE CARDS ***
snnoowflake: folds 
Xenicide: folds 
7bekon7: folds 
MaRKiToScoK: raises $1.33 to $2.33
feloran: folds 
LuckyShikari: calls $1.33
*** FLOP *** [5c 4s Kc]
LuckyShikari: checks 
MaRKiToScoK: bets $1.47
LuckyShikari: calls $1.47
*** TURN *** [5c 4s Kc] [5h]
LuckyShikari: checks 
MaRKiToScoK: checks 
*** RIVER *** [5c 4s Kc 5h] [Qh]
LuckyShikari: checks 
MaRKiToScoK: checks 
*** SHOW DOWN ***
LuckyShikari: shows [6d 4d] (two pair, Fives and Fours)
MaRKiToScoK: shows [As Qs] (two pair, Queens and Fives)
MaRKiToScoK collected $7.70 from pot
*** SUMMARY ***
Total pot $8.10 | Rake $0.40 
Board [5c 4s Kc 5h Qh]
Seat 1: snnoowflake folded before Flop (didn't bet)
Seat 2: Xenicide folded before Flop (didn't bet)
Seat 3: 7bekon7 folded before Flop (didn't bet)
Seat 4: MaRKiToScoK (button) showed [As Qs] and won ($7.70) with two pair, Queens and Fives
Seat 5: feloran (small blind) folded before Flop
Seat 6: LuckyShikari (big blind) showed [6d 4d] and lost with two pair, Fives and Fours



PokerStars Hand #254326042625:  Hold'em No Limit ($0.50/$1.00 USD) - 2025/01/12 4:43:58 WET [2025/01/11 23:43:58 ET]
Table 'Vela III' 6-max Seat #5 is the button
Seat 1: snnoowflake ($219.10 in chips) 
Seat 2: Xenicide ($100 in chips) 
Seat 3: 7bekon7 ($142.31 in chips) 
Seat 4: MaRKiToScoK ($205 in chips) 
Seat 5: feloran ($23.71 in chips) 
Seat 6: LuckyShikari ($100 in chips) 
LuckyShikari: posts small blind $0.50
snnoowflake: posts big blind $1
*** HOLE CARDS ***
Xenicide: folds 
7bekon7: folds 
MaRKiToScoK: folds 
feloran: calls $1
LuckyShikari: calls $0.50
snnoowflake: checks 
*** FLOP *** [Qh Ac 4c]
LuckyShikari: checks 
snnoowflake: checks 
feloran: checks 
*** TURN *** [Qh Ac 4c] [Jh]
LuckyShikari: bets $3.50
snnoowflake: folds 
feloran: folds 
Uncalled bet ($3.50) returned to LuckyShikari
LuckyShikari collected $2.85 from pot
LuckyShikari: doesn't show hand 
*** SUMMARY ***
Total pot $3 | Rake $0.15 
Board [Qh Ac 4c Jh]
Seat 1: snnoowflake (big blind) folded on the Turn
Seat 2: Xenicide folded before Flop (didn't bet)
Seat 3: 7bekon7 folded before Flop (didn't bet)
Seat 4: MaRKiToScoK folded before Flop (didn't bet)
Seat 5: feloran (button) folded on the Turn
Seat 6: LuckyShikari (small blind) collected ($2.85)



PokerStars Hand #254326046403:  Hold'em No Limit ($0.50/$1.00 USD) - 2025/01/12 4:44:33 WET [2025/01/11 23:44:33 ET]
Table 'Vela III' 6-max Seat #6 is the button
Seat 1: snnoowflake ($218.10 in chips) 
Seat 2: Xenicide ($100 in chips) 
Seat 3: 7bekon7 ($142.31 in chips) 
Seat 4: MaRKiToScoK ($205 in chips) 
Seat 5: feloran ($22.71 in chips) 
Seat 6: LuckyShikari ($101.85 in chips) 
snnoowflake: posts small blind $0.50
Xenicide: posts big blind $1
*** HOLE CARDS ***
7bekon7: folds 
MaRKiToScoK: folds 
feloran: calls $1
LuckyShikari: folds 
snnoowflake: calls $0.50
Xenicide: checks 
*** FLOP *** [9s Th 8d]
snnoowflake: checks 
Xenicide: checks 
feloran: checks 
*** TURN *** [9s Th 8d] [Ts]
snnoowflake: checks 
Xenicide: checks 
feloran: checks 
*** RIVER *** [9s Th 8d Ts] [Js]
snnoowflake: checks 
Xenicide: checks 
feloran: bets $1
snnoowflake: calls $1
Xenicide: folds 
*** SHOW DOWN ***
feloran: shows [8h Qc] (a straight, Eight to Queen)
snnoowflake: mucks hand 
feloran collected $4.75 from pot
*** SUMMARY ***
Total pot $5 | Rake $0.25 
Board [9s Th 8d Ts Js]
Seat 1: snnoowflake (small blind) mucked
Seat 2: Xenicide (big blind) folded on the River
Seat 3: 7bekon7 folded before Flop (didn't bet)
Seat 4: MaRKiToScoK folded before Flop (didn't bet)
Seat 5: feloran showed [8h Qc] and won ($4.75) with a straight, Eight to Queen
Seat 6: LuckyShikari (button) folded before Flop (didn't bet)



PokerStars Hand #254326055895:  Hold'em No Limit ($0.50/$1.00 USD) - 2025/01/12 4:45:58 WET [2025/01/11 23:45:58 ET]
Table 'Vela III' 6-max Seat #1 is the button
Seat 1: snnoowflake ($216.10 in chips) 
Seat 2: Xenicide ($100 in chips) 
Seat 3: 7bekon7 ($142.31 in chips) 
Seat 4: MaRKiToScoK ($205 in chips) 
Seat 5: feloran ($25.46 in chips) 
Seat 6: LuckyShikari ($101.85 in chips) 
Xenicide: posts small blind $0.50
7bekon7: posts big blind $1
*** HOLE CARDS ***
MaRKiToScoK: folds 
feloran: calls $1
LuckyShikari: raises $2.50 to $3.50
snnoowflake: folds 
Xenicide: folds 
7bekon7: folds 
feloran: calls $2.50
*** FLOP *** [Ts Ac 5h]
feloran: checks 
LuckyShikari: bets $3.50
feloran: calls $3.50
*** TURN *** [Ts Ac 5h] [Qs]
feloran: bets $7.36
LuckyShikari: calls $7.36
*** RIVER *** [Ts Ac 5h Qs] [6s]
feloran: bets $11.10 and is all-in
LuckyShikari: calls $11.10
*** SHOW DOWN ***
feloran: shows [9c As] (a pair of Aces)
LuckyShikari: shows [Kc Ah] (a pair of Aces - King kicker)
LuckyShikari collected $49.92 from pot
*** SUMMARY ***
Total pot $52.42 | Rake $2.50 
Board [Ts Ac 5h Qs 6s]
Seat 1: snnoowflake (button) folded before Flop (didn't bet)
Seat 2: Xenicide (small blind) folded before Flop
Seat 3: 7bekon7 (big blind) folded before Flop
Seat 4: MaRKiToScoK folded before Flop (didn't bet)
Seat 5: feloran showed [9c As] and lost with a pair of Aces
Seat 6: LuckyShikari showed [Kc Ah] and won ($49.92) with a pair of Aces



PokerStars Hand #254326060386:  Hold'em No Limit ($0.50/$1.00 USD) - 2025/01/12 4:46:39 WET [2025/01/11 23:46:39 ET]
Table 'Vela III' 6-max Seat #2 is the button
Seat 5: feloran ($0 in chips) is sitting out
Seat 1: snnoowflake ($216.10 in chips) 
Seat 2: Xenicide ($100 in chips) 
Seat 3: 7bekon7 ($141.31 in chips) 
Seat 4: MaRKiToScoK ($205 in chips) 
Seat 6: LuckyShikari ($126.31 in chips) 
7bekon7: posts small blind $0.50
MaRKiToScoK: posts big blind $1
*** HOLE CARDS ***
LuckyShikari: raises $2.50 to $3.50
feloran leaves the table
snnoowflake: folds 
Xenicide: folds 
7bekon7: calls $3
MaRKiToScoK: calls $2.50
*** FLOP *** [3d 8h Td]
7bekon7: checks 
MaRKiToScoK: checks 
LuckyShikari: bets $3.50
7bekon7: folds 
MaRKiToScoK: calls $3.50
*** TURN *** [3d 8h Td] [7d]
MaRKiToScoK: bets $5.48
LuckyShikari: calls $5.48
*** RIVER *** [3d 8h Td 7d] [2s]
MaRKiToScoK: bets $8.92
LuckyShikari: calls $8.92
*** SHOW DOWN ***
MaRKiToScoK: shows [7c 8c] (two pair, Eights and Sevens)
LuckyShikari: shows [9h Js] (a straight, Seven to Jack)
LuckyShikari collected $43.98 from pot
*** SUMMARY ***
Total pot $46.30 | Rake $2.32 
Board [3d 8h Td 7d 2s]
Seat 5: feloran
Seat 1: snnoowflake folded before Flop (didn't bet)
Seat 2: Xenicide (button) folded before Flop (didn't bet)
Seat 3: 7bekon7 (small blind) folded on the Flop
Seat 4: MaRKiToScoK (big blind) showed [7c 8c] and lost with two pair, Eights and Sevens
Seat 6: LuckyShikari showed [9h Js] and won ($43.98) with a straight, Seven to Jack



PokerStars Hand #254326068795:  Hold'em No Limit ($0.50/$1.00 USD) - 2025/01/12 4:47:54 WET [2025/01/11 23:47:54 ET]
Table 'Vela III' 6-max Seat #3 is the button
Seat 1: snnoowflake ($216.10 in chips) 
Seat 2: Xenicide ($100 in chips) 
Seat 3: 7bekon7 ($137.81 in chips) 
Seat 4: MaRKiToScoK ($183.60 in chips) 
Seat 6: LuckyShikari ($148.89 in chips) 
MaRKiToScoK: posts small blind $0.50
LuckyShikari: posts big blind $1
*** HOLE CARDS ***
snnoowflake: raises $1 to $2
Xenicide: folds 
7bekon7: folds 
MaRKiToScoK: folds 
LuckyShikari: calls $1
*** FLOP *** [7c 2s Qd]
LuckyShikari: bets $4.28
snnoowflake: calls $4.28
*** TURN *** [7c 2s Qd] [Qc]
LuckyShikari: bets $12.41
snnoowflake: calls $12.41
*** RIVER *** [7c 2s Qd Qc] [Td]
LuckyShikari: checks 
snnoowflake: checks 
*** SHOW DOWN ***
LuckyShikari: shows [3d Kc] (a pair of Queens)
snnoowflake: shows [4s 4c] (two pair, Queens and Fours)
snnoowflake collected $35.99 from pot
*** SUMMARY ***
Total pot $37.88 | Rake $1.89 
Board [7c 2s Qd Qc Td]
Seat 1: snnoowflake showed [4s 4c] and won ($35.99) with two pair, Queens and Fours
Seat 2: Xenicide folded before Flop (didn't bet)
Seat 3: 7bekon7 (button) folded before Flop (didn't bet)
Seat 4: MaRKiToScoK (small blind) folded before Flop
Seat 6: LuckyShikari (big blind) showed [3d Kc] and lost with a pair of Queens



PokerStars Hand #254326074355:  Hold'em No Limit ($0.50/$1.00 USD) - 2025/01/12 4:48:45 WET [2025/01/11 23:48:45 ET]
Table 'Vela III' 6-max Seat #4 is the button
Seat 1: snnoowflake ($233.40 in chips) 
Seat 2: Xenicide ($100 in chips) 
Seat 3: 7bekon7 ($137.81 in chips) 
Seat 4: MaRKiToScoK ($183.10 in chips) 
Seat 6: LuckyShikari ($130.20 in chips) 
LuckyShikari: posts small blind $0.50
snnoowflake: posts big blind $1
*** HOLE CARDS ***
Xenicide: raises $1 to $2
7bekon7: folds 
MaRKiToScoK: folds 
LuckyShikari: folds 
snnoowflake: calls $1
*** FLOP *** [7h Jh 2d]
snnoowflake: checks 
Xenicide: bets $1.07
snnoowflake: folds 
Uncalled bet ($1.07) returned to Xenicide
Xenicide collected $4.28 from pot
*** SUMMARY ***
Total pot $4.50 | Rake $0.22 
Board [7h Jh 2d]
Seat 1: snnoowflake (big blind) folded on the Flop
Seat 2: Xenicide collected ($4.28)
Seat 3: 7bekon7 folded before Flop (didn't bet)
Seat 4: MaRKiToScoK (button) folded before Flop (didn't bet)
Seat 6: LuckyShikari (small blind) folded before Flop



PokerStars Hand #254326080460:  Hold'em No Limit ($0.50/$1.00 USD) - 2025/01/12 4:49:41 WET [2025/01/11 23:49:41 ET]
Table 'Vela III' 6-max Seat #6 is the button
Seat 1: snnoowflake ($231.40 in chips) 
Seat 2: Xenicide ($102.28 in chips) 
Seat 3: 7bekon7 ($137.81 in chips) 
Seat 4: MaRKiToScoK ($183.10 in chips) 
Seat 6: LuckyShikari ($129.70 in chips) 
snnoowflake: posts small blind $0.50
Xenicide: posts big blind $1
*** HOLE CARDS ***
7bekon7: raises $1.25 to $2.25
MaRKiToScoK: folds 
LuckyShikari: folds 
snnoowflake: folds 
Xenicide: folds 
Uncalled bet ($1.25) returned to 7bekon7
7bekon7 collected $2.50 from pot
7bekon7: doesn't show hand 
*** SUMMARY ***
Total pot $2.50 | Rake $0 
Seat 1: snnoowflake (small blind) folded before Flop
Seat 2: Xenicide (big blind) folded before Flop
Seat 3: 7bekon7 collected ($2.50)
Seat 4: MaRKiToScoK folded before Flop (didn't bet)
Seat 6: LuckyShikari (button) folded before Flop (didn't bet)



PokerStars Hand #254326082413:  Hold'em No Limit ($0.50/$1.00 USD) - 2025/01/12 4:49:59 WET [2025/01/11 23:49:59 ET]
Table 'Vela III' 6-max Seat #2 is the button
Seat 1: snnoowflake ($230.90 in chips) is sitting out
Seat 4: MaRKiToScoK ($183.10 in chips) is sitting out
Seat 2: Xenicide ($101.28 in chips) 
Seat 3: 7bekon7 ($139.31 in chips) 
Seat 6: LuckyShikari ($129.70 in chips) 
7bekon7: posts small blind $0.50
MaRKiToScoK: is sitting out 
LuckyShikari: posts big blind $1
*** HOLE CARDS ***
Xenicide: raises $1.25 to $2.25
7bekon7: folds 
MaRKiToScoK leaves the table
LuckyShikari: calls $1.25
*** FLOP *** [6s 3h 8s]
LuckyShikari: checks 
Xenicide: checks 
*** TURN *** [6s 3h 8s] [Jc]
LuckyShikari: checks 
Xenicide: bets $7.13
LuckyShikari: folds 
Uncalled bet ($7.13) returned to Xenicide
Xenicide collected $4.75 from pot
*** SUMMARY ***
Total pot $5 | Rake $0.25 
Board [6s 3h 8s Jc]
Seat 1: snnoowflake
Seat 4: MaRKiToScoK
Seat 2: Xenicide (button) collected ($4.75)
Seat 3: 7bekon7 (small blind) folded before Flop
Seat 6: LuckyShikari (big blind) folded on the Turn



PokerStars Hand #254326086478:  Hold'em No Limit ($0.50/$1.00 USD) - 2025/01/12 4:50:37 WET [2025/01/11 23:50:37 ET]
Table 'Vela III' 6-max Seat #3 is the button
Seat 1: snnoowflake ($230.90 in chips) is sitting out
Seat 2: Xenicide ($103.78 in chips) 
Seat 3: 7bekon7 ($138.81 in chips) 
Seat 6: LuckyShikari ($127.45 in chips) 
LuckyShikari: posts small blind $0.50
Xenicide: posts big blind $1
*** HOLE CARDS ***
7bekon7: folds 
LuckyShikari: raises $2.50 to $3.50
Xenicide: calls $2.50
*** FLOP *** [2d 7s 8h]
LuckyShikari: checks 
Xenicide: bets $1.66
LuckyShikari: calls $1.66
*** TURN *** [2d 7s 8h] [9h]
LuckyShikari: checks 
Xenicide: bets $9.80
LuckyShikari: raises $30.20 to $40
Xenicide: calls $30.20
*** RIVER *** [2d 7s 8h 9h] [7d]
LuckyShikari: checks 
Xenicide: checks 
*** SHOW DOWN ***
LuckyShikari: shows [Kh 4h] (a pair of Sevens)
Xenicide: shows [Th Ah] (a pair of Sevens - Ace kicker)
Xenicide collected $89.32 from pot
*** SUMMARY ***
Total pot $90.32 | Rake $1 
Board [2d 7s 8h 9h 7d]
Seat 1: snnoowflake
Seat 2: Xenicide (big blind) showed [Th Ah] and won ($89.32) with a pair of Sevens
Seat 3: 7bekon7 (button) folded before Flop (didn't bet)
Seat 6: LuckyShikari (small blind) showed [Kh 4h] and lost with a pair of Sevens



PokerStars Hand #254326096777:  Hold'em No Limit ($0.50/$1.00 USD) - 2025/01/12 4:52:13 WET [2025/01/11 23:52:13 ET]
Table 'Vela III' 6-max Seat #2 is the button
Seat 1: snnoowflake ($230.90 in chips) is sitting out
Seat 3: 7bekon7 ($138.81 in chips) is sitting out
Seat 2: Xenicide ($147.94 in chips) 
Seat 6: LuckyShikari ($100 in chips) 
Xenicide: posts small blind $0.50
7bekon7: is sitting out 
LuckyShikari: posts big blind $1
*** HOLE CARDS ***
7bekon7 leaves the table
Xenicide: raises $1.25 to $2.25
LuckyShikari: raises $10.75 to $13
Xenicide: calls $10.75
*** FLOP *** [5c 3c 9c]
LuckyShikari: bets $3.50
Xenicide: calls $3.50
*** TURN *** [5c 3c 9c] [5d]
LuckyShikari: bets $24
Xenicide: folds 
Uncalled bet ($24) returned to LuckyShikari
LuckyShikari collected $32 from pot
LuckyShikari: doesn't show hand 
*** SUMMARY ***
Total pot $33 | Rake $1 
Board [5c 3c 9c 5d]
Seat 1: snnoowflake
Seat 3: 7bekon7
Seat 2: Xenicide (button) (small blind) folded on the Turn
Seat 6: LuckyShikari (big blind) collected ($32)



PokerStars Hand #254326100387:  Hold'em No Limit ($0.50/$1.00 USD) - 2025/01/12 4:52:47 WET [2025/01/11 23:52:47 ET]
Table 'Vela III' 6-max Seat #6 is the button
Seat 1: snnoowflake ($230.90 in chips) is sitting out
Seat 2: Xenicide ($131.44 in chips) 
Seat 6: LuckyShikari ($115.50 in chips) 
LuckyShikari: posts small blind $0.50
Xenicide: posts big blind $1
*** HOLE CARDS ***
LuckyShikari: raises $2.50 to $3.50
Xenicide: calls $2.50
*** FLOP *** [6c Ah Ad]
Xenicide: checks 
LuckyShikari: checks 
*** TURN *** [6c Ah Ad] [Jc]
Xenicide: checks 
LuckyShikari: bets $2
Xenicide: calls $2
*** RIVER *** [6c Ah Ad Jc] [9c]
Xenicide: checks 
LuckyShikari: checks 
*** SHOW DOWN ***
Xenicide: shows [4d Jd] (two pair, Aces and Jacks)
LuckyShikari: mucks hand 
Xenicide collected $10.45 from pot
*** SUMMARY ***
Total pot $11 | Rake $0.55 
Board [6c Ah Ad Jc 9c]
Seat 1: snnoowflake
Seat 2: Xenicide (big blind) showed [4d Jd] and won ($10.45) with two pair, Aces and Jacks
Seat 6: LuckyShikari (button) (small blind) mucked



PokerStars Hand #254325915331:  Hold'em No Limit ($0.50/$1.00 USD) - 2025/01/12 4:25:26 WET [2025/01/11 23:25:26 ET]
Table 'Vela III' 6-max Seat #6 is the button
Seat 2: XneferX ($112.52 in chips) is sitting out
Seat 3: 7bekon7 ($100 in chips) is sitting out
Seat 1: snnoowflake ($100 in chips) 
Seat 4: MaRKiToScoK ($125.20 in chips) 
Seat 6: LuckyShikari ($131.92 in chips) 
snnoowflake: posts small blind $0.50
XneferX: is sitting out 
7bekon7: is sitting out 
MaRKiToScoK: posts big blind $1
*** HOLE CARDS ***
7bekon7 leaves the table
LuckyShikari: raises $1.50 to $2.50
XneferX leaves the table
snnoowflake: folds 
MaRKiToScoK: calls $1.50
*** FLOP *** [4d Kh 7h]
MaRKiToScoK: checks 
LuckyShikari: bets $3.50
MaRKiToScoK: folds 
Uncalled bet ($3.50) returned to LuckyShikari
LuckyShikari collected $5.22 from pot
LuckyShikari: doesn't show hand 
*** SUMMARY ***
Total pot $5.50 | Rake $0.28 
Board [4d Kh 7h]
Seat 2: XneferX
Seat 3: 7bekon7
Seat 1: snnoowflake (small blind) folded before Flop
Seat 4: MaRKiToScoK (big blind) folded on the Flop
Seat 6: LuckyShikari (button) collected ($5.22)



PokerStars Hand #254325917446:  Hold'em No Limit ($0.50/$1.00 USD) - 2025/01/12 4:25:44 WET [2025/01/11 23:25:44 ET]
Table 'Vela III' 6-max Seat #1 is the button
Seat 1: snnoowflake ($100 in chips) 
Seat 4: MaRKiToScoK ($122.70 in chips) 
Seat 6: LuckyShikari ($134.64 in chips) 
MaRKiToScoK: posts small blind $0.50
LuckyShikari: posts big blind $1
*** HOLE CARDS ***
snnoowflake: folds 
MaRKiToScoK: raises $1.77 to $2.77
LuckyShikari: calls $1.77
*** FLOP *** [Kh As Jd]
MaRKiToScoK: checks 
LuckyShikari: checks 
*** TURN *** [Kh As Jd] [5s]
MaRKiToScoK: checks 
LuckyShikari: checks 
*** RIVER *** [Kh As Jd 5s] [9h]
MaRKiToScoK: checks 
LuckyShikari: checks 
*** SHOW DOWN ***
MaRKiToScoK: shows [Kc Jh] (two pair, Kings and Jacks)
LuckyShikari: mucks hand 
MaRKiToScoK collected $5.26 from pot
*** SUMMARY ***
Total pot $5.54 | Rake $0.28 
Board [Kh As Jd 5s 9h]
Seat 1: snnoowflake (button) folded before Flop (didn't bet)
Seat 4: MaRKiToScoK (small blind) showed [Kc Jh] and won ($5.26) with two pair, Kings and Jacks
Seat 6: LuckyShikari (big blind) mucked



PokerStars Hand #254325922106:  Hold'em No Limit ($0.50/$1.00 USD) - 2025/01/12 4:26:23 WET [2025/01/11 23:26:23 ET]
Table 'Vela III' 6-max Seat #4 is the button
Seat 1: snnoowflake ($100 in chips) 
Seat 4: MaRKiToScoK ($125.19 in chips) 
Seat 6: LuckyShikari ($131.87 in chips) 
LuckyShikari: posts small blind $0.50
snnoowflake: posts big blind $1
*** HOLE CARDS ***
MaRKiToScoK: raises $1.33 to $2.33
LuckyShikari: calls $1.83
snnoowflake: folds 
*** FLOP *** [3d 4s Ah]
LuckyShikari: checks 
MaRKiToScoK: checks 
*** TURN *** [3d 4s Ah] [Qh]
LuckyShikari: checks 
MaRKiToScoK: bets $1.50
LuckyShikari: calls $1.50
*** RIVER *** [3d 4s Ah Qh] [5h]
LuckyShikari: checks 
MaRKiToScoK: bets $8.50
LuckyShikari: calls $8.50
*** SHOW DOWN ***
MaRKiToScoK: shows [9d Jh] (high card Ace)
LuckyShikari: shows [Kh Qd] (a pair of Queens)
LuckyShikari collected $24.66 from pot
*** SUMMARY ***
Total pot $25.66 | Rake $1 
Board [3d 4s Ah Qh 5h]
Seat 1: snnoowflake (big blind) folded before Flop
Seat 4: MaRKiToScoK (button) showed [9d Jh] and lost with high card Ace
Seat 6: LuckyShikari (small blind) showed [Kh Qd] and won ($24.66) with a pair of Queens



PokerStars Hand #254325926194:  Hold'em No Limit ($0.50/$1.00 USD) - 2025/01/12 4:26:57 WET [2025/01/11 23:26:57 ET]
Table 'Vela III' 6-max Seat #1 is the button
Seat 4: MaRKiToScoK ($112.86 in chips) is sitting out
Seat 1: snnoowflake ($100 in chips) 
Seat 6: LuckyShikari ($144.20 in chips) 
snnoowflake: posts small blind $0.50
MaRKiToScoK: is sitting out 
LuckyShikari: posts big blind $1
*** HOLE CARDS ***
snnoowflake: raises $1.50 to $2.50
MaRKiToScoK leaves the table
LuckyShikari: calls $1.50
*** FLOP *** [7s As Qh]
LuckyShikari: checks 
snnoowflake: bets $1.33
LuckyShikari: calls $1.33
*** TURN *** [7s As Qh] [8d]
LuckyShikari: bets $3.50
snnoowflake: folds 
Uncalled bet ($3.50) returned to LuckyShikari
LuckyShikari collected $7.28 from pot
LuckyShikari: doesn't show hand 
*** SUMMARY ***
Total pot $7.66 | Rake $0.38 
Board [7s As Qh 8d]
Seat 4: MaRKiToScoK
Seat 1: snnoowflake (button) (small blind) folded on the Turn
Seat 6: LuckyShikari (big blind) collected ($7.28)



PokerStars Hand #254325928677:  Hold'em No Limit ($0.50/$1.00 USD) - 2025/01/12 4:27:18 WET [2025/01/11 23:27:18 ET]
Table 'Vela III' 6-max Seat #6 is the button
Seat 1: snnoowflake ($100 in chips) 
Seat 6: LuckyShikari ($147.65 in chips) 
LuckyShikari: posts small blind $0.50
snnoowflake: posts big blind $1
*** HOLE CARDS ***
LuckyShikari: raises $2.50 to $3.50
snnoowflake: folds 
Uncalled bet ($2.50) returned to LuckyShikari
LuckyShikari collected $2 from pot
LuckyShikari: doesn't show hand 
*** SUMMARY ***
Total pot $2 | Rake $0 
Seat 1: snnoowflake (big blind) folded before Flop
Seat 6: LuckyShikari (button) (small blind) collected ($2)



PokerStars Hand #254325929810:  Hold'em No Limit ($0.50/$1.00 USD) - 2025/01/12 4:27:27 WET [2025/01/11 23:27:27 ET]
Table 'Vela III' 6-max Seat #1 is the button
Seat 1: snnoowflake ($100 in chips) 
Seat 6: LuckyShikari ($148.65 in chips) 
snnoowflake: posts small blind $0.50
LuckyShikari: posts big blind $1
*** HOLE CARDS ***
snnoowflake: raises $1.50 to $2.50
LuckyShikari: raises $9.50 to $12
snnoowflake: calls $9.50
*** FLOP *** [9d 6d Kh]
LuckyShikari: bets $3.50
snnoowflake: raises $15 to $18.50
LuckyShikari: folds 
Uncalled bet ($15) returned to snnoowflake
snnoowflake collected $30 from pot
snnoowflake: doesn't show hand 
*** SUMMARY ***
Total pot $31 | Rake $1 
Board [9d 6d Kh]
Seat 1: snnoowflake (button) (small blind) collected ($30)
Seat 6: LuckyShikari (big blind) folded on the Flop



PokerStars Hand #254325932758:  Hold'em No Limit ($0.50/$1.00 USD) - 2025/01/12 4:27:53 WET [2025/01/11 23:27:53 ET]
Table 'Vela III' 6-max Seat #6 is the button
Seat 1: snnoowflake ($114.50 in chips) 
Seat 6: LuckyShikari ($133.15 in chips) 
LuckyShikari: posts small blind $0.50
snnoowflake: posts big blind $1
*** HOLE CARDS ***
LuckyShikari: raises $2.50 to $3.50
snnoowflake: raises $9.50 to $13
LuckyShikari: folds 
Uncalled bet ($9.50) returned to snnoowflake
MaRKiToScoK joins the table at seat #4 
snnoowflake collected $7 from pot
snnoowflake: doesn't show hand 
*** SUMMARY ***
Total pot $7 | Rake $0 
Seat 1: snnoowflake (big blind) collected ($7)
Seat 6: LuckyShikari (button) (small blind) folded before Flop



PokerStars Hand #254325934889:  Hold'em No Limit ($0.50/$1.00 USD) - 2025/01/12 4:28:11 WET [2025/01/11 23:28:11 ET]
Table 'Vela III' 6-max Seat #6 is the button
Seat 1: snnoowflake ($118 in chips) 
Seat 4: MaRKiToScoK ($112.86 in chips) 
Seat 6: LuckyShikari ($129.65 in chips) 
snnoowflake: posts small blind $0.50
MaRKiToScoK: posts big blind $1
*** HOLE CARDS ***
LuckyShikari: raises $2.50 to $3.50
snnoowflake: raises $9.50 to $13
MaRKiToScoK: folds 
LuckyShikari: calls $9.50
*** FLOP *** [Td Qh 4h]
snnoowflake: bets $13
LuckyShikari: calls $13
*** TURN *** [Td Qh 4h] [9h]
Xenicide joins the table at seat #2 
snnoowflake: checks 
LuckyShikari: bets $3.50
snnoowflake: calls $3.50
*** RIVER *** [Td Qh 4h 9h] [Jh]
snnoowflake: checks 
LuckyShikari: checks 
*** SHOW DOWN ***
snnoowflake: shows [Ad Ah] (a flush, Ace high)
LuckyShikari: mucks hand 
snnoowflake collected $59 from pot
*** SUMMARY ***
Total pot $60 | Rake $1 
Board [Td Qh 4h 9h Jh]
Seat 1: snnoowflake (small blind) showed [Ad Ah] and won ($59) with a flush, Ace high
Seat 4: MaRKiToScoK (big blind) folded before Flop
Seat 6: LuckyShikari (button) mucked



PokerStars Hand #254325940900:  Hold'em No Limit ($0.50/$1.00 USD) - 2025/01/12 4:29:02 WET [2025/01/11 23:29:02 ET]
Table 'Vela III' 6-max Seat #1 is the button
Seat 2: Xenicide ($100 in chips) is sitting out
Seat 1: snnoowflake ($147.50 in chips) 
Seat 4: MaRKiToScoK ($111.86 in chips) 
Seat 6: LuckyShikari ($100.15 in chips) 
MaRKiToScoK: posts small blind $0.50
LuckyShikari: posts big blind $1
*** HOLE CARDS ***
snnoowflake: raises $1.50 to $2.50
MaRKiToScoK: folds 
LuckyShikari: calls $1.50
*** FLOP *** [4s Jh Qc]
LuckyShikari: checks 
snnoowflake: checks 
*** TURN *** [4s Jh Qc] [3s]
LuckyShikari: checks 
snnoowflake: checks 
*** RIVER *** [4s Jh Qc 3s] [7d]
LuckyShikari: checks 
snnoowflake: bets $2.61
LuckyShikari: raises $32.89 to $35.50
snnoowflake: calls $32.89
*** SHOW DOWN ***
LuckyShikari: shows [Th Ac] (high card Ace)
snnoowflake: shows [8c 8s] (a pair of Eights)
snnoowflake collected $75.50 from pot
*** SUMMARY ***
Total pot $76.50 | Rake $1 
Board [4s Jh Qc 3s 7d]
Seat 2: Xenicide
Seat 1: snnoowflake (button) showed [8c 8s] and won ($75.50) with a pair of Eights
Seat 4: MaRKiToScoK (small blind) folded before Flop
Seat 6: LuckyShikari (big blind) showed [Th Ac] and lost with high card Ace



PokerStars Hand #254325948388:  Hold'em No Limit ($0.50/$1.00 USD) - 2025/01/12 4:30:06 WET [2025/01/11 23:30:06 ET]
Table 'Vela III' 6-max Seat #4 is the button
Seat 2: Xenicide ($100 in chips) is sitting out
Seat 1: snnoowflake ($185 in chips) 
Seat 4: MaRKiToScoK ($111.36 in chips) 
Seat 6: LuckyShikari ($100 in chips) 
LuckyShikari: posts small blind $0.50
snnoowflake: posts big blind $1
Xenicide: sits out 
*** HOLE CARDS ***
MaRKiToScoK: raises $1.33 to $2.33
LuckyShikari: raises $7.67 to $10
snnoowflake: folds 
MaRKiToScoK: calls $7.67
*** FLOP *** [3h 6c Kh]
7bekon7 joins the table at seat #3 
LuckyShikari: bets $3.50
franbasualdo10 joins the table at seat #5 
franbasualdo10 is disconnected 
MaRKiToScoK: folds 
Uncalled bet ($3.50) returned to LuckyShikari
LuckyShikari collected $20 from pot
LuckyShikari: doesn't show hand 
*** SUMMARY ***
Total pot $21 | Rake $1 
Board [3h 6c Kh]
Seat 2: Xenicide
Seat 1: snnoowflake (big blind) folded before Flop
Seat 4: MaRKiToScoK (button) folded on the Flop
Seat 6: LuckyShikari (small blind) collected ($20)



PokerStars Hand #254325953056:  Hold'em No Limit ($0.50/$1.00 USD) - 2025/01/12 4:30:46 WET [2025/01/11 23:30:46 ET]
Table 'Vela III' 6-max Seat #6 is the button
Seat 3: 7bekon7 ($100 in chips) is sitting out
Seat 1: snnoowflake ($184 in chips) 
Seat 2: Xenicide ($100 in chips) 
Seat 4: MaRKiToScoK ($101.36 in chips) 
Seat 5: franbasualdo10 ($35.87 in chips) 
Seat 6: LuckyShikari ($110 in chips) 
snnoowflake: posts small blind $0.50
Xenicide: posts big blind $1
7bekon7: sits out 
franbasualdo10: posts big blind $1
*** HOLE CARDS ***
MaRKiToScoK: folds 
franbasualdo10: raises $2 to $3
LuckyShikari: raises $11.25 to $14.25
snnoowflake: folds 
Xenicide: folds 
franbasualdo10: calls $11.25
*** FLOP *** [3c Ts Jc]
franbasualdo10: checks 
LuckyShikari: bets $42.75
franbasualdo10: calls $21.62 and is all-in
Uncalled bet ($21.13) returned to LuckyShikari
*** TURN *** [3c Ts Jc] [9c]
*** RIVER *** [3c Ts Jc 9c] [Qd]
*** SHOW DOWN ***
franbasualdo10: shows [6s 6d] (a pair of Sixes)
LuckyShikari: shows [Ah Th] (a pair of Tens)
LuckyShikari collected $70.74 from pot
*** SUMMARY ***
Total pot $73.24 | Rake $2.50 
Board [3c Ts Jc 9c Qd]
Seat 3: 7bekon7
Seat 1: snnoowflake (small blind) folded before Flop
Seat 2: Xenicide (big blind) folded before Flop
Seat 4: MaRKiToScoK folded before Flop (didn't bet)
Seat 5: franbasualdo10 showed [6s 6d] and lost with a pair of Sixes
Seat 6: LuckyShikari (button) showed [Ah Th] and won ($70.74) with a pair of Tens



PokerStars Hand #254325956873:  Hold'em No Limit ($0.50/$1.00 USD) - 2025/01/12 4:31:19 WET [2025/01/11 23:31:19 ET]
Table 'Vela III' 6-max Seat #1 is the button
Seat 5: franbasualdo10 ($0 in chips) is sitting out
Seat 1: snnoowflake ($183.50 in chips) 
Seat 2: Xenicide ($100 in chips) 
Seat 3: 7bekon7 ($100 in chips) 
Seat 4: MaRKiToScoK ($101.36 in chips) 
Seat 6: LuckyShikari ($144.87 in chips) 
Xenicide: posts small blind $0.50
7bekon7: posts big blind $1
*** HOLE CARDS ***
MaRKiToScoK: folds 
LuckyShikari: raises $2.50 to $3.50
snnoowflake: folds 
Xenicide: folds 
7bekon7: folds 
Uncalled bet ($2.50) returned to LuckyShikari
LuckyShikari collected $2.50 from pot
LuckyShikari: doesn't show hand 
franbasualdo10 leaves the table
*** SUMMARY ***
Total pot $2.50 | Rake $0 
Seat 5: franbasualdo10
Seat 1: snnoowflake (button) folded before Flop (didn't bet)
Seat 2: Xenicide (small blind) folded before Flop
Seat 3: 7bekon7 (big blind) folded before Flop
Seat 4: MaRKiToScoK folded before Flop (didn't bet)
Seat 6: LuckyShikari collected ($2.50)



PokerStars Hand #254325958663:  Hold'em No Limit ($0.50/$1.00 USD) - 2025/01/12 4:31:34 WET [2025/01/11 23:31:34 ET]
Table 'Vela III' 6-max Seat #2 is the button
Seat 1: snnoowflake ($183.50 in chips) 
Seat 2: Xenicide ($100 in chips) 
Seat 3: 7bekon7 ($100 in chips) 
Seat 4: MaRKiToScoK ($101.36 in chips) 
Seat 6: LuckyShikari ($146.37 in chips) 
7bekon7: posts small blind $0.50
MaRKiToScoK: posts big blind $1
*** HOLE CARDS ***
LuckyShikari: raises $2.50 to $3.50
snnoowflake: raises $8.50 to $12
Xenicide: folds 
7bekon7: folds 
feloran joins the table at seat #5 
MaRKiToScoK: folds 
LuckyShikari: folds 
Uncalled bet ($8.50) returned to snnoowflake
snnoowflake collected $8.50 from pot
snnoowflake: doesn't show hand 
*** SUMMARY ***
Total pot $8.50 | Rake $0 
Seat 1: snnoowflake collected ($8.50)
Seat 2: Xenicide (button) folded before Flop (didn't bet)
Seat 3: 7bekon7 (small blind) folded before Flop
Seat 4: MaRKiToScoK (big blind) folded before Flop
Seat 6: LuckyShikari folded before Flop



PokerStars Hand #254325963272:  Hold'em No Limit ($0.50/$1.00 USD) - 2025/01/12 4:32:14 WET [2025/01/11 23:32:14 ET]
Table 'Vela III' 6-max Seat #3 is the button
Seat 1: snnoowflake ($188.50 in chips) 
Seat 2: Xenicide ($100 in chips) 
Seat 3: 7bekon7 ($100 in chips) 
Seat 4: MaRKiToScoK ($100.36 in chips) 
Seat 5: feloran ($46 in chips) 
Seat 6: LuckyShikari ($142.87 in chips) 
MaRKiToScoK: posts small blind $0.50
feloran: posts big blind $1
*** HOLE CARDS ***
LuckyShikari: folds 
snnoowflake: folds 
Xenicide: raises $1 to $2
7bekon7: folds 
MaRKiToScoK: folds 
feloran: folds 
Uncalled bet ($1) returned to Xenicide
Xenicide collected $2.50 from pot
*** SUMMARY ***
Total pot $2.50 | Rake $0 
Seat 1: snnoowflake folded before Flop (didn't bet)
Seat 2: Xenicide collected ($2.50)
Seat 3: 7bekon7 (button) folded before Flop (didn't bet)
Seat 4: MaRKiToScoK (small blind) folded before Flop
Seat 5: feloran (big blind) folded before Flop
Seat 6: LuckyShikari folded before Flop (didn't bet)



PokerStars Hand #254325967316:  Hold'em No Limit ($0.50/$1.00 USD) - 2025/01/12 4:32:49 WET [2025/01/11 23:32:49 ET]
Table 'Vela III' 6-max Seat #4 is the button
Seat 1: snnoowflake ($188.50 in chips) 
Seat 2: Xenicide ($101.50 in chips) 
Seat 3: 7bekon7 ($100 in chips) 
Seat 4: MaRKiToScoK ($100 in chips) 
Seat 5: feloran ($45 in chips) 
Seat 6: LuckyShikari ($142.87 in chips) 
feloran: posts small blind $0.50
LuckyShikari: posts big blind $1
*** HOLE CARDS ***
snnoowflake: folds 
Xenicide: folds 
7bekon7: folds 
MaRKiToScoK: raises $1.33 to $2.33
feloran: folds 
LuckyShikari: calls $1.33
*** FLOP *** [Js 7s 5h]
LuckyShikari: bets $3.50
MaRKiToScoK: folds 
Uncalled bet ($3.50) returned to LuckyShikari
LuckyShikari collected $4.90 from pot
LuckyShikari: doesn't show hand 
*** SUMMARY ***
Total pot $5.16 | Rake $0.26 
Board [Js 7s 5h]
Seat 1: snnoowflake folded before Flop (didn't bet)
Seat 2: Xenicide folded before Flop (didn't bet)
Seat 3: 7bekon7 folded before Flop (didn't bet)
Seat 4: MaRKiToScoK (button) folded on the Flop
Seat 5: feloran (small blind) folded before Flop
Seat 6: LuckyShikari (big blind) collected ($4.90)



PokerStars Hand #254325969766:  Hold'em No Limit ($0.50/$1.00 USD) - 2025/01/12 4:33:10 WET [2025/01/11 23:33:10 ET]
Table 'Vela III' 6-max Seat #5 is the button
Seat 1: snnoowflake ($188.50 in chips) 
Seat 2: Xenicide ($101.50 in chips) 
Seat 3: 7bekon7 ($100 in chips) 
Seat 4: MaRKiToScoK ($100 in chips) 
Seat 5: feloran ($44.50 in chips) 
Seat 6: LuckyShikari ($145.44 in chips) 
LuckyShikari: posts small blind $0.50
snnoowflake: posts big blind $1
*** HOLE CARDS ***
Xenicide: folds 
7bekon7: folds 
MaRKiToScoK: folds 
feloran: calls $1
LuckyShikari: calls $0.50
snnoowflake: checks 
*** FLOP *** [Ad 9d Qs]
LuckyShikari: checks 
snnoowflake: checks 
feloran: bets $2.85
LuckyShikari: folds 
snnoowflake: folds 
Uncalled bet ($2.85) returned to feloran
feloran collected $2.85 from pot
feloran: doesn't show hand 
*** SUMMARY ***
Total pot $3 | Rake $0.15 
Board [Ad 9d Qs]
Seat 1: snnoowflake (big blind) folded on the Flop
Seat 2: Xenicide folded before Flop (didn't bet)
Seat 3: 7bekon7 folded before Flop (didn't bet)
Seat 4: MaRKiToScoK folded before Flop (didn't bet)
Seat 5: feloran (button) collected ($2.85)
Seat 6: LuckyShikari (small blind) folded on the Flop



PokerStars Hand #254325973880:  Hold'em No Limit ($0.50/$1.00 USD) - 2025/01/12 4:33:46 WET [2025/01/11 23:33:46 ET]
Table 'Vela III' 6-max Seat #6 is the button
Seat 1: snnoowflake ($187.50 in chips) 
Seat 2: Xenicide ($101.50 in chips) 
Seat 3: 7bekon7 ($100 in chips) 
Seat 4: MaRKiToScoK ($100 in chips) 
Seat 5: feloran ($46.35 in chips) 
Seat 6: LuckyShikari ($144.44 in chips) 
snnoowflake: posts small blind $0.50
Xenicide: posts big blind $1
*** HOLE CARDS ***
7bekon7: raises $1.25 to $2.25
MaRKiToScoK: folds 
feloran: calls $2.25
LuckyShikari: folds 
snnoowflake: folds 
Xenicide: folds 
*** FLOP *** [8c 3s 7d]
7bekon7: bets $2.85
feloran: calls $2.85
*** TURN *** [8c 3s 7d] [Jh]
7bekon7: checks 
feloran: bets $5.56
7bekon7: folds 
Uncalled bet ($5.56) returned to feloran
feloran collected $11.12 from pot
feloran: doesn't show hand 
*** SUMMARY ***
Total pot $11.70 | Rake $0.58 
Board [8c 3s 7d Jh]
Seat 1: snnoowflake (small blind) folded before Flop
Seat 2: Xenicide (big blind) folded before Flop
Seat 3: 7bekon7 folded on the Turn
Seat 4: MaRKiToScoK folded before Flop (didn't bet)
Seat 5: feloran collected ($11.12)
Seat 6: LuckyShikari (button) folded before Flop (didn't bet)



PokerStars Hand #254325980437:  Hold'em No Limit ($0.50/$1.00 USD) - 2025/01/12 4:34:43 WET [2025/01/11 23:34:43 ET]
Table 'Vela III' 6-max Seat #1 is the button
Seat 1: snnoowflake ($187 in chips) 
Seat 2: Xenicide ($100.50 in chips) 
Seat 3: 7bekon7 ($100 in chips) 
Seat 4: MaRKiToScoK ($100 in chips) 
Seat 5: feloran ($52.37 in chips) 
Seat 6: LuckyShikari ($144.44 in chips) 
Xenicide: posts small blind $0.50
7bekon7: posts big blind $1
*** HOLE CARDS ***
MaRKiToScoK: folds 
feloran: folds 
LuckyShikari: folds 
snnoowflake: folds 
Xenicide: raises $2.50 to $3.50
7bekon7: folds 
Uncalled bet ($2.50) returned to Xenicide
Xenicide collected $2 from pot
*** SUMMARY ***
Total pot $2 | Rake $0 
Seat 1: snnoowflake (button) folded before Flop (didn't bet)
Seat 2: Xenicide (small blind) collected ($2)
Seat 3: 7bekon7 (big blind) folded before Flop
Seat 4: MaRKiToScoK folded before Flop (didn't bet)
Seat 5: feloran folded before Flop (didn't bet)
Seat 6: LuckyShikari folded before Flop (didn't bet)



PokerStars Hand #254325983448:  Hold'em No Limit ($0.50/$1.00 USD) - 2025/01/12 4:35:10 WET [2025/01/11 23:35:10 ET]
Table 'Vela III' 6-max Seat #2 is the button
Seat 1: snnoowflake ($187 in chips) 
Seat 2: Xenicide ($101.50 in chips) 
Seat 3: 7bekon7 ($100 in chips) 
Seat 4: MaRKiToScoK ($100 in chips) 
Seat 5: feloran ($52.37 in chips) 
Seat 6: LuckyShikari ($144.44 in chips) 
7bekon7: posts small blind $0.50
MaRKiToScoK: posts big blind $1
*** HOLE CARDS ***
feloran: calls $1
LuckyShikari: folds 
snnoowflake: folds 
Xenicide: folds 
7bekon7: calls $0.50
MaRKiToScoK: checks 
*** FLOP *** [As 2d 9h]
7bekon7: checks 
MaRKiToScoK: checks 
feloran: bets $1
7bekon7: calls $1
MaRKiToScoK: calls $1
*** TURN *** [As 2d 9h] [8s]
7bekon7: bets $4.28
MaRKiToScoK: calls $4.28
feloran: calls $4.28
*** RIVER *** [As 2d 9h 8s] [9c]
7bekon7: bets $17.90
MaRKiToScoK: folds 
feloran: calls $17.90
*** SHOW DOWN ***
7bekon7: shows [8d 9s] (a full house, Nines full of Eights)
feloran: mucks hand 
7bekon7 collected $52.14 from pot
*** SUMMARY ***
Total pot $54.64 | Rake $2.50 
Board [As 2d 9h 8s 9c]
Seat 1: snnoowflake folded before Flop (didn't bet)
Seat 2: Xenicide (button) folded before Flop (didn't bet)
Seat 3: 7bekon7 (small blind) showed [8d 9s] and won ($52.14) with a full house, Nines full of Eights
Seat 4: MaRKiToScoK (big blind) folded on the River
Seat 5: feloran mucked
Seat 6: LuckyShikari folded before Flop (didn't bet)



PokerStars Hand #254325991108:  Hold'em No Limit ($0.50/$1.00 USD) - 2025/01/12 4:36:17 WET [2025/01/11 23:36:17 ET]
Table 'Vela III' 6-max Seat #3 is the button
Seat 1: snnoowflake ($187 in chips) 
Seat 2: Xenicide ($101.50 in chips) 
Seat 3: 7bekon7 ($127.96 in chips) 
Seat 4: MaRKiToScoK ($100 in chips) 
Seat 5: feloran ($28.19 in chips) 
Seat 6: LuckyShikari ($144.44 in chips) 
MaRKiToScoK: posts small blind $0.50
feloran: posts big blind $1
*** HOLE CARDS ***
LuckyShikari: folds 
snnoowflake: folds 
Xenicide: folds 
7bekon7: raises $1.50 to $2.50
MaRKiToScoK: raises $8.50 to $11
feloran: calls $10
7bekon7: calls $8.50
*** FLOP *** [Ad 9d 8d]
MaRKiToScoK: checks 
feloran: checks 
7bekon7: bets $7.84
MaRKiToScoK: folds 
feloran: folds 
Uncalled bet ($7.84) returned to 7bekon7
7bekon7 collected $31.35 from pot
7bekon7: doesn't show hand 
*** SUMMARY ***
Total pot $33 | Rake $1.65 
Board [Ad 9d 8d]
Seat 1: snnoowflake folded before Flop (didn't bet)
Seat 2: Xenicide folded before Flop (didn't bet)
Seat 3: 7bekon7 (button) collected ($31.35)
Seat 4: MaRKiToScoK (small blind) folded on the Flop
Seat 5: feloran (big blind) folded on the Flop
Seat 6: LuckyShikari folded before Flop (didn't bet)



PokerStars Hand #254325995887:  Hold'em No Limit ($0.50/$1.00 USD) - 2025/01/12 4:36:59 WET [2025/01/11 23:36:59 ET]
Table 'Vela III' 6-max Seat #4 is the button
Seat 1: snnoowflake ($187 in chips) 
Seat 2: Xenicide ($101.50 in chips) 
Seat 3: 7bekon7 ($148.31 in chips) 
Seat 4: MaRKiToScoK ($100 in chips) 
Seat 5: feloran ($17.19 in chips) 
Seat 6: LuckyShikari ($144.44 in chips) 
feloran: posts small blind $0.50
LuckyShikari: posts big blind $1
*** HOLE CARDS ***
snnoowflake: folds 
Xenicide: folds 
7bekon7: raises $1.25 to $2.25
MaRKiToScoK: folds 
feloran: calls $1.75
LuckyShikari: calls $1.25
*** FLOP *** [3d 4s 4d]
feloran: checks 
LuckyShikari: bets $3.50
7bekon7: folds 
feloran: folds 
Uncalled bet ($3.50) returned to LuckyShikari
LuckyShikari collected $6.41 from pot
LuckyShikari: doesn't show hand 
*** SUMMARY ***
Total pot $6.75 | Rake $0.34 
Board [3d 4s 4d]
Seat 1: snnoowflake folded before Flop (didn't bet)
Seat 2: Xenicide folded before Flop (didn't bet)
Seat 3: 7bekon7 folded on the Flop
Seat 4: MaRKiToScoK (button) folded before Flop (didn't bet)
Seat 5: feloran (small blind) folded on the Flop
Seat 6: LuckyShikari (big blind) collected ($6.41)



