PokerStars Hand #254325749056:  Hold'em No Limit ($0.50/$1.00 USD) - 2025/01/12 4:02:37 WET [2025/01/11 23:02:37 ET]
Table 'Mabella III' 6-max Seat #5 is the button
Seat 1: G.HANSEN333 ($100 in chips) 
Seat 2: MaRKiToScoK ($113.17 in chips) 
Seat 3: lbrito01 ($187.91 in chips) 
Seat 4: 50CandyJoe ($155.30 in chips) 
Seat 5: rostickkin ($216.68 in chips) 
Seat 6: mironchikvld ($122.85 in chips) 
mironchikvld: posts small blind $0.50
G.HANSEN333: posts big blind $1
*** HOLE CARDS ***
MaRKiToScoK: folds 
lbrito01: folds 
50CandyJoe: folds 
rostickkin: folds 
mironchikvld: folds 
Uncalled bet ($0.50) returned to G.HANSEN333
G.HANSEN333 collected $1 from pot
G.HANSEN333: doesn't show hand 
*** SUMMARY ***
Total pot $1 | Rake $0 
Seat 1: G.HANSEN333 (big blind) collected ($1)
Seat 2: MaRKiToScoK folded before Flop (didn't bet)
Seat 3: lbrito01 folded before Flop (didn't bet)
Seat 4: 50CandyJoe folded before Flop (didn't bet)
Seat 5: rostickkin (button) folded before Flop (didn't bet)
Seat 6: mironchikvld (small blind) folded before Flop



PokerStars Hand #254325751450:  Hold'em No Limit ($0.50/$1.00 USD) - 2025/01/12 4:02:56 WET [2025/01/11 23:02:56 ET]
Table 'Mabella III' 6-max Seat #6 is the button
Seat 1: G.HANSEN333 ($100.50 in chips) 
Seat 2: MaRKiToScoK ($113.17 in chips) 
Seat 3: lbrito01 ($187.91 in chips) 
Seat 4: 50CandyJoe ($155.30 in chips) 
Seat 5: rostickkin ($216.68 in chips) 
Seat 6: mironchikvld ($122.35 in chips) 
G.HANSEN333: posts small blind $0.50
MaRKiToScoK: posts big blind $1
*** HOLE CARDS ***
lbrito01: folds 
50CandyJoe: raises $1.20 to $2.20
rostickkin: folds 
mironchikvld: folds 
G.HANSEN333: folds 
MaRKiToScoK: folds 
Uncalled bet ($1.20) returned to 50CandyJoe
50CandyJoe collected $2.50 from pot
50CandyJoe: doesn't show hand 
*** SUMMARY ***
Total pot $2.50 | Rake $0 
Seat 1: G.HANSEN333 (small blind) folded before Flop
Seat 2: MaRKiToScoK (big blind) folded before Flop
Seat 3: lbrito01 folded before Flop (didn't bet)
Seat 4: 50CandyJoe collected ($2.50)
Seat 5: rostickkin folded before Flop (didn't bet)
Seat 6: mironchikvld (button) folded before Flop (didn't bet)



PokerStars Hand #254325753721:  Hold'em No Limit ($0.50/$1.00 USD) - 2025/01/12 4:03:15 WET [2025/01/11 23:03:15 ET]
Table 'Mabella III' 6-max Seat #1 is the button
Seat 1: G.HANSEN333 ($100 in chips) 
Seat 2: MaRKiToScoK ($112.17 in chips) 
Seat 3: lbrito01 ($187.91 in chips) 
Seat 4: 50CandyJoe ($156.80 in chips) 
Seat 5: rostickkin ($216.68 in chips) 
Seat 6: mironchikvld ($122.35 in chips) 
MaRKiToScoK: posts small blind $0.50
lbrito01: posts big blind $1
*** HOLE CARDS ***
50CandyJoe: raises $1.20 to $2.20
rostickkin: folds 
mironchikvld: folds 
G.HANSEN333: folds 
MaRKiToScoK: calls $1.70
lbrito01: calls $1.20
*** FLOP *** [Jd 5s 7d]
MaRKiToScoK: checks 
lbrito01: checks 
50CandyJoe: checks 
*** TURN *** [Jd 5s 7d] [Tc]
MaRKiToScoK: bets $9.91
lbrito01: calls $9.91
50CandyJoe: folds 
*** RIVER *** [Jd 5s 7d Tc] [Qs]
MaRKiToScoK: bets $37.65
lbrito01: folds 
Uncalled bet ($37.65) returned to MaRKiToScoK
MaRKiToScoK collected $25.10 from pot
*** SUMMARY ***
Total pot $26.42 | Rake $1.32 
Board [Jd 5s 7d Tc Qs]
Seat 1: G.HANSEN333 (button) folded before Flop (didn't bet)
Seat 2: MaRKiToScoK (small blind) collected ($25.10)
Seat 3: lbrito01 (big blind) folded on the River
Seat 4: 50CandyJoe folded on the Turn
Seat 5: rostickkin folded before Flop (didn't bet)
Seat 6: mironchikvld folded before Flop (didn't bet)



PokerStars Hand #254325760632:  Hold'em No Limit ($0.50/$1.00 USD) - 2025/01/12 4:04:09 WET [2025/01/11 23:04:09 ET]
Table 'Mabella III' 6-max Seat #2 is the button
Seat 1: G.HANSEN333 ($100 in chips) 
Seat 2: MaRKiToScoK ($125.16 in chips) 
Seat 3: lbrito01 ($175.80 in chips) 
Seat 4: 50CandyJoe ($154.60 in chips) 
Seat 5: rostickkin ($216.68 in chips) 
Seat 6: mironchikvld ($122.35 in chips) 
lbrito01: posts small blind $0.50
50CandyJoe: posts big blind $1
*** HOLE CARDS ***
rostickkin: folds 
mironchikvld: folds 
mironchikvld leaves the table
G.HANSEN333: raises $1.50 to $2.50
MaRKiToScoK: raises $5 to $7.50
lbrito01: folds 
50CandyJoe: folds 
G.HANSEN333: folds 
Uncalled bet ($5) returned to MaRKiToScoK
MaRKiToScoK collected $6.50 from pot
*** SUMMARY ***
Total pot $6.50 | Rake $0 
Seat 1: G.HANSEN333 folded before Flop
Seat 2: MaRKiToScoK (button) collected ($6.50)
Seat 3: lbrito01 (small blind) folded before Flop
Seat 4: 50CandyJoe (big blind) folded before Flop
Seat 5: rostickkin folded before Flop (didn't bet)
Seat 6: mironchikvld folded before Flop (didn't bet)



PokerStars Hand #254325766108:  Hold'em No Limit ($0.50/$1.00 USD) - 2025/01/12 4:04:53 WET [2025/01/11 23:04:53 ET]
Table 'Mabella III' 6-max Seat #3 is the button
Seat 1: G.HANSEN333 ($100 in chips) 
Seat 2: MaRKiToScoK ($129.16 in chips) 
Seat 3: lbrito01 ($175.30 in chips) 
Seat 4: 50CandyJoe ($153.60 in chips) 
Seat 5: rostickkin ($216.68 in chips) 
50CandyJoe: posts small blind $0.50
rostickkin: posts big blind $1
*** HOLE CARDS ***
G.HANSEN333: folds 
MaRKiToScoK: folds 
lbrito01: folds 
50CandyJoe: folds 
Uncalled bet ($0.50) returned to rostickkin
rostickkin collected $1 from pot
rostickkin: doesn't show hand 
*** SUMMARY ***
Total pot $1 | Rake $0 
Seat 1: G.HANSEN333 folded before Flop (didn't bet)
Seat 2: MaRKiToScoK folded before Flop (didn't bet)
Seat 3: lbrito01 (button) folded before Flop (didn't bet)
Seat 4: 50CandyJoe (small blind) folded before Flop
Seat 5: rostickkin (big blind) collected ($1)



PokerStars Hand #254325768503:  Hold'em No Limit ($0.50/$1.00 USD) - 2025/01/12 4:05:12 WET [2025/01/11 23:05:12 ET]
Table 'Mabella III' 6-max Seat #4 is the button
Seat 1: G.HANSEN333 ($100 in chips) 
Seat 2: MaRKiToScoK ($129.16 in chips) 
Seat 3: lbrito01 ($175.30 in chips) 
Seat 4: 50CandyJoe ($153.10 in chips) 
Seat 5: rostickkin ($217.18 in chips) 
rostickkin: posts small blind $0.50
G.HANSEN333: posts big blind $1
*** HOLE CARDS ***
MaRKiToScoK: folds 
lbrito01: folds 
50CandyJoe: folds 
rostickkin: folds 
Uncalled bet ($0.50) returned to G.HANSEN333
G.HANSEN333 collected $1 from pot
G.HANSEN333: doesn't show hand 
*** SUMMARY ***
Total pot $1 | Rake $0 
Seat 1: G.HANSEN333 (big blind) collected ($1)
Seat 2: MaRKiToScoK folded before Flop (didn't bet)
Seat 3: lbrito01 folded before Flop (didn't bet)
Seat 4: 50CandyJoe (button) folded before Flop (didn't bet)
Seat 5: rostickkin (small blind) folded before Flop



PokerStars Hand #254325770196:  Hold'em No Limit ($0.50/$1.00 USD) - 2025/01/12 4:05:26 WET [2025/01/11 23:05:26 ET]
Table 'Mabella III' 6-max Seat #5 is the button
Seat 1: G.HANSEN333 ($100.50 in chips) 
Seat 2: MaRKiToScoK ($129.16 in chips) 
Seat 3: lbrito01 ($175.30 in chips) 
Seat 4: 50CandyJoe ($153.10 in chips) 
Seat 5: rostickkin ($216.68 in chips) 
G.HANSEN333: posts small blind $0.50
MaRKiToScoK: posts big blind $1
*** HOLE CARDS ***
lbrito01: folds 
50CandyJoe: raises $1.20 to $2.20
rostickkin: folds 
G.HANSEN333: folds 
MaRKiToScoK: folds 
Uncalled bet ($1.20) returned to 50CandyJoe
50CandyJoe collected $2.50 from pot
50CandyJoe: doesn't show hand 
*** SUMMARY ***
Total pot $2.50 | Rake $0 
Seat 1: G.HANSEN333 (small blind) folded before Flop
Seat 2: MaRKiToScoK (big blind) folded before Flop
Seat 3: lbrito01 folded before Flop (didn't bet)
Seat 4: 50CandyJoe collected ($2.50)
Seat 5: rostickkin (button) folded before Flop (didn't bet)



PokerStars Hand #254325772010:  Hold'em No Limit ($0.50/$1.00 USD) - 2025/01/12 4:05:41 WET [2025/01/11 23:05:41 ET]
Table 'Mabella III' 6-max Seat #1 is the button
Seat 1: G.HANSEN333 ($100 in chips) 
Seat 2: MaRKiToScoK ($128.16 in chips) 
Seat 3: lbrito01 ($175.30 in chips) 
Seat 4: 50CandyJoe ($154.60 in chips) 
Seat 5: rostickkin ($216.68 in chips) 
MaRKiToScoK: posts small blind $0.50
lbrito01: posts big blind $1
*** HOLE CARDS ***
50CandyJoe: folds 
rostickkin: raises $1.50 to $2.50
G.HANSEN333: folds 
MaRKiToScoK: folds 
lbrito01: calls $1.50
*** FLOP *** [Kc 7s Kh]
lbrito01: checks 
rostickkin: bets $1.77
lbrito01: calls $1.77
*** TURN *** [Kc 7s Kh] [Ac]
lbrito01: checks 
rostickkin: checks 
*** RIVER *** [Kc 7s Kh Ac] [Ah]
lbrito01: bets $171.03 and is all-in
rostickkin: calls $171.03
*** SHOW DOWN ***
lbrito01: shows [Ks Jd] (a full house, Kings full of Aces)
rostickkin: shows [Ad 4d] (a full house, Aces full of Kings)
rostickkin collected $348.60 from pot
*** SUMMARY ***
Total pot $351.10 | Rake $2.50 
Board [Kc 7s Kh Ac Ah]
Seat 1: G.HANSEN333 (button) folded before Flop (didn't bet)
Seat 2: MaRKiToScoK (small blind) folded before Flop
Seat 3: lbrito01 (big blind) showed [Ks Jd] and lost with a full house, Kings full of Aces
Seat 4: 50CandyJoe folded before Flop (didn't bet)
Seat 5: rostickkin showed [Ad 4d] and won ($348.60) with a full house, Aces full of Kings



PokerStars Hand #254325782216:  Hold'em No Limit ($0.50/$1.00 USD) - 2025/01/12 4:07:03 WET [2025/01/11 23:07:03 ET]
Table 'Mabella III' 6-max Seat #2 is the button
Seat 3: lbrito01 ($0 in chips) is sitting out
Seat 1: G.HANSEN333 ($100 in chips) 
Seat 2: MaRKiToScoK ($127.66 in chips) 
Seat 4: 50CandyJoe ($154.60 in chips) 
Seat 5: rostickkin ($389.98 in chips) 
50CandyJoe: posts small blind $0.50
rostickkin: posts big blind $1
*** HOLE CARDS ***
G.HANSEN333: folds 
MaRKiToScoK: folds 
50CandyJoe: folds 
Uncalled bet ($0.50) returned to rostickkin
rostickkin collected $1 from pot
rostickkin: doesn't show hand 
*** SUMMARY ***
Total pot $1 | Rake $0 
Seat 3: lbrito01
Seat 1: G.HANSEN333 folded before Flop (didn't bet)
Seat 2: MaRKiToScoK (button) folded before Flop (didn't bet)
Seat 4: 50CandyJoe (small blind) folded before Flop
Seat 5: rostickkin (big blind) collected ($1)



PokerStars Hand #254325785376:  Hold'em No Limit ($0.50/$1.00 USD) - 2025/01/12 4:07:29 WET [2025/01/11 23:07:29 ET]
Table 'Mabella III' 6-max Seat #4 is the button
Seat 3: lbrito01 ($0 in chips) is sitting out
Seat 1: G.HANSEN333 ($100 in chips) 
Seat 2: MaRKiToScoK ($127.66 in chips) 
Seat 4: 50CandyJoe ($154.10 in chips) 
Seat 5: rostickkin ($390.48 in chips) 
rostickkin: posts small blind $0.50
G.HANSEN333: posts big blind $1
*** HOLE CARDS ***
MaRKiToScoK: folds 
50CandyJoe: raises $1.50 to $2.50
rostickkin: folds 
G.HANSEN333: folds 
Uncalled bet ($1.50) returned to 50CandyJoe
50CandyJoe collected $2.50 from pot
50CandyJoe: doesn't show hand 
*** SUMMARY ***
Total pot $2.50 | Rake $0 
Seat 3: lbrito01
Seat 1: G.HANSEN333 (big blind) folded before Flop
Seat 2: MaRKiToScoK folded before Flop (didn't bet)
Seat 4: 50CandyJoe (button) collected ($2.50)
Seat 5: rostickkin (small blind) folded before Flop



PokerStars Hand #254325788151:  Hold'em No Limit ($0.50/$1.00 USD) - 2025/01/12 4:07:52 WET [2025/01/11 23:07:52 ET]
Table 'Mabella III' 6-max Seat #5 is the button
Seat 3: lbrito01 ($0 in chips) is sitting out
Seat 1: G.HANSEN333 ($100 in chips) 
Seat 2: MaRKiToScoK ($127.66 in chips) 
Seat 4: 50CandyJoe ($155.60 in chips) 
Seat 5: rostickkin ($389.98 in chips) 
G.HANSEN333: posts small blind $0.50
MaRKiToScoK: posts big blind $1
*** HOLE CARDS ***
50CandyJoe: folds 
rostickkin: raises $1.50 to $2.50
G.HANSEN333: folds 
MaRKiToScoK: folds 
Uncalled bet ($1.50) returned to rostickkin
rostickkin collected $2.50 from pot
rostickkin: doesn't show hand 
*** SUMMARY ***
Total pot $2.50 | Rake $0 
Seat 3: lbrito01
Seat 1: G.HANSEN333 (small blind) folded before Flop
Seat 2: MaRKiToScoK (big blind) folded before Flop
Seat 4: 50CandyJoe folded before Flop (didn't bet)
Seat 5: rostickkin (button) collected ($2.50)



PokerStars Hand #254325791132:  Hold'em No Limit ($0.50/$1.00 USD) - 2025/01/12 4:08:16 WET [2025/01/11 23:08:16 ET]
Table 'Mabella III' 6-max Seat #1 is the button
Seat 3: lbrito01 ($0 in chips) is sitting out
Seat 1: G.HANSEN333 ($100 in chips) 
Seat 2: MaRKiToScoK ($126.66 in chips) 
Seat 4: 50CandyJoe ($155.60 in chips) 
Seat 5: rostickkin ($391.48 in chips) 
MaRKiToScoK: posts small blind $0.50
50CandyJoe: posts big blind $1
*** HOLE CARDS ***
rostickkin: raises $1.50 to $2.50
G.HANSEN333: raises $5.50 to $8
MaRKiToScoK: folds 
50CandyJoe: folds 
rostickkin: folds 
Uncalled bet ($5.50) returned to G.HANSEN333
G.HANSEN333 collected $6.50 from pot
G.HANSEN333: doesn't show hand 
*** SUMMARY ***
Total pot $6.50 | Rake $0 
Seat 3: lbrito01
Seat 1: G.HANSEN333 (button) collected ($6.50)
Seat 2: MaRKiToScoK (small blind) folded before Flop
Seat 4: 50CandyJoe (big blind) folded before Flop
Seat 5: rostickkin folded before Flop



PokerStars Hand #254325792888:  Hold'em No Limit ($0.50/$1.00 USD) - 2025/01/12 4:08:31 WET [2025/01/11 23:08:31 ET]
Table 'Mabella III' 6-max Seat #2 is the button
Seat 3: lbrito01 ($0 in chips) is sitting out
Seat 5: rostickkin ($388.98 in chips) is sitting out
Seat 1: G.HANSEN333 ($104 in chips) 
Seat 2: MaRKiToScoK ($126.16 in chips) 
Seat 4: 50CandyJoe ($154.60 in chips) 
50CandyJoe: posts small blind $0.50
rostickkin: is sitting out 
G.HANSEN333: posts big blind $1
*** HOLE CARDS ***
rostickkin leaves the table
MaRKiToScoK: raises $1.33 to $2.33
50CandyJoe: folds 
G.HANSEN333: raises $8.67 to $11
MaRKiToScoK: calls $8.67
*** FLOP *** [Tc 4s 4h]
G.HANSEN333: bets $7.50
MaRKiToScoK: calls $7.50
*** TURN *** [Tc 4s 4h] [3c]
G.HANSEN333: bets $22.50
MaRKiToScoK: calls $22.50
*** RIVER *** [Tc 4s 4h 3c] [2h]
G.HANSEN333: bets $63 and is all-in
MaRKiToScoK: calls $63
*** SHOW DOWN ***
G.HANSEN333: shows [As 5s] (a straight, Ace to Five)
MaRKiToScoK: shows [3s 3d] (a full house, Threes full of Fours)
MaRKiToScoK collected $207.50 from pot
*** SUMMARY ***
Total pot $208.50 | Rake $1 
Board [Tc 4s 4h 3c 2h]
Seat 3: lbrito01
Seat 5: rostickkin
Seat 1: G.HANSEN333 (big blind) showed [As 5s] and lost with a straight, Ace to Five
Seat 2: MaRKiToScoK (button) showed [3s 3d] and won ($207.50) with a full house, Threes full of Fours
Seat 4: 50CandyJoe (small blind) folded before Flop



PokerStars Hand #254325800017:  Hold'em No Limit ($0.50/$1.00 USD) - 2025/01/12 4:09:30 WET [2025/01/11 23:09:30 ET]
Table 'Mabella III' 6-max Seat #1 is the button
Seat 2: MaRKiToScoK ($229.66 in chips) is sitting out
Seat 3: lbrito01 ($0 in chips) is sitting out
Seat 1: G.HANSEN333 ($100 in chips) 
Seat 4: 50CandyJoe ($154.10 in chips) 
G.HANSEN333: posts small blind $0.50
MaRKiToScoK: is sitting out 
50CandyJoe: posts big blind $1
*** HOLE CARDS ***
Dantepoke226 joins the table at seat #5 
G.HANSEN333: raises $2 to $3
50CandyJoe: folds 
Uncalled bet ($2) returned to G.HANSEN333
MaRKiToScoK leaves the table
Dantepoke226 leaves the table
G.HANSEN333 collected $2 from pot
G.HANSEN333: doesn't show hand 
*** SUMMARY ***
Total pot $2 | Rake $0 
Seat 2: MaRKiToScoK
Seat 3: lbrito01
Seat 1: G.HANSEN333 (button) (small blind) collected ($2)
Seat 4: 50CandyJoe (big blind) folded before Flop



PokerStars Hand #254325802239:  Hold'em No Limit ($0.50/$1.00 USD) - 2025/01/12 4:09:48 WET [2025/01/11 23:09:48 ET]
Table 'Mabella III' 6-max Seat #4 is the button
Seat 3: lbrito01 ($0 in chips) is sitting out
Seat 1: G.HANSEN333 ($101 in chips) 
Seat 4: 50CandyJoe ($153.10 in chips) 
50CandyJoe: posts small blind $0.50
G.HANSEN333: posts big blind $1
*** HOLE CARDS ***
50CandyJoe: folds 
Uncalled bet ($0.50) returned to G.HANSEN333
G.HANSEN333 collected $1 from pot
G.HANSEN333: doesn't show hand 
*** SUMMARY ***
Total pot $1 | Rake $0 
Seat 3: lbrito01
Seat 1: G.HANSEN333 (big blind) collected ($1)
Seat 4: 50CandyJoe (button) (small blind) folded before Flop



PokerStars Hand #254325802996:  Hold'em No Limit ($0.50/$1.00 USD) - 2025/01/12 4:09:53 WET [2025/01/11 23:09:53 ET]
Table 'Mabella III' 6-max Seat #1 is the button
Seat 3: lbrito01 ($0 in chips) is sitting out
Seat 1: G.HANSEN333 ($101.50 in chips) 
Seat 4: 50CandyJoe ($152.60 in chips) 
G.HANSEN333: posts small blind $0.50
50CandyJoe: posts big blind $1
*** HOLE CARDS ***
G.HANSEN333: raises $2 to $3
50CandyJoe: folds 
Uncalled bet ($2) returned to G.HANSEN333
G.HANSEN333 collected $2 from pot
G.HANSEN333: doesn't show hand 
*** SUMMARY ***
Total pot $2 | Rake $0 
Seat 3: lbrito01
Seat 1: G.HANSEN333 (button) (small blind) collected ($2)
Seat 4: 50CandyJoe (big blind) folded before Flop



PokerStars Hand #254325704491:  Hold'em No Limit ($0.50/$1.00 USD) - 2025/01/12 3:56:00 WET [2025/01/11 22:56:00 ET]
Table 'Mabella III' 6-max Seat #1 is the button
Seat 6: mironchikvld ($116.45 in chips) is sitting out
Seat 1: ru_ruu_ru ($218.25 in chips) 
Seat 2: MaRKiToScoK ($105.68 in chips) 
Seat 3: lbrito01 ($212.73 in chips) 
Seat 4: 50CandyJoe ($149.16 in chips) 
Seat 5: rostickkin ($215.68 in chips) 
MaRKiToScoK: posts small blind $0.50
lbrito01: posts big blind $1
*** HOLE CARDS ***
50CandyJoe: folds 
rostickkin: folds 
ru_ruu_ru: folds 
MaRKiToScoK: raises $1.77 to $2.77
lbrito01: folds 
Uncalled bet ($1.77) returned to MaRKiToScoK
MaRKiToScoK collected $2 from pot
*** SUMMARY ***
Total pot $2 | Rake $0 
Seat 6: mironchikvld
Seat 1: ru_ruu_ru (button) folded before Flop (didn't bet)
Seat 2: MaRKiToScoK (small blind) collected ($2)
Seat 3: lbrito01 (big blind) folded before Flop
Seat 4: 50CandyJoe folded before Flop (didn't bet)
Seat 5: rostickkin folded before Flop (didn't bet)



PokerStars Hand #254325706797:  Hold'em No Limit ($0.50/$1.00 USD) - 2025/01/12 3:56:23 WET [2025/01/11 22:56:23 ET]
Table 'Mabella III' 6-max Seat #2 is the button
Seat 6: mironchikvld ($116.45 in chips) is sitting out
Seat 1: ru_ruu_ru ($218.25 in chips) 
Seat 2: MaRKiToScoK ($106.68 in chips) 
Seat 3: lbrito01 ($211.73 in chips) 
Seat 4: 50CandyJoe ($149.16 in chips) 
Seat 5: rostickkin ($215.68 in chips) 
lbrito01: posts small blind $0.50
50CandyJoe: posts big blind $1
*** HOLE CARDS ***
rostickkin: folds 
ru_ruu_ru: folds 
MaRKiToScoK: folds 
lbrito01: folds 
Uncalled bet ($0.50) returned to 50CandyJoe
50CandyJoe collected $1 from pot
50CandyJoe: doesn't show hand 
*** SUMMARY ***
Total pot $1 | Rake $0 
Seat 6: mironchikvld
Seat 1: ru_ruu_ru folded before Flop (didn't bet)
Seat 2: MaRKiToScoK (button) folded before Flop (didn't bet)
Seat 3: lbrito01 (small blind) folded before Flop
Seat 4: 50CandyJoe (big blind) collected ($1)
Seat 5: rostickkin folded before Flop (didn't bet)



PokerStars Hand #254325708982:  Hold'em No Limit ($0.50/$1.00 USD) - 2025/01/12 3:56:43 WET [2025/01/11 22:56:43 ET]
Table 'Mabella III' 6-max Seat #3 is the button
Seat 1: ru_ruu_ru ($218.25 in chips) 
Seat 2: MaRKiToScoK ($106.68 in chips) 
Seat 3: lbrito01 ($211.23 in chips) 
Seat 4: 50CandyJoe ($149.66 in chips) 
Seat 5: rostickkin ($215.68 in chips) 
Seat 6: mironchikvld ($116.45 in chips) 
50CandyJoe: posts small blind $0.50
rostickkin: posts big blind $1
*** HOLE CARDS ***
mironchikvld: folds 
ru_ruu_ru: raises $1.20 to $2.20
MaRKiToScoK: folds 
lbrito01: folds 
50CandyJoe: folds 
rostickkin: folds 
Uncalled bet ($1.20) returned to ru_ruu_ru
ru_ruu_ru collected $2.50 from pot
ru_ruu_ru: doesn't show hand 
*** SUMMARY ***
Total pot $2.50 | Rake $0 
Seat 1: ru_ruu_ru collected ($2.50)
Seat 2: MaRKiToScoK folded before Flop (didn't bet)
Seat 3: lbrito01 (button) folded before Flop (didn't bet)
Seat 4: 50CandyJoe (small blind) folded before Flop
Seat 5: rostickkin (big blind) folded before Flop
Seat 6: mironchikvld folded before Flop (didn't bet)



PokerStars Hand #254325711953:  Hold'em No Limit ($0.50/$1.00 USD) - 2025/01/12 3:57:11 WET [2025/01/11 22:57:11 ET]
Table 'Mabella III' 6-max Seat #4 is the button
Seat 1: ru_ruu_ru ($219.75 in chips) 
Seat 2: MaRKiToScoK ($106.68 in chips) 
Seat 3: lbrito01 ($211.23 in chips) 
Seat 4: 50CandyJoe ($149.16 in chips) 
Seat 5: rostickkin ($214.68 in chips) 
Seat 6: mironchikvld ($116.45 in chips) 
rostickkin: posts small blind $0.50
mironchikvld: posts big blind $1
*** HOLE CARDS ***
ru_ruu_ru: folds 
MaRKiToScoK: folds 
lbrito01: folds 
50CandyJoe: folds 
rostickkin: raises $2 to $3
mironchikvld: folds 
Uncalled bet ($2) returned to rostickkin
rostickkin collected $2 from pot
rostickkin: doesn't show hand 
*** SUMMARY ***
Total pot $2 | Rake $0 
Seat 1: ru_ruu_ru folded before Flop (didn't bet)
Seat 2: MaRKiToScoK folded before Flop (didn't bet)
Seat 3: lbrito01 folded before Flop (didn't bet)
Seat 4: 50CandyJoe (button) folded before Flop (didn't bet)
Seat 5: rostickkin (small blind) collected ($2)
Seat 6: mironchikvld (big blind) folded before Flop



PokerStars Hand #254325717764:  Hold'em No Limit ($0.50/$1.00 USD) - 2025/01/12 3:58:05 WET [2025/01/11 22:58:05 ET]
Table 'Mabella III' 6-max Seat #5 is the button
Seat 1: ru_ruu_ru ($219.75 in chips) is sitting out
Seat 2: MaRKiToScoK ($106.68 in chips) 
Seat 3: lbrito01 ($211.23 in chips) 
Seat 4: 50CandyJoe ($149.16 in chips) 
Seat 5: rostickkin ($215.68 in chips) 
Seat 6: mironchikvld ($115.45 in chips) 
mironchikvld: posts small blind $0.50
ru_ruu_ru: is sitting out 
MaRKiToScoK: posts big blind $1
*** HOLE CARDS ***
lbrito01: calls $1
50CandyJoe: folds 
rostickkin: folds 
mironchikvld: raises $3 to $4
MaRKiToScoK: folds 
ru_ruu_ru leaves the table
lbrito01: calls $3
*** FLOP *** [4d Td Ac]
mironchikvld: checks 
lbrito01: checks 
*** TURN *** [4d Td Ac] [5d]
mironchikvld: checks 
lbrito01: bets $4.28
mironchikvld: calls $4.28
*** RIVER *** [4d Td Ac 5d] [8s]
mironchikvld: checks 
lbrito01: checks 
*** SHOW DOWN ***
mironchikvld: shows [6d Ad] (a flush, Ace high)
lbrito01: mucks hand 
mironchikvld collected $16.68 from pot
*** SUMMARY ***
Total pot $17.56 | Rake $0.88 
Board [4d Td Ac 5d 8s]
Seat 1: ru_ruu_ru
Seat 2: MaRKiToScoK (big blind) folded before Flop
Seat 3: lbrito01 mucked
Seat 4: 50CandyJoe folded before Flop (didn't bet)
Seat 5: rostickkin (button) folded before Flop (didn't bet)
Seat 6: mironchikvld (small blind) showed [6d Ad] and won ($16.68) with a flush, Ace high



PokerStars Hand #254325726452:  Hold'em No Limit ($0.50/$1.00 USD) - 2025/01/12 3:59:26 WET [2025/01/11 22:59:26 ET]
Table 'Mabella III' 6-max Seat #6 is the button
Seat 2: MaRKiToScoK ($105.68 in chips) 
Seat 3: lbrito01 ($202.95 in chips) 
Seat 4: 50CandyJoe ($149.16 in chips) 
Seat 5: rostickkin ($215.68 in chips) 
Seat 6: mironchikvld ($123.85 in chips) 
MaRKiToScoK: posts small blind $0.50
lbrito01: posts big blind $1
*** HOLE CARDS ***
50CandyJoe: folds 
G.HANSEN333 joins the table at seat #1 
rostickkin: folds 
mironchikvld: folds 
MaRKiToScoK: raises $1.77 to $2.77
lbrito01: folds 
Uncalled bet ($1.77) returned to MaRKiToScoK
MaRKiToScoK collected $2 from pot
*** SUMMARY ***
Total pot $2 | Rake $0 
Seat 2: MaRKiToScoK (small blind) collected ($2)
Seat 3: lbrito01 (big blind) folded before Flop
Seat 4: 50CandyJoe folded before Flop (didn't bet)
Seat 5: rostickkin folded before Flop (didn't bet)
Seat 6: mironchikvld (button) folded before Flop (didn't bet)



PokerStars Hand #254325729760:  Hold'em No Limit ($0.50/$1.00 USD) - 2025/01/12 3:59:58 WET [2025/01/11 22:59:58 ET]
Table 'Mabella III' 6-max Seat #2 is the button
Seat 1: G.HANSEN333 ($100 in chips) is sitting out
Seat 2: MaRKiToScoK ($106.68 in chips) 
Seat 3: lbrito01 ($201.95 in chips) 
Seat 4: 50CandyJoe ($149.16 in chips) 
Seat 5: rostickkin ($215.68 in chips) 
Seat 6: mironchikvld ($123.85 in chips) 
lbrito01: posts small blind $0.50
50CandyJoe: posts big blind $1
G.HANSEN333: sits out 
*** HOLE CARDS ***
rostickkin: folds 
mironchikvld: folds 
MaRKiToScoK: raises $1.33 to $2.33
lbrito01: calls $1.83
50CandyJoe: folds 
*** FLOP *** [7c 5c 5s]
lbrito01: checks 
MaRKiToScoK: bets $1.61
lbrito01: calls $1.61
*** TURN *** [7c 5c 5s] [3h]
lbrito01: bets $2.22
MaRKiToScoK: calls $2.22
*** RIVER *** [7c 5c 5s 3h] [4d]
lbrito01: checks 
MaRKiToScoK: checks 
*** SHOW DOWN ***
lbrito01: shows [Jd Ks] (a pair of Fives)
MaRKiToScoK: shows [Ah 8h] (a pair of Fives - Ace kicker)
MaRKiToScoK collected $12.65 from pot
*** SUMMARY ***
Total pot $13.32 | Rake $0.67 
Board [7c 5c 5s 3h 4d]
Seat 1: G.HANSEN333
Seat 2: MaRKiToScoK (button) showed [Ah 8h] and won ($12.65) with a pair of Fives
Seat 3: lbrito01 (small blind) showed [Jd Ks] and lost with a pair of Fives
Seat 4: 50CandyJoe (big blind) folded before Flop
Seat 5: rostickkin folded before Flop (didn't bet)
Seat 6: mironchikvld folded before Flop (didn't bet)



PokerStars Hand #254325739667:  Hold'em No Limit ($0.50/$1.00 USD) - 2025/01/12 4:01:21 WET [2025/01/11 23:01:21 ET]
Table 'Mabella III' 6-max Seat #3 is the button
Seat 1: G.HANSEN333 ($100 in chips) is sitting out
Seat 2: MaRKiToScoK ($113.17 in chips) 
Seat 3: lbrito01 ($195.79 in chips) 
Seat 4: 50CandyJoe ($148.16 in chips) 
Seat 5: rostickkin ($215.68 in chips) 
Seat 6: mironchikvld ($123.85 in chips) 
50CandyJoe: posts small blind $0.50
rostickkin: posts big blind $1
G.HANSEN333: sits out 
*** HOLE CARDS ***
mironchikvld: folds 
MaRKiToScoK: folds 
lbrito01: calls $1
50CandyJoe: raises $3.50 to $4.50
rostickkin: folds 
lbrito01: calls $3.50
*** FLOP *** [Jd 5d 3h]
50CandyJoe: bets $2.38
lbrito01: calls $2.38
*** TURN *** [Jd 5d 3h] [8h]
50CandyJoe: bets $12
lbrito01: folds 
Uncalled bet ($12) returned to 50CandyJoe
50CandyJoe collected $14.02 from pot
50CandyJoe: doesn't show hand 
*** SUMMARY ***
Total pot $14.76 | Rake $0.74 
Board [Jd 5d 3h 8h]
Seat 1: G.HANSEN333
Seat 2: MaRKiToScoK folded before Flop (didn't bet)
Seat 3: lbrito01 (button) folded on the Turn
Seat 4: 50CandyJoe (small blind) collected ($14.02)
Seat 5: rostickkin (big blind) folded before Flop
Seat 6: mironchikvld folded before Flop (didn't bet)



PokerStars Hand #254325745331:  Hold'em No Limit ($0.50/$1.00 USD) - 2025/01/12 4:02:08 WET [2025/01/11 23:02:08 ET]
Table 'Mabella III' 6-max Seat #4 is the button
Seat 1: G.HANSEN333 ($100 in chips) is sitting out
Seat 2: MaRKiToScoK ($113.17 in chips) 
Seat 3: lbrito01 ($188.91 in chips) 
Seat 4: 50CandyJoe ($155.30 in chips) 
Seat 5: rostickkin ($214.68 in chips) 
Seat 6: mironchikvld ($123.85 in chips) 
rostickkin: posts small blind $0.50
mironchikvld: posts big blind $1
G.HANSEN333: sits out 
*** HOLE CARDS ***
MaRKiToScoK: folds 
lbrito01: calls $1
50CandyJoe: folds 
rostickkin: raises $4 to $5
mironchikvld: folds 
lbrito01: folds 
Uncalled bet ($4) returned to rostickkin
rostickkin collected $3 from pot
rostickkin: doesn't show hand 
*** SUMMARY ***
Total pot $3 | Rake $0 
Seat 1: G.HANSEN333
Seat 2: MaRKiToScoK folded before Flop (didn't bet)
Seat 3: lbrito01 folded before Flop
Seat 4: 50CandyJoe (button) folded before Flop (didn't bet)
Seat 5: rostickkin (small blind) collected ($3)
Seat 6: mironchikvld (big blind) folded before Flop



