PokerStars Hand #254335644229:  Hold'em No Limit ($0.50/$1.00 USD) - 2025/01/12 18:32:22 WET [2025/01/12 13:32:22 ET]
Table 'Aegle III' 6-max Seat #6 is the button
Seat 4: MoRsCeReBruM ($100 in chips) is sitting out
Seat 1: Desverdi ($35.24 in chips) 
Seat 2: kristianbompai ($10 in chips) 
Seat 3: rafaelleadeb ($100.58 in chips) 
Seat 5: blistein ($100 in chips) 
Seat 6: PayTaxOrDie ($100 in chips) 
Desverdi: posts small blind $0.50
kristianbompai: posts big blind $1
MoRsCeReBruM: sits out 
*** HOLE CARDS ***
rafaelleadeb: raises $2 to $3
blistein: folds 
PayTaxOrDie: folds 
Desverdi: folds 
kristianbompai: folds 
Uncalled bet ($2) returned to rafaelleadeb
rafaelleadeb collected $2.50 from pot
Desverdi leaves the table
*** SUMMARY ***
Total pot $2.50 | Rake $0 
Seat 4: MoRsCeReBruM
Seat 1: Desverdi (small blind) folded before Flop
Seat 2: kristianbompai (big blind) folded before Flop
Seat 3: rafaelleadeb collected ($2.50)
Seat 5: blistein folded before Flop (didn't bet)
Seat 6: PayTaxOrDie (button) folded before Flop (didn't bet)



PokerStars Hand #254335648994:  Hold'em No Limit ($0.50/$1.00 USD) - 2025/01/12 18:32:35 WET [2025/01/12 13:32:35 ET]
Table 'Aegle III' 6-max Seat #2 is the button
Seat 2: kristianbompai ($9 in chips) 
Seat 3: rafaelleadeb ($102.08 in chips) 
Seat 4: MoRsCeReBruM ($100 in chips) 
Seat 5: blistein ($100 in chips) 
Seat 6: PayTaxOrDie ($100 in chips) 
rafaelleadeb: posts small blind $0.50
MoRsCeReBruM: posts big blind $1
*** HOLE CARDS ***
blistein: folds 
PayTaxOrDie: raises $1.30 to $2.30
kristianbompai: calls $2.30
rafaelleadeb: folds 
MoRsCeReBruM: folds 
*** FLOP *** [4c Ts Th]
PayTaxOrDie: bets $6.73
kristianbompai: folds 
Uncalled bet ($6.73) returned to PayTaxOrDie
PayTaxOrDie collected $5.80 from pot
PayTaxOrDie: doesn't show hand 
*** SUMMARY ***
Total pot $6.10 | Rake $0.30 
Board [4c Ts Th]
Seat 2: kristianbompai (button) folded on the Flop
Seat 3: rafaelleadeb (small blind) folded before Flop
Seat 4: MoRsCeReBruM (big blind) folded before Flop
Seat 5: blistein folded before Flop (didn't bet)
Seat 6: PayTaxOrDie collected ($5.80)



PokerStars Hand #254335656042:  Hold'em No Limit ($0.50/$1.00 USD) - 2025/01/12 18:32:54 WET [2025/01/12 13:32:54 ET]
Table 'Aegle III' 6-max Seat #3 is the button
Seat 2: kristianbompai ($6.70 in chips) 
Seat 3: rafaelleadeb ($101.58 in chips) 
Seat 4: MoRsCeReBruM ($100 in chips) 
Seat 5: blistein ($100 in chips) 
Seat 6: PayTaxOrDie ($103.50 in chips) 
MoRsCeReBruM: posts small blind $0.50
blistein: posts big blind $1
*** HOLE CARDS ***
PayTaxOrDie: folds 
fataleggs13 joins the table at seat #1 
kristianbompai: folds 
rafaelleadeb: folds 
MoRsCeReBruM: folds 
Uncalled bet ($0.50) returned to blistein
blistein collected $1 from pot
blistein: doesn't show hand 
*** SUMMARY ***
Total pot $1 | Rake $0 
Seat 2: kristianbompai folded before Flop (didn't bet)
Seat 3: rafaelleadeb (button) folded before Flop (didn't bet)
Seat 4: MoRsCeReBruM (small blind) folded before Flop
Seat 5: blistein (big blind) collected ($1)
Seat 6: PayTaxOrDie folded before Flop (didn't bet)



PokerStars Hand #254335659155:  Hold'em No Limit ($0.50/$1.00 USD) - 2025/01/12 18:33:02 WET [2025/01/12 13:33:02 ET]
Table 'Aegle III' 6-max Seat #4 is the button
Seat 1: fataleggs13 ($75 in chips) is sitting out
Seat 2: kristianbompai ($6.70 in chips) 
Seat 3: rafaelleadeb ($101.58 in chips) 
Seat 4: MoRsCeReBruM ($100 in chips) 
Seat 5: blistein ($100.50 in chips) 
Seat 6: PayTaxOrDie ($103.50 in chips) 
blistein: posts small blind $0.50
PayTaxOrDie: posts big blind $1
fataleggs13: sits out 
*** HOLE CARDS ***
kristianbompai: folds 
rafaelleadeb: folds 
MoRsCeReBruM: folds 
blistein: folds 
Uncalled bet ($0.50) returned to PayTaxOrDie
PayTaxOrDie collected $1 from pot
PayTaxOrDie: doesn't show hand 
*** SUMMARY ***
Total pot $1 | Rake $0 
Seat 1: fataleggs13
Seat 2: kristianbompai folded before Flop (didn't bet)
Seat 3: rafaelleadeb folded before Flop (didn't bet)
Seat 4: MoRsCeReBruM (button) folded before Flop (didn't bet)
Seat 5: blistein (small blind) folded before Flop
Seat 6: PayTaxOrDie (big blind) collected ($1)



PokerStars Hand #254335666451:  Hold'em No Limit ($0.50/$1.00 USD) - 2025/01/12 18:33:22 WET [2025/01/12 13:33:22 ET]
Table 'Aegle III' 6-max Seat #5 is the button
Seat 1: fataleggs13 ($75 in chips) 
Seat 2: kristianbompai ($6.70 in chips) 
Seat 3: rafaelleadeb ($101.58 in chips) 
Seat 4: MoRsCeReBruM ($100 in chips) 
Seat 5: blistein ($100 in chips) 
Seat 6: PayTaxOrDie ($104 in chips) 
PayTaxOrDie: posts small blind $0.50
fataleggs13: posts big blind $1
*** HOLE CARDS ***
kristianbompai: folds 
rafaelleadeb: folds 
MoRsCeReBruM: folds 
blistein: folds 
PayTaxOrDie: raises $2 to $3
fataleggs13: folds 
Uncalled bet ($2) returned to PayTaxOrDie
PayTaxOrDie collected $2 from pot
PayTaxOrDie: doesn't show hand 
*** SUMMARY ***
Total pot $2 | Rake $0 
Seat 1: fataleggs13 (big blind) folded before Flop
Seat 2: kristianbompai folded before Flop (didn't bet)
Seat 3: rafaelleadeb folded before Flop (didn't bet)
Seat 4: MoRsCeReBruM folded before Flop (didn't bet)
Seat 5: blistein (button) folded before Flop (didn't bet)
Seat 6: PayTaxOrDie (small blind) collected ($2)



PokerStars Hand #254335674736:  Hold'em No Limit ($0.50/$1.00 USD) - 2025/01/12 18:33:44 WET [2025/01/12 13:33:44 ET]
Table 'Aegle III' 6-max Seat #6 is the button
Seat 1: fataleggs13 ($75 in chips) 
Seat 2: kristianbompai ($6.70 in chips) 
Seat 3: rafaelleadeb ($101.58 in chips) 
Seat 4: MoRsCeReBruM ($100 in chips) 
Seat 5: blistein ($100 in chips) 
Seat 6: PayTaxOrDie ($105 in chips) 
fataleggs13: posts small blind $0.50
kristianbompai: posts big blind $1
*** HOLE CARDS ***
rafaelleadeb: folds 
MoRsCeReBruM: folds 
blistein: folds 
PayTaxOrDie: folds 
fataleggs13: raises $2 to $3
kristianbompai: calls $2
*** FLOP *** [7c 4h Tc]
fataleggs13: checks 
kristianbompai: bets $1
fataleggs13: calls $1
*** TURN *** [7c 4h Tc] [8c]
fataleggs13: checks 
kristianbompai: bets $2.70 and is all-in
fataleggs13: calls $2.70
*** RIVER *** [7c 4h Tc 8c] [Js]
*** SHOW DOWN ***
fataleggs13: shows [Kh Jc] (a pair of Jacks)
kristianbompai: shows [6d Th] (a pair of Tens)
fataleggs13 collected $12.73 from pot
*** SUMMARY ***
Total pot $13.40 | Rake $0.67 
Board [7c 4h Tc 8c Js]
Seat 1: fataleggs13 (small blind) showed [Kh Jc] and won ($12.73) with a pair of Jacks
Seat 2: kristianbompai (big blind) showed [6d Th] and lost with a pair of Tens
Seat 3: rafaelleadeb folded before Flop (didn't bet)
Seat 4: MoRsCeReBruM folded before Flop (didn't bet)
Seat 5: blistein folded before Flop (didn't bet)
Seat 6: PayTaxOrDie (button) folded before Flop (didn't bet)



PokerStars Hand #254335703088:  Hold'em No Limit ($0.50/$1.00 USD) - 2025/01/12 18:35:01 WET [2025/01/12 13:35:01 ET]
Table 'Aegle III' 6-max Seat #1 is the button
Seat 2: kristianbompai ($0 in chips) is sitting out
Seat 1: fataleggs13 ($81.03 in chips) 
Seat 3: rafaelleadeb ($101.58 in chips) 
Seat 4: MoRsCeReBruM ($100 in chips) 
Seat 5: blistein ($100 in chips) 
Seat 6: PayTaxOrDie ($105 in chips) 
rafaelleadeb: posts small blind $0.50
MoRsCeReBruM: posts big blind $1
*** HOLE CARDS ***
blistein: folds 
PayTaxOrDie: folds 
fataleggs13: folds 
rafaelleadeb: folds 
Uncalled bet ($0.50) returned to MoRsCeReBruM
MoRsCeReBruM collected $1 from pot
MoRsCeReBruM: doesn't show hand 
kristianbompai is disconnected 
*** SUMMARY ***
Total pot $1 | Rake $0 
Seat 2: kristianbompai
Seat 1: fataleggs13 (button) folded before Flop (didn't bet)
Seat 3: rafaelleadeb (small blind) folded before Flop
Seat 4: MoRsCeReBruM (big blind) collected ($1)
Seat 5: blistein folded before Flop (didn't bet)
Seat 6: PayTaxOrDie folded before Flop (didn't bet)



PokerStars Hand #254335706077:  Hold'em No Limit ($0.50/$1.00 USD) - 2025/01/12 18:35:09 WET [2025/01/12 13:35:09 ET]
Table 'Aegle III' 6-max Seat #3 is the button
Seat 2: kristianbompai ($0 in chips) is sitting out
Seat 1: fataleggs13 ($81.03 in chips) 
Seat 3: rafaelleadeb ($101.08 in chips) 
Seat 4: MoRsCeReBruM ($100.50 in chips) 
Seat 5: blistein ($100 in chips) 
Seat 6: PayTaxOrDie ($105 in chips) 
MoRsCeReBruM: posts small blind $0.50
blistein: posts big blind $1
*** HOLE CARDS ***
PayTaxOrDie: folds 
fataleggs13: folds 
rafaelleadeb: raises $2 to $3
MoRsCeReBruM: calls $2.50
blistein: folds 
*** FLOP *** [3h 2c Qc]
MoRsCeReBruM: checks 
rafaelleadeb: checks 
*** TURN *** [3h 2c Qc] [Ah]
MoRsCeReBruM: bets $4.99
rafaelleadeb: folds 
Uncalled bet ($4.99) returned to MoRsCeReBruM
MoRsCeReBruM collected $6.65 from pot
MoRsCeReBruM: doesn't show hand 
*** SUMMARY ***
Total pot $7 | Rake $0.35 
Board [3h 2c Qc Ah]
Seat 2: kristianbompai
Seat 1: fataleggs13 folded before Flop (didn't bet)
Seat 3: rafaelleadeb (button) folded on the Turn
Seat 4: MoRsCeReBruM (small blind) collected ($6.65)
Seat 5: blistein (big blind) folded before Flop
Seat 6: PayTaxOrDie folded before Flop (didn't bet)



PokerStars Hand #254335726751:  Hold'em No Limit ($0.50/$1.00 USD) - 2025/01/12 18:36:05 WET [2025/01/12 13:36:05 ET]
Table 'Aegle III' 6-max Seat #4 is the button
Seat 2: kristianbompai ($0 in chips) is sitting out
Seat 1: fataleggs13 ($81.03 in chips) 
Seat 3: rafaelleadeb ($98.08 in chips) 
Seat 4: MoRsCeReBruM ($104.15 in chips) 
Seat 5: blistein ($100 in chips) 
Seat 6: PayTaxOrDie ($105 in chips) 
blistein: posts small blind $0.50
PayTaxOrDie: posts big blind $1
*** HOLE CARDS ***
fataleggs13: raises $1.20 to $2.20
rafaelleadeb: folds 
MoRsCeReBruM: folds 
blistein: folds 
PayTaxOrDie: calls $1.20
*** FLOP *** [2d 7c 8h]
PayTaxOrDie: checks 
fataleggs13: checks 
*** TURN *** [2d 7c 8h] [As]
PayTaxOrDie: checks 
fataleggs13: bets $2.42
PayTaxOrDie: folds 
Uncalled bet ($2.42) returned to fataleggs13
fataleggs13 collected $4.66 from pot
fataleggs13: doesn't show hand 
*** SUMMARY ***
Total pot $4.90 | Rake $0.24 
Board [2d 7c 8h As]
Seat 2: kristianbompai
Seat 1: fataleggs13 collected ($4.66)
Seat 3: rafaelleadeb folded before Flop (didn't bet)
Seat 4: MoRsCeReBruM (button) folded before Flop (didn't bet)
Seat 5: blistein (small blind) folded before Flop
Seat 6: PayTaxOrDie (big blind) folded on the Turn



PokerStars Hand #254335741343:  Hold'em No Limit ($0.50/$1.00 USD) - 2025/01/12 18:36:44 WET [2025/01/12 13:36:44 ET]
Table 'Aegle III' 6-max Seat #5 is the button
Seat 2: kristianbompai ($0 in chips) is sitting out
Seat 1: fataleggs13 ($83.49 in chips) 
Seat 3: rafaelleadeb ($98.08 in chips) 
Seat 4: MoRsCeReBruM ($104.15 in chips) 
Seat 5: blistein ($100 in chips) 
Seat 6: PayTaxOrDie ($102.80 in chips) 
PayTaxOrDie: posts small blind $0.50
fataleggs13: posts big blind $1
*** HOLE CARDS ***
rafaelleadeb: folds 
MoRsCeReBruM: folds 
blistein: folds 
PayTaxOrDie: raises $2 to $3
fataleggs13: folds 
Uncalled bet ($2) returned to PayTaxOrDie
PayTaxOrDie collected $2 from pot
PayTaxOrDie: doesn't show hand 
*** SUMMARY ***
Total pot $2 | Rake $0 
Seat 2: kristianbompai
Seat 1: fataleggs13 (big blind) folded before Flop
Seat 3: rafaelleadeb folded before Flop (didn't bet)
Seat 4: MoRsCeReBruM folded before Flop (didn't bet)
Seat 5: blistein (button) folded before Flop (didn't bet)
Seat 6: PayTaxOrDie (small blind) collected ($2)



PokerStars Hand #254335751186:  Hold'em No Limit ($0.50/$1.00 USD) - 2025/01/12 18:37:11 WET [2025/01/12 13:37:11 ET]
Table 'Aegle III' 6-max Seat #6 is the button
Seat 2: kristianbompai ($0 in chips) is sitting out
Seat 1: fataleggs13 ($82.49 in chips) 
Seat 3: rafaelleadeb ($98.08 in chips) 
Seat 4: MoRsCeReBruM ($104.15 in chips) 
Seat 5: blistein ($100 in chips) 
Seat 6: PayTaxOrDie ($103.80 in chips) 
fataleggs13: posts small blind $0.50
rafaelleadeb: posts big blind $1
*** HOLE CARDS ***
MoRsCeReBruM: folds 
blistein: folds 
PayTaxOrDie: folds 
fataleggs13: raises $2 to $3
rafaelleadeb: calls $2
*** FLOP *** [6d 2c 8h]
fataleggs13: checks 
rafaelleadeb: checks 
*** TURN *** [6d 2c 8h] [8d]
fataleggs13: checks 
rafaelleadeb: bets $4
fataleggs13: calls $4
*** RIVER *** [6d 2c 8h 8d] [6h]
fataleggs13: checks 
rafaelleadeb: checks 
*** SHOW DOWN ***
fataleggs13: shows [Ah 2h] (two pair, Eights and Sixes)
rafaelleadeb: mucks hand 
fataleggs13 collected $13.30 from pot
*** SUMMARY ***
Total pot $14 | Rake $0.70 
Board [6d 2c 8h 8d 6h]
Seat 2: kristianbompai
Seat 1: fataleggs13 (small blind) showed [Ah 2h] and won ($13.30) with two pair, Eights and Sixes
Seat 3: rafaelleadeb (big blind) mucked
Seat 4: MoRsCeReBruM folded before Flop (didn't bet)
Seat 5: blistein folded before Flop (didn't bet)
Seat 6: PayTaxOrDie (button) folded before Flop (didn't bet)



PokerStars Hand #254335762430:  Hold'em No Limit ($0.50/$1.00 USD) - 2025/01/12 18:37:41 WET [2025/01/12 13:37:41 ET]
Table 'Aegle III' 6-max Seat #1 is the button
Seat 2: kristianbompai ($0 in chips) is sitting out
Seat 1: fataleggs13 ($88.79 in chips) 
Seat 3: rafaelleadeb ($91.08 in chips) 
Seat 4: MoRsCeReBruM ($104.15 in chips) 
Seat 5: blistein ($100 in chips) 
Seat 6: PayTaxOrDie ($103.80 in chips) 
rafaelleadeb: posts small blind $0.50
MoRsCeReBruM: posts big blind $1
*** HOLE CARDS ***
blistein: folds 
PayTaxOrDie: raises $1.30 to $2.30
fataleggs13: folds 
rafaelleadeb: folds 
MoRsCeReBruM: folds 
Uncalled bet ($1.30) returned to PayTaxOrDie
PayTaxOrDie collected $2.50 from pot
PayTaxOrDie: doesn't show hand 
*** SUMMARY ***
Total pot $2.50 | Rake $0 
Seat 2: kristianbompai
Seat 1: fataleggs13 (button) folded before Flop (didn't bet)
Seat 3: rafaelleadeb (small blind) folded before Flop
Seat 4: MoRsCeReBruM (big blind) folded before Flop
Seat 5: blistein folded before Flop (didn't bet)
Seat 6: PayTaxOrDie collected ($2.50)



PokerStars Hand #254335769149:  Hold'em No Limit ($0.50/$1.00 USD) - 2025/01/12 18:37:59 WET [2025/01/12 13:37:59 ET]
Table 'Aegle III' 6-max Seat #3 is the button
Seat 2: kristianbompai ($0 in chips) is sitting out
Seat 5: blistein ($100 in chips) is sitting out
Seat 1: fataleggs13 ($88.79 in chips) 
Seat 3: rafaelleadeb ($90.58 in chips) 
Seat 4: MoRsCeReBruM ($103.15 in chips) 
Seat 6: PayTaxOrDie ($105.30 in chips) 
MoRsCeReBruM: posts small blind $0.50
blistein: is sitting out 
PayTaxOrDie: posts big blind $1
*** HOLE CARDS ***
fataleggs13: folds 
blistein leaves the table
Diamondplaces joins the table at seat #5 
Diamondplaces is disconnected 
rafaelleadeb: folds 
MoRsCeReBruM: folds 
Uncalled bet ($0.50) returned to PayTaxOrDie
PayTaxOrDie collected $1 from pot
PayTaxOrDie: doesn't show hand 
*** SUMMARY ***
Total pot $1 | Rake $0 
Seat 2: kristianbompai
Seat 5: blistein
Seat 1: fataleggs13 folded before Flop (didn't bet)
Seat 3: rafaelleadeb (button) folded before Flop (didn't bet)
Seat 4: MoRsCeReBruM (small blind) folded before Flop
Seat 6: PayTaxOrDie (big blind) collected ($1)



PokerStars Hand #254335777687:  Hold'em No Limit ($0.50/$1.00 USD) - 2025/01/12 18:38:22 WET [2025/01/12 13:38:22 ET]
Table 'Aegle III' 6-max Seat #4 is the button
Seat 2: kristianbompai ($0 in chips) is sitting out
Seat 5: Diamondplaces ($24.62 in chips) is sitting out
Seat 1: fataleggs13 ($88.79 in chips) 
Seat 3: rafaelleadeb ($90.58 in chips) 
Seat 4: MoRsCeReBruM ($102.65 in chips) 
Seat 6: PayTaxOrDie ($105.80 in chips) 
PayTaxOrDie: posts small blind $0.50
fataleggs13: posts big blind $1
*** HOLE CARDS ***
rafaelleadeb: folds 
MoRsCeReBruM: folds 
PayTaxOrDie: raises $2 to $3
fataleggs13: folds 
Uncalled bet ($2) returned to PayTaxOrDie
PayTaxOrDie collected $2 from pot
PayTaxOrDie: doesn't show hand 
*** SUMMARY ***
Total pot $2 | Rake $0 
Seat 2: kristianbompai
Seat 5: Diamondplaces
Seat 1: fataleggs13 (big blind) folded before Flop
Seat 3: rafaelleadeb folded before Flop (didn't bet)
Seat 4: MoRsCeReBruM (button) folded before Flop (didn't bet)
Seat 6: PayTaxOrDie (small blind) collected ($2)



PokerStars Hand #254335787026:  Hold'em No Limit ($0.50/$1.00 USD) - 2025/01/12 18:38:47 WET [2025/01/12 13:38:47 ET]
Table 'Aegle III' 6-max Seat #6 is the button
Seat 2: kristianbompai ($0 in chips) is sitting out
Seat 1: fataleggs13 ($87.79 in chips) 
Seat 3: rafaelleadeb ($90.58 in chips) 
Seat 4: MoRsCeReBruM ($102.65 in chips) 
Seat 5: Diamondplaces ($24.62 in chips) 
Seat 6: PayTaxOrDie ($106.80 in chips) 
fataleggs13: posts small blind $0.50
rafaelleadeb: posts big blind $1
Diamondplaces: posts big blind $1
*** HOLE CARDS ***
MoRsCeReBruM: folds 
Diamondplaces: checks 
PayTaxOrDie: raises $2.50 to $3.50
fataleggs13: folds 
rafaelleadeb: calls $2.50
Diamondplaces: folds 
*** FLOP *** [2d Qc Kh]
rafaelleadeb: checks 
PayTaxOrDie: bets $2.02
rafaelleadeb: calls $2.02
*** TURN *** [2d Qc Kh] [8c]
rafaelleadeb: checks 
PayTaxOrDie: bets $20.84
rafaelleadeb: folds 
Uncalled bet ($20.84) returned to PayTaxOrDie
PayTaxOrDie collected $11.91 from pot
PayTaxOrDie: doesn't show hand 
*** SUMMARY ***
Total pot $12.54 | Rake $0.63 
Board [2d Qc Kh 8c]
Seat 2: kristianbompai
Seat 1: fataleggs13 (small blind) folded before Flop
Seat 3: rafaelleadeb (big blind) folded on the Turn
Seat 4: MoRsCeReBruM folded before Flop (didn't bet)
Seat 5: Diamondplaces folded before Flop (didn't bet)
Seat 6: PayTaxOrDie (button) collected ($11.91)



PokerStars Hand #254335806409:  Hold'em No Limit ($0.50/$1.00 USD) - 2025/01/12 18:39:40 WET [2025/01/12 13:39:40 ET]
Table 'Aegle III' 6-max Seat #1 is the button
Seat 2: kristianbompai ($0 in chips) is sitting out
Seat 1: fataleggs13 ($87.29 in chips) 
Seat 3: rafaelleadeb ($85.06 in chips) 
Seat 4: MoRsCeReBruM ($102.65 in chips) 
Seat 5: Diamondplaces ($23.62 in chips) 
Seat 6: PayTaxOrDie ($113.19 in chips) 
rafaelleadeb: posts small blind $0.50
MoRsCeReBruM: posts big blind $1
*** HOLE CARDS ***
Diamondplaces: folds 
PayTaxOrDie: folds 
fataleggs13: folds 
rafaelleadeb: folds 
Uncalled bet ($0.50) returned to MoRsCeReBruM
MoRsCeReBruM collected $1 from pot
MoRsCeReBruM: doesn't show hand 
*** SUMMARY ***
Total pot $1 | Rake $0 
Seat 2: kristianbompai
Seat 1: fataleggs13 (button) folded before Flop (didn't bet)
Seat 3: rafaelleadeb (small blind) folded before Flop
Seat 4: MoRsCeReBruM (big blind) collected ($1)
Seat 5: Diamondplaces folded before Flop (didn't bet)
Seat 6: PayTaxOrDie folded before Flop (didn't bet)



PokerStars Hand #254335811819:  Hold'em No Limit ($0.50/$1.00 USD) - 2025/01/12 18:39:54 WET [2025/01/12 13:39:54 ET]
Table 'Aegle III' 6-max Seat #3 is the button
Seat 2: kristianbompai ($0 in chips) is sitting out
Seat 1: fataleggs13 ($87.29 in chips) 
Seat 3: rafaelleadeb ($84.56 in chips) 
Seat 4: MoRsCeReBruM ($103.15 in chips) 
Seat 5: Diamondplaces ($23.62 in chips) 
Seat 6: PayTaxOrDie ($113.19 in chips) 
MoRsCeReBruM: posts small blind $0.50
Diamondplaces: posts big blind $1
*** HOLE CARDS ***
PayTaxOrDie: folds 
fataleggs13: raises $1.20 to $2.20
rafaelleadeb: folds 
MoRsCeReBruM: folds 
Diamondplaces: folds 
Uncalled bet ($1.20) returned to fataleggs13
fataleggs13 collected $2.50 from pot
fataleggs13: doesn't show hand 
*** SUMMARY ***
Total pot $2.50 | Rake $0 
Seat 2: kristianbompai
Seat 1: fataleggs13 collected ($2.50)
Seat 3: rafaelleadeb (button) folded before Flop (didn't bet)
Seat 4: MoRsCeReBruM (small blind) folded before Flop
Seat 5: Diamondplaces (big blind) folded before Flop
Seat 6: PayTaxOrDie folded before Flop (didn't bet)



PokerStars Hand #254335821101:  Hold'em No Limit ($0.50/$1.00 USD) - 2025/01/12 18:40:19 WET [2025/01/12 13:40:19 ET]
Table 'Aegle III' 6-max Seat #4 is the button
Seat 2: kristianbompai ($0 in chips) is sitting out
Seat 1: fataleggs13 ($88.79 in chips) 
Seat 3: rafaelleadeb ($84.56 in chips) 
Seat 4: MoRsCeReBruM ($102.65 in chips) 
Seat 5: Diamondplaces ($22.62 in chips) 
Seat 6: PayTaxOrDie ($113.19 in chips) 
Diamondplaces: posts small blind $0.50
PayTaxOrDie: posts big blind $1
*** HOLE CARDS ***
fataleggs13: folds 
rafaelleadeb: folds 
MoRsCeReBruM: folds 
Diamondplaces: folds 
Uncalled bet ($0.50) returned to PayTaxOrDie
PayTaxOrDie collected $1 from pot
PayTaxOrDie: doesn't show hand 
*** SUMMARY ***
Total pot $1 | Rake $0 
Seat 2: kristianbompai
Seat 1: fataleggs13 folded before Flop (didn't bet)
Seat 3: rafaelleadeb folded before Flop (didn't bet)
Seat 4: MoRsCeReBruM (button) folded before Flop (didn't bet)
Seat 5: Diamondplaces (small blind) folded before Flop
Seat 6: PayTaxOrDie (big blind) collected ($1)



PokerStars Hand #254335824405:  Hold'em No Limit ($0.50/$1.00 USD) - 2025/01/12 18:40:28 WET [2025/01/12 13:40:28 ET]
Table 'Aegle III' 6-max Seat #5 is the button
Seat 2: kristianbompai ($0 in chips) is sitting out
Seat 1: fataleggs13 ($88.79 in chips) 
Seat 3: rafaelleadeb ($84.56 in chips) 
Seat 4: MoRsCeReBruM ($102.65 in chips) 
Seat 5: Diamondplaces ($22.12 in chips) 
Seat 6: PayTaxOrDie ($113.69 in chips) 
PayTaxOrDie: posts small blind $0.50
fataleggs13: posts big blind $1
*** HOLE CARDS ***
rafaelleadeb: folds 
MoRsCeReBruM: folds 
Diamondplaces: folds 
PayTaxOrDie: folds 
Uncalled bet ($0.50) returned to fataleggs13
fataleggs13 collected $1 from pot
fataleggs13: doesn't show hand 
*** SUMMARY ***
Total pot $1 | Rake $0 
Seat 2: kristianbompai
Seat 1: fataleggs13 (big blind) collected ($1)
Seat 3: rafaelleadeb folded before Flop (didn't bet)
Seat 4: MoRsCeReBruM folded before Flop (didn't bet)
Seat 5: Diamondplaces (button) folded before Flop (didn't bet)
Seat 6: PayTaxOrDie (small blind) folded before Flop



PokerStars Hand #254335830017:  Hold'em No Limit ($0.50/$1.00 USD) - 2025/01/12 18:40:43 WET [2025/01/12 13:40:43 ET]
Table 'Aegle III' 6-max Seat #6 is the button
Seat 2: kristianbompai ($0 in chips) is sitting out
Seat 1: fataleggs13 ($89.29 in chips) 
Seat 3: rafaelleadeb ($84.56 in chips) 
Seat 4: MoRsCeReBruM ($102.65 in chips) 
Seat 5: Diamondplaces ($22.12 in chips) 
Seat 6: PayTaxOrDie ($113.19 in chips) 
fataleggs13: posts small blind $0.50
rafaelleadeb: posts big blind $1
*** HOLE CARDS ***
MoRsCeReBruM: raises $1 to $2
Diamondplaces: calls $2
PayTaxOrDie: folds 
fataleggs13: folds 
rafaelleadeb: calls $1
*** FLOP *** [7h Ac 7d]
rafaelleadeb: checks 
MoRsCeReBruM: checks 
Diamondplaces: checks 
*** TURN *** [7h Ac 7d] [4s]
rafaelleadeb: checks 
MoRsCeReBruM: checks 
Diamondplaces: checks 
*** RIVER *** [7h Ac 7d 4s] [Jd]
rafaelleadeb: bets $4
MoRsCeReBruM: calls $4
Diamondplaces: folds 
*** SHOW DOWN ***
rafaelleadeb: shows [7s 8s] (three of a kind, Sevens)
MoRsCeReBruM: mucks hand 
rafaelleadeb collected $13.78 from pot
kristianbompai leaves the table
*** SUMMARY ***
Total pot $14.50 | Rake $0.72 
Board [7h Ac 7d 4s Jd]
Seat 2: kristianbompai
Seat 1: fataleggs13 (small blind) folded before Flop
Seat 3: rafaelleadeb (big blind) showed [7s 8s] and won ($13.78) with three of a kind, Sevens
Seat 4: MoRsCeReBruM mucked
Seat 5: Diamondplaces folded on the River
Seat 6: PayTaxOrDie (button) folded before Flop (didn't bet)



PokerStars Hand #254335857895:  Hold'em No Limit ($0.50/$1.00 USD) - 2025/01/12 18:41:58 WET [2025/01/12 13:41:58 ET]
Table 'Aegle III' 6-max Seat #1 is the button
Seat 1: fataleggs13 ($88.79 in chips) 
Seat 3: rafaelleadeb ($92.34 in chips) 
Seat 4: MoRsCeReBruM ($100 in chips) 
Seat 5: Diamondplaces ($20.12 in chips) 
Seat 6: PayTaxOrDie ($113.19 in chips) 
rafaelleadeb: posts small blind $0.50
MoRsCeReBruM: posts big blind $1
*** HOLE CARDS ***
Lucastitos joins the table at seat #2 
Diamondplaces: folds 
PayTaxOrDie: folds 
fataleggs13: folds 
rafaelleadeb: folds 
Uncalled bet ($0.50) returned to MoRsCeReBruM
MoRsCeReBruM collected $1 from pot
MoRsCeReBruM: doesn't show hand 
*** SUMMARY ***
Total pot $1 | Rake $0 
Seat 1: fataleggs13 (button) folded before Flop (didn't bet)
Seat 3: rafaelleadeb (small blind) folded before Flop
Seat 4: MoRsCeReBruM (big blind) collected ($1)
Seat 5: Diamondplaces folded before Flop (didn't bet)
Seat 6: PayTaxOrDie folded before Flop (didn't bet)



PokerStars Hand #254335867518:  Hold'em No Limit ($0.50/$1.00 USD) - 2025/01/12 18:42:24 WET [2025/01/12 13:42:24 ET]
Table 'Aegle III' 6-max Seat #3 is the button
Seat 2: Lucastitos ($100 in chips) is sitting out
Seat 1: fataleggs13 ($88.79 in chips) 
Seat 3: rafaelleadeb ($91.84 in chips) 
Seat 4: MoRsCeReBruM ($100.50 in chips) 
Seat 5: Diamondplaces ($20.12 in chips) 
Seat 6: PayTaxOrDie ($113.19 in chips) 
MoRsCeReBruM: posts small blind $0.50
Diamondplaces: posts big blind $1
Lucastitos: sits out 
*** HOLE CARDS ***
PayTaxOrDie: raises $1 to $2
fataleggs13: raises $4 to $6
rafaelleadeb: folds 
MoRsCeReBruM: folds 
Diamondplaces: folds 
PayTaxOrDie: folds 
Uncalled bet ($4) returned to fataleggs13
fataleggs13 collected $5.50 from pot
fataleggs13: doesn't show hand 
*** SUMMARY ***
Total pot $5.50 | Rake $0 
Seat 2: Lucastitos
Seat 1: fataleggs13 collected ($5.50)
Seat 3: rafaelleadeb (button) folded before Flop (didn't bet)
Seat 4: MoRsCeReBruM (small blind) folded before Flop
Seat 5: Diamondplaces (big blind) folded before Flop
Seat 6: PayTaxOrDie folded before Flop



PokerStars Hand #254335886331:  Hold'em No Limit ($0.50/$1.00 USD) - 2025/01/12 18:43:14 WET [2025/01/12 13:43:14 ET]
Table 'Aegle III' 6-max Seat #4 is the button
Seat 2: Lucastitos ($100 in chips) is sitting out
Seat 1: fataleggs13 ($92.29 in chips) 
Seat 3: rafaelleadeb ($91.84 in chips) 
Seat 4: MoRsCeReBruM ($100 in chips) 
Seat 5: Diamondplaces ($19.12 in chips) 
Seat 6: PayTaxOrDie ($111.19 in chips) 
Diamondplaces: posts small blind $0.50
PayTaxOrDie: posts big blind $1
Lucastitos: sits out 
*** HOLE CARDS ***
fataleggs13: raises $1.20 to $2.20
rafaelleadeb: calls $2.20
MoRsCeReBruM: folds 
Diamondplaces: folds 
PayTaxOrDie: folds 
*** FLOP *** [7h Qd 2s]
fataleggs13: checks 
rafaelleadeb: bets $3
fataleggs13: folds 
Uncalled bet ($3) returned to rafaelleadeb
rafaelleadeb collected $5.60 from pot
*** SUMMARY ***
Total pot $5.90 | Rake $0.30 
Board [7h Qd 2s]
Seat 2: Lucastitos
Seat 1: fataleggs13 folded on the Flop
Seat 3: rafaelleadeb collected ($5.60)
Seat 4: MoRsCeReBruM (button) folded before Flop (didn't bet)
Seat 5: Diamondplaces (small blind) folded before Flop
Seat 6: PayTaxOrDie (big blind) folded before Flop



PokerStars Hand #254335897387:  Hold'em No Limit ($0.50/$1.00 USD) - 2025/01/12 18:43:44 WET [2025/01/12 13:43:44 ET]
Table 'Aegle III' 6-max Seat #5 is the button
Seat 2: Lucastitos ($100 in chips) is sitting out
Seat 1: fataleggs13 ($90.09 in chips) 
Seat 3: rafaelleadeb ($95.24 in chips) 
Seat 4: MoRsCeReBruM ($100 in chips) 
Seat 5: Diamondplaces ($18.62 in chips) 
Seat 6: PayTaxOrDie ($110.19 in chips) 
PayTaxOrDie: posts small blind $0.50
fataleggs13: posts big blind $1
Lucastitos: sits out 
*** HOLE CARDS ***
rafaelleadeb: calls $1
MoRsCeReBruM: folds 
Diamondplaces: folds 
PayTaxOrDie: raises $3.50 to $4.50
fataleggs13: folds 
rafaelleadeb: calls $3.50
*** FLOP *** [Ah 4c 7h]
PayTaxOrDie: bets $3.14
rafaelleadeb: folds 
Uncalled bet ($3.14) returned to PayTaxOrDie
PayTaxOrDie collected $9.50 from pot
PayTaxOrDie: doesn't show hand 
*** SUMMARY ***
Total pot $10 | Rake $0.50 
Board [Ah 4c 7h]
Seat 2: Lucastitos
Seat 1: fataleggs13 (big blind) folded before Flop
Seat 3: rafaelleadeb folded on the Flop
Seat 4: MoRsCeReBruM folded before Flop (didn't bet)
Seat 5: Diamondplaces (button) folded before Flop (didn't bet)
Seat 6: PayTaxOrDie (small blind) collected ($9.50)



PokerStars Hand #254335910629:  Hold'em No Limit ($0.50/$1.00 USD) - 2025/01/12 18:44:20 WET [2025/01/12 13:44:20 ET]
Table 'Aegle III' 6-max Seat #6 is the button
Seat 1: fataleggs13 ($89.09 in chips) 
Seat 2: Lucastitos ($100 in chips) 
Seat 3: rafaelleadeb ($90.74 in chips) 
Seat 4: MoRsCeReBruM ($100 in chips) 
Seat 5: Diamondplaces ($18.62 in chips) 
Seat 6: PayTaxOrDie ($115.19 in chips) 
fataleggs13: posts small blind $0.50
Lucastitos: posts big blind $1
*** HOLE CARDS ***
rafaelleadeb: folds 
MoRsCeReBruM: raises $1 to $2
Diamondplaces: folds 
PayTaxOrDie: folds 
fataleggs13: folds 
Lucastitos: folds 
Uncalled bet ($1) returned to MoRsCeReBruM
fataleggs13 leaves the table
MoRsCeReBruM collected $2.50 from pot
MoRsCeReBruM: doesn't show hand 
*** SUMMARY ***
Total pot $2.50 | Rake $0 
Seat 1: fataleggs13 (small blind) folded before Flop
Seat 2: Lucastitos (big blind) folded before Flop
Seat 3: rafaelleadeb folded before Flop (didn't bet)
Seat 4: MoRsCeReBruM collected ($2.50)
Seat 5: Diamondplaces folded before Flop (didn't bet)
Seat 6: PayTaxOrDie (button) folded before Flop (didn't bet)



PokerStars Hand #254335916511:  Hold'em No Limit ($0.50/$1.00 USD) - 2025/01/12 18:44:35 WET [2025/01/12 13:44:35 ET]
Table 'Aegle III' 6-max Seat #2 is the button
Seat 2: Lucastitos ($100 in chips) 
Seat 3: rafaelleadeb ($90.74 in chips) 
Seat 4: MoRsCeReBruM ($101.50 in chips) 
Seat 5: Diamondplaces ($18.62 in chips) 
Seat 6: PayTaxOrDie ($115.19 in chips) 
rafaelleadeb: posts small blind $0.50
MoRsCeReBruM: posts big blind $1
*** HOLE CARDS ***
xcinaz joins the table at seat #1 
Diamondplaces: folds 
PayTaxOrDie: raises $1.30 to $2.30
Lucastitos: folds 
rafaelleadeb: folds 
MoRsCeReBruM: folds 
Uncalled bet ($1.30) returned to PayTaxOrDie
PayTaxOrDie collected $2.50 from pot
PayTaxOrDie: doesn't show hand 
*** SUMMARY ***
Total pot $2.50 | Rake $0 
Seat 2: Lucastitos (button) folded before Flop (didn't bet)
Seat 3: rafaelleadeb (small blind) folded before Flop
Seat 4: MoRsCeReBruM (big blind) folded before Flop
Seat 5: Diamondplaces folded before Flop (didn't bet)
Seat 6: PayTaxOrDie collected ($2.50)



PokerStars Hand #254335924824:  Hold'em No Limit ($0.50/$1.00 USD) - 2025/01/12 18:44:58 WET [2025/01/12 13:44:58 ET]
Table 'Aegle III' 6-max Seat #3 is the button
Seat 1: xcinaz ($100 in chips) is sitting out
Seat 2: Lucastitos ($100 in chips) 
Seat 3: rafaelleadeb ($90.24 in chips) 
Seat 4: MoRsCeReBruM ($100.50 in chips) 
Seat 5: Diamondplaces ($18.62 in chips) 
Seat 6: PayTaxOrDie ($116.69 in chips) 
MoRsCeReBruM: posts small blind $0.50
Diamondplaces: posts big blind $1
xcinaz: sits out 
*** HOLE CARDS ***
PayTaxOrDie: folds 
Lucastitos: raises $1.30 to $2.30
rafaelleadeb: calls $2.30
MoRsCeReBruM: folds 
Diamondplaces: calls $1.30
*** FLOP *** [2c 3d Td]
Diamondplaces: checks 
Lucastitos: checks 
rafaelleadeb: checks 
*** TURN *** [2c 3d Td] [8h]
Diamondplaces: checks 
Lucastitos: bets $2.32
rafaelleadeb: calls $2.32
Diamondplaces: calls $2.32
*** RIVER *** [2c 3d Td 8h] [Ah]
Diamondplaces: checks 
Lucastitos: checks 
rafaelleadeb: checks 
*** SHOW DOWN ***
Diamondplaces: shows [7d 6d] (high card Ace)
Lucastitos: shows [Qc Jd] (high card Ace - Queen kicker)
rafaelleadeb: shows [8c Kc] (a pair of Eights)
rafaelleadeb collected $13.64 from pot
*** SUMMARY ***
Total pot $14.36 | Rake $0.72 
Board [2c 3d Td 8h Ah]
Seat 1: xcinaz
Seat 2: Lucastitos showed [Qc Jd] and lost with high card Ace
Seat 3: rafaelleadeb (button) showed [8c Kc] and won ($13.64) with a pair of Eights
Seat 4: MoRsCeReBruM (small blind) folded before Flop
Seat 5: Diamondplaces (big blind) showed [7d 6d] and lost with high card Ace
Seat 6: PayTaxOrDie folded before Flop (didn't bet)



PokerStars Hand #254335945733:  Hold'em No Limit ($0.50/$1.00 USD) - 2025/01/12 18:45:54 WET [2025/01/12 13:45:54 ET]
Table 'Aegle III' 6-max Seat #4 is the button
Seat 1: xcinaz ($100 in chips) is sitting out
Seat 2: Lucastitos ($100 in chips) 
Seat 3: rafaelleadeb ($99.26 in chips) 
Seat 4: MoRsCeReBruM ($100 in chips) 
Seat 5: Diamondplaces ($14 in chips) 
Seat 6: PayTaxOrDie ($116.69 in chips) 
Diamondplaces: posts small blind $0.50
PayTaxOrDie: posts big blind $1
xcinaz: sits out 
*** HOLE CARDS ***
Lucastitos: raises $1.10 to $2.10
rafaelleadeb: folds 
MoRsCeReBruM: raises $4.90 to $7
Diamondplaces: folds 
PayTaxOrDie: folds 
Lucastitos: raises $12 to $19
MoRsCeReBruM: folds 
Uncalled bet ($12) returned to Lucastitos
Lucastitos collected $15.50 from pot
Lucastitos: doesn't show hand 
*** SUMMARY ***
Total pot $15.50 | Rake $0 
Seat 1: xcinaz
Seat 2: Lucastitos collected ($15.50)
Seat 3: rafaelleadeb folded before Flop (didn't bet)
Seat 4: MoRsCeReBruM (button) folded before Flop
Seat 5: Diamondplaces (small blind) folded before Flop
Seat 6: PayTaxOrDie (big blind) folded before Flop



PokerStars Hand #254335957673:  Hold'em No Limit ($0.50/$1.00 USD) - 2025/01/12 18:46:27 WET [2025/01/12 13:46:27 ET]
Table 'Aegle III' 6-max Seat #5 is the button
Seat 1: xcinaz ($100 in chips) 
Seat 2: Lucastitos ($108.50 in chips) 
Seat 3: rafaelleadeb ($99.26 in chips) 
Seat 4: MoRsCeReBruM ($100 in chips) 
Seat 5: Diamondplaces ($13.50 in chips) 
Seat 6: PayTaxOrDie ($115.69 in chips) 
PayTaxOrDie: posts small blind $0.50
xcinaz: posts big blind $1
*** HOLE CARDS ***
Lucastitos: folds 
rafaelleadeb: calls $1
MoRsCeReBruM: folds 
Diamondplaces: raises $12.50 to $13.50 and is all-in
PayTaxOrDie: folds 
xcinaz: folds 
rafaelleadeb: folds 
Uncalled bet ($12.50) returned to Diamondplaces
Diamondplaces collected $3.50 from pot
*** SUMMARY ***
Total pot $3.50 | Rake $0 
Seat 1: xcinaz (big blind) folded before Flop
Seat 2: Lucastitos folded before Flop (didn't bet)
Seat 3: rafaelleadeb folded before Flop
Seat 4: MoRsCeReBruM folded before Flop (didn't bet)
Seat 5: Diamondplaces (button) collected ($3.50)
Seat 6: PayTaxOrDie (small blind) folded before Flop



PokerStars Hand #254335967306:  Hold'em No Limit ($0.50/$1.00 USD) - 2025/01/12 18:46:53 WET [2025/01/12 13:46:53 ET]
Table 'Aegle III' 6-max Seat #6 is the button
Seat 1: xcinaz ($100 in chips) 
Seat 2: Lucastitos ($108.50 in chips) 
Seat 3: rafaelleadeb ($98.26 in chips) 
Seat 4: MoRsCeReBruM ($100 in chips) 
Seat 5: Diamondplaces ($16 in chips) 
Seat 6: PayTaxOrDie ($115.19 in chips) 
xcinaz: posts small blind $0.50
Lucastitos: posts big blind $1
*** HOLE CARDS ***
rafaelleadeb: folds 
MoRsCeReBruM: folds 
Diamondplaces: folds 
PayTaxOrDie: raises $1.50 to $2.50
xcinaz: folds 
Lucastitos: folds 
Uncalled bet ($1.50) returned to PayTaxOrDie
PayTaxOrDie collected $2.50 from pot
PayTaxOrDie: doesn't show hand 
*** SUMMARY ***
Total pot $2.50 | Rake $0 
Seat 1: xcinaz (small blind) folded before Flop
Seat 2: Lucastitos (big blind) folded before Flop
Seat 3: rafaelleadeb folded before Flop (didn't bet)
Seat 4: MoRsCeReBruM folded before Flop (didn't bet)
Seat 5: Diamondplaces folded before Flop (didn't bet)
Seat 6: PayTaxOrDie (button) collected ($2.50)



PokerStars Hand #254335974505:  Hold'em No Limit ($0.50/$1.00 USD) - 2025/01/12 18:47:12 WET [2025/01/12 13:47:12 ET]
Table 'Aegle III' 6-max Seat #1 is the button
Seat 1: xcinaz ($100 in chips) 
Seat 2: Lucastitos ($107.50 in chips) 
Seat 3: rafaelleadeb ($98.26 in chips) 
Seat 4: MoRsCeReBruM ($100 in chips) 
Seat 5: Diamondplaces ($16 in chips) 
Seat 6: PayTaxOrDie ($116.69 in chips) 
Lucastitos: posts small blind $0.50
rafaelleadeb: posts big blind $1
*** HOLE CARDS ***
MoRsCeReBruM: folds 
Diamondplaces: folds 
PayTaxOrDie: raises $1.30 to $2.30
xcinaz: folds 
Lucastitos: raises $8.70 to $11
rafaelleadeb: folds 
PayTaxOrDie: folds 
Uncalled bet ($8.70) returned to Lucastitos
Lucastitos collected $5.60 from pot
Lucastitos: doesn't show hand 
*** SUMMARY ***
Total pot $5.60 | Rake $0 
Seat 1: xcinaz (button) folded before Flop (didn't bet)
Seat 2: Lucastitos (small blind) collected ($5.60)
Seat 3: rafaelleadeb (big blind) folded before Flop
Seat 4: MoRsCeReBruM folded before Flop (didn't bet)
Seat 5: Diamondplaces folded before Flop (didn't bet)
Seat 6: PayTaxOrDie folded before Flop



PokerStars Hand #254335986807:  Hold'em No Limit ($0.50/$1.00 USD) - 2025/01/12 18:47:45 WET [2025/01/12 13:47:45 ET]
Table 'Aegle III' 6-max Seat #2 is the button
Seat 1: xcinaz ($100 in chips) 
Seat 2: Lucastitos ($110.80 in chips) 
Seat 3: rafaelleadeb ($97.26 in chips) 
Seat 4: MoRsCeReBruM ($100 in chips) 
Seat 5: Diamondplaces ($16 in chips) 
Seat 6: PayTaxOrDie ($114.39 in chips) 
rafaelleadeb: posts small blind $0.50
MoRsCeReBruM: posts big blind $1
*** HOLE CARDS ***
Diamondplaces: folds 
PayTaxOrDie: folds 
xcinaz: folds 
Lucastitos: folds 
rafaelleadeb: raises $2 to $3
MoRsCeReBruM: calls $2
*** FLOP *** [3c 6d 7c]
rafaelleadeb: bets $8
MoRsCeReBruM: folds 
Uncalled bet ($8) returned to rafaelleadeb
rafaelleadeb collected $5.70 from pot
*** SUMMARY ***
Total pot $6 | Rake $0.30 
Board [3c 6d 7c]
Seat 1: xcinaz folded before Flop (didn't bet)
Seat 2: Lucastitos (button) folded before Flop (didn't bet)
Seat 3: rafaelleadeb (small blind) collected ($5.70)
Seat 4: MoRsCeReBruM (big blind) folded on the Flop
Seat 5: Diamondplaces folded before Flop (didn't bet)
Seat 6: PayTaxOrDie folded before Flop (didn't bet)



PokerStars Hand #254336002928:  Hold'em No Limit ($0.50/$1.00 USD) - 2025/01/12 18:48:29 WET [2025/01/12 13:48:29 ET]
Table 'Aegle III' 6-max Seat #3 is the button
Seat 1: xcinaz ($100 in chips) 
Seat 2: Lucastitos ($110.80 in chips) 
Seat 3: rafaelleadeb ($99.96 in chips) 
Seat 4: MoRsCeReBruM ($100 in chips) 
Seat 5: Diamondplaces ($16 in chips) 
Seat 6: PayTaxOrDie ($114.39 in chips) 
MoRsCeReBruM: posts small blind $0.50
Diamondplaces: posts big blind $1
*** HOLE CARDS ***
PayTaxOrDie: raises $1 to $2
xcinaz: folds 
Lucastitos: folds 
rafaelleadeb: calls $2
MoRsCeReBruM: raises $10 to $12
Diamondplaces: folds 
PayTaxOrDie: folds 
rafaelleadeb: calls $10
*** FLOP *** [Qs Th 7s]
MoRsCeReBruM: bets $18.50
rafaelleadeb: folds 
Uncalled bet ($18.50) returned to MoRsCeReBruM
MoRsCeReBruM collected $25.65 from pot
MoRsCeReBruM: doesn't show hand 
*** SUMMARY ***
Total pot $27 | Rake $1.35 
Board [Qs Th 7s]
Seat 1: xcinaz folded before Flop (didn't bet)
Seat 2: Lucastitos folded before Flop (didn't bet)
Seat 3: rafaelleadeb (button) folded on the Flop
Seat 4: MoRsCeReBruM (small blind) collected ($25.65)
Seat 5: Diamondplaces (big blind) folded before Flop
Seat 6: PayTaxOrDie folded before Flop



PokerStars Hand #254336013797:  Hold'em No Limit ($0.50/$1.00 USD) - 2025/01/12 18:48:59 WET [2025/01/12 13:48:59 ET]
Table 'Aegle III' 6-max Seat #4 is the button
Seat 1: xcinaz ($100 in chips) 
Seat 2: Lucastitos ($110.80 in chips) 
Seat 3: rafaelleadeb ($87.96 in chips) 
Seat 4: MoRsCeReBruM ($113.65 in chips) 
Seat 5: Diamondplaces ($15 in chips) 
Seat 6: PayTaxOrDie ($112.39 in chips) 
Diamondplaces: posts small blind $0.50
PayTaxOrDie: posts big blind $1
*** HOLE CARDS ***
xcinaz: folds 
Lucastitos: folds 
rafaelleadeb: folds 
MoRsCeReBruM: folds 
Diamondplaces: folds 
Uncalled bet ($0.50) returned to PayTaxOrDie
PayTaxOrDie collected $1 from pot
PayTaxOrDie: doesn't show hand 
*** SUMMARY ***
Total pot $1 | Rake $0 
Seat 1: xcinaz folded before Flop (didn't bet)
Seat 2: Lucastitos folded before Flop (didn't bet)
Seat 3: rafaelleadeb folded before Flop (didn't bet)
Seat 4: MoRsCeReBruM (button) folded before Flop (didn't bet)
Seat 5: Diamondplaces (small blind) folded before Flop
Seat 6: PayTaxOrDie (big blind) collected ($1)



PokerStars Hand #254336019833:  Hold'em No Limit ($0.50/$1.00 USD) - 2025/01/12 18:49:15 WET [2025/01/12 13:49:15 ET]
Table 'Aegle III' 6-max Seat #5 is the button
Seat 1: xcinaz ($100 in chips) 
Seat 2: Lucastitos ($110.80 in chips) 
Seat 3: rafaelleadeb ($87.96 in chips) 
Seat 4: MoRsCeReBruM ($113.65 in chips) 
Seat 5: Diamondplaces ($14.50 in chips) 
Seat 6: PayTaxOrDie ($112.89 in chips) 
PayTaxOrDie: posts small blind $0.50
xcinaz: posts big blind $1
*** HOLE CARDS ***
Lucastitos: folds 
rafaelleadeb: raises $2 to $3
MoRsCeReBruM: folds 
Diamondplaces: folds 
PayTaxOrDie: folds 
xcinaz: raises $9.50 to $12.50
rafaelleadeb: calls $9.50
*** FLOP *** [8c 3s Qh]
xcinaz: bets $7.99
rafaelleadeb: folds 
Uncalled bet ($7.99) returned to xcinaz
xcinaz collected $24.22 from pot
xcinaz: doesn't show hand 
*** SUMMARY ***
Total pot $25.50 | Rake $1.28 
Board [8c 3s Qh]
Seat 1: xcinaz (big blind) collected ($24.22)
Seat 2: Lucastitos folded before Flop (didn't bet)
Seat 3: rafaelleadeb folded on the Flop
Seat 4: MoRsCeReBruM folded before Flop (didn't bet)
Seat 5: Diamondplaces (button) folded before Flop (didn't bet)
Seat 6: PayTaxOrDie (small blind) folded before Flop



PokerStars Hand #254336035265:  Hold'em No Limit ($0.50/$1.00 USD) - 2025/01/12 18:49:57 WET [2025/01/12 13:49:57 ET]
Table 'Aegle III' 6-max Seat #6 is the button
Seat 1: xcinaz ($111.72 in chips) 
Seat 2: Lucastitos ($110.80 in chips) 
Seat 3: rafaelleadeb ($75.46 in chips) 
Seat 4: MoRsCeReBruM ($113.65 in chips) 
Seat 5: Diamondplaces ($14.50 in chips) 
Seat 6: PayTaxOrDie ($112.39 in chips) 
xcinaz: posts small blind $0.50
Lucastitos: posts big blind $1
*** HOLE CARDS ***
rafaelleadeb: calls $1
MoRsCeReBruM: folds 
Diamondplaces has timed out
Diamondplaces: folds 
PayTaxOrDie: raises $2.50 to $3.50
xcinaz: folds 
Lucastitos: folds 
rafaelleadeb: raises $71.96 to $75.46 and is all-in
PayTaxOrDie: folds 
Uncalled bet ($71.96) returned to rafaelleadeb
rafaelleadeb collected $8.50 from pot
*** SUMMARY ***
Total pot $8.50 | Rake $0 
Seat 1: xcinaz (small blind) folded before Flop
Seat 2: Lucastitos (big blind) folded before Flop
Seat 3: rafaelleadeb collected ($8.50)
Seat 4: MoRsCeReBruM folded before Flop (didn't bet)
Seat 5: Diamondplaces folded before Flop (didn't bet)
Seat 6: PayTaxOrDie (button) folded before Flop



PokerStars Hand #254336056609:  Hold'em No Limit ($0.50/$1.00 USD) - 2025/01/12 18:50:55 WET [2025/01/12 13:50:55 ET]
Table 'Aegle III' 6-max Seat #1 is the button
Seat 5: Diamondplaces ($14.50 in chips) is sitting out
Seat 1: xcinaz ($111.22 in chips) 
Seat 2: Lucastitos ($109.80 in chips) 
Seat 3: rafaelleadeb ($80.46 in chips) 
Seat 4: MoRsCeReBruM ($113.65 in chips) 
Seat 6: PayTaxOrDie ($108.89 in chips) 
Lucastitos: posts small blind $0.50
rafaelleadeb: posts big blind $1
*** HOLE CARDS ***
MoRsCeReBruM: folds 
PayTaxOrDie: folds 
xcinaz: raises $1.50 to $2.50
Lucastitos: raises $8.50 to $11
rafaelleadeb: folds 
xcinaz: calls $8.50
*** FLOP *** [2d 8h 7d]
Lucastitos: checks 
xcinaz: bets $5.46
Lucastitos: raises $14.54 to $20
xcinaz: folds 
Uncalled bet ($14.54) returned to Lucastitos
Lucastitos collected $32.22 from pot
Lucastitos: doesn't show hand 
*** SUMMARY ***
Total pot $33.92 | Rake $1.70 
Board [2d 8h 7d]
Seat 5: Diamondplaces
Seat 1: xcinaz (button) folded on the Flop
Seat 2: Lucastitos (small blind) collected ($32.22)
Seat 3: rafaelleadeb (big blind) folded before Flop
Seat 4: MoRsCeReBruM folded before Flop (didn't bet)
Seat 6: PayTaxOrDie folded before Flop (didn't bet)



PokerStars Hand #254336082878:  Hold'em No Limit ($0.50/$1.00 USD) - 2025/01/12 18:52:07 WET [2025/01/12 13:52:07 ET]
Table 'Aegle III' 6-max Seat #2 is the button
Seat 5: Diamondplaces ($14.50 in chips) is sitting out
Seat 1: xcinaz ($100 in chips) 
Seat 2: Lucastitos ($125.56 in chips) 
Seat 3: rafaelleadeb ($79.46 in chips) 
Seat 4: MoRsCeReBruM ($113.65 in chips) 
Seat 6: PayTaxOrDie ($108.89 in chips) 
rafaelleadeb: posts small blind $0.50
MoRsCeReBruM: posts big blind $1
*** HOLE CARDS ***
PayTaxOrDie: folds 
xcinaz: folds 
Lucastitos: folds 
rafaelleadeb: calls $0.50
MoRsCeReBruM: raises $2.50 to $3.50
rafaelleadeb: raises $75.96 to $79.46 and is all-in
MoRsCeReBruM: folds 
Uncalled bet ($75.96) returned to rafaelleadeb
rafaelleadeb collected $7 from pot
*** SUMMARY ***
Total pot $7 | Rake $0 
Seat 5: Diamondplaces
Seat 1: xcinaz folded before Flop (didn't bet)
Seat 2: Lucastitos (button) folded before Flop (didn't bet)
Seat 3: rafaelleadeb (small blind) collected ($7)
Seat 4: MoRsCeReBruM (big blind) folded before Flop
Seat 6: PayTaxOrDie folded before Flop (didn't bet)



PokerStars Hand #254336092892:  Hold'em No Limit ($0.50/$1.00 USD) - 2025/01/12 18:52:35 WET [2025/01/12 13:52:35 ET]
Table 'Aegle III' 6-max Seat #3 is the button
Seat 1: xcinaz ($100 in chips) 
Seat 2: Lucastitos ($125.56 in chips) 
Seat 3: rafaelleadeb ($82.96 in chips) 
Seat 4: MoRsCeReBruM ($110.15 in chips) 
Seat 5: Diamondplaces ($14.50 in chips) 
Seat 6: PayTaxOrDie ($108.89 in chips) 
MoRsCeReBruM: posts small blind $0.50
Diamondplaces: posts big blind $1
*** HOLE CARDS ***
PayTaxOrDie: folds 
xcinaz: folds 
Lucastitos: folds 
rafaelleadeb: folds 
MoRsCeReBruM: raises $2 to $3
Diamondplaces: folds 
Uncalled bet ($2) returned to MoRsCeReBruM
MoRsCeReBruM collected $2 from pot
MoRsCeReBruM: doesn't show hand 
*** SUMMARY ***
Total pot $2 | Rake $0 
Seat 1: xcinaz folded before Flop (didn't bet)
Seat 2: Lucastitos folded before Flop (didn't bet)
Seat 3: rafaelleadeb (button) folded before Flop (didn't bet)
Seat 4: MoRsCeReBruM (small blind) collected ($2)
Seat 5: Diamondplaces (big blind) folded before Flop
Seat 6: PayTaxOrDie folded before Flop (didn't bet)



PokerStars Hand #254336098459:  Hold'em No Limit ($0.50/$1.00 USD) - 2025/01/12 18:52:50 WET [2025/01/12 13:52:50 ET]
Table 'Aegle III' 6-max Seat #4 is the button
Seat 1: xcinaz ($100 in chips) 
Seat 2: Lucastitos ($125.56 in chips) 
Seat 3: rafaelleadeb ($82.96 in chips) 
Seat 4: MoRsCeReBruM ($111.15 in chips) 
Seat 5: Diamondplaces ($13.50 in chips) 
Seat 6: PayTaxOrDie ($108.89 in chips) 
Diamondplaces: posts small blind $0.50
PayTaxOrDie: posts big blind $1
*** HOLE CARDS ***
xcinaz: raises $1 to $2
Lucastitos: folds 
rafaelleadeb: calls $2
MoRsCeReBruM: folds 
Diamondplaces: calls $1.50
PayTaxOrDie: folds 
*** FLOP *** [8c 6c 4s]
Diamondplaces: checks 
xcinaz: checks 
rafaelleadeb: checks 
*** TURN *** [8c 6c 4s] [Qs]
Diamondplaces: checks 
xcinaz: bets $9.98
rafaelleadeb: folds 
Diamondplaces: folds 
Uncalled bet ($9.98) returned to xcinaz
xcinaz collected $6.65 from pot
xcinaz: doesn't show hand 
*** SUMMARY ***
Total pot $7 | Rake $0.35 
Board [8c 6c 4s Qs]
Seat 1: xcinaz collected ($6.65)
Seat 2: Lucastitos folded before Flop (didn't bet)
Seat 3: rafaelleadeb folded on the Turn
Seat 4: MoRsCeReBruM (button) folded before Flop (didn't bet)
Seat 5: Diamondplaces (small blind) folded on the Turn
Seat 6: PayTaxOrDie (big blind) folded before Flop



PokerStars Hand #254336117241:  Hold'em No Limit ($0.50/$1.00 USD) - 2025/01/12 18:53:41 WET [2025/01/12 13:53:41 ET]
Table 'Aegle III' 6-max Seat #5 is the button
Seat 1: xcinaz ($104.65 in chips) 
Seat 2: Lucastitos ($125.56 in chips) 
Seat 3: rafaelleadeb ($80.96 in chips) 
Seat 4: MoRsCeReBruM ($111.15 in chips) 
Seat 5: Diamondplaces ($11.50 in chips) 
Seat 6: PayTaxOrDie ($107.89 in chips) 
PayTaxOrDie: posts small blind $0.50
xcinaz: posts big blind $1
*** HOLE CARDS ***
Lucastitos: raises $1 to $2
rafaelleadeb: folds 
MoRsCeReBruM: folds 
Diamondplaces: folds 
PayTaxOrDie: folds 
xcinaz: calls $1
*** FLOP *** [Kh Js Ah]
xcinaz: checks 
Lucastitos: bets $1.16
xcinaz: calls $1.16
*** TURN *** [Kh Js Ah] [Jh]
xcinaz: checks 
Lucastitos: checks 
*** RIVER *** [Kh Js Ah Jh] [5s]
xcinaz: bets $9.72
Lucastitos: folds 
Uncalled bet ($9.72) returned to xcinaz
xcinaz collected $6.48 from pot
xcinaz: doesn't show hand 
*** SUMMARY ***
Total pot $6.82 | Rake $0.34 
Board [Kh Js Ah Jh 5s]
Seat 1: xcinaz (big blind) collected ($6.48)
Seat 2: Lucastitos folded on the River
Seat 3: rafaelleadeb folded before Flop (didn't bet)
Seat 4: MoRsCeReBruM folded before Flop (didn't bet)
Seat 5: Diamondplaces (button) folded before Flop (didn't bet)
Seat 6: PayTaxOrDie (small blind) folded before Flop



PokerStars Hand #254336140485:  Hold'em No Limit ($0.50/$1.00 USD) - 2025/01/12 18:54:46 WET [2025/01/12 13:54:46 ET]
Table 'Aegle III' 6-max Seat #6 is the button
Seat 1: xcinaz ($107.97 in chips) 
Seat 2: Lucastitos ($122.40 in chips) 
Seat 3: rafaelleadeb ($80.96 in chips) 
Seat 4: MoRsCeReBruM ($111.15 in chips) 
Seat 5: Diamondplaces ($11.50 in chips) 
Seat 6: PayTaxOrDie ($107.39 in chips) 
xcinaz: posts small blind $0.50
Lucastitos: posts big blind $1
*** HOLE CARDS ***
rafaelleadeb: folds 
MoRsCeReBruM: folds 
Diamondplaces: raises $1 to $2
PayTaxOrDie: folds 
xcinaz: folds 
Lucastitos: folds 
Uncalled bet ($1) returned to Diamondplaces
Diamondplaces collected $2.50 from pot
*** SUMMARY ***
Total pot $2.50 | Rake $0 
Seat 1: xcinaz (small blind) folded before Flop
Seat 2: Lucastitos (big blind) folded before Flop
Seat 3: rafaelleadeb folded before Flop (didn't bet)
Seat 4: MoRsCeReBruM folded before Flop (didn't bet)
Seat 5: Diamondplaces collected ($2.50)
Seat 6: PayTaxOrDie (button) folded before Flop (didn't bet)



PokerStars Hand #254336149324:  Hold'em No Limit ($0.50/$1.00 USD) - 2025/01/12 18:55:17 WET [2025/01/12 13:55:17 ET]
Table 'Aegle III' 6-max Seat #1 is the button
Seat 1: xcinaz ($107.47 in chips) 
Seat 2: Lucastitos ($121.40 in chips) 
Seat 3: rafaelleadeb ($80.96 in chips) 
Seat 4: MoRsCeReBruM ($111.15 in chips) 
Seat 5: Diamondplaces ($13 in chips) 
Seat 6: PayTaxOrDie ($107.39 in chips) 
Lucastitos: posts small blind $0.50
rafaelleadeb: posts big blind $1
*** HOLE CARDS ***
MoRsCeReBruM: raises $1 to $2
Diamondplaces: folds 
PayTaxOrDie: folds 
xcinaz: folds 
Lucastitos: calls $1.50
rafaelleadeb: calls $1
*** FLOP *** [4d 3d 2s]
Lucastitos: checks 
rafaelleadeb: checks 
MoRsCeReBruM: bets $2.85
Lucastitos: calls $2.85
rafaelleadeb: folds 
*** TURN *** [4d 3d 2s] [7h]
Lucastitos: checks 
MoRsCeReBruM: bets $8.34
Lucastitos: calls $8.34
*** RIVER *** [4d 3d 2s 7h] [7c]
Lucastitos: checks 
MoRsCeReBruM: checks 
*** SHOW DOWN ***
Lucastitos: shows [Ts Th] (two pair, Tens and Sevens)
MoRsCeReBruM: mucks hand 
Lucastitos collected $26.96 from pot
*** SUMMARY ***
Total pot $28.38 | Rake $1.42 
Board [4d 3d 2s 7h 7c]
Seat 1: xcinaz (button) folded before Flop (didn't bet)
Seat 2: Lucastitos (small blind) showed [Ts Th] and won ($26.96) with two pair, Tens and Sevens
Seat 3: rafaelleadeb (big blind) folded on the Flop
Seat 4: MoRsCeReBruM mucked
Seat 5: Diamondplaces folded before Flop (didn't bet)
Seat 6: PayTaxOrDie folded before Flop (didn't bet)



PokerStars Hand #254336160621:  Hold'em No Limit ($0.50/$1.00 USD) - 2025/01/12 18:56:10 WET [2025/01/12 13:56:10 ET]
Table 'Aegle III' 6-max Seat #2 is the button
Seat 1: xcinaz ($107.47 in chips) 
Seat 2: Lucastitos ($135.17 in chips) 
Seat 3: rafaelleadeb ($78.96 in chips) 
Seat 4: MoRsCeReBruM ($100 in chips) 
Seat 5: Diamondplaces ($13 in chips) 
Seat 6: PayTaxOrDie ($107.39 in chips) 
rafaelleadeb: posts small blind $0.50
MoRsCeReBruM: posts big blind $1
*** HOLE CARDS ***
Diamondplaces: folds 
PayTaxOrDie: folds 
xcinaz: folds 
Lucastitos: folds 
rafaelleadeb: folds 
Uncalled bet ($0.50) returned to MoRsCeReBruM
MoRsCeReBruM collected $1 from pot
MoRsCeReBruM: doesn't show hand 
*** SUMMARY ***
Total pot $1 | Rake $0 
Seat 1: xcinaz folded before Flop (didn't bet)
Seat 2: Lucastitos (button) folded before Flop (didn't bet)
Seat 3: rafaelleadeb (small blind) folded before Flop
Seat 4: MoRsCeReBruM (big blind) collected ($1)
Seat 5: Diamondplaces folded before Flop (didn't bet)
Seat 6: PayTaxOrDie folded before Flop (didn't bet)



PokerStars Hand #254336163074:  Hold'em No Limit ($0.50/$1.00 USD) - 2025/01/12 18:56:21 WET [2025/01/12 13:56:21 ET]
Table 'Aegle III' 6-max Seat #3 is the button
Seat 1: xcinaz ($107.47 in chips) 
Seat 2: Lucastitos ($135.17 in chips) 
Seat 3: rafaelleadeb ($78.46 in chips) 
Seat 4: MoRsCeReBruM ($100.50 in chips) 
Seat 5: Diamondplaces ($13 in chips) 
Seat 6: PayTaxOrDie ($107.39 in chips) 
MoRsCeReBruM: posts small blind $0.50
Diamondplaces: posts big blind $1
*** HOLE CARDS ***
PayTaxOrDie: folds 
xcinaz: raises $1 to $2
Lucastitos: folds 
rafaelleadeb: calls $2
MoRsCeReBruM: folds 
Diamondplaces: raises $11 to $13 and is all-in
xcinaz: raises $11 to $24
rafaelleadeb: folds 
Uncalled bet ($11) returned to xcinaz
*** FLOP *** [Ah 8c Jc]
*** TURN *** [Ah 8c Jc] [Kd]
*** RIVER *** [Ah 8c Jc Kd] [3h]
*** SHOW DOWN ***
Diamondplaces: shows [4h 4d] (a pair of Fours)
xcinaz: shows [Qd Qh] (a pair of Queens)
xcinaz collected $27.08 from pot
Diamondplaces cashed out the hand for $4.88 | Cash Out Fee $0.10
*** SUMMARY ***
Total pot $28.50 | Rake $1.42 
Board [Ah 8c Jc Kd 3h]
Seat 1: xcinaz showed [Qd Qh] and won ($27.08) with a pair of Queens
Seat 2: Lucastitos folded before Flop (didn't bet)
Seat 3: rafaelleadeb (button) folded before Flop
Seat 4: MoRsCeReBruM (small blind) folded before Flop
Seat 5: Diamondplaces (big blind) showed [4h 4d] and lost with a pair of Fours (cashed out).
Seat 6: PayTaxOrDie folded before Flop (didn't bet)



PokerStars Hand #254336174767:  Hold'em No Limit ($0.50/$1.00 USD) - 2025/01/12 18:57:18 WET [2025/01/12 13:57:18 ET]
Table 'Aegle III' 6-max Seat #4 is the button
Seat 1: xcinaz ($121.55 in chips) 
Seat 2: Lucastitos ($135.17 in chips) 
Seat 3: rafaelleadeb ($76.46 in chips) 
Seat 4: MoRsCeReBruM ($100 in chips) 
Seat 5: Diamondplaces ($4.88 in chips) 
Seat 6: PayTaxOrDie ($107.39 in chips) 
Diamondplaces: posts small blind $0.50
PayTaxOrDie: posts big blind $1
*** HOLE CARDS ***
xcinaz: folds 
Lucastitos: folds 
rafaelleadeb: folds 
MoRsCeReBruM: folds 
Diamondplaces: folds 
Uncalled bet ($0.50) returned to PayTaxOrDie
PayTaxOrDie collected $1 from pot
PayTaxOrDie: doesn't show hand 
*** SUMMARY ***
Total pot $1 | Rake $0 
Seat 1: xcinaz folded before Flop (didn't bet)
Seat 2: Lucastitos folded before Flop (didn't bet)
Seat 3: rafaelleadeb folded before Flop (didn't bet)
Seat 4: MoRsCeReBruM (button) folded before Flop (didn't bet)
Seat 5: Diamondplaces (small blind) folded before Flop
Seat 6: PayTaxOrDie (big blind) collected ($1)



PokerStars Hand #254336177516:  Hold'em No Limit ($0.50/$1.00 USD) - 2025/01/12 18:57:31 WET [2025/01/12 13:57:31 ET]
Table 'Aegle III' 6-max Seat #5 is the button
Seat 1: xcinaz ($121.55 in chips) 
Seat 2: Lucastitos ($135.17 in chips) 
Seat 3: rafaelleadeb ($76.46 in chips) 
Seat 4: MoRsCeReBruM ($100 in chips) 
Seat 5: Diamondplaces ($4.38 in chips) 
Seat 6: PayTaxOrDie ($107.89 in chips) 
PayTaxOrDie: posts small blind $0.50
xcinaz: posts big blind $1
*** HOLE CARDS ***
Lucastitos: folds 
rafaelleadeb: raises $3 to $4
MoRsCeReBruM: folds 
Diamondplaces: folds 
PayTaxOrDie: folds 
xcinaz: calls $3
*** FLOP *** [Tc 9c Qd]
xcinaz: checks 
rafaelleadeb: checks 
*** TURN *** [Tc 9c Qd] [7s]
xcinaz: checks 
rafaelleadeb: bets $3
xcinaz: folds 
Uncalled bet ($3) returned to rafaelleadeb
rafaelleadeb collected $8.08 from pot
*** SUMMARY ***
Total pot $8.50 | Rake $0.42 
Board [Tc 9c Qd 7s]
Seat 1: xcinaz (big blind) folded on the Turn
Seat 2: Lucastitos folded before Flop (didn't bet)
Seat 3: rafaelleadeb collected ($8.08)
Seat 4: MoRsCeReBruM folded before Flop (didn't bet)
Seat 5: Diamondplaces (button) folded before Flop (didn't bet)
Seat 6: PayTaxOrDie (small blind) folded before Flop



PokerStars Hand #254336185342:  Hold'em No Limit ($0.50/$1.00 USD) - 2025/01/12 18:58:08 WET [2025/01/12 13:58:08 ET]
Table 'Aegle III' 6-max Seat #6 is the button
Seat 1: xcinaz ($117.55 in chips) 
Seat 2: Lucastitos ($135.17 in chips) 
Seat 3: rafaelleadeb ($80.54 in chips) 
Seat 4: MoRsCeReBruM ($100 in chips) 
Seat 5: Diamondplaces ($4.38 in chips) 
Seat 6: PayTaxOrDie ($107.39 in chips) 
xcinaz: posts small blind $0.50
Lucastitos: posts big blind $1
*** HOLE CARDS ***
rafaelleadeb: folds 
MoRsCeReBruM: raises $1 to $2
Diamondplaces: folds 
PayTaxOrDie: folds 
xcinaz: folds 
Lucastitos: folds 
Uncalled bet ($1) returned to MoRsCeReBruM
MoRsCeReBruM collected $2.50 from pot
MoRsCeReBruM: doesn't show hand 
*** SUMMARY ***
Total pot $2.50 | Rake $0 
Seat 1: xcinaz (small blind) folded before Flop
Seat 2: Lucastitos (big blind) folded before Flop
Seat 3: rafaelleadeb folded before Flop (didn't bet)
Seat 4: MoRsCeReBruM collected ($2.50)
Seat 5: Diamondplaces folded before Flop (didn't bet)
Seat 6: PayTaxOrDie (button) folded before Flop (didn't bet)



PokerStars Hand #254336188313:  Hold'em No Limit ($0.50/$1.00 USD) - 2025/01/12 18:58:22 WET [2025/01/12 13:58:22 ET]
Table 'Aegle III' 6-max Seat #1 is the button
Seat 1: xcinaz ($117.05 in chips) 
Seat 2: Lucastitos ($134.17 in chips) 
Seat 3: rafaelleadeb ($80.54 in chips) 
Seat 4: MoRsCeReBruM ($101.50 in chips) 
Seat 5: Diamondplaces ($4.38 in chips) 
Seat 6: PayTaxOrDie ($107.39 in chips) 
Lucastitos: posts small blind $0.50
rafaelleadeb: posts big blind $1
*** HOLE CARDS ***
MoRsCeReBruM: folds 
Diamondplaces: folds 
PayTaxOrDie: raises $1.30 to $2.30
xcinaz: folds 
Lucastitos: folds 
rafaelleadeb: folds 
Uncalled bet ($1.30) returned to PayTaxOrDie
PayTaxOrDie collected $2.50 from pot
PayTaxOrDie: doesn't show hand 
*** SUMMARY ***
Total pot $2.50 | Rake $0 
Seat 1: xcinaz (button) folded before Flop (didn't bet)
Seat 2: Lucastitos (small blind) folded before Flop
Seat 3: rafaelleadeb (big blind) folded before Flop
Seat 4: MoRsCeReBruM folded before Flop (didn't bet)
Seat 5: Diamondplaces folded before Flop (didn't bet)
Seat 6: PayTaxOrDie collected ($2.50)



PokerStars Hand #254336191535:  Hold'em No Limit ($0.50/$1.00 USD) - 2025/01/12 18:58:37 WET [2025/01/12 13:58:37 ET]
Table 'Aegle III' 6-max Seat #2 is the button
Seat 1: xcinaz ($117.05 in chips) 
Seat 2: Lucastitos ($133.67 in chips) 
Seat 3: rafaelleadeb ($79.54 in chips) 
Seat 4: MoRsCeReBruM ($101.50 in chips) 
Seat 5: Diamondplaces ($4.38 in chips) 
Seat 6: PayTaxOrDie ($108.89 in chips) 
rafaelleadeb: posts small blind $0.50
MoRsCeReBruM: posts big blind $1
*** HOLE CARDS ***
Diamondplaces: raises $3.38 to $4.38 and is all-in
PayTaxOrDie: folds 
xcinaz: folds 
Lucastitos: folds 
rafaelleadeb: calls $3.88
MoRsCeReBruM: folds 
*** FLOP *** [Jd 4s 3c]
*** TURN *** [Jd 4s 3c] [Td]
*** RIVER *** [Jd 4s 3c Td] [9h]
*** SHOW DOWN ***
rafaelleadeb: shows [Ts 9c] (two pair, Tens and Nines)
Diamondplaces: shows [Ac 6h] (high card Ace)
rafaelleadeb collected $9.27 from pot
*** SUMMARY ***
Total pot $9.76 | Rake $0.49 
Board [Jd 4s 3c Td 9h]
Seat 1: xcinaz folded before Flop (didn't bet)
Seat 2: Lucastitos (button) folded before Flop (didn't bet)
Seat 3: rafaelleadeb (small blind) showed [Ts 9c] and won ($9.27) with two pair, Tens and Nines
Seat 4: MoRsCeReBruM (big blind) folded before Flop
Seat 5: Diamondplaces showed [Ac 6h] and lost with high card Ace
Seat 6: PayTaxOrDie folded before Flop (didn't bet)



PokerStars Hand #254336198000:  Hold'em No Limit ($0.50/$1.00 USD) - 2025/01/12 18:59:08 WET [2025/01/12 13:59:08 ET]
Table 'Aegle III' 6-max Seat #3 is the button
Seat 5: Diamondplaces ($0 in chips) is sitting out
Seat 6: PayTaxOrDie ($108.89 in chips) is sitting out
Seat 1: xcinaz ($117.05 in chips) 
Seat 2: Lucastitos ($133.67 in chips) 
Seat 3: rafaelleadeb ($84.43 in chips) 
Seat 4: MoRsCeReBruM ($100.50 in chips) 
MoRsCeReBruM: posts small blind $0.50
PayTaxOrDie: is sitting out 
xcinaz: posts big blind $1
*** HOLE CARDS ***
PayTaxOrDie leaves the table
Lucastitos: raises $1.30 to $2.30
rafaelleadeb: folds 
MoRsCeReBruM: folds 
xcinaz: folds 
Uncalled bet ($1.30) returned to Lucastitos
Lucastitos collected $2.50 from pot
Lucastitos: doesn't show hand 
*** SUMMARY ***
Total pot $2.50 | Rake $0 
Seat 5: Diamondplaces
Seat 6: PayTaxOrDie
Seat 1: xcinaz (big blind) folded before Flop
Seat 2: Lucastitos collected ($2.50)
Seat 3: rafaelleadeb (button) folded before Flop (didn't bet)
Seat 4: MoRsCeReBruM (small blind) folded before Flop



PokerStars Hand #254336200867:  Hold'em No Limit ($0.50/$1.00 USD) - 2025/01/12 18:59:21 WET [2025/01/12 13:59:21 ET]
Table 'Aegle III' 6-max Seat #4 is the button
Seat 5: Diamondplaces ($49.80 in chips) is sitting out
Seat 1: xcinaz ($116.05 in chips) 
Seat 2: Lucastitos ($135.17 in chips) 
Seat 3: rafaelleadeb ($84.43 in chips) 
Seat 4: MoRsCeReBruM ($100 in chips) 
xcinaz: posts small blind $0.50
Lucastitos: posts big blind $1
*** HOLE CARDS ***
rafaelleadeb: raises $2 to $3
MoRsCeReBruM: folds 
xcinaz: raises $8.50 to $11.50
Lucastitos: folds 
rafaelleadeb: folds 
Uncalled bet ($8.50) returned to xcinaz
xcinaz collected $7 from pot
xcinaz: doesn't show hand 
*** SUMMARY ***
Total pot $7 | Rake $0 
Seat 5: Diamondplaces
Seat 1: xcinaz (small blind) collected ($7)
Seat 2: Lucastitos (big blind) folded before Flop
Seat 3: rafaelleadeb folded before Flop
Seat 4: MoRsCeReBruM (button) folded before Flop (didn't bet)



PokerStars Hand #254336207457:  Hold'em No Limit ($0.50/$1.00 USD) - 2025/01/12 18:59:52 WET [2025/01/12 13:59:52 ET]
Table 'Aegle III' 6-max Seat #1 is the button
Seat 1: xcinaz ($120.05 in chips) 
Seat 2: Lucastitos ($134.17 in chips) 
Seat 3: rafaelleadeb ($81.43 in chips) 
Seat 4: MoRsCeReBruM ($100 in chips) 
Seat 5: Diamondplaces ($49.80 in chips) 
Lucastitos: posts small blind $0.50
rafaelleadeb: posts big blind $1
Diamondplaces: posts small & big blinds $1.50
*** HOLE CARDS ***
MoRsCeReBruM: folds 
Diamondplaces: raises $3 to $4
xcinaz: folds 
Lucastitos: folds 
rafaelleadeb: folds 
Uncalled bet ($3) returned to Diamondplaces
Diamondplaces collected $3 from pot
*** SUMMARY ***
Total pot $3 | Rake $0 
Seat 1: xcinaz (button) folded before Flop (didn't bet)
Seat 2: Lucastitos (small blind) folded before Flop
Seat 3: rafaelleadeb (big blind) folded before Flop
Seat 4: MoRsCeReBruM folded before Flop (didn't bet)
Seat 5: Diamondplaces collected ($3)



PokerStars Hand #254336213158:  Hold'em No Limit ($0.50/$1.00 USD) - 2025/01/12 19:00:17 WET [2025/01/12 14:00:17 ET]
Table 'Aegle III' 6-max Seat #2 is the button
Seat 1: xcinaz ($120.05 in chips) 
Seat 2: Lucastitos ($133.67 in chips) 
Seat 3: rafaelleadeb ($80.43 in chips) 
Seat 4: MoRsCeReBruM ($100 in chips) 
Seat 5: Diamondplaces ($51.30 in chips) 
rafaelleadeb: posts small blind $0.50
MoRsCeReBruM: posts big blind $1
*** HOLE CARDS ***
Diamondplaces: folds 
michasia joins the table at seat #6 
xcinaz: raises $1.20 to $2.20
Lucastitos: raises $4.40 to $6.60
rafaelleadeb: folds 
MoRsCeReBruM: folds 
xcinaz: calls $4.40
*** FLOP *** [Jd 6c 9c]
xcinaz: checks 
Lucastitos: bets $3.77
xcinaz: calls $3.77
*** TURN *** [Jd 6c 9c] [3c]
xcinaz: checks 
Lucastitos: bets $10.57
xcinaz: calls $10.57
*** RIVER *** [Jd 6c 9c 3c] [Ac]
xcinaz: checks 
Lucastitos: bets $20.61
xcinaz: calls $20.61
*** SHOW DOWN ***
Lucastitos: shows [Kd Qh] (high card Ace)
xcinaz: shows [7h 7c] (a flush, Ace high)
xcinaz collected $82.10 from pot
*** SUMMARY ***
Total pot $84.60 | Rake $2.50 
Board [Jd 6c 9c 3c Ac]
Seat 1: xcinaz showed [7h 7c] and won ($82.10) with a flush, Ace high
Seat 2: Lucastitos (button) showed [Kd Qh] and lost with high card Ace
Seat 3: rafaelleadeb (small blind) folded before Flop
Seat 4: MoRsCeReBruM (big blind) folded before Flop
Seat 5: Diamondplaces folded before Flop (didn't bet)



PokerStars Hand #254336245916:  Hold'em No Limit ($0.50/$1.00 USD) - 2025/01/12 19:02:14 WET [2025/01/12 14:02:14 ET]
Table 'Aegle III' 6-max Seat #3 is the button
Seat 6: michasia ($100 in chips) is sitting out
Seat 1: xcinaz ($160.60 in chips) 
Seat 2: Lucastitos ($100 in chips) 
Seat 3: rafaelleadeb ($79.93 in chips) 
Seat 4: MoRsCeReBruM ($100 in chips) 
Seat 5: Diamondplaces ($51.30 in chips) 
MoRsCeReBruM: posts small blind $0.50
Diamondplaces: posts big blind $1
michasia: sits out 
*** HOLE CARDS ***
xcinaz: folds 
Lucastitos: raises $1.30 to $2.30
rafaelleadeb: calls $2.30
MoRsCeReBruM: folds 
Diamondplaces: folds 
*** FLOP *** [Td 5d 4c]
Lucastitos: checks 
rafaelleadeb: checks 
*** TURN *** [Td 5d 4c] [4d]
Lucastitos: bets $1.91
rafaelleadeb: raises $2.91 to $4.82
Lucastitos: calls $2.91
*** RIVER *** [Td 5d 4c 4d] [Ks]
Lucastitos: checks 
rafaelleadeb: bets $14.95
Lucastitos: folds 
Uncalled bet ($14.95) returned to rafaelleadeb
rafaelleadeb collected $14.95 from pot
*** SUMMARY ***
Total pot $15.74 | Rake $0.79 
Board [Td 5d 4c 4d Ks]
Seat 6: michasia
Seat 1: xcinaz folded before Flop (didn't bet)
Seat 2: Lucastitos folded on the River
Seat 3: rafaelleadeb (button) collected ($14.95)
Seat 4: MoRsCeReBruM (small blind) folded before Flop
Seat 5: Diamondplaces (big blind) folded before Flop



PokerStars Hand #254336259708:  Hold'em No Limit ($0.50/$1.00 USD) - 2025/01/12 19:02:53 WET [2025/01/12 14:02:53 ET]
Table 'Aegle III' 6-max Seat #4 is the button
Seat 1: xcinaz ($160.60 in chips) 
Seat 2: Lucastitos ($100 in chips) 
Seat 3: rafaelleadeb ($87.76 in chips) 
Seat 4: MoRsCeReBruM ($100 in chips) 
Seat 5: Diamondplaces ($50.30 in chips) 
Seat 6: michasia ($100 in chips) 
Diamondplaces: posts small blind $0.50
michasia: posts big blind $1
*** HOLE CARDS ***
xcinaz: folds 
Lucastitos: folds 
rafaelleadeb: folds 
MoRsCeReBruM: raises $1.50 to $2.50
Diamondplaces: folds 
michasia: folds 
Uncalled bet ($1.50) returned to MoRsCeReBruM
MoRsCeReBruM collected $2.50 from pot
MoRsCeReBruM: doesn't show hand 
*** SUMMARY ***
Total pot $2.50 | Rake $0 
Seat 1: xcinaz folded before Flop (didn't bet)
Seat 2: Lucastitos folded before Flop (didn't bet)
Seat 3: rafaelleadeb folded before Flop (didn't bet)
Seat 4: MoRsCeReBruM (button) collected ($2.50)
Seat 5: Diamondplaces (small blind) folded before Flop
Seat 6: michasia (big blind) folded before Flop



PokerStars Hand #254336265386:  Hold'em No Limit ($0.50/$1.00 USD) - 2025/01/12 19:03:07 WET [2025/01/12 14:03:07 ET]
Table 'Aegle III' 6-max Seat #5 is the button
Seat 1: xcinaz ($160.60 in chips) 
Seat 2: Lucastitos ($100 in chips) 
Seat 3: rafaelleadeb ($87.76 in chips) 
Seat 4: MoRsCeReBruM ($101.50 in chips) 
Seat 5: Diamondplaces ($49.80 in chips) 
Seat 6: michasia ($100 in chips) 
michasia: posts small blind $0.50
xcinaz: posts big blind $1
*** HOLE CARDS ***
Lucastitos: folds 
rafaelleadeb: folds 
MoRsCeReBruM: folds 
Diamondplaces: folds 
michasia: raises $2 to $3
xcinaz: folds 
Uncalled bet ($2) returned to michasia
michasia collected $2 from pot
michasia: doesn't show hand 
*** SUMMARY ***
Total pot $2 | Rake $0 
Seat 1: xcinaz (big blind) folded before Flop
Seat 2: Lucastitos folded before Flop (didn't bet)
Seat 3: rafaelleadeb folded before Flop (didn't bet)
Seat 4: MoRsCeReBruM folded before Flop (didn't bet)
Seat 5: Diamondplaces (button) folded before Flop (didn't bet)
Seat 6: michasia (small blind) collected ($2)



PokerStars Hand #254336274438:  Hold'em No Limit ($0.50/$1.00 USD) - 2025/01/12 19:03:33 WET [2025/01/12 14:03:33 ET]
Table 'Aegle III' 6-max Seat #6 is the button
Seat 1: xcinaz ($159.60 in chips) 
Seat 2: Lucastitos ($100 in chips) 
Seat 3: rafaelleadeb ($87.76 in chips) 
Seat 4: MoRsCeReBruM ($101.50 in chips) 
Seat 5: Diamondplaces ($49.80 in chips) 
Seat 6: michasia ($101 in chips) 
xcinaz: posts small blind $0.50
Lucastitos: posts big blind $1
*** HOLE CARDS ***
rafaelleadeb: folds 
MoRsCeReBruM: raises $1 to $2
Diamondplaces: folds 
michasia: folds 
xcinaz: folds 
Lucastitos: folds 
Uncalled bet ($1) returned to MoRsCeReBruM
MoRsCeReBruM collected $2.50 from pot
MoRsCeReBruM: doesn't show hand 
*** SUMMARY ***
Total pot $2.50 | Rake $0 
Seat 1: xcinaz (small blind) folded before Flop
Seat 2: Lucastitos (big blind) folded before Flop
Seat 3: rafaelleadeb folded before Flop (didn't bet)
Seat 4: MoRsCeReBruM collected ($2.50)
Seat 5: Diamondplaces folded before Flop (didn't bet)
Seat 6: michasia (button) folded before Flop (didn't bet)



PokerStars Hand #254336282929:  Hold'em No Limit ($0.50/$1.00 USD) - 2025/01/12 19:03:57 WET [2025/01/12 14:03:57 ET]
Table 'Aegle III' 6-max Seat #1 is the button
Seat 1: xcinaz ($159.10 in chips) 
Seat 2: Lucastitos ($100 in chips) 
Seat 3: rafaelleadeb ($87.76 in chips) 
Seat 4: MoRsCeReBruM ($103 in chips) 
Seat 5: Diamondplaces ($49.80 in chips) 
Seat 6: michasia ($101 in chips) 
Lucastitos: posts small blind $0.50
rafaelleadeb: posts big blind $1
*** HOLE CARDS ***
MoRsCeReBruM: folds 
Diamondplaces: folds 
michasia: folds 
xcinaz: folds 
Lucastitos: folds 
Uncalled bet ($0.50) returned to rafaelleadeb
rafaelleadeb collected $1 from pot
*** SUMMARY ***
Total pot $1 | Rake $0 
Seat 1: xcinaz (button) folded before Flop (didn't bet)
Seat 2: Lucastitos (small blind) folded before Flop
Seat 3: rafaelleadeb (big blind) collected ($1)
Seat 4: MoRsCeReBruM folded before Flop (didn't bet)
Seat 5: Diamondplaces folded before Flop (didn't bet)
Seat 6: michasia folded before Flop (didn't bet)



PokerStars Hand #254336289116:  Hold'em No Limit ($0.50/$1.00 USD) - 2025/01/12 19:04:14 WET [2025/01/12 14:04:14 ET]
Table 'Aegle III' 6-max Seat #2 is the button
Seat 1: xcinaz ($159.10 in chips) 
Seat 2: Lucastitos ($100 in chips) 
Seat 3: rafaelleadeb ($88.26 in chips) 
Seat 4: MoRsCeReBruM ($103 in chips) 
Seat 5: Diamondplaces ($49.80 in chips) 
Seat 6: michasia ($101 in chips) 
rafaelleadeb: posts small blind $0.50
MoRsCeReBruM: posts big blind $1
*** HOLE CARDS ***
Diamondplaces: folds 
michasia: folds 
xcinaz: raises $1.20 to $2.20
Lucastitos: folds 
rafaelleadeb: folds 
MoRsCeReBruM: folds 
Uncalled bet ($1.20) returned to xcinaz
xcinaz collected $2.50 from pot
xcinaz: doesn't show hand 
*** SUMMARY ***
Total pot $2.50 | Rake $0 
Seat 1: xcinaz collected ($2.50)
Seat 2: Lucastitos (button) folded before Flop (didn't bet)
Seat 3: rafaelleadeb (small blind) folded before Flop
Seat 4: MoRsCeReBruM (big blind) folded before Flop
Seat 5: Diamondplaces folded before Flop (didn't bet)
Seat 6: michasia folded before Flop (didn't bet)



PokerStars Hand #254336294831:  Hold'em No Limit ($0.50/$1.00 USD) - 2025/01/12 19:04:29 WET [2025/01/12 14:04:29 ET]
Table 'Aegle III' 6-max Seat #3 is the button
Seat 1: xcinaz ($160.60 in chips) 
Seat 2: Lucastitos ($100 in chips) 
Seat 3: rafaelleadeb ($87.76 in chips) 
Seat 4: MoRsCeReBruM ($102 in chips) 
Seat 5: Diamondplaces ($49.80 in chips) 
Seat 6: michasia ($101 in chips) 
MoRsCeReBruM: posts small blind $0.50
Diamondplaces: posts big blind $1
*** HOLE CARDS ***
michasia: raises $1.60 to $2.60
xcinaz: folds 
Lucastitos: folds 
rafaelleadeb: folds 
MoRsCeReBruM: folds 
Diamondplaces: calls $1.60
*** FLOP *** [Jd Ts 9d]
Diamondplaces: checks 
michasia: bets $1.79
Diamondplaces: calls $1.79
*** TURN *** [Jd Ts 9d] [Kh]
Diamondplaces: checks 
michasia: checks 
*** RIVER *** [Jd Ts 9d Kh] [9s]
Diamondplaces: bets $1
michasia: folds 
Uncalled bet ($1) returned to Diamondplaces
Diamondplaces collected $8.82 from pot
*** SUMMARY ***
Total pot $9.28 | Rake $0.46 
Board [Jd Ts 9d Kh 9s]
Seat 1: xcinaz folded before Flop (didn't bet)
Seat 2: Lucastitos folded before Flop (didn't bet)
Seat 3: rafaelleadeb (button) folded before Flop (didn't bet)
Seat 4: MoRsCeReBruM (small blind) folded before Flop
Seat 5: Diamondplaces (big blind) collected ($8.82)
Seat 6: michasia folded on the River



PokerStars Hand #254336308518:  Hold'em No Limit ($0.50/$1.00 USD) - 2025/01/12 19:05:06 WET [2025/01/12 14:05:06 ET]
Table 'Aegle III' 6-max Seat #4 is the button
Seat 1: xcinaz ($160.60 in chips) 
Seat 2: Lucastitos ($100 in chips) 
Seat 3: rafaelleadeb ($87.76 in chips) 
Seat 4: MoRsCeReBruM ($101.50 in chips) 
Seat 5: Diamondplaces ($54.23 in chips) 
Seat 6: michasia ($100 in chips) 
Diamondplaces: posts small blind $0.50
michasia: posts big blind $1
*** HOLE CARDS ***
xcinaz: folds 
Lucastitos: folds 
rafaelleadeb: raises $3 to $4
MoRsCeReBruM: folds 
Diamondplaces: folds 
michasia: calls $3
*** FLOP *** [4d 9s Tc]
michasia: checks 
rafaelleadeb: checks 
*** TURN *** [4d 9s Tc] [Ah]
michasia: checks 
rafaelleadeb: checks 
*** RIVER *** [4d 9s Tc Ah] [Ks]
michasia: bets $5.39
rafaelleadeb: folds 
Uncalled bet ($5.39) returned to michasia
michasia collected $8.08 from pot
michasia: doesn't show hand 
*** SUMMARY ***
Total pot $8.50 | Rake $0.42 
Board [4d 9s Tc Ah Ks]
Seat 1: xcinaz folded before Flop (didn't bet)
Seat 2: Lucastitos folded before Flop (didn't bet)
Seat 3: rafaelleadeb folded on the River
Seat 4: MoRsCeReBruM (button) folded before Flop (didn't bet)
Seat 5: Diamondplaces (small blind) folded before Flop
Seat 6: michasia (big blind) collected ($8.08)



PokerStars Hand #254336323796:  Hold'em No Limit ($0.50/$1.00 USD) - 2025/01/12 19:05:48 WET [2025/01/12 14:05:48 ET]
Table 'Aegle III' 6-max Seat #5 is the button
Seat 1: xcinaz ($160.60 in chips) 
Seat 2: Lucastitos ($100 in chips) 
Seat 3: rafaelleadeb ($83.76 in chips) 
Seat 4: MoRsCeReBruM ($101.50 in chips) 
Seat 5: Diamondplaces ($53.73 in chips) 
Seat 6: michasia ($104.08 in chips) 
michasia: posts small blind $0.50
xcinaz: posts big blind $1
*** HOLE CARDS ***
Lucastitos: folds 
rafaelleadeb: folds 
MoRsCeReBruM: raises $1.20 to $2.20
Diamondplaces: folds 
michasia: folds 
xcinaz: folds 
Uncalled bet ($1.20) returned to MoRsCeReBruM
MoRsCeReBruM collected $2.50 from pot
MoRsCeReBruM: doesn't show hand 
*** SUMMARY ***
Total pot $2.50 | Rake $0 
Seat 1: xcinaz (big blind) folded before Flop
Seat 2: Lucastitos folded before Flop (didn't bet)
Seat 3: rafaelleadeb folded before Flop (didn't bet)
Seat 4: MoRsCeReBruM collected ($2.50)
Seat 5: Diamondplaces (button) folded before Flop (didn't bet)
Seat 6: michasia (small blind) folded before Flop



PokerStars Hand #254336328294:  Hold'em No Limit ($0.50/$1.00 USD) - 2025/01/12 19:06:01 WET [2025/01/12 14:06:01 ET]
Table 'Aegle III' 6-max Seat #6 is the button
Seat 1: xcinaz ($159.60 in chips) 
Seat 2: Lucastitos ($100 in chips) 
Seat 3: rafaelleadeb ($83.76 in chips) 
Seat 4: MoRsCeReBruM ($103 in chips) 
Seat 5: Diamondplaces ($53.73 in chips) 
Seat 6: michasia ($103.58 in chips) 
xcinaz: posts small blind $0.50
Lucastitos: posts big blind $1
*** HOLE CARDS ***
rafaelleadeb: calls $1
MoRsCeReBruM: folds 
Diamondplaces: folds 
michasia: folds 
xcinaz: folds 
Lucastitos: checks 
*** FLOP *** [Js 5h Th]
Lucastitos: bets $1
rafaelleadeb: calls $1
*** TURN *** [Js 5h Th] [4d]
Lucastitos: checks 
rafaelleadeb: bets $7
Lucastitos: calls $7
*** RIVER *** [Js 5h Th 4d] [7s]
Lucastitos: checks 
rafaelleadeb: checks 
*** SHOW DOWN ***
Lucastitos: shows [9s Jh] (a pair of Jacks)
rafaelleadeb: mucks hand 
Lucastitos collected $17.58 from pot
*** SUMMARY ***
Total pot $18.50 | Rake $0.92 
Board [Js 5h Th 4d 7s]
Seat 1: xcinaz (small blind) folded before Flop
Seat 2: Lucastitos (big blind) showed [9s Jh] and won ($17.58) with a pair of Jacks
Seat 3: rafaelleadeb mucked
Seat 4: MoRsCeReBruM folded before Flop (didn't bet)
Seat 5: Diamondplaces folded before Flop (didn't bet)
Seat 6: michasia (button) folded before Flop (didn't bet)



PokerStars Hand #254336356467:  Hold'em No Limit ($0.50/$1.00 USD) - 2025/01/12 19:07:17 WET [2025/01/12 14:07:17 ET]
Table 'Aegle III' 6-max Seat #1 is the button
Seat 1: xcinaz ($159.10 in chips) 
Seat 2: Lucastitos ($108.58 in chips) 
Seat 3: rafaelleadeb ($74.76 in chips) 
Seat 4: MoRsCeReBruM ($103 in chips) 
Seat 5: Diamondplaces ($53.73 in chips) 
Seat 6: michasia ($103.58 in chips) 
Lucastitos: posts small blind $0.50
rafaelleadeb: posts big blind $1
*** HOLE CARDS ***
MoRsCeReBruM: folds 
Diamondplaces: folds 
michasia: raises $1.80 to $2.80
xcinaz: folds 
Lucastitos: folds 
rafaelleadeb: folds 
Uncalled bet ($1.80) returned to michasia
michasia collected $2.50 from pot
michasia: doesn't show hand 
*** SUMMARY ***
Total pot $2.50 | Rake $0 
Seat 1: xcinaz (button) folded before Flop (didn't bet)
Seat 2: Lucastitos (small blind) folded before Flop
Seat 3: rafaelleadeb (big blind) folded before Flop
Seat 4: MoRsCeReBruM folded before Flop (didn't bet)
Seat 5: Diamondplaces folded before Flop (didn't bet)
Seat 6: michasia collected ($2.50)



PokerStars Hand #254336362451:  Hold'em No Limit ($0.50/$1.00 USD) - 2025/01/12 19:07:34 WET [2025/01/12 14:07:34 ET]
Table 'Aegle III' 6-max Seat #2 is the button
Seat 1: xcinaz ($159.10 in chips) 
Seat 2: Lucastitos ($108.08 in chips) 
Seat 3: rafaelleadeb ($73.76 in chips) 
Seat 4: MoRsCeReBruM ($103 in chips) 
Seat 5: Diamondplaces ($53.73 in chips) 
Seat 6: michasia ($105.08 in chips) 
rafaelleadeb: posts small blind $0.50
MoRsCeReBruM: posts big blind $1
*** HOLE CARDS ***
Diamondplaces: folds 
michasia: folds 
xcinaz: raises $1.20 to $2.20
Lucastitos: folds 
rafaelleadeb: calls $1.70
MoRsCeReBruM: calls $1.20
*** FLOP *** [2d Jd 7s]
rafaelleadeb: checks 
MoRsCeReBruM: checks 
xcinaz: checks 
*** TURN *** [2d Jd 7s] [Kc]
rafaelleadeb: checks 
MoRsCeReBruM: checks 
xcinaz: bets $5.33
rafaelleadeb: folds 
MoRsCeReBruM: folds 
Uncalled bet ($5.33) returned to xcinaz
xcinaz collected $6.27 from pot
xcinaz: doesn't show hand 
*** SUMMARY ***
Total pot $6.60 | Rake $0.33 
Board [2d Jd 7s Kc]
Seat 1: xcinaz collected ($6.27)
Seat 2: Lucastitos (button) folded before Flop (didn't bet)
Seat 3: rafaelleadeb (small blind) folded on the Turn
Seat 4: MoRsCeReBruM (big blind) folded on the Turn
Seat 5: Diamondplaces folded before Flop (didn't bet)
Seat 6: michasia folded before Flop (didn't bet)



PokerStars Hand #254336381767:  Hold'em No Limit ($0.50/$1.00 USD) - 2025/01/12 19:08:26 WET [2025/01/12 14:08:26 ET]
Table 'Aegle III' 6-max Seat #3 is the button
Seat 1: xcinaz ($163.17 in chips) 
Seat 2: Lucastitos ($108.08 in chips) 
Seat 3: rafaelleadeb ($71.56 in chips) 
Seat 4: MoRsCeReBruM ($100.80 in chips) 
Seat 5: Diamondplaces ($53.73 in chips) 
Seat 6: michasia ($105.08 in chips) 
MoRsCeReBruM: posts small blind $0.50
Diamondplaces: posts big blind $1
*** HOLE CARDS ***
michasia: folds 
xcinaz: folds 
Lucastitos: folds 
rafaelleadeb: raises $2 to $3
MoRsCeReBruM: folds 
Diamondplaces: calls $2
*** FLOP *** [7s Kh 9h]
Diamondplaces: bets $1
rafaelleadeb: raises $3 to $4
Diamondplaces: folds 
Uncalled bet ($3) returned to rafaelleadeb
rafaelleadeb collected $8.08 from pot
*** SUMMARY ***
Total pot $8.50 | Rake $0.42 
Board [7s Kh 9h]
Seat 1: xcinaz folded before Flop (didn't bet)
Seat 2: Lucastitos folded before Flop (didn't bet)
Seat 3: rafaelleadeb (button) collected ($8.08)
Seat 4: MoRsCeReBruM (small blind) folded before Flop
Seat 5: Diamondplaces (big blind) folded on the Flop
Seat 6: michasia folded before Flop (didn't bet)



PokerStars Hand #254336398326:  Hold'em No Limit ($0.50/$1.00 USD) - 2025/01/12 19:09:12 WET [2025/01/12 14:09:12 ET]
Table 'Aegle III' 6-max Seat #4 is the button
Seat 1: xcinaz ($163.17 in chips) 
Seat 2: Lucastitos ($108.08 in chips) 
Seat 3: rafaelleadeb ($75.64 in chips) 
Seat 4: MoRsCeReBruM ($100.30 in chips) 
Seat 5: Diamondplaces ($49.73 in chips) 
Seat 6: michasia ($105.08 in chips) 
Diamondplaces: posts small blind $0.50
michasia: posts big blind $1
*** HOLE CARDS ***
xcinaz: folds 
Lucastitos: folds 
rafaelleadeb: raises $2 to $3
MoRsCeReBruM: raises $6 to $9
Diamondplaces: raises $40.73 to $49.73 and is all-in
michasia: folds 
rafaelleadeb: folds 
MoRsCeReBruM: calls $40.73
*** FLOP *** [9s Jd 6s]
*** TURN *** [9s Jd 6s] [8s]
*** RIVER *** [9s Jd 6s 8s] [4s]
*** SHOW DOWN ***
Diamondplaces: shows [Ah Kc] (high card Ace)
MoRsCeReBruM: shows [Qs Qc] (a flush, Queen high)
MoRsCeReBruM collected $100.96 from pot
*** SUMMARY ***
Total pot $103.46 | Rake $2.50 
Board [9s Jd 6s 8s 4s]
Seat 1: xcinaz folded before Flop (didn't bet)
Seat 2: Lucastitos folded before Flop (didn't bet)
Seat 3: rafaelleadeb folded before Flop
Seat 4: MoRsCeReBruM (button) showed [Qs Qc] and won ($100.96) with a flush, Queen high
Seat 5: Diamondplaces (small blind) showed [Ah Kc] and lost with high card Ace
Seat 6: michasia (big blind) folded before Flop



PokerStars Hand #254336413175:  Hold'em No Limit ($0.50/$1.00 USD) - 2025/01/12 19:09:52 WET [2025/01/12 14:09:52 ET]
Table 'Aegle III' 6-max Seat #6 is the button
Seat 5: Diamondplaces ($0 in chips) is sitting out
Seat 1: xcinaz ($163.17 in chips) 
Seat 2: Lucastitos ($108.08 in chips) 
Seat 3: rafaelleadeb ($72.64 in chips) 
Seat 4: MoRsCeReBruM ($151.53 in chips) 
Seat 6: michasia ($104.08 in chips) 
xcinaz: posts small blind $0.50
Lucastitos: posts big blind $1
*** HOLE CARDS ***
rafaelleadeb: folds 
MoRsCeReBruM: raises $1.20 to $2.20
michasia: folds 
xcinaz: folds 
Diamondplaces leaves the table
Lucastitos: folds 
Uncalled bet ($1.20) returned to MoRsCeReBruM
MoRsCeReBruM collected $2.50 from pot
MoRsCeReBruM: doesn't show hand 
*** SUMMARY ***
Total pot $2.50 | Rake $0 
Seat 5: Diamondplaces
Seat 1: xcinaz (small blind) folded before Flop
Seat 2: Lucastitos (big blind) folded before Flop
Seat 3: rafaelleadeb folded before Flop (didn't bet)
Seat 4: MoRsCeReBruM collected ($2.50)
Seat 6: michasia (button) folded before Flop (didn't bet)



PokerStars Hand #254336419891:  Hold'em No Limit ($0.50/$1.00 USD) - 2025/01/12 19:10:10 WET [2025/01/12 14:10:10 ET]
Table 'Aegle III' 6-max Seat #1 is the button
Seat 1: xcinaz ($162.67 in chips) 
Seat 2: Lucastitos ($107.08 in chips) 
Seat 3: rafaelleadeb ($72.64 in chips) 
Seat 4: MoRsCeReBruM ($153.03 in chips) 
Seat 6: michasia ($104.08 in chips) 
Lucastitos: posts small blind $0.50
rafaelleadeb: posts big blind $1
*** HOLE CARDS ***
MoRsCeReBruM: folds 
michasia: folds 
xcinaz: raises $1.50 to $2.50
IREQO joins the table at seat #5 
Lucastitos: folds 
rafaelleadeb: folds 
Uncalled bet ($1.50) returned to xcinaz
xcinaz collected $2.50 from pot
xcinaz: doesn't show hand 
*** SUMMARY ***
Total pot $2.50 | Rake $0 
Seat 1: xcinaz (button) collected ($2.50)
Seat 2: Lucastitos (small blind) folded before Flop
Seat 3: rafaelleadeb (big blind) folded before Flop
Seat 4: MoRsCeReBruM folded before Flop (didn't bet)
Seat 6: michasia folded before Flop (didn't bet)



PokerStars Hand #254336423808:  Hold'em No Limit ($0.50/$1.00 USD) - 2025/01/12 19:10:21 WET [2025/01/12 14:10:21 ET]
Table 'Aegle III' 6-max Seat #2 is the button
Seat 5: IREQO ($99 in chips) is sitting out
Seat 1: xcinaz ($164.17 in chips) 
Seat 2: Lucastitos ($106.58 in chips) 
Seat 3: rafaelleadeb ($71.64 in chips) 
Seat 4: MoRsCeReBruM ($153.03 in chips) 
Seat 6: michasia ($104.08 in chips) 
rafaelleadeb: posts small blind $0.50
MoRsCeReBruM: posts big blind $1
IREQO: sits out 
*** HOLE CARDS ***
michasia: folds 
xcinaz: folds 
Lucastitos: folds 
rafaelleadeb: folds 
Uncalled bet ($0.50) returned to MoRsCeReBruM
MoRsCeReBruM collected $1 from pot
MoRsCeReBruM: doesn't show hand 
*** SUMMARY ***
Total pot $1 | Rake $0 
Seat 5: IREQO
Seat 1: xcinaz folded before Flop (didn't bet)
Seat 2: Lucastitos (button) folded before Flop (didn't bet)
Seat 3: rafaelleadeb (small blind) folded before Flop
Seat 4: MoRsCeReBruM (big blind) collected ($1)
Seat 6: michasia folded before Flop (didn't bet)



PokerStars Hand #254336429708:  Hold'em No Limit ($0.50/$1.00 USD) - 2025/01/12 19:10:37 WET [2025/01/12 14:10:37 ET]
Table 'Aegle III' 6-max Seat #3 is the button
Seat 1: xcinaz ($164.17 in chips) 
Seat 2: Lucastitos ($106.58 in chips) 
Seat 3: rafaelleadeb ($71.14 in chips) 
Seat 4: MoRsCeReBruM ($153.53 in chips) 
Seat 5: IREQO ($99 in chips) 
Seat 6: michasia ($104.08 in chips) 
MoRsCeReBruM: posts small blind $0.50
IREQO: posts big blind $1
*** HOLE CARDS ***
michasia: folds 
xcinaz: folds 
Lucastitos: folds 
rafaelleadeb: folds 
MoRsCeReBruM: raises $2 to $3
IREQO: calls $2
*** FLOP *** [Ad 2d 5c]
MoRsCeReBruM: bets $1.88
IREQO: calls $1.88
*** TURN *** [Ad 2d 5c] [Jd]
MoRsCeReBruM: bets $3.06
IREQO: raises $5.94 to $9
MoRsCeReBruM: folds 
Uncalled bet ($5.94) returned to IREQO
IREQO collected $15.09 from pot
IREQO: doesn't show hand 
*** SUMMARY ***
Total pot $15.88 | Rake $0.79 
Board [Ad 2d 5c Jd]
Seat 1: xcinaz folded before Flop (didn't bet)
Seat 2: Lucastitos folded before Flop (didn't bet)
Seat 3: rafaelleadeb (button) folded before Flop (didn't bet)
Seat 4: MoRsCeReBruM (small blind) folded on the Turn
Seat 5: IREQO (big blind) collected ($15.09)
Seat 6: michasia folded before Flop (didn't bet)



PokerStars Hand #254336457532:  Hold'em No Limit ($0.50/$1.00 USD) - 2025/01/12 19:11:52 WET [2025/01/12 14:11:52 ET]
Table 'Aegle III' 6-max Seat #4 is the button
Seat 1: xcinaz ($164.17 in chips) 
Seat 2: Lucastitos ($106.58 in chips) 
Seat 3: rafaelleadeb ($71.14 in chips) 
Seat 4: MoRsCeReBruM ($145.59 in chips) 
Seat 5: IREQO ($106.15 in chips) 
Seat 6: michasia ($104.08 in chips) 
IREQO: posts small blind $0.50
michasia: posts big blind $1
*** HOLE CARDS ***
xcinaz: folds 
Lucastitos: folds 
rafaelleadeb: calls $1
MoRsCeReBruM: folds 
IREQO: folds 
michasia: checks 
*** FLOP *** [Qd Ah Kh]
michasia: checks 
rafaelleadeb: bets $3
michasia: folds 
Uncalled bet ($3) returned to rafaelleadeb
rafaelleadeb collected $2.38 from pot
*** SUMMARY ***
Total pot $2.50 | Rake $0.12 
Board [Qd Ah Kh]
Seat 1: xcinaz folded before Flop (didn't bet)
Seat 2: Lucastitos folded before Flop (didn't bet)
Seat 3: rafaelleadeb collected ($2.38)
Seat 4: MoRsCeReBruM (button) folded before Flop (didn't bet)
Seat 5: IREQO (small blind) folded before Flop
Seat 6: michasia (big blind) folded on the Flop



PokerStars Hand #254336469002:  Hold'em No Limit ($0.50/$1.00 USD) - 2025/01/12 19:12:23 WET [2025/01/12 14:12:23 ET]
Table 'Aegle III' 6-max Seat #5 is the button
Seat 1: xcinaz ($164.17 in chips) 
Seat 2: Lucastitos ($106.58 in chips) 
Seat 3: rafaelleadeb ($72.52 in chips) 
Seat 4: MoRsCeReBruM ($145.59 in chips) 
Seat 5: IREQO ($105.65 in chips) 
Seat 6: michasia ($103.08 in chips) 
michasia: posts small blind $0.50
xcinaz: posts big blind $1
*** HOLE CARDS ***
Lucastitos: raises $1 to $2
rafaelleadeb: folds 
MoRsCeReBruM: folds 
IREQO: folds 
michasia: folds 
xcinaz: folds 
Uncalled bet ($1) returned to Lucastitos
Lucastitos collected $2.50 from pot
Lucastitos: doesn't show hand 
*** SUMMARY ***
Total pot $2.50 | Rake $0 
Seat 1: xcinaz (big blind) folded before Flop
Seat 2: Lucastitos collected ($2.50)
Seat 3: rafaelleadeb folded before Flop (didn't bet)
Seat 4: MoRsCeReBruM folded before Flop (didn't bet)
Seat 5: IREQO (button) folded before Flop (didn't bet)
Seat 6: michasia (small blind) folded before Flop



PokerStars Hand #254336478053:  Hold'em No Limit ($0.50/$1.00 USD) - 2025/01/12 19:12:47 WET [2025/01/12 14:12:47 ET]
Table 'Aegle III' 6-max Seat #6 is the button
Seat 1: xcinaz ($163.17 in chips) 
Seat 2: Lucastitos ($108.08 in chips) 
Seat 3: rafaelleadeb ($72.52 in chips) 
Seat 4: MoRsCeReBruM ($145.59 in chips) 
Seat 5: IREQO ($105.65 in chips) 
Seat 6: michasia ($102.58 in chips) 
xcinaz: posts small blind $0.50
Lucastitos: posts big blind $1
*** HOLE CARDS ***
rafaelleadeb: folds 
MoRsCeReBruM: folds 
IREQO: folds 
michasia: raises $1.80 to $2.80
xcinaz: folds 
Lucastitos: folds 
Uncalled bet ($1.80) returned to michasia
michasia collected $2.50 from pot
michasia: doesn't show hand 
*** SUMMARY ***
Total pot $2.50 | Rake $0 
Seat 1: xcinaz (small blind) folded before Flop
Seat 2: Lucastitos (big blind) folded before Flop
Seat 3: rafaelleadeb folded before Flop (didn't bet)
Seat 4: MoRsCeReBruM folded before Flop (didn't bet)
Seat 5: IREQO folded before Flop (didn't bet)
Seat 6: michasia (button) collected ($2.50)



PokerStars Hand #254336485152:  Hold'em No Limit ($0.50/$1.00 USD) - 2025/01/12 19:13:06 WET [2025/01/12 14:13:06 ET]
Table 'Aegle III' 6-max Seat #1 is the button
Seat 1: xcinaz ($162.67 in chips) 
Seat 2: Lucastitos ($107.08 in chips) 
Seat 3: rafaelleadeb ($72.52 in chips) 
Seat 4: MoRsCeReBruM ($145.59 in chips) 
Seat 5: IREQO ($105.65 in chips) 
Seat 6: michasia ($104.08 in chips) 
Lucastitos: posts small blind $0.50
rafaelleadeb: posts big blind $1
*** HOLE CARDS ***
MoRsCeReBruM: folds 
IREQO: folds 
michasia: raises $1.80 to $2.80
xcinaz: raises $5.20 to $8
Lucastitos: folds 
rafaelleadeb: calls $7
michasia: calls $5.20
*** FLOP *** [8s 4s 2c]
rafaelleadeb: checks 
michasia: checks 
xcinaz: bets $17.46
rafaelleadeb: folds 
michasia: calls $17.46
*** TURN *** [8s 4s 2c] [Th]
michasia: checks 
xcinaz: checks 
*** RIVER *** [8s 4s 2c Th] [6s]
michasia: bets $78.62 and is all-in
xcinaz: calls $78.62
*** SHOW DOWN ***
michasia: shows [7s Js] (a flush, Jack high)
xcinaz: shows [Ks Qs] (a flush, King high)
xcinaz collected $214.16 from pot
*** SUMMARY ***
Total pot $216.66 | Rake $2.50 
Board [8s 4s 2c Th 6s]
Seat 1: xcinaz (button) showed [Ks Qs] and won ($214.16) with a flush, King high
Seat 2: Lucastitos (small blind) folded before Flop
Seat 3: rafaelleadeb (big blind) folded on the Flop
Seat 4: MoRsCeReBruM folded before Flop (didn't bet)
Seat 5: IREQO folded before Flop (didn't bet)
Seat 6: michasia showed [7s Js] and lost with a flush, Jack high



PokerStars Hand #254336523577:  Hold'em No Limit ($0.50/$1.00 USD) - 2025/01/12 19:14:50 WET [2025/01/12 14:14:50 ET]
Table 'Aegle III' 6-max Seat #2 is the button
Seat 1: xcinaz ($272.75 in chips) 
Seat 2: Lucastitos ($106.58 in chips) 
Seat 3: rafaelleadeb ($64.52 in chips) 
Seat 4: MoRsCeReBruM ($145.59 in chips) 
Seat 5: IREQO ($105.65 in chips) 
Seat 6: michasia ($100 in chips) 
rafaelleadeb: posts small blind $0.50
MoRsCeReBruM: posts big blind $1
*** HOLE CARDS ***
IREQO: folds 
michasia: raises $1.60 to $2.60
xcinaz: folds 
Lucastitos: folds 
rafaelleadeb: folds 
MoRsCeReBruM: folds 
Uncalled bet ($1.60) returned to michasia
michasia collected $2.50 from pot
michasia: doesn't show hand 
*** SUMMARY ***
Total pot $2.50 | Rake $0 
Seat 1: xcinaz folded before Flop (didn't bet)
Seat 2: Lucastitos (button) folded before Flop (didn't bet)
Seat 3: rafaelleadeb (small blind) folded before Flop
Seat 4: MoRsCeReBruM (big blind) folded before Flop
Seat 5: IREQO folded before Flop (didn't bet)
Seat 6: michasia collected ($2.50)



PokerStars Hand #254336528963:  Hold'em No Limit ($0.50/$1.00 USD) - 2025/01/12 19:15:04 WET [2025/01/12 14:15:04 ET]
Table 'Aegle III' 6-max Seat #3 is the button
Seat 1: xcinaz ($272.75 in chips) 
Seat 2: Lucastitos ($106.58 in chips) 
Seat 3: rafaelleadeb ($64.02 in chips) 
Seat 4: MoRsCeReBruM ($144.59 in chips) 
Seat 5: IREQO ($105.65 in chips) 
Seat 6: michasia ($101.50 in chips) 
MoRsCeReBruM: posts small blind $0.50
IREQO: posts big blind $1
*** HOLE CARDS ***
michasia: folds 
xcinaz: folds 
Lucastitos: folds 
rafaelleadeb: raises $2 to $3
MoRsCeReBruM: folds 
IREQO: folds 
Uncalled bet ($2) returned to rafaelleadeb
rafaelleadeb collected $2.50 from pot
*** SUMMARY ***
Total pot $2.50 | Rake $0 
Seat 1: xcinaz folded before Flop (didn't bet)
Seat 2: Lucastitos folded before Flop (didn't bet)
Seat 3: rafaelleadeb (button) collected ($2.50)
Seat 4: MoRsCeReBruM (small blind) folded before Flop
Seat 5: IREQO (big blind) folded before Flop
Seat 6: michasia folded before Flop (didn't bet)



PokerStars Hand #254336537951:  Hold'em No Limit ($0.50/$1.00 USD) - 2025/01/12 19:15:29 WET [2025/01/12 14:15:29 ET]
Table 'Aegle III' 6-max Seat #4 is the button
Seat 1: xcinaz ($272.75 in chips) 
Seat 2: Lucastitos ($106.58 in chips) 
Seat 3: rafaelleadeb ($65.52 in chips) 
Seat 4: MoRsCeReBruM ($144.09 in chips) 
Seat 5: IREQO ($104.65 in chips) 
Seat 6: michasia ($101.50 in chips) 
IREQO: posts small blind $0.50
michasia: posts big blind $1
*** HOLE CARDS ***
xcinaz: folds 
Lucastitos: folds 
rafaelleadeb: calls $1
MoRsCeReBruM: folds 
IREQO: folds 
michasia: checks 
*** FLOP *** [3h 7s 9d]
michasia: checks 
rafaelleadeb: bets $3
michasia: folds 
Uncalled bet ($3) returned to rafaelleadeb
rafaelleadeb collected $2.38 from pot
rafaelleadeb: shows [9c]
*** SUMMARY ***
Total pot $2.50 | Rake $0.12 
Board [3h 7s 9d]
Seat 1: xcinaz folded before Flop (didn't bet)
Seat 2: Lucastitos folded before Flop (didn't bet)
Seat 3: rafaelleadeb collected ($2.38)
Seat 4: MoRsCeReBruM (button) folded before Flop (didn't bet)
Seat 5: IREQO (small blind) folded before Flop
Seat 6: michasia (big blind) folded on the Flop



PokerStars Hand #254336554184:  Hold'em No Limit ($0.50/$1.00 USD) - 2025/01/12 19:16:12 WET [2025/01/12 14:16:12 ET]
Table 'Aegle III' 6-max Seat #5 is the button
Seat 1: xcinaz ($272.75 in chips) 
Seat 2: Lucastitos ($106.58 in chips) 
Seat 3: rafaelleadeb ($66.90 in chips) 
Seat 4: MoRsCeReBruM ($144.09 in chips) 
Seat 5: IREQO ($104.15 in chips) 
Seat 6: michasia ($100.50 in chips) 
michasia: posts small blind $0.50
xcinaz: posts big blind $1
*** HOLE CARDS ***
Lucastitos: folds 
rafaelleadeb: calls $1
MoRsCeReBruM: folds 
IREQO: folds 
michasia: folds 
xcinaz: checks 
*** FLOP *** [Kh 5d Ad]
xcinaz: checks 
rafaelleadeb: bets $3
xcinaz: folds 
Uncalled bet ($3) returned to rafaelleadeb
rafaelleadeb collected $2.38 from pot
*** SUMMARY ***
Total pot $2.50 | Rake $0.12 
Board [Kh 5d Ad]
Seat 1: xcinaz (big blind) folded on the Flop
Seat 2: Lucastitos folded before Flop (didn't bet)
Seat 3: rafaelleadeb collected ($2.38)
Seat 4: MoRsCeReBruM folded before Flop (didn't bet)
Seat 5: IREQO (button) folded before Flop (didn't bet)
Seat 6: michasia (small blind) folded before Flop



PokerStars Hand #254336564991:  Hold'em No Limit ($0.50/$1.00 USD) - 2025/01/12 19:16:42 WET [2025/01/12 14:16:42 ET]
Table 'Aegle III' 6-max Seat #6 is the button
Seat 1: xcinaz ($271.75 in chips) 
Seat 2: Lucastitos ($106.58 in chips) 
Seat 3: rafaelleadeb ($68.28 in chips) 
Seat 4: MoRsCeReBruM ($144.09 in chips) 
Seat 5: IREQO ($104.15 in chips) 
Seat 6: michasia ($100 in chips) 
xcinaz: posts small blind $0.50
Lucastitos: posts big blind $1
*** HOLE CARDS ***
rafaelleadeb: calls $1
MoRsCeReBruM: folds 
IREQO: folds 
michasia: raises $2.50 to $3.50
xcinaz: folds 
Lucastitos: folds 
rafaelleadeb: calls $2.50
*** FLOP *** [4c 7d As]
rafaelleadeb: checks 
michasia: bets $2.67
rafaelleadeb: raises $5.67 to $8.34
michasia: calls $5.67
*** TURN *** [4c 7d As] [8c]
rafaelleadeb: checks 
michasia: checks 
*** RIVER *** [4c 7d As 8c] [Jc]
rafaelleadeb: checks 
michasia: checks 
*** SHOW DOWN ***
rafaelleadeb: shows [2h Kh] (high card Ace)
michasia: shows [Tc Ah] (a pair of Aces)
michasia collected $23.92 from pot
*** SUMMARY ***
Total pot $25.18 | Rake $1.26 
Board [4c 7d As 8c Jc]
Seat 1: xcinaz (small blind) folded before Flop
Seat 2: Lucastitos (big blind) folded before Flop
Seat 3: rafaelleadeb showed [2h Kh] and lost with high card Ace
Seat 4: MoRsCeReBruM folded before Flop (didn't bet)
Seat 5: IREQO folded before Flop (didn't bet)
Seat 6: michasia (button) showed [Tc Ah] and won ($23.92) with a pair of Aces



PokerStars Hand #254336584265:  Hold'em No Limit ($0.50/$1.00 USD) - 2025/01/12 19:17:35 WET [2025/01/12 14:17:35 ET]
Table 'Aegle III' 6-max Seat #1 is the button
Seat 1: xcinaz ($271.25 in chips) 
Seat 2: Lucastitos ($105.58 in chips) 
Seat 3: rafaelleadeb ($56.44 in chips) 
Seat 4: MoRsCeReBruM ($144.09 in chips) 
Seat 5: IREQO ($104.15 in chips) 
Seat 6: michasia ($112.08 in chips) 
Lucastitos: posts small blind $0.50
rafaelleadeb: posts big blind $1
*** HOLE CARDS ***
MoRsCeReBruM: folds 
IREQO: raises $1.50 to $2.50
michasia: folds 
xcinaz: raises $5.50 to $8
Lucastitos: folds 
rafaelleadeb: folds 
IREQO: raises $14 to $22
xcinaz: folds 
Uncalled bet ($14) returned to IREQO
IREQO collected $17.50 from pot
IREQO: doesn't show hand 
*** SUMMARY ***
Total pot $17.50 | Rake $0 
Seat 1: xcinaz (button) folded before Flop
Seat 2: Lucastitos (small blind) folded before Flop
Seat 3: rafaelleadeb (big blind) folded before Flop
Seat 4: MoRsCeReBruM folded before Flop (didn't bet)
Seat 5: IREQO collected ($17.50)
Seat 6: michasia folded before Flop (didn't bet)



PokerStars Hand #254336606103:  Hold'em No Limit ($0.50/$1.00 USD) - 2025/01/12 19:18:34 WET [2025/01/12 14:18:34 ET]
Table 'Aegle III' 6-max Seat #2 is the button
Seat 1: xcinaz ($263.25 in chips) 
Seat 2: Lucastitos ($105.08 in chips) 
Seat 3: rafaelleadeb ($55.44 in chips) 
Seat 4: MoRsCeReBruM ($144.09 in chips) 
Seat 5: IREQO ($113.65 in chips) 
Seat 6: michasia ($112.08 in chips) 
rafaelleadeb: posts small blind $0.50
MoRsCeReBruM: posts big blind $1
*** HOLE CARDS ***
IREQO: folds 
michasia: raises $1.60 to $2.60
xcinaz: folds 
Lucastitos: folds 
rafaelleadeb: folds 
MoRsCeReBruM: folds 
Uncalled bet ($1.60) returned to michasia
michasia collected $2.50 from pot
michasia: doesn't show hand 
*** SUMMARY ***
Total pot $2.50 | Rake $0 
Seat 1: xcinaz folded before Flop (didn't bet)
Seat 2: Lucastitos (button) folded before Flop (didn't bet)
Seat 3: rafaelleadeb (small blind) folded before Flop
Seat 4: MoRsCeReBruM (big blind) folded before Flop
Seat 5: IREQO folded before Flop (didn't bet)
Seat 6: michasia collected ($2.50)



PokerStars Hand #254336614585:  Hold'em No Limit ($0.50/$1.00 USD) - 2025/01/12 19:18:56 WET [2025/01/12 14:18:56 ET]
Table 'Aegle III' 6-max Seat #3 is the button
Seat 1: xcinaz ($263.25 in chips) 
Seat 2: Lucastitos ($105.08 in chips) 
Seat 3: rafaelleadeb ($54.94 in chips) 
Seat 4: MoRsCeReBruM ($143.09 in chips) 
Seat 5: IREQO ($113.65 in chips) 
Seat 6: michasia ($113.58 in chips) 
MoRsCeReBruM: posts small blind $0.50
IREQO: posts big blind $1
*** HOLE CARDS ***
michasia: raises $1.60 to $2.60
xcinaz: folds 
Lucastitos: folds 
rafaelleadeb: folds 
MoRsCeReBruM: folds 
IREQO: folds 
Uncalled bet ($1.60) returned to michasia
michasia collected $2.50 from pot
michasia: doesn't show hand 
*** SUMMARY ***
Total pot $2.50 | Rake $0 
Seat 1: xcinaz folded before Flop (didn't bet)
Seat 2: Lucastitos folded before Flop (didn't bet)
Seat 3: rafaelleadeb (button) folded before Flop (didn't bet)
Seat 4: MoRsCeReBruM (small blind) folded before Flop
Seat 5: IREQO (big blind) folded before Flop
Seat 6: michasia collected ($2.50)



PokerStars Hand #254336621288:  Hold'em No Limit ($0.50/$1.00 USD) - 2025/01/12 19:19:15 WET [2025/01/12 14:19:15 ET]
Table 'Aegle III' 6-max Seat #4 is the button
Seat 1: xcinaz ($263.25 in chips) 
Seat 2: Lucastitos ($105.08 in chips) 
Seat 3: rafaelleadeb ($54.94 in chips) 
Seat 4: MoRsCeReBruM ($142.59 in chips) 
Seat 5: IREQO ($112.65 in chips) 
Seat 6: michasia ($115.08 in chips) 
IREQO: posts small blind $0.50
michasia: posts big blind $1
*** HOLE CARDS ***
xcinaz: folds 
Lucastitos: folds 
rafaelleadeb: raises $2 to $3
MoRsCeReBruM: folds 
IREQO: folds 
michasia: raises $8 to $11
rafaelleadeb: calls $8
*** FLOP *** [3s Ts 3h]
michasia: bets $7.06
rafaelleadeb: folds 
Uncalled bet ($7.06) returned to michasia
michasia collected $21.38 from pot
michasia: doesn't show hand 
*** SUMMARY ***
Total pot $22.50 | Rake $1.12 
Board [3s Ts 3h]
Seat 1: xcinaz folded before Flop (didn't bet)
Seat 2: Lucastitos folded before Flop (didn't bet)
Seat 3: rafaelleadeb folded on the Flop
Seat 4: MoRsCeReBruM (button) folded before Flop (didn't bet)
Seat 5: IREQO (small blind) folded before Flop
Seat 6: michasia (big blind) collected ($21.38)



PokerStars Hand #254336631528:  Hold'em No Limit ($0.50/$1.00 USD) - 2025/01/12 19:19:42 WET [2025/01/12 14:19:42 ET]
Table 'Aegle III' 6-max Seat #5 is the button
Seat 1: xcinaz ($263.25 in chips) 
Seat 2: Lucastitos ($105.08 in chips) 
Seat 3: rafaelleadeb ($43.94 in chips) 
Seat 4: MoRsCeReBruM ($142.59 in chips) 
Seat 5: IREQO ($112.15 in chips) 
Seat 6: michasia ($125.46 in chips) 
michasia: posts small blind $0.50
xcinaz: posts big blind $1
*** HOLE CARDS ***
Lucastitos: folds 
rafaelleadeb: folds 
MoRsCeReBruM: folds 
IREQO: raises $1.50 to $2.50
michasia: folds 
xcinaz: folds 
Uncalled bet ($1.50) returned to IREQO
IREQO collected $2.50 from pot
IREQO: doesn't show hand 
*** SUMMARY ***
Total pot $2.50 | Rake $0 
Seat 1: xcinaz (big blind) folded before Flop
Seat 2: Lucastitos folded before Flop (didn't bet)
Seat 3: rafaelleadeb folded before Flop (didn't bet)
Seat 4: MoRsCeReBruM folded before Flop (didn't bet)
Seat 5: IREQO (button) collected ($2.50)
Seat 6: michasia (small blind) folded before Flop



PokerStars Hand #254336639039:  Hold'em No Limit ($0.50/$1.00 USD) - 2025/01/12 19:20:03 WET [2025/01/12 14:20:03 ET]
Table 'Aegle III' 6-max Seat #6 is the button
Seat 1: xcinaz ($262.25 in chips) 
Seat 2: Lucastitos ($105.08 in chips) 
Seat 3: rafaelleadeb ($43.94 in chips) 
Seat 4: MoRsCeReBruM ($142.59 in chips) 
Seat 5: IREQO ($113.65 in chips) 
Seat 6: michasia ($124.96 in chips) 
xcinaz: posts small blind $0.50
Lucastitos: posts big blind $1
*** HOLE CARDS ***
rafaelleadeb: calls $1
MoRsCeReBruM: folds 
IREQO: folds 
michasia: folds 
xcinaz: folds 
Lucastitos: checks 
*** FLOP *** [5d 8d 4c]
Lucastitos: bets $1
rafaelleadeb: raises $5.38 to $6.38
Lucastitos: calls $5.38
*** TURN *** [5d 8d 4c] [5s]
Lucastitos: checks 
rafaelleadeb: checks 
*** RIVER *** [5d 8d 4c 5s] [Jh]
Lucastitos: bets $39
rafaelleadeb: calls $36.56 and is all-in
Uncalled bet ($2.44) returned to Lucastitos
*** SHOW DOWN ***
Lucastitos: shows [9d 5c] (three of a kind, Fives)
rafaelleadeb: shows [Ts Th] (two pair, Tens and Fives)
Lucastitos collected $85.88 from pot
*** SUMMARY ***
Total pot $88.38 | Rake $2.50 
Board [5d 8d 4c 5s Jh]
Seat 1: xcinaz (small blind) folded before Flop
Seat 2: Lucastitos (big blind) showed [9d 5c] and won ($85.88) with three of a kind, Fives
Seat 3: rafaelleadeb showed [Ts Th] and lost with two pair, Tens and Fives
Seat 4: MoRsCeReBruM folded before Flop (didn't bet)
Seat 5: IREQO folded before Flop (didn't bet)
Seat 6: michasia (button) folded before Flop (didn't bet)



PokerStars Hand #254336660554:  Hold'em No Limit ($0.50/$1.00 USD) - 2025/01/12 19:21:01 WET [2025/01/12 14:21:01 ET]
Table 'Aegle III' 6-max Seat #1 is the button
Seat 3: rafaelleadeb ($0 in chips) is sitting out
Seat 1: xcinaz ($261.75 in chips) 
Seat 2: Lucastitos ($147.02 in chips) 
Seat 4: MoRsCeReBruM ($142.59 in chips) 
Seat 5: IREQO ($113.65 in chips) 
Seat 6: michasia ($124.96 in chips) 
Lucastitos: posts small blind $0.50
MoRsCeReBruM: posts big blind $1
*** HOLE CARDS ***
IREQO: folds 
michasia: folds 
rafaelleadeb leaves the table
xcinaz: folds 
Lucastitos: folds 
Uncalled bet ($0.50) returned to MoRsCeReBruM
MoRsCeReBruM collected $1 from pot
MoRsCeReBruM: doesn't show hand 
*** SUMMARY ***
Total pot $1 | Rake $0 
Seat 3: rafaelleadeb
Seat 1: xcinaz (button) folded before Flop (didn't bet)
Seat 2: Lucastitos (small blind) folded before Flop
Seat 4: MoRsCeReBruM (big blind) collected ($1)
Seat 5: IREQO folded before Flop (didn't bet)
Seat 6: michasia folded before Flop (didn't bet)



PokerStars Hand #254336667373:  Hold'em No Limit ($0.50/$1.00 USD) - 2025/01/12 19:21:19 WET [2025/01/12 14:21:19 ET]
Table 'Aegle III' 6-max Seat #2 is the button
Seat 5: IREQO ($113.65 in chips) is sitting out
Seat 1: xcinaz ($261.75 in chips) 
Seat 2: Lucastitos ($146.52 in chips) 
Seat 4: MoRsCeReBruM ($143.09 in chips) 
Seat 6: michasia ($124.96 in chips) 
MoRsCeReBruM: posts small blind $0.50
IREQO: is sitting out 
michasia: posts big blind $1
*** HOLE CARDS ***
xcinaz: folds 
Lucastitos: folds 
MoRsCeReBruM: folds 
Uncalled bet ($0.50) returned to michasia
michasia collected $1 from pot
michasia: doesn't show hand 
*** SUMMARY ***
Total pot $1 | Rake $0 
Seat 5: IREQO
Seat 1: xcinaz folded before Flop (didn't bet)
Seat 2: Lucastitos (button) folded before Flop (didn't bet)
Seat 4: MoRsCeReBruM (small blind) folded before Flop
Seat 6: michasia (big blind) collected ($1)



