PokerStars Hand #254333479334:  Hold'em No Limit ($0.50/$1.00 USD) - 2025/01/12 17:10:04 WET [2025/01/12 12:10:04 ET]
Table 'Cottrell II' 6-max Seat #6 is the button
Seat 5: EAroca ($100 in chips) 
Seat 6: Desverdi ($10.90 in chips) 
Desverdi: posts small blind $0.50
EAroca: posts big blind $1
*** HOLE CARDS ***
Desverdi: raises $9.90 to $10.90 and is all-in
EAroca: folds 
Uncalled bet ($9.90) returned to Desverdi
Desverdi collected $2 from pot
*** SUMMARY ***
Total pot $2 | Rake $0 
Seat 5: EAroca (big blind) folded before Flop
Seat 6: Desverdi (button) (small blind) collected ($2)



PokerStars Hand #254333482389:  Hold'em No Limit ($0.50/$1.00 USD) - 2025/01/12 17:10:14 WET [2025/01/12 12:10:14 ET]
Table 'Cottrell II' 6-max Seat #5 is the button
Seat 5: EAroca ($100 in chips) 
Seat 6: Desverdi ($11.90 in chips) 
EAroca: posts small blind $0.50
Desverdi: posts big blind $1
*** HOLE CARDS ***
EAroca: folds 
Uncalled bet ($0.50) returned to Desverdi
Desverdi collected $1 from pot
Desverdi: doesn't show hand 
*** SUMMARY ***
Total pot $1 | Rake $0 
Seat 5: EAroca (button) (small blind) folded before Flop
Seat 6: Desverdi (big blind) collected ($1)



PokerStars Hand #254333977408:  Hold'em No Limit ($0.50/$1.00 USD) - 2025/01/12 17:34:46 WET [2025/01/12 12:34:46 ET]
Table 'Cottrell II' 6-max Seat #1 is the button
Seat 1: Kristo 914 ($100 in chips) 
Seat 2: ptolejmus ($10 in chips) 
Seat 4: mattwut1 ($100 in chips) 
ptolejmus: posts small blind $0.50
mattwut1: posts big blind $1
*** HOLE CARDS ***
Kristo 914: folds 
ptolejmus: raises $9 to $10 and is all-in
mattwut1: folds 
Uncalled bet ($9) returned to ptolejmus
ptolejmus collected $2 from pot
*** SUMMARY ***
Total pot $2 | Rake $0 
Seat 1: Kristo 914 (button) folded before Flop (didn't bet)
Seat 2: ptolejmus (small blind) collected ($2)
Seat 4: mattwut1 (big blind) folded before Flop



PokerStars Hand #254333982588:  Hold'em No Limit ($0.50/$1.00 USD) - 2025/01/12 17:35:01 WET [2025/01/12 12:35:01 ET]
Table 'Cottrell II' 6-max Seat #2 is the button
Seat 1: Kristo 914 ($100 in chips) 
Seat 2: ptolejmus ($11 in chips) 
Seat 4: mattwut1 ($100 in chips) 
mattwut1: posts small blind $0.50
Kristo 914: posts big blind $1
*** HOLE CARDS ***
ptolejmus: raises $10 to $11 and is all-in
mattwut1: folds 
Kristo 914: folds 
Uncalled bet ($10) returned to ptolejmus
ptolejmus collected $2.50 from pot
*** SUMMARY ***
Total pot $2.50 | Rake $0 
Seat 1: Kristo 914 (big blind) folded before Flop
Seat 2: ptolejmus (button) collected ($2.50)
Seat 4: mattwut1 (small blind) folded before Flop



PokerStars Hand #254333988854:  Hold'em No Limit ($0.50/$1.00 USD) - 2025/01/12 17:35:19 WET [2025/01/12 12:35:19 ET]
Table 'Cottrell II' 6-max Seat #4 is the button
Seat 1: Kristo 914 ($100 in chips) 
Seat 2: ptolejmus ($12.50 in chips) 
Seat 4: mattwut1 ($100 in chips) 
Kristo 914: posts small blind $0.50
ptolejmus: posts big blind $1
*** HOLE CARDS ***
mattwut1 has timed out
mattwut1: folds 
Kristo 914: folds 
Uncalled bet ($0.50) returned to ptolejmus
ptolejmus collected $1 from pot
*** SUMMARY ***
Total pot $1 | Rake $0 
Seat 1: Kristo 914 (small blind) folded before Flop
Seat 2: ptolejmus (big blind) collected ($1)
Seat 4: mattwut1 (button) folded before Flop (didn't bet)



PokerStars Hand #254333994900:  Hold'em No Limit ($0.50/$1.00 USD) - 2025/01/12 17:35:36 WET [2025/01/12 12:35:36 ET]
Table 'Cottrell II' 6-max Seat #1 is the button
Seat 1: Kristo 914 ($100 in chips) 
Seat 2: ptolejmus ($13 in chips) 
Seat 4: mattwut1 ($100 in chips) 
ptolejmus: posts small blind $0.50
mattwut1: posts big blind $1
*** HOLE CARDS ***
Kristo 914: raises $1.40 to $2.40
ptolejmus: folds 
mattwut1: calls $1.40
*** FLOP *** [5s 4d 5c]
mattwut1: checks 
Kristo 914: bets $1.13
mattwut1: calls $1.13
*** TURN *** [5s 4d 5c] [8d]
mattwut1: bets $2.37
Kristo 914: folds 
Uncalled bet ($2.37) returned to mattwut1
mattwut1 collected $7.18 from pot
mattwut1: doesn't show hand 
*** SUMMARY ***
Total pot $7.56 | Rake $0.38 
Board [5s 4d 5c 8d]
Seat 1: Kristo 914 (button) folded on the Turn
Seat 2: ptolejmus (small blind) folded before Flop
Seat 4: mattwut1 (big blind) collected ($7.18)



PokerStars Hand #254334198548:  Hold'em No Limit ($0.50/$1.00 USD) - 2025/01/12 17:45:19 WET [2025/01/12 12:45:19 ET]
Table 'Cottrell II' 6-max Seat #2 is the button
Seat 1: sittingbul46 ($10 in chips) 
Seat 2: ptolejmus ($12.50 in chips) 
Seat 3: blistein ($100 in chips) 
Seat 4: Pippa83 ($100 in chips) 
Seat 5: NOTfishON ($100 in chips) 
blistein: posts small blind $0.50
Pippa83: posts big blind $1
*** HOLE CARDS ***
NOTfishON: raises $2 to $3
sittingbul46: folds 
sittingbul46 leaves the table
ptolejmus: folds 
blistein: folds 
Pippa83: folds 
Uncalled bet ($2) returned to NOTfishON
NOTfishON collected $2.50 from pot
*** SUMMARY ***
Total pot $2.50 | Rake $0 
Seat 1: sittingbul46 folded before Flop (didn't bet)
Seat 2: ptolejmus (button) folded before Flop (didn't bet)
Seat 3: blistein (small blind) folded before Flop
Seat 4: Pippa83 (big blind) folded before Flop
Seat 5: NOTfishON collected ($2.50)



PokerStars Hand #254334205735:  Hold'em No Limit ($0.50/$1.00 USD) - 2025/01/12 17:45:39 WET [2025/01/12 12:45:39 ET]
Table 'Cottrell II' 6-max Seat #3 is the button
Seat 2: ptolejmus ($12.50 in chips) 
Seat 3: blistein ($100 in chips) 
Seat 4: Pippa83 ($100 in chips) 
Seat 5: NOTfishON ($101.50 in chips) 
Pippa83: posts small blind $0.50
NOTfishON: posts big blind $1
*** HOLE CARDS ***
ptolejmus: folds 
blistein: raises $1.50 to $2.50
Pippa83: folds 
NOTfishON: folds 
Uncalled bet ($1.50) returned to blistein
blistein collected $2.50 from pot
blistein: doesn't show hand 
*** SUMMARY ***
Total pot $2.50 | Rake $0 
Seat 2: ptolejmus folded before Flop (didn't bet)
Seat 3: blistein (button) collected ($2.50)
Seat 4: Pippa83 (small blind) folded before Flop
Seat 5: NOTfishON (big blind) folded before Flop



PokerStars Hand #254334210950:  Hold'em No Limit ($0.50/$1.00 USD) - 2025/01/12 17:45:54 WET [2025/01/12 12:45:54 ET]
Table 'Cottrell II' 6-max Seat #4 is the button
Seat 2: ptolejmus ($12.50 in chips) 
Seat 3: blistein ($101.50 in chips) 
Seat 4: Pippa83 ($100 in chips) 
Seat 5: NOTfishON ($100.50 in chips) 
NOTfishON: posts small blind $0.50
ptolejmus: posts big blind $1
*** HOLE CARDS ***
blistein: folds 
Pippa83: folds 
NOTfishON: raises $2 to $3
ptolejmus: folds 
Uncalled bet ($2) returned to NOTfishON
NOTfishON collected $2 from pot
*** SUMMARY ***
Total pot $2 | Rake $0 
Seat 2: ptolejmus (big blind) folded before Flop
Seat 3: blistein folded before Flop (didn't bet)
Seat 4: Pippa83 (button) folded before Flop (didn't bet)
Seat 5: NOTfishON (small blind) collected ($2)



PokerStars Hand #254334216717:  Hold'em No Limit ($0.50/$1.00 USD) - 2025/01/12 17:46:11 WET [2025/01/12 12:46:11 ET]
Table 'Cottrell II' 6-max Seat #5 is the button
Seat 2: ptolejmus ($11.50 in chips) 
Seat 3: blistein ($101.50 in chips) 
Seat 4: Pippa83 ($100 in chips) 
Seat 5: NOTfishON ($101.50 in chips) 
ptolejmus: posts small blind $0.50
blistein: posts big blind $1
*** HOLE CARDS ***
Pippa83: folds 
NOTfishON: folds 
ptolejmus: folds 
Uncalled bet ($0.50) returned to blistein
Pippa83 leaves the table
blistein collected $1 from pot
blistein: doesn't show hand 
*** SUMMARY ***
Total pot $1 | Rake $0 
Seat 2: ptolejmus (small blind) folded before Flop
Seat 3: blistein (big blind) collected ($1)
Seat 4: Pippa83 folded before Flop (didn't bet)
Seat 5: NOTfishON (button) folded before Flop (didn't bet)



