PokerStars Hand #254340976336:  Hold'em No Limit ($0.50/$1.00 USD) - 2025/01/12 22:33:08 WET [2025/01/12 17:33:08 ET]
Table 'Bernhard II' 6-max Seat #3 is the button
Seat 2: Alinyr ($100 in chips) is sitting out
Seat 6: Becar_06 ($100 in chips) is sitting out
Seat 1: nikalas22 ($101.50 in chips) 
Seat 3: Xenicide ($100 in chips) 
Seat 4: 1fudihara ($99 in chips) 
Seat 5: Kristo 914 ($202.14 in chips) 
1fudihara: posts small blind $0.50
Kristo 914: posts big blind $1
Becar_06: sits out 
Alinyr: sits out 
*** HOLE CARDS ***
nikalas22: raises $1.50 to $2.50
Xenicide: raises $4.50 to $7
1fudihara: folds 
Kristo 914: raises $13 to $20
nikalas22: folds 
Xenicide: folds 
Uncalled bet ($13) returned to Kristo 914
Kristo 914 collected $17 from pot
Kristo 914: doesn't show hand 
*** SUMMARY ***
Total pot $17 | Rake $0 
Seat 2: Alinyr
Seat 6: Becar_06
Seat 1: nikalas22 folded before Flop
Seat 3: Xenicide (button) folded before Flop
Seat 4: 1fudihara (small blind) folded before Flop
Seat 5: Kristo 914 (big blind) collected ($17)



PokerStars Hand #254340990980:  Hold'em No Limit ($0.50/$1.00 USD) - 2025/01/12 22:33:49 WET [2025/01/12 17:33:49 ET]
Table 'Bernhard II' 6-max Seat #4 is the button
Seat 2: Alinyr ($100 in chips) is sitting out
Seat 1: nikalas22 ($100 in chips) 
Seat 3: Xenicide ($100 in chips) 
Seat 4: 1fudihara ($98.50 in chips) 
Seat 5: Kristo 914 ($212.14 in chips) 
Seat 6: Becar_06 ($100 in chips) 
Kristo 914: posts small blind $0.50
Becar_06: posts big blind $1
Alinyr: sits out 
*** HOLE CARDS ***
nikalas22: folds 
Xenicide: folds 
1fudihara: raises $2 to $3
Kristo 914: folds 
Becar_06: folds 
Uncalled bet ($2) returned to 1fudihara
1fudihara collected $2.50 from pot
1fudihara: doesn't show hand 
*** SUMMARY ***
Total pot $2.50 | Rake $0 
Seat 2: Alinyr
Seat 1: nikalas22 folded before Flop (didn't bet)
Seat 3: Xenicide folded before Flop (didn't bet)
Seat 4: 1fudihara (button) collected ($2.50)
Seat 5: Kristo 914 (small blind) folded before Flop
Seat 6: Becar_06 (big blind) folded before Flop



PokerStars Hand #254340996237:  Hold'em No Limit ($0.50/$1.00 USD) - 2025/01/12 22:34:03 WET [2025/01/12 17:34:03 ET]
Table 'Bernhard II' 6-max Seat #5 is the button
Seat 2: Alinyr ($100 in chips) is sitting out
Seat 1: nikalas22 ($100 in chips) 
Seat 3: Xenicide ($100 in chips) 
Seat 4: 1fudihara ($100 in chips) 
Seat 5: Kristo 914 ($211.64 in chips) 
Seat 6: Becar_06 ($100 in chips) 
Becar_06: posts small blind $0.50
nikalas22: posts big blind $1
Alinyr: sits out 
*** HOLE CARDS ***
Xenicide: folds 
1fudihara: folds 
Kristo 914: folds 
Becar_06: raises $2 to $3
nikalas22: calls $2
*** FLOP *** [Js 4c Jd]
Becar_06: checks 
nikalas22: bets $1.71
Becar_06: calls $1.71
*** TURN *** [Js 4c Jd] [4s]
Becar_06: checks 
nikalas22: checks 
*** RIVER *** [Js 4c Jd 4s] [7c]
Becar_06: checks 
nikalas22: checks 
*** SHOW DOWN ***
Becar_06: shows [8c 8d] (two pair, Jacks and Eights)
nikalas22: mucks hand 
Becar_06 collected $8.95 from pot
*** SUMMARY ***
Total pot $9.42 | Rake $0.47 
Board [Js 4c Jd 4s 7c]
Seat 2: Alinyr
Seat 1: nikalas22 (big blind) mucked
Seat 3: Xenicide folded before Flop (didn't bet)
Seat 4: 1fudihara folded before Flop (didn't bet)
Seat 5: Kristo 914 (button) folded before Flop (didn't bet)
Seat 6: Becar_06 (small blind) showed [8c 8d] and won ($8.95) with two pair, Jacks and Eights



PokerStars Hand #254341023013:  Hold'em No Limit ($0.50/$1.00 USD) - 2025/01/12 22:35:19 WET [2025/01/12 17:35:19 ET]
Table 'Bernhard II' 6-max Seat #6 is the button
Seat 1: nikalas22 ($100 in chips) 
Seat 2: Alinyr ($100 in chips) 
Seat 3: Xenicide ($100 in chips) 
Seat 4: 1fudihara ($100 in chips) 
Seat 5: Kristo 914 ($211.64 in chips) 
Seat 6: Becar_06 ($104.24 in chips) 
nikalas22: posts small blind $0.50
Alinyr: posts big blind $1
*** HOLE CARDS ***
Xenicide: folds 
1fudihara: raises $1.50 to $2.50
Kristo 914: folds 
Becar_06: folds 
nikalas22: raises $9.50 to $12
Alinyr: folds 
1fudihara: calls $9.50
*** FLOP *** [Jc 5h 9h]
nikalas22: bets $17.81
1fudihara: calls $17.81
*** TURN *** [Jc 5h 9h] [9d]
nikalas22: bets $29.06
1fudihara: raises $41.13 to $70.19 and is all-in
nikalas22: calls $41.13 and is all-in
*** RIVER *** [Jc 5h 9h 9d] [7c]
*** SHOW DOWN ***
nikalas22: shows [Jd Ah] (two pair, Jacks and Nines)
1fudihara: shows [5c 4c] (two pair, Nines and Fives)
nikalas22 collected $198.50 from pot
*** SUMMARY ***
Total pot $201 | Rake $2.50 
Board [Jc 5h 9h 9d 7c]
Seat 1: nikalas22 (small blind) showed [Jd Ah] and won ($198.50) with two pair, Jacks and Nines
Seat 2: Alinyr (big blind) folded before Flop
Seat 3: Xenicide folded before Flop (didn't bet)
Seat 4: 1fudihara showed [5c 4c] and lost with two pair, Nines and Fives
Seat 5: Kristo 914 folded before Flop (didn't bet)
Seat 6: Becar_06 (button) folded before Flop (didn't bet)



PokerStars Hand #254341037529:  Hold'em No Limit ($0.50/$1.00 USD) - 2025/01/12 22:36:01 WET [2025/01/12 17:36:01 ET]
Table 'Bernhard II' 6-max Seat #1 is the button
Seat 4: 1fudihara ($0 in chips) is sitting out
Seat 1: nikalas22 ($198.50 in chips) 
Seat 2: Alinyr ($100 in chips) 
Seat 3: Xenicide ($100 in chips) 
Seat 5: Kristo 914 ($211.64 in chips) 
Seat 6: Becar_06 ($104.24 in chips) 
Alinyr: posts small blind $0.50
Xenicide: posts big blind $1
*** HOLE CARDS ***
Kristo 914: folds 
Becar_06: raises $1.30 to $2.30
nikalas22: folds 
Alinyr: folds 
Xenicide: folds 
Uncalled bet ($1.30) returned to Becar_06
Becar_06 collected $2.50 from pot
*** SUMMARY ***
Total pot $2.50 | Rake $0 
Seat 4: 1fudihara
Seat 1: nikalas22 (button) folded before Flop (didn't bet)
Seat 2: Alinyr (small blind) folded before Flop
Seat 3: Xenicide (big blind) folded before Flop
Seat 5: Kristo 914 folded before Flop (didn't bet)
Seat 6: Becar_06 collected ($2.50)



PokerStars Hand #254341047071:  Hold'em No Limit ($0.50/$1.00 USD) - 2025/01/12 22:36:27 WET [2025/01/12 17:36:27 ET]
Table 'Bernhard II' 6-max Seat #2 is the button
Seat 4: 1fudihara ($0 in chips) is sitting out
Seat 1: nikalas22 ($198.50 in chips) 
Seat 2: Alinyr ($100 in chips) 
Seat 3: Xenicide ($100 in chips) 
Seat 5: Kristo 914 ($211.64 in chips) 
Seat 6: Becar_06 ($105.74 in chips) 
Xenicide: posts small blind $0.50
Kristo 914: posts big blind $1
*** HOLE CARDS ***
Becar_06: raises $1.20 to $2.20
nikalas22: folds 
Alinyr: folds 
Xenicide: folds 
Kristo 914: folds 
Uncalled bet ($1.20) returned to Becar_06
Becar_06 collected $2.50 from pot
*** SUMMARY ***
Total pot $2.50 | Rake $0 
Seat 4: 1fudihara
Seat 1: nikalas22 folded before Flop (didn't bet)
Seat 2: Alinyr (button) folded before Flop (didn't bet)
Seat 3: Xenicide (small blind) folded before Flop
Seat 5: Kristo 914 (big blind) folded before Flop
Seat 6: Becar_06 collected ($2.50)



PokerStars Hand #254341053052:  Hold'em No Limit ($0.50/$1.00 USD) - 2025/01/12 22:36:45 WET [2025/01/12 17:36:45 ET]
Table 'Bernhard II' 6-max Seat #3 is the button
Seat 4: 1fudihara ($0 in chips) is sitting out
Seat 1: nikalas22 ($198.50 in chips) 
Seat 2: Alinyr ($100 in chips) 
Seat 3: Xenicide ($100 in chips) 
Seat 5: Kristo 914 ($210.64 in chips) 
Seat 6: Becar_06 ($107.24 in chips) 
Kristo 914: posts small blind $0.50
Becar_06: posts big blind $1
*** HOLE CARDS ***
nikalas22: folds 
Alinyr: folds 
Xenicide: raises $1.25 to $2.25
Kristo 914: raises $8.75 to $11
Becar_06: folds 
Xenicide: calls $8.75
*** FLOP *** [Qc Td Th]
Kristo 914: bets $6.34
Xenicide: folds 
Uncalled bet ($6.34) returned to Kristo 914
Kristo 914 collected $21.85 from pot
Kristo 914: doesn't show hand 
*** SUMMARY ***
Total pot $23 | Rake $1.15 
Board [Qc Td Th]
Seat 4: 1fudihara
Seat 1: nikalas22 folded before Flop (didn't bet)
Seat 2: Alinyr folded before Flop (didn't bet)
Seat 3: Xenicide (button) folded on the Flop
Seat 5: Kristo 914 (small blind) collected ($21.85)
Seat 6: Becar_06 (big blind) folded before Flop



PokerStars Hand #254341070743:  Hold'em No Limit ($0.50/$1.00 USD) - 2025/01/12 22:37:34 WET [2025/01/12 17:37:34 ET]
Table 'Bernhard II' 6-max Seat #5 is the button
Seat 1: nikalas22 ($198.50 in chips) 
Seat 2: Alinyr ($100 in chips) 
Seat 3: Xenicide ($100 in chips) 
Seat 4: 1fudihara ($100 in chips) 
Seat 5: Kristo 914 ($221.49 in chips) 
Seat 6: Becar_06 ($106.24 in chips) 
Becar_06: posts small blind $0.50
nikalas22: posts big blind $1
1fudihara: posts small & big blinds $1.50
*** HOLE CARDS ***
Alinyr: folds 
Xenicide: folds 
1fudihara: raises $1 to $2
Kristo 914: folds 
Becar_06: folds 
nikalas22: calls $1
*** FLOP *** [Kc 5s 2s]
nikalas22: checks 
1fudihara: bets $2.14
nikalas22: calls $2.14
*** TURN *** [Kc 5s 2s] [3s]
nikalas22: checks 
1fudihara: checks 
*** RIVER *** [Kc 5s 2s 3s] [9c]
nikalas22: checks 
1fudihara: checks 
*** SHOW DOWN ***
nikalas22: shows [7c 7s] (a pair of Sevens)
1fudihara: mucks hand 
nikalas22 collected $8.82 from pot
*** SUMMARY ***
Total pot $9.28 | Rake $0.46 
Board [Kc 5s 2s 3s 9c]
Seat 1: nikalas22 (big blind) showed [7c 7s] and won ($8.82) with a pair of Sevens
Seat 2: Alinyr folded before Flop (didn't bet)
Seat 3: Xenicide folded before Flop (didn't bet)
Seat 4: 1fudihara mucked
Seat 5: Kristo 914 (button) folded before Flop (didn't bet)
Seat 6: Becar_06 (small blind) folded before Flop



PokerStars Hand #254341082643:  Hold'em No Limit ($0.50/$1.00 USD) - 2025/01/12 22:38:08 WET [2025/01/12 17:38:08 ET]
Table 'Bernhard II' 6-max Seat #6 is the button
Seat 1: nikalas22 ($203.18 in chips) 
Seat 2: Alinyr ($100 in chips) 
Seat 3: Xenicide ($100 in chips) 
Seat 4: 1fudihara ($95.36 in chips) 
Seat 5: Kristo 914 ($221.49 in chips) 
Seat 6: Becar_06 ($105.74 in chips) 
nikalas22: posts small blind $0.50
Alinyr: posts big blind $1
*** HOLE CARDS ***
Xenicide: folds 
1fudihara: raises $1.50 to $2.50
Kristo 914: folds 
Becar_06: folds 
nikalas22: folds 
Alinyr: raises $10.50 to $13
1fudihara: raises $82.36 to $95.36 and is all-in
Alinyr: folds 
Uncalled bet ($82.36) returned to 1fudihara
1fudihara collected $26.50 from pot
1fudihara: doesn't show hand 
*** SUMMARY ***
Total pot $26.50 | Rake $0 
Seat 1: nikalas22 (small blind) folded before Flop
Seat 2: Alinyr (big blind) folded before Flop
Seat 3: Xenicide folded before Flop (didn't bet)
Seat 4: 1fudihara collected ($26.50)
Seat 5: Kristo 914 folded before Flop (didn't bet)
Seat 6: Becar_06 (button) folded before Flop (didn't bet)



PokerStars Hand #254341094966:  Hold'em No Limit ($0.50/$1.00 USD) - 2025/01/12 22:38:44 WET [2025/01/12 17:38:44 ET]
Table 'Bernhard II' 6-max Seat #1 is the button
Seat 1: nikalas22 ($202.68 in chips) 
Seat 2: Alinyr ($100 in chips) 
Seat 3: Xenicide ($100 in chips) 
Seat 4: 1fudihara ($108.86 in chips) 
Seat 5: Kristo 914 ($221.49 in chips) 
Seat 6: Becar_06 ($105.74 in chips) 
Alinyr: posts small blind $0.50
Xenicide: posts big blind $1
*** HOLE CARDS ***
1fudihara: raises $1.50 to $2.50
Kristo 914: folds 
Becar_06: folds 
nikalas22: folds 
Alinyr: folds 
Xenicide: folds 
Uncalled bet ($1.50) returned to 1fudihara
1fudihara collected $2.50 from pot
1fudihara: doesn't show hand 
*** SUMMARY ***
Total pot $2.50 | Rake $0 
Seat 1: nikalas22 (button) folded before Flop (didn't bet)
Seat 2: Alinyr (small blind) folded before Flop
Seat 3: Xenicide (big blind) folded before Flop
Seat 4: 1fudihara collected ($2.50)
Seat 5: Kristo 914 folded before Flop (didn't bet)
Seat 6: Becar_06 folded before Flop (didn't bet)



PokerStars Hand #254341102694:  Hold'em No Limit ($0.50/$1.00 USD) - 2025/01/12 22:39:06 WET [2025/01/12 17:39:06 ET]
Table 'Bernhard II' 6-max Seat #2 is the button
Seat 1: nikalas22 ($202.68 in chips) 
Seat 2: Alinyr ($100 in chips) 
Seat 3: Xenicide ($100 in chips) 
Seat 4: 1fudihara ($110.36 in chips) 
Seat 5: Kristo 914 ($221.49 in chips) 
Seat 6: Becar_06 ($105.74 in chips) 
Xenicide: posts small blind $0.50
1fudihara: posts big blind $1
*** HOLE CARDS ***
Kristo 914: folds 
Becar_06: folds 
nikalas22: folds 
Alinyr: folds 
Xenicide: folds 
Uncalled bet ($0.50) returned to 1fudihara
1fudihara collected $1 from pot
1fudihara: doesn't show hand 
*** SUMMARY ***
Total pot $1 | Rake $0 
Seat 1: nikalas22 folded before Flop (didn't bet)
Seat 2: Alinyr (button) folded before Flop (didn't bet)
Seat 3: Xenicide (small blind) folded before Flop
Seat 4: 1fudihara (big blind) collected ($1)
Seat 5: Kristo 914 folded before Flop (didn't bet)
Seat 6: Becar_06 folded before Flop (didn't bet)



PokerStars Hand #254341107467:  Hold'em No Limit ($0.50/$1.00 USD) - 2025/01/12 22:39:19 WET [2025/01/12 17:39:19 ET]
Table 'Bernhard II' 6-max Seat #3 is the button
Seat 1: nikalas22 ($202.68 in chips) 
Seat 2: Alinyr ($100 in chips) 
Seat 3: Xenicide ($100 in chips) 
Seat 4: 1fudihara ($110.86 in chips) 
Seat 5: Kristo 914 ($221.49 in chips) 
Seat 6: Becar_06 ($105.74 in chips) 
1fudihara: posts small blind $0.50
Kristo 914: posts big blind $1
*** HOLE CARDS ***
Becar_06: raises $1.20 to $2.20
nikalas22: folds 
Alinyr: folds 
Xenicide: folds 
1fudihara: calls $1.70
Kristo 914: folds 
*** FLOP *** [Js 3s Kc]
1fudihara: checks 
Becar_06: checks 
*** TURN *** [Js 3s Kc] [5s]
1fudihara: bets $3
Becar_06: folds 
Uncalled bet ($3) returned to 1fudihara
1fudihara collected $5.13 from pot
1fudihara: doesn't show hand 
*** SUMMARY ***
Total pot $5.40 | Rake $0.27 
Board [Js 3s Kc 5s]
Seat 1: nikalas22 folded before Flop (didn't bet)
Seat 2: Alinyr folded before Flop (didn't bet)
Seat 3: Xenicide (button) folded before Flop (didn't bet)
Seat 4: 1fudihara (small blind) collected ($5.13)
Seat 5: Kristo 914 (big blind) folded before Flop
Seat 6: Becar_06 folded on the Turn



PokerStars Hand #254341120571:  Hold'em No Limit ($0.50/$1.00 USD) - 2025/01/12 22:39:57 WET [2025/01/12 17:39:57 ET]
Table 'Bernhard II' 6-max Seat #4 is the button
Seat 1: nikalas22 ($202.68 in chips) 
Seat 2: Alinyr ($100 in chips) 
Seat 3: Xenicide ($100 in chips) 
Seat 4: 1fudihara ($113.79 in chips) 
Seat 5: Kristo 914 ($220.49 in chips) 
Seat 6: Becar_06 ($103.54 in chips) 
Kristo 914: posts small blind $0.50
Becar_06: posts big blind $1
*** HOLE CARDS ***
nikalas22: raises $1.50 to $2.50
Alinyr: folds 
Xenicide: folds 
1fudihara: folds 
Kristo 914: folds 
Becar_06: folds 
Uncalled bet ($1.50) returned to nikalas22
nikalas22 collected $2.50 from pot
nikalas22: doesn't show hand 
*** SUMMARY ***
Total pot $2.50 | Rake $0 
Seat 1: nikalas22 collected ($2.50)
Seat 2: Alinyr folded before Flop (didn't bet)
Seat 3: Xenicide folded before Flop (didn't bet)
Seat 4: 1fudihara (button) folded before Flop (didn't bet)
Seat 5: Kristo 914 (small blind) folded before Flop
Seat 6: Becar_06 (big blind) folded before Flop



PokerStars Hand #254341128097:  Hold'em No Limit ($0.50/$1.00 USD) - 2025/01/12 22:40:19 WET [2025/01/12 17:40:19 ET]
Table 'Bernhard II' 6-max Seat #5 is the button
Seat 1: nikalas22 ($204.18 in chips) 
Seat 2: Alinyr ($100 in chips) 
Seat 3: Xenicide ($100 in chips) 
Seat 4: 1fudihara ($113.79 in chips) 
Seat 5: Kristo 914 ($219.99 in chips) 
Seat 6: Becar_06 ($102.54 in chips) 
Becar_06: posts small blind $0.50
nikalas22: posts big blind $1
*** HOLE CARDS ***
Alinyr: folds 
Xenicide: folds 
1fudihara: folds 
Kristo 914: folds 
Becar_06: folds 
Uncalled bet ($0.50) returned to nikalas22
nikalas22 collected $1 from pot
nikalas22: doesn't show hand 
*** SUMMARY ***
Total pot $1 | Rake $0 
Seat 1: nikalas22 (big blind) collected ($1)
Seat 2: Alinyr folded before Flop (didn't bet)
Seat 3: Xenicide folded before Flop (didn't bet)
Seat 4: 1fudihara folded before Flop (didn't bet)
Seat 5: Kristo 914 (button) folded before Flop (didn't bet)
Seat 6: Becar_06 (small blind) folded before Flop



PokerStars Hand #254341131647:  Hold'em No Limit ($0.50/$1.00 USD) - 2025/01/12 22:40:29 WET [2025/01/12 17:40:29 ET]
Table 'Bernhard II' 6-max Seat #6 is the button
Seat 1: nikalas22 ($204.68 in chips) 
Seat 2: Alinyr ($100 in chips) 
Seat 3: Xenicide ($100 in chips) 
Seat 4: 1fudihara ($113.79 in chips) 
Seat 5: Kristo 914 ($219.99 in chips) 
Seat 6: Becar_06 ($102.04 in chips) 
nikalas22: posts small blind $0.50
Alinyr: posts big blind $1
*** HOLE CARDS ***
Xenicide: folds 
1fudihara: folds 
Kristo 914: folds 
Becar_06: raises $1.50 to $2.50
nikalas22: folds 
Alinyr: raises $10.50 to $13
Becar_06: folds 
Uncalled bet ($10.50) returned to Alinyr
Alinyr collected $5.50 from pot
Alinyr: doesn't show hand 
*** SUMMARY ***
Total pot $5.50 | Rake $0 
Seat 1: nikalas22 (small blind) folded before Flop
Seat 2: Alinyr (big blind) collected ($5.50)
Seat 3: Xenicide folded before Flop (didn't bet)
Seat 4: 1fudihara folded before Flop (didn't bet)
Seat 5: Kristo 914 folded before Flop (didn't bet)
Seat 6: Becar_06 (button) folded before Flop



PokerStars Hand #254341144132:  Hold'em No Limit ($0.50/$1.00 USD) - 2025/01/12 22:41:05 WET [2025/01/12 17:41:05 ET]
Table 'Bernhard II' 6-max Seat #1 is the button
Seat 1: nikalas22 ($204.18 in chips) 
Seat 2: Alinyr ($103 in chips) 
Seat 3: Xenicide ($100 in chips) 
Seat 4: 1fudihara ($113.79 in chips) 
Seat 5: Kristo 914 ($219.99 in chips) 
Seat 6: Becar_06 ($100 in chips) 
Alinyr: posts small blind $0.50
Xenicide: posts big blind $1
*** HOLE CARDS ***
1fudihara: folds 
Kristo 914: raises $1.40 to $2.40
Becar_06: folds 
nikalas22: folds 
Alinyr: folds 
Xenicide: folds 
Uncalled bet ($1.40) returned to Kristo 914
Kristo 914 collected $2.50 from pot
Kristo 914: doesn't show hand 
*** SUMMARY ***
Total pot $2.50 | Rake $0 
Seat 1: nikalas22 (button) folded before Flop (didn't bet)
Seat 2: Alinyr (small blind) folded before Flop
Seat 3: Xenicide (big blind) folded before Flop
Seat 4: 1fudihara folded before Flop (didn't bet)
Seat 5: Kristo 914 collected ($2.50)
Seat 6: Becar_06 folded before Flop (didn't bet)



PokerStars Hand #254341152383:  Hold'em No Limit ($0.50/$1.00 USD) - 2025/01/12 22:41:29 WET [2025/01/12 17:41:29 ET]
Table 'Bernhard II' 6-max Seat #2 is the button
Seat 1: nikalas22 ($204.18 in chips) 
Seat 2: Alinyr ($102.50 in chips) 
Seat 3: Xenicide ($100 in chips) 
Seat 4: 1fudihara ($113.79 in chips) 
Seat 5: Kristo 914 ($221.49 in chips) 
Seat 6: Becar_06 ($100 in chips) 
Xenicide: posts small blind $0.50
1fudihara: posts big blind $1
*** HOLE CARDS ***
Kristo 914: folds 
Becar_06: folds 
nikalas22: raises $1.50 to $2.50
Alinyr: folds 
Xenicide: folds 
1fudihara: folds 
Uncalled bet ($1.50) returned to nikalas22
nikalas22 collected $2.50 from pot
nikalas22: doesn't show hand 
*** SUMMARY ***
Total pot $2.50 | Rake $0 
Seat 1: nikalas22 collected ($2.50)
Seat 2: Alinyr (button) folded before Flop (didn't bet)
Seat 3: Xenicide (small blind) folded before Flop
Seat 4: 1fudihara (big blind) folded before Flop
Seat 5: Kristo 914 folded before Flop (didn't bet)
Seat 6: Becar_06 folded before Flop (didn't bet)



PokerStars Hand #254341165423:  Hold'em No Limit ($0.50/$1.00 USD) - 2025/01/12 22:42:07 WET [2025/01/12 17:42:07 ET]
Table 'Bernhard II' 6-max Seat #3 is the button
Seat 1: nikalas22 ($205.68 in chips) 
Seat 2: Alinyr ($102.50 in chips) 
Seat 3: Xenicide ($100 in chips) 
Seat 4: 1fudihara ($112.79 in chips) 
Seat 5: Kristo 914 ($221.49 in chips) 
Seat 6: Becar_06 ($100 in chips) 
1fudihara: posts small blind $0.50
Kristo 914: posts big blind $1
*** HOLE CARDS ***
Becar_06: folds 
nikalas22: raises $1.50 to $2.50
Alinyr: folds 
Xenicide: folds 
1fudihara: folds 
Kristo 914: raises $9 to $11.50
nikalas22: folds 
Uncalled bet ($9) returned to Kristo 914
Kristo 914 collected $5.50 from pot
Kristo 914: doesn't show hand 
*** SUMMARY ***
Total pot $5.50 | Rake $0 
Seat 1: nikalas22 folded before Flop
Seat 2: Alinyr folded before Flop (didn't bet)
Seat 3: Xenicide (button) folded before Flop (didn't bet)
Seat 4: 1fudihara (small blind) folded before Flop
Seat 5: Kristo 914 (big blind) collected ($5.50)
Seat 6: Becar_06 folded before Flop (didn't bet)



PokerStars Hand #254341172621:  Hold'em No Limit ($0.50/$1.00 USD) - 2025/01/12 22:42:27 WET [2025/01/12 17:42:27 ET]
Table 'Bernhard II' 6-max Seat #4 is the button
Seat 1: nikalas22 ($203.18 in chips) 
Seat 2: Alinyr ($102.50 in chips) 
Seat 3: Xenicide ($100 in chips) 
Seat 4: 1fudihara ($112.29 in chips) 
Seat 5: Kristo 914 ($224.49 in chips) 
Seat 6: Becar_06 ($100 in chips) 
Kristo 914: posts small blind $0.50
Becar_06: posts big blind $1
*** HOLE CARDS ***
nikalas22: raises $1.50 to $2.50
Alinyr: folds 
Xenicide: folds 
1fudihara: calls $2.50
Kristo 914: folds 
Becar_06: folds 
*** FLOP *** [2c 7s Ts]
nikalas22: checks 
1fudihara: checks 
*** TURN *** [2c 7s Ts] [6h]
nikalas22: checks 
1fudihara: checks 
*** RIVER *** [2c 7s Ts 6h] [7d]
nikalas22: checks 
1fudihara: checks 
*** SHOW DOWN ***
nikalas22: shows [As 6s] (two pair, Sevens and Sixes)
1fudihara: mucks hand 
nikalas22 collected $6.18 from pot
*** SUMMARY ***
Total pot $6.50 | Rake $0.32 
Board [2c 7s Ts 6h 7d]
Seat 1: nikalas22 showed [As 6s] and won ($6.18) with two pair, Sevens and Sixes
Seat 2: Alinyr folded before Flop (didn't bet)
Seat 3: Xenicide folded before Flop (didn't bet)
Seat 4: 1fudihara (button) mucked
Seat 5: Kristo 914 (small blind) folded before Flop
Seat 6: Becar_06 (big blind) folded before Flop



PokerStars Hand #254341191376:  Hold'em No Limit ($0.50/$1.00 USD) - 2025/01/12 22:43:22 WET [2025/01/12 17:43:22 ET]
Table 'Bernhard II' 6-max Seat #5 is the button
Seat 1: nikalas22 ($206.86 in chips) 
Seat 2: Alinyr ($102.50 in chips) 
Seat 3: Xenicide ($100 in chips) 
Seat 4: 1fudihara ($109.79 in chips) 
Seat 5: Kristo 914 ($223.99 in chips) 
Seat 6: Becar_06 ($100 in chips) 
Becar_06: posts small blind $0.50
nikalas22: posts big blind $1
*** HOLE CARDS ***
Alinyr: raises $1.05 to $2.05
Xenicide: raises $3.95 to $6
1fudihara: folds 
Kristo 914: folds 
Becar_06: folds 
nikalas22: folds 
Alinyr: raises $96.50 to $102.50 and is all-in
Xenicide: calls $94 and is all-in
Uncalled bet ($2.50) returned to Alinyr
*** FIRST FLOP *** [8h Td 6s]
*** FIRST TURN *** [8h Td 6s] [3c]
*** FIRST RIVER *** [8h Td 6s 3c] [7c]
*** SECOND FLOP *** [9s Th 8s]
*** SECOND TURN *** [9s Th 8s] [5h]
*** SECOND RIVER *** [9s Th 8s 5h] [5d]
*** FIRST SHOW DOWN ***
Alinyr: shows [Ad Kh] (high card Ace)
Xenicide: shows [Ks Kd] (a pair of Kings)
Xenicide collected $99.50 from pot
*** SECOND SHOW DOWN ***
Alinyr: shows [Ad Kh] (a pair of Fives)
Xenicide: shows [Ks Kd] (two pair, Kings and Fives)
Xenicide collected $99.50 from pot
*** SUMMARY ***
Total pot $201.50 | Rake $2.50 
Hand was run twice
FIRST Board [8h Td 6s 3c 7c]
SECOND Board [9s Th 8s 5h 5d]
Seat 1: nikalas22 (big blind) folded before Flop
Seat 2: Alinyr showed [Ad Kh] and lost with high card Ace, and lost with a pair of Fives
Seat 3: Xenicide showed [Ks Kd] and won ($99.50) with a pair of Kings, and won ($99.50) with two pair, Kings and Fives
Seat 4: 1fudihara folded before Flop (didn't bet)
Seat 5: Kristo 914 (button) folded before Flop (didn't bet)
Seat 6: Becar_06 (small blind) folded before Flop



PokerStars Hand #254341215984:  Hold'em No Limit ($0.50/$1.00 USD) - 2025/01/12 22:44:34 WET [2025/01/12 17:44:34 ET]
Table 'Bernhard II' 6-max Seat #6 is the button
Seat 1: nikalas22 ($205.86 in chips) 
Seat 2: Alinyr ($100 in chips) 
Seat 3: Xenicide ($199 in chips) 
Seat 4: 1fudihara ($109.79 in chips) 
Seat 5: Kristo 914 ($223.99 in chips) 
Seat 6: Becar_06 ($100 in chips) 
nikalas22: posts small blind $0.50
Alinyr: posts big blind $1
*** HOLE CARDS ***
Xenicide: raises $1 to $2
1fudihara: raises $5 to $7
Kristo 914: folds 
Becar_06: folds 
nikalas22: folds 
Alinyr: folds 
Xenicide: calls $5
*** FLOP *** [Qs 5h 9c]
Xenicide: checks 
1fudihara: checks 
*** TURN *** [Qs 5h 9c] [6c]
Xenicide: bets $7.36
1fudihara: calls $7.36
*** RIVER *** [Qs 5h 9c 6c] [3h]
Xenicide: bets $14.36
1fudihara: folds 
Uncalled bet ($14.36) returned to Xenicide
Xenicide collected $28.71 from pot
*** SUMMARY ***
Total pot $30.22 | Rake $1.51 
Board [Qs 5h 9c 6c 3h]
Seat 1: nikalas22 (small blind) folded before Flop
Seat 2: Alinyr (big blind) folded before Flop
Seat 3: Xenicide collected ($28.71)
Seat 4: 1fudihara folded on the River
Seat 5: Kristo 914 folded before Flop (didn't bet)
Seat 6: Becar_06 (button) folded before Flop (didn't bet)



PokerStars Hand #254341240340:  Hold'em No Limit ($0.50/$1.00 USD) - 2025/01/12 22:45:46 WET [2025/01/12 17:45:46 ET]
Table 'Bernhard II' 6-max Seat #1 is the button
Seat 1: nikalas22 ($205.36 in chips) 
Seat 2: Alinyr ($100 in chips) 
Seat 3: Xenicide ($213.35 in chips) 
Seat 4: 1fudihara ($100 in chips) 
Seat 5: Kristo 914 ($223.99 in chips) 
Seat 6: Becar_06 ($100 in chips) 
Alinyr: posts small blind $0.50
Xenicide: posts big blind $1
*** HOLE CARDS ***
1fudihara: folds 
Kristo 914: folds 
Becar_06: raises $1.30 to $2.30
nikalas22: raises $5.70 to $8
Alinyr: folds 
Xenicide: folds 
Becar_06: folds 
Uncalled bet ($5.70) returned to nikalas22
nikalas22 collected $6.10 from pot
nikalas22: doesn't show hand 
*** SUMMARY ***
Total pot $6.10 | Rake $0 
Seat 1: nikalas22 (button) collected ($6.10)
Seat 2: Alinyr (small blind) folded before Flop
Seat 3: Xenicide (big blind) folded before Flop
Seat 4: 1fudihara folded before Flop (didn't bet)
Seat 5: Kristo 914 folded before Flop (didn't bet)
Seat 6: Becar_06 folded before Flop



PokerStars Hand #254341248826:  Hold'em No Limit ($0.50/$1.00 USD) - 2025/01/12 22:46:11 WET [2025/01/12 17:46:11 ET]
Table 'Bernhard II' 6-max Seat #2 is the button
Seat 1: nikalas22 ($209.16 in chips) 
Seat 2: Alinyr ($100 in chips) 
Seat 3: Xenicide ($212.35 in chips) 
Seat 4: 1fudihara ($100 in chips) 
Seat 5: Kristo 914 ($223.99 in chips) 
Seat 6: Becar_06 ($100 in chips) 
Xenicide: posts small blind $0.50
1fudihara: posts big blind $1
*** HOLE CARDS ***
Kristo 914: folds 
Becar_06: folds 
nikalas22: folds 
Alinyr: raises $1.50 to $2.50
Xenicide: calls $2
1fudihara: calls $1.50
*** FLOP *** [6c Ts 4s]
Xenicide: checks 
1fudihara: checks 
Alinyr: bets $2.35
Xenicide: raises $6.50 to $8.85
1fudihara: folds 
Alinyr: folds 
Uncalled bet ($6.50) returned to Xenicide
Xenicide collected $11.59 from pot
*** SUMMARY ***
Total pot $12.20 | Rake $0.61 
Board [6c Ts 4s]
Seat 1: nikalas22 folded before Flop (didn't bet)
Seat 2: Alinyr (button) folded on the Flop
Seat 3: Xenicide (small blind) collected ($11.59)
Seat 4: 1fudihara (big blind) folded on the Flop
Seat 5: Kristo 914 folded before Flop (didn't bet)
Seat 6: Becar_06 folded before Flop (didn't bet)



PokerStars Hand #254341270877:  Hold'em No Limit ($0.50/$1.00 USD) - 2025/01/12 22:47:16 WET [2025/01/12 17:47:16 ET]
Table 'Bernhard II' 6-max Seat #3 is the button
Seat 1: nikalas22 ($209.16 in chips) 
Seat 2: Alinyr ($100 in chips) 
Seat 3: Xenicide ($219.09 in chips) 
Seat 4: 1fudihara ($97.50 in chips) 
Seat 5: Kristo 914 ($223.99 in chips) 
Seat 6: Becar_06 ($100 in chips) 
1fudihara: posts small blind $0.50
Kristo 914: posts big blind $1
*** HOLE CARDS ***
Becar_06: folds 
nikalas22: folds 
Alinyr: folds 
Xenicide: raises $1.25 to $2.25
1fudihara: calls $1.75
Kristo 914: folds 
*** FLOP *** [Jh 4d Ks]
1fudihara: checks 
Xenicide: bets $1.83
1fudihara: folds 
Uncalled bet ($1.83) returned to Xenicide
Xenicide collected $5.22 from pot
*** SUMMARY ***
Total pot $5.50 | Rake $0.28 
Board [Jh 4d Ks]
Seat 1: nikalas22 folded before Flop (didn't bet)
Seat 2: Alinyr folded before Flop (didn't bet)
Seat 3: Xenicide (button) collected ($5.22)
Seat 4: 1fudihara (small blind) folded on the Flop
Seat 5: Kristo 914 (big blind) folded before Flop
Seat 6: Becar_06 folded before Flop (didn't bet)



PokerStars Hand #254341278614:  Hold'em No Limit ($0.50/$1.00 USD) - 2025/01/12 22:47:39 WET [2025/01/12 17:47:39 ET]
Table 'Bernhard II' 6-max Seat #4 is the button
Seat 1: nikalas22 ($209.16 in chips) 
Seat 2: Alinyr ($100 in chips) 
Seat 3: Xenicide ($222.06 in chips) 
Seat 4: 1fudihara ($100 in chips) 
Seat 5: Kristo 914 ($222.99 in chips) 
Seat 6: Becar_06 ($100 in chips) 
Kristo 914: posts small blind $0.50
Becar_06: posts big blind $1
*** HOLE CARDS ***
nikalas22: raises $1.50 to $2.50
Alinyr: folds 
Xenicide: folds 
1fudihara: calls $2.50
Kristo 914: folds 
Becar_06: raises $11.50 to $14
nikalas22: folds 
1fudihara: folds 
Uncalled bet ($11.50) returned to Becar_06
Becar_06 collected $8 from pot
*** SUMMARY ***
Total pot $8 | Rake $0 
Seat 1: nikalas22 folded before Flop
Seat 2: Alinyr folded before Flop (didn't bet)
Seat 3: Xenicide folded before Flop (didn't bet)
Seat 4: 1fudihara (button) folded before Flop
Seat 5: Kristo 914 (small blind) folded before Flop
Seat 6: Becar_06 (big blind) collected ($8)



PokerStars Hand #254341287429:  Hold'em No Limit ($0.50/$1.00 USD) - 2025/01/12 22:48:05 WET [2025/01/12 17:48:05 ET]
Table 'Bernhard II' 6-max Seat #5 is the button
Seat 1: nikalas22 ($206.66 in chips) 
Seat 2: Alinyr ($100 in chips) 
Seat 3: Xenicide ($222.06 in chips) 
Seat 4: 1fudihara ($100 in chips) 
Seat 5: Kristo 914 ($222.49 in chips) 
Seat 6: Becar_06 ($105.50 in chips) 
Becar_06: posts small blind $0.50
nikalas22: posts big blind $1
*** HOLE CARDS ***
Alinyr: folds 
Xenicide: raises $1 to $2
1fudihara: folds 
Kristo 914: raises $5.50 to $7.50
Becar_06: folds 
nikalas22: folds 
Xenicide: folds 
Uncalled bet ($5.50) returned to Kristo 914
Kristo 914 collected $5.50 from pot
Kristo 914: doesn't show hand 
*** SUMMARY ***
Total pot $5.50 | Rake $0 
Seat 1: nikalas22 (big blind) folded before Flop
Seat 2: Alinyr folded before Flop (didn't bet)
Seat 3: Xenicide folded before Flop
Seat 4: 1fudihara folded before Flop (didn't bet)
Seat 5: Kristo 914 (button) collected ($5.50)
Seat 6: Becar_06 (small blind) folded before Flop



PokerStars Hand #254341295725:  Hold'em No Limit ($0.50/$1.00 USD) - 2025/01/12 22:48:30 WET [2025/01/12 17:48:30 ET]
Table 'Bernhard II' 6-max Seat #6 is the button
Seat 1: nikalas22 ($205.66 in chips) 
Seat 2: Alinyr ($100 in chips) 
Seat 3: Xenicide ($220.06 in chips) 
Seat 4: 1fudihara ($100 in chips) 
Seat 5: Kristo 914 ($225.99 in chips) 
Seat 6: Becar_06 ($105 in chips) 
nikalas22: posts small blind $0.50
Alinyr: posts big blind $1
*** HOLE CARDS ***
Xenicide: folds 
1fudihara: folds 
Kristo 914: raises $1.40 to $2.40
Becar_06: folds 
nikalas22: folds 
Alinyr: calls $1.40
*** FLOP *** [2h 7c Th]
Alinyr: checks 
Kristo 914: checks 
*** TURN *** [2h 7c Th] [As]
Alinyr: checks 
Kristo 914: checks 
*** RIVER *** [2h 7c Th As] [4d]
Alinyr: bets $1.66
Kristo 914: calls $1.66
*** SHOW DOWN ***
Alinyr: shows [3h Kh] (high card Ace)
Kristo 914: shows [9s Ac] (a pair of Aces)
Kristo 914 collected $8.19 from pot
*** SUMMARY ***
Total pot $8.62 | Rake $0.43 
Board [2h 7c Th As 4d]
Seat 1: nikalas22 (small blind) folded before Flop
Seat 2: Alinyr (big blind) showed [3h Kh] and lost with high card Ace
Seat 3: Xenicide folded before Flop (didn't bet)
Seat 4: 1fudihara folded before Flop (didn't bet)
Seat 5: Kristo 914 showed [9s Ac] and won ($8.19) with a pair of Aces
Seat 6: Becar_06 (button) folded before Flop (didn't bet)



PokerStars Hand #254341322192:  Hold'em No Limit ($0.50/$1.00 USD) - 2025/01/12 22:49:49 WET [2025/01/12 17:49:49 ET]
Table 'Bernhard II' 6-max Seat #1 is the button
Seat 1: nikalas22 ($205.16 in chips) 
Seat 2: Alinyr ($100 in chips) 
Seat 3: Xenicide ($220.06 in chips) 
Seat 4: 1fudihara ($100 in chips) 
Seat 5: Kristo 914 ($230.12 in chips) 
Seat 6: Becar_06 ($105 in chips) 
Alinyr: posts small blind $0.50
Xenicide: posts big blind $1
*** HOLE CARDS ***
1fudihara: folds 
Kristo 914: folds 
Becar_06: raises $1.30 to $2.30
nikalas22: folds 
Alinyr: folds 
Xenicide: folds 
Uncalled bet ($1.30) returned to Becar_06
Becar_06 collected $2.50 from pot
*** SUMMARY ***
Total pot $2.50 | Rake $0 
Seat 1: nikalas22 (button) folded before Flop (didn't bet)
Seat 2: Alinyr (small blind) folded before Flop
Seat 3: Xenicide (big blind) folded before Flop
Seat 4: 1fudihara folded before Flop (didn't bet)
Seat 5: Kristo 914 folded before Flop (didn't bet)
Seat 6: Becar_06 collected ($2.50)



PokerStars Hand #254341338764:  Hold'em No Limit ($0.50/$1.00 USD) - 2025/01/12 22:50:39 WET [2025/01/12 17:50:39 ET]
Table 'Bernhard II' 6-max Seat #2 is the button
Seat 1: nikalas22 ($205.16 in chips) 
Seat 2: Alinyr ($100 in chips) 
Seat 3: Xenicide ($219.06 in chips) 
Seat 4: 1fudihara ($100 in chips) 
Seat 5: Kristo 914 ($230.12 in chips) 
Seat 6: Becar_06 ($106.50 in chips) 
Xenicide: posts small blind $0.50
1fudihara: posts big blind $1
*** HOLE CARDS ***
Kristo 914: folds 
Becar_06: folds 
nikalas22: folds 
Alinyr: raises $1.50 to $2.50
Xenicide: raises $7 to $9.50
1fudihara: folds 
Alinyr: raises $11.50 to $21
Xenicide: raises $198.06 to $219.06 and is all-in
Alinyr: calls $79 and is all-in
Uncalled bet ($119.06) returned to Xenicide
*** FIRST FLOP *** [9h 8s 4s]
*** FIRST TURN *** [9h 8s 4s] [Jd]
*** FIRST RIVER *** [9h 8s 4s Jd] [6c]
*** SECOND FLOP *** [8h 4c 8c]
*** SECOND TURN *** [8h 4c 8c] [3d]
*** SECOND RIVER *** [8h 4c 8c 3d] [Qd]
*** FIRST SHOW DOWN ***
Xenicide: shows [Kh Ks] (a pair of Kings)
Alinyr: shows [Ac Ah] (a pair of Aces)
Alinyr collected $99.25 from pot
*** SECOND SHOW DOWN ***
Xenicide: shows [Kh Ks] (two pair, Kings and Eights)
Alinyr: shows [Ac Ah] (two pair, Aces and Eights)
Alinyr collected $99.25 from pot
*** SUMMARY ***
Total pot $201 | Rake $2.50 
Hand was run twice
FIRST Board [9h 8s 4s Jd 6c]
SECOND Board [8h 4c 8c 3d Qd]
Seat 1: nikalas22 folded before Flop (didn't bet)
Seat 2: Alinyr (button) showed [Ac Ah] and won ($99.25) with a pair of Aces, and won ($99.25) with two pair, Aces and Eights
Seat 3: Xenicide (small blind) showed [Kh Ks] and lost with a pair of Kings, and lost with two pair, Kings and Eights
Seat 4: 1fudihara (big blind) folded before Flop
Seat 5: Kristo 914 folded before Flop (didn't bet)
Seat 6: Becar_06 folded before Flop (didn't bet)



PokerStars Hand #254341360684:  Hold'em No Limit ($0.50/$1.00 USD) - 2025/01/12 22:51:46 WET [2025/01/12 17:51:46 ET]
Table 'Bernhard II' 6-max Seat #3 is the button
Seat 5: Kristo 914 ($230.12 in chips) is sitting out
Seat 1: nikalas22 ($205.16 in chips) 
Seat 2: Alinyr ($198.50 in chips) 
Seat 3: Xenicide ($119.06 in chips) 
Seat 4: 1fudihara ($99 in chips) 
Seat 6: Becar_06 ($106.50 in chips) 
1fudihara: posts small blind $0.50
Kristo 914: is sitting out 
Becar_06: posts big blind $1
*** HOLE CARDS ***
Kristo 914 leaves the table
nikalas22: folds 
Alinyr: folds 
Xenicide: folds 
1fudihara: calls $0.50
Becar_06: checks 
*** FLOP *** [Kd Ac Td]
1fudihara: checks 
Becar_06: checks 
*** TURN *** [Kd Ac Td] [8s]
1fudihara: checks 
Becar_06: checks 
*** RIVER *** [Kd Ac Td 8s] [Qc]
1fudihara: checks 
Becar_06: bets $1.90
1fudihara: folds 
Uncalled bet ($1.90) returned to Becar_06
Becar_06 collected $1.90 from pot
*** SUMMARY ***
Total pot $2 | Rake $0.10 
Board [Kd Ac Td 8s Qc]
Seat 5: Kristo 914
Seat 1: nikalas22 folded before Flop (didn't bet)
Seat 2: Alinyr folded before Flop (didn't bet)
Seat 3: Xenicide (button) folded before Flop (didn't bet)
Seat 4: 1fudihara (small blind) folded on the River
Seat 6: Becar_06 (big blind) collected ($1.90)



PokerStars Hand #254341376586:  Hold'em No Limit ($0.50/$1.00 USD) - 2025/01/12 22:52:35 WET [2025/01/12 17:52:35 ET]
Table 'Bernhard II' 6-max Seat #4 is the button
Seat 1: nikalas22 ($205.16 in chips) 
Seat 2: Alinyr ($198.50 in chips) 
Seat 3: Xenicide ($119.06 in chips) 
Seat 4: 1fudihara ($98 in chips) 
Seat 6: Becar_06 ($107.40 in chips) 
Becar_06: posts small blind $0.50
nikalas22: posts big blind $1
*** HOLE CARDS ***
Mr_Dick666 joins the table at seat #5 
Alinyr: folds 
Xenicide: folds 
1fudihara: raises $1.50 to $2.50
Becar_06: folds 
nikalas22: raises $9.50 to $12
1fudihara: folds 
Uncalled bet ($9.50) returned to nikalas22
nikalas22 collected $5.50 from pot
nikalas22: doesn't show hand 
*** SUMMARY ***
Total pot $5.50 | Rake $0 
Seat 1: nikalas22 (big blind) collected ($5.50)
Seat 2: Alinyr folded before Flop (didn't bet)
Seat 3: Xenicide folded before Flop (didn't bet)
Seat 4: 1fudihara (button) folded before Flop
Seat 6: Becar_06 (small blind) folded before Flop



PokerStars Hand #254341383840:  Hold'em No Limit ($0.50/$1.00 USD) - 2025/01/12 22:52:58 WET [2025/01/12 17:52:58 ET]
Table 'Bernhard II' 6-max Seat #6 is the button
Seat 5: Mr_Dick666 ($100 in chips) is sitting out
Seat 1: nikalas22 ($208.16 in chips) 
Seat 2: Alinyr ($198.50 in chips) 
Seat 3: Xenicide ($119.06 in chips) 
Seat 4: 1fudihara ($100 in chips) 
Seat 6: Becar_06 ($106.90 in chips) 
nikalas22: posts small blind $0.50
Alinyr: posts big blind $1
Mr_Dick666: sits out 
*** HOLE CARDS ***
Xenicide: raises $1 to $2
1fudihara: folds 
Becar_06: folds 
nikalas22: folds 
Alinyr: calls $1
*** FLOP *** [Th 7s 2h]
Alinyr: checks 
Xenicide: checks 
*** TURN *** [Th 7s 2h] [6s]
Alinyr: checks 
Xenicide: bets $6.42
Alinyr: folds 
Uncalled bet ($6.42) returned to Xenicide
Xenicide collected $4.28 from pot
*** SUMMARY ***
Total pot $4.50 | Rake $0.22 
Board [Th 7s 2h 6s]
Seat 5: Mr_Dick666
Seat 1: nikalas22 (small blind) folded before Flop
Seat 2: Alinyr (big blind) folded on the Turn
Seat 3: Xenicide collected ($4.28)
Seat 4: 1fudihara folded before Flop (didn't bet)
Seat 6: Becar_06 (button) folded before Flop (didn't bet)



PokerStars Hand #254341403236:  Hold'em No Limit ($0.50/$1.00 USD) - 2025/01/12 22:53:58 WET [2025/01/12 17:53:58 ET]
Table 'Bernhard II' 6-max Seat #1 is the button
Seat 5: Mr_Dick666 ($100 in chips) is sitting out
Seat 1: nikalas22 ($207.66 in chips) 
Seat 2: Alinyr ($196.50 in chips) 
Seat 3: Xenicide ($121.34 in chips) 
Seat 4: 1fudihara ($100 in chips) 
Seat 6: Becar_06 ($106.90 in chips) 
Alinyr: posts small blind $0.50
Xenicide: posts big blind $1
Mr_Dick666: sits out 
*** HOLE CARDS ***
1fudihara has timed out
1fudihara: folds 
Becar_06: folds 
nikalas22: raises $1.50 to $2.50
Alinyr: folds 
Xenicide: raises $7.50 to $10
nikalas22: folds 
Uncalled bet ($7.50) returned to Xenicide
Xenicide collected $5.50 from pot
*** SUMMARY ***
Total pot $5.50 | Rake $0 
Seat 5: Mr_Dick666
Seat 1: nikalas22 (button) folded before Flop
Seat 2: Alinyr (small blind) folded before Flop
Seat 3: Xenicide (big blind) collected ($5.50)
Seat 4: 1fudihara folded before Flop (didn't bet)
Seat 6: Becar_06 folded before Flop (didn't bet)



PokerStars Hand #254341417111:  Hold'em No Limit ($0.50/$1.00 USD) - 2025/01/12 22:54:41 WET [2025/01/12 17:54:41 ET]
Table 'Bernhard II' 6-max Seat #2 is the button
Seat 5: Mr_Dick666 ($100 in chips) is sitting out
Seat 1: nikalas22 ($205.16 in chips) 
Seat 2: Alinyr ($196 in chips) 
Seat 3: Xenicide ($124.34 in chips) 
Seat 4: 1fudihara ($100 in chips) 
Seat 6: Becar_06 ($106.90 in chips) 
Xenicide: posts small blind $0.50
1fudihara: posts big blind $1
Mr_Dick666: sits out 
*** HOLE CARDS ***
Becar_06: folds 
nikalas22: raises $1.50 to $2.50
Alinyr: folds 
Xenicide: folds 
1fudihara: calls $1.50
*** FLOP *** [Qh 5c 6h]
1fudihara: checks 
nikalas22: bets $3.92
1fudihara: calls $3.92
*** TURN *** [Qh 5c 6h] [9s]
1fudihara: checks 
nikalas22: bets $9.50
1fudihara: folds 
Uncalled bet ($9.50) returned to nikalas22
nikalas22 collected $12.67 from pot
nikalas22: doesn't show hand 
*** SUMMARY ***
Total pot $13.34 | Rake $0.67 
Board [Qh 5c 6h 9s]
Seat 5: Mr_Dick666
Seat 1: nikalas22 collected ($12.67)
Seat 2: Alinyr (button) folded before Flop (didn't bet)
Seat 3: Xenicide (small blind) folded before Flop
Seat 4: 1fudihara (big blind) folded on the Turn
Seat 6: Becar_06 folded before Flop (didn't bet)



PokerStars Hand #254341428988:  Hold'em No Limit ($0.50/$1.00 USD) - 2025/01/12 22:55:27 WET [2025/01/12 17:55:27 ET]
Table 'Bernhard II' 6-max Seat #3 is the button
Seat 1: nikalas22 ($211.41 in chips) 
Seat 2: Alinyr ($196 in chips) 
Seat 3: Xenicide ($123.84 in chips) 
Seat 4: 1fudihara ($100 in chips) 
Seat 5: Mr_Dick666 ($100 in chips) 
Seat 6: Becar_06 ($106.90 in chips) 
1fudihara: posts small blind $0.50
Mr_Dick666: posts big blind $1
*** HOLE CARDS ***
Becar_06: folds 
nikalas22: folds 
Alinyr: raises $1.28 to $2.28
Xenicide: folds 
1fudihara: raises $7.72 to $10
Mr_Dick666: folds 
Alinyr: folds 
Uncalled bet ($7.72) returned to 1fudihara
1fudihara collected $5.56 from pot
1fudihara: doesn't show hand 
*** SUMMARY ***
Total pot $5.56 | Rake $0 
Seat 1: nikalas22 folded before Flop (didn't bet)
Seat 2: Alinyr folded before Flop
Seat 3: Xenicide (button) folded before Flop (didn't bet)
Seat 4: 1fudihara (small blind) collected ($5.56)
Seat 5: Mr_Dick666 (big blind) folded before Flop
Seat 6: Becar_06 folded before Flop (didn't bet)



PokerStars Hand #254341435596:  Hold'em No Limit ($0.50/$1.00 USD) - 2025/01/12 22:55:59 WET [2025/01/12 17:55:59 ET]
Table 'Bernhard II' 6-max Seat #4 is the button
Seat 1: nikalas22 ($211.41 in chips) 
Seat 2: Alinyr ($193.72 in chips) 
Seat 3: Xenicide ($123.84 in chips) 
Seat 4: 1fudihara ($103.28 in chips) 
Seat 5: Mr_Dick666 ($100 in chips) 
Seat 6: Becar_06 ($106.90 in chips) 
Mr_Dick666: posts small blind $0.50
Becar_06: posts big blind $1
*** HOLE CARDS ***
nikalas22: folds 
Alinyr: folds 
Xenicide: folds 
1fudihara: raises $1.50 to $2.50
Mr_Dick666: folds 
Becar_06: folds 
Uncalled bet ($1.50) returned to 1fudihara
1fudihara collected $2.50 from pot
1fudihara: doesn't show hand 
*** SUMMARY ***
Total pot $2.50 | Rake $0 
Seat 1: nikalas22 folded before Flop (didn't bet)
Seat 2: Alinyr folded before Flop (didn't bet)
Seat 3: Xenicide folded before Flop (didn't bet)
Seat 4: 1fudihara (button) collected ($2.50)
Seat 5: Mr_Dick666 (small blind) folded before Flop
Seat 6: Becar_06 (big blind) folded before Flop



PokerStars Hand #254341441896:  Hold'em No Limit ($0.50/$1.00 USD) - 2025/01/12 22:56:30 WET [2025/01/12 17:56:30 ET]
Table 'Bernhard II' 6-max Seat #5 is the button
Seat 1: nikalas22 ($211.41 in chips) 
Seat 2: Alinyr ($193.72 in chips) 
Seat 3: Xenicide ($123.84 in chips) 
Seat 4: 1fudihara ($104.78 in chips) 
Seat 5: Mr_Dick666 ($100 in chips) 
Seat 6: Becar_06 ($105.90 in chips) 
Becar_06: posts small blind $0.50
nikalas22: posts big blind $1
*** HOLE CARDS ***
Alinyr: folds 
Xenicide: raises $1 to $2
1fudihara: raises $6 to $8
Mr_Dick666: folds 
Becar_06: folds 
nikalas22: folds 
Xenicide: raises $27.50 to $35.50
1fudihara: folds 
Uncalled bet ($27.50) returned to Xenicide
Xenicide collected $17.50 from pot
Xenicide: doesn't show hand 
*** SUMMARY ***
Total pot $17.50 | Rake $0 
Seat 1: nikalas22 (big blind) folded before Flop
Seat 2: Alinyr folded before Flop (didn't bet)
Seat 3: Xenicide collected ($17.50)
Seat 4: 1fudihara folded before Flop
Seat 5: Mr_Dick666 (button) folded before Flop (didn't bet)
Seat 6: Becar_06 (small blind) folded before Flop



PokerStars Hand #254341450517:  Hold'em No Limit ($0.50/$1.00 USD) - 2025/01/12 22:57:12 WET [2025/01/12 17:57:12 ET]
Table 'Bernhard II' 6-max Seat #6 is the button
Seat 1: nikalas22 ($210.41 in chips) 
Seat 2: Alinyr ($193.72 in chips) 
Seat 3: Xenicide ($133.34 in chips) 
Seat 4: 1fudihara ($96.78 in chips) 
Seat 5: Mr_Dick666 ($100 in chips) 
Seat 6: Becar_06 ($105.40 in chips) 
nikalas22: posts small blind $0.50
Alinyr: posts big blind $1
*** HOLE CARDS ***
Xenicide: folds 
1fudihara: raises $1.50 to $2.50
Mr_Dick666: raises $5 to $7.50
Becar_06: folds 
nikalas22: folds 
Alinyr: folds 
1fudihara: calls $5
*** FLOP *** [7h 5c Ac]
1fudihara: checks 
Mr_Dick666: bets $5.17
1fudihara: raises $8.83 to $14
Mr_Dick666: calls $8.83
*** TURN *** [7h 5c Ac] [5h]
1fudihara: checks 
Mr_Dick666: checks 
*** RIVER *** [7h 5c Ac 5h] [Ks]
1fudihara: checks 
Mr_Dick666: checks 
*** SHOW DOWN ***
1fudihara: shows [Qh Tc] (a pair of Fives)
Mr_Dick666: shows [Kc 9c] (two pair, Kings and Fives)
Mr_Dick666 collected $42.28 from pot
*** SUMMARY ***
Total pot $44.50 | Rake $2.22 
Board [7h 5c Ac 5h Ks]
Seat 1: nikalas22 (small blind) folded before Flop
Seat 2: Alinyr (big blind) folded before Flop
Seat 3: Xenicide folded before Flop (didn't bet)
Seat 4: 1fudihara showed [Qh Tc] and lost with a pair of Fives
Seat 5: Mr_Dick666 showed [Kc 9c] and won ($42.28) with two pair, Kings and Fives
Seat 6: Becar_06 (button) folded before Flop (didn't bet)



PokerStars Hand #254341461964:  Hold'em No Limit ($0.50/$1.00 USD) - 2025/01/12 22:58:07 WET [2025/01/12 17:58:07 ET]
Table 'Bernhard II' 6-max Seat #1 is the button
Seat 1: nikalas22 ($209.91 in chips) 
Seat 2: Alinyr ($192.72 in chips) 
Seat 3: Xenicide ($133.34 in chips) 
Seat 4: 1fudihara ($78.50 in chips) 
Seat 5: Mr_Dick666 ($120.78 in chips) 
Seat 6: Becar_06 ($105.40 in chips) 
Alinyr: posts small blind $0.50
Xenicide: posts big blind $1
*** HOLE CARDS ***
1fudihara: folds 
Mr_Dick666: raises $1 to $2
Becar_06: folds 
nikalas22: folds 
Alinyr: folds 
Xenicide: calls $1
*** FLOP *** [6c 3c 3d]
Xenicide: checks 
Mr_Dick666: checks 
*** TURN *** [6c 3c 3d] [7s]
Xenicide: checks 
Mr_Dick666: checks 
*** RIVER *** [6c 3c 3d 7s] [Kh]
Xenicide: checks 
Mr_Dick666: bets $6.42
Xenicide: folds 
Uncalled bet ($6.42) returned to Mr_Dick666
Mr_Dick666 collected $4.28 from pot
Mr_Dick666: doesn't show hand 
*** SUMMARY ***
Total pot $4.50 | Rake $0.22 
Board [6c 3c 3d 7s Kh]
Seat 1: nikalas22 (button) folded before Flop (didn't bet)
Seat 2: Alinyr (small blind) folded before Flop
Seat 3: Xenicide (big blind) folded on the River
Seat 4: 1fudihara folded before Flop (didn't bet)
Seat 5: Mr_Dick666 collected ($4.28)
Seat 6: Becar_06 folded before Flop (didn't bet)



PokerStars Hand #254341476821:  Hold'em No Limit ($0.50/$1.00 USD) - 2025/01/12 22:59:19 WET [2025/01/12 17:59:19 ET]
Table 'Bernhard II' 6-max Seat #2 is the button
Seat 1: nikalas22 ($209.91 in chips) 
Seat 2: Alinyr ($192.22 in chips) 
Seat 3: Xenicide ($131.34 in chips) 
Seat 4: 1fudihara ($100 in chips) 
Seat 5: Mr_Dick666 ($123.06 in chips) 
Seat 6: Becar_06 ($105.40 in chips) 
Xenicide: posts small blind $0.50
1fudihara: posts big blind $1
*** HOLE CARDS ***
Mr_Dick666: raises $1 to $2
Becar_06: raises $4.50 to $6.50
nikalas22: folds 
Alinyr: folds 
Xenicide: folds 
1fudihara: folds 
Mr_Dick666: folds 
Uncalled bet ($4.50) returned to Becar_06
Becar_06 collected $5.50 from pot
*** SUMMARY ***
Total pot $5.50 | Rake $0 
Seat 1: nikalas22 folded before Flop (didn't bet)
Seat 2: Alinyr (button) folded before Flop (didn't bet)
Seat 3: Xenicide (small blind) folded before Flop
Seat 4: 1fudihara (big blind) folded before Flop
Seat 5: Mr_Dick666 folded before Flop
Seat 6: Becar_06 collected ($5.50)



PokerStars Hand #254341483121:  Hold'em No Limit ($0.50/$1.00 USD) - 2025/01/12 22:59:49 WET [2025/01/12 17:59:49 ET]
Table 'Bernhard II' 6-max Seat #3 is the button
Seat 1: nikalas22 ($209.91 in chips) 
Seat 2: Alinyr ($192.22 in chips) 
Seat 3: Xenicide ($130.84 in chips) 
Seat 4: 1fudihara ($99 in chips) 
Seat 5: Mr_Dick666 ($121.06 in chips) 
Seat 6: Becar_06 ($108.90 in chips) 
1fudihara: posts small blind $0.50
Mr_Dick666: posts big blind $1
*** HOLE CARDS ***
Becar_06: raises $1.20 to $2.20
nikalas22: folds 
Alinyr: raises $5.30 to $7.50
Xenicide: folds 
1fudihara: folds 
Mr_Dick666: folds 
Becar_06: folds 
Uncalled bet ($5.30) returned to Alinyr
Alinyr collected $5.90 from pot
Alinyr: doesn't show hand 
*** SUMMARY ***
Total pot $5.90 | Rake $0 
Seat 1: nikalas22 folded before Flop (didn't bet)
Seat 2: Alinyr collected ($5.90)
Seat 3: Xenicide (button) folded before Flop (didn't bet)
Seat 4: 1fudihara (small blind) folded before Flop
Seat 5: Mr_Dick666 (big blind) folded before Flop
Seat 6: Becar_06 folded before Flop



PokerStars Hand #254341487275:  Hold'em No Limit ($0.50/$1.00 USD) - 2025/01/12 23:00:10 WET [2025/01/12 18:00:10 ET]
Table 'Bernhard II' 6-max Seat #4 is the button
Seat 1: nikalas22 ($209.91 in chips) 
Seat 2: Alinyr ($195.92 in chips) 
Seat 3: Xenicide ($130.84 in chips) 
Seat 4: 1fudihara ($98.50 in chips) 
Seat 5: Mr_Dick666 ($120.06 in chips) 
Seat 6: Becar_06 ($106.70 in chips) 
Mr_Dick666: posts small blind $0.50
Becar_06: posts big blind $1
*** HOLE CARDS ***
nikalas22: raises $1.50 to $2.50
Alinyr: folds 
Xenicide: folds 
1fudihara: raises $6.50 to $9
Mr_Dick666: folds 
Becar_06: folds 
nikalas22: raises $16 to $25
1fudihara: calls $16
*** FLOP *** [8h 7h 4d]
nikalas22: bets $24.50
1fudihara: raises $49 to $73.50 and is all-in
nikalas22: calls $49
*** TURN *** [8h 7h 4d] [5h]
*** RIVER *** [8h 7h 4d 5h] [4s]
*** SHOW DOWN ***
nikalas22: shows [Qh Qd] (two pair, Queens and Fours)
1fudihara: shows [Td Jd] (a pair of Fours)
nikalas22 collected $196 from pot
*** SUMMARY ***
Total pot $198.50 | Rake $2.50 
Board [8h 7h 4d 5h 4s]
Seat 1: nikalas22 showed [Qh Qd] and won ($196) with two pair, Queens and Fours
Seat 2: Alinyr folded before Flop (didn't bet)
Seat 3: Xenicide folded before Flop (didn't bet)
Seat 4: 1fudihara (button) showed [Td Jd] and lost with a pair of Fours
Seat 5: Mr_Dick666 (small blind) folded before Flop
Seat 6: Becar_06 (big blind) folded before Flop



PokerStars Hand #254341499639:  Hold'em No Limit ($0.50/$1.00 USD) - 2025/01/12 23:01:04 WET [2025/01/12 18:01:04 ET]
Table 'Bernhard II' 6-max Seat #5 is the button
Seat 4: 1fudihara ($0 in chips) is sitting out
Seat 1: nikalas22 ($307.41 in chips) 
Seat 2: Alinyr ($195.92 in chips) 
Seat 3: Xenicide ($130.84 in chips) 
Seat 5: Mr_Dick666 ($119.56 in chips) 
Seat 6: Becar_06 ($105.70 in chips) 
Becar_06: posts small blind $0.50
nikalas22: posts big blind $1
*** HOLE CARDS ***
Alinyr: folds 
Xenicide: folds 
Mr_Dick666: folds 
Becar_06: folds 
Uncalled bet ($0.50) returned to nikalas22
nikalas22 collected $1 from pot
nikalas22: doesn't show hand 
*** SUMMARY ***
Total pot $1 | Rake $0 
Seat 4: 1fudihara
Seat 1: nikalas22 (big blind) collected ($1)
Seat 2: Alinyr folded before Flop (didn't bet)
Seat 3: Xenicide folded before Flop (didn't bet)
Seat 5: Mr_Dick666 (button) folded before Flop (didn't bet)
Seat 6: Becar_06 (small blind) folded before Flop



PokerStars Hand #254341505465:  Hold'em No Limit ($0.50/$1.00 USD) - 2025/01/12 23:01:25 WET [2025/01/12 18:01:25 ET]
Table 'Bernhard II' 6-max Seat #6 is the button
Seat 4: 1fudihara ($0 in chips) is sitting out
Seat 1: nikalas22 ($307.91 in chips) 
Seat 2: Alinyr ($195.92 in chips) 
Seat 3: Xenicide ($130.84 in chips) 
Seat 5: Mr_Dick666 ($119.56 in chips) 
Seat 6: Becar_06 ($105.20 in chips) 
nikalas22: posts small blind $0.50
Alinyr: posts big blind $1
*** HOLE CARDS ***
Xenicide: folds 
Mr_Dick666: folds 
Becar_06: raises $1.50 to $2.50
nikalas22: folds 
Alinyr: folds 
Uncalled bet ($1.50) returned to Becar_06
Becar_06 collected $2.50 from pot
*** SUMMARY ***
Total pot $2.50 | Rake $0 
Seat 4: 1fudihara
Seat 1: nikalas22 (small blind) folded before Flop
Seat 2: Alinyr (big blind) folded before Flop
Seat 3: Xenicide folded before Flop (didn't bet)
Seat 5: Mr_Dick666 folded before Flop (didn't bet)
Seat 6: Becar_06 (button) collected ($2.50)



PokerStars Hand #254341511996:  Hold'em No Limit ($0.50/$1.00 USD) - 2025/01/12 23:01:48 WET [2025/01/12 18:01:48 ET]
Table 'Bernhard II' 6-max Seat #1 is the button
Seat 4: 1fudihara ($0 in chips) is sitting out
Seat 1: nikalas22 ($307.41 in chips) 
Seat 2: Alinyr ($194.92 in chips) 
Seat 3: Xenicide ($130.84 in chips) 
Seat 5: Mr_Dick666 ($119.56 in chips) 
Seat 6: Becar_06 ($106.70 in chips) 
Alinyr: posts small blind $0.50
Xenicide: posts big blind $1
*** HOLE CARDS ***
Mr_Dick666: raises $1 to $2
Becar_06: folds 
nikalas22: folds 
Alinyr: folds 
Xenicide: folds 
Uncalled bet ($1) returned to Mr_Dick666
Mr_Dick666 collected $2.50 from pot
Mr_Dick666: doesn't show hand 
*** SUMMARY ***
Total pot $2.50 | Rake $0 
Seat 4: 1fudihara
Seat 1: nikalas22 (button) folded before Flop (didn't bet)
Seat 2: Alinyr (small blind) folded before Flop
Seat 3: Xenicide (big blind) folded before Flop
Seat 5: Mr_Dick666 collected ($2.50)
Seat 6: Becar_06 folded before Flop (didn't bet)



PokerStars Hand #254341518455:  Hold'em No Limit ($0.50/$1.00 USD) - 2025/01/12 23:02:08 WET [2025/01/12 18:02:08 ET]
Table 'Bernhard II' 6-max Seat #2 is the button
Seat 4: 1fudihara ($0 in chips) is sitting out
Seat 1: nikalas22 ($307.41 in chips) 
Seat 2: Alinyr ($194.42 in chips) 
Seat 3: Xenicide ($129.84 in chips) 
Seat 5: Mr_Dick666 ($121.06 in chips) 
Seat 6: Becar_06 ($106.70 in chips) 
Xenicide: posts small blind $0.50
Mr_Dick666: posts big blind $1
*** HOLE CARDS ***
Becar_06: folds 
nikalas22: raises $1.50 to $2.50
Alinyr: folds 
Xenicide: folds 
Mr_Dick666: folds 
Uncalled bet ($1.50) returned to nikalas22
nikalas22 collected $2.50 from pot
nikalas22: doesn't show hand 
*** SUMMARY ***
Total pot $2.50 | Rake $0 
Seat 4: 1fudihara
Seat 1: nikalas22 collected ($2.50)
Seat 2: Alinyr (button) folded before Flop (didn't bet)
Seat 3: Xenicide (small blind) folded before Flop
Seat 5: Mr_Dick666 (big blind) folded before Flop
Seat 6: Becar_06 folded before Flop (didn't bet)



PokerStars Hand #254341524460:  Hold'em No Limit ($0.50/$1.00 USD) - 2025/01/12 23:02:28 WET [2025/01/12 18:02:28 ET]
Table 'Bernhard II' 6-max Seat #3 is the button
Seat 1: nikalas22 ($308.91 in chips) is sitting out
Seat 4: 1fudihara ($0 in chips) is sitting out
Seat 2: Alinyr ($194.42 in chips) 
Seat 3: Xenicide ($129.34 in chips) 
Seat 5: Mr_Dick666 ($120.06 in chips) 
Seat 6: Becar_06 ($106.70 in chips) 
Mr_Dick666: posts small blind $0.50
Becar_06: posts big blind $1
*** HOLE CARDS ***
nikalas22 leaves the table
Alinyr: folds 
Xenicide: folds 
Mr_Dick666: folds 
Uncalled bet ($0.50) returned to Becar_06
Becar_06 collected $1 from pot
*** SUMMARY ***
Total pot $1 | Rake $0 
Seat 1: nikalas22
Seat 4: 1fudihara
Seat 2: Alinyr folded before Flop (didn't bet)
Seat 3: Xenicide (button) folded before Flop (didn't bet)
Seat 5: Mr_Dick666 (small blind) folded before Flop
Seat 6: Becar_06 (big blind) collected ($1)



PokerStars Hand #254341528128:  Hold'em No Limit ($0.50/$1.00 USD) - 2025/01/12 23:02:40 WET [2025/01/12 18:02:40 ET]
Table 'Bernhard II' 6-max Seat #5 is the button
Seat 4: 1fudihara ($0 in chips) is sitting out
Seat 2: Alinyr ($194.42 in chips) 
Seat 3: Xenicide ($129.34 in chips) 
Seat 5: Mr_Dick666 ($119.56 in chips) 
Seat 6: Becar_06 ($107.20 in chips) 
Becar_06: posts small blind $0.50
Alinyr: posts big blind $1
*** HOLE CARDS ***
Xenicide: folds 
Mr_Dick666: folds 
Becar_06: folds 
Uncalled bet ($0.50) returned to Alinyr
Alinyr collected $1 from pot
Alinyr: doesn't show hand 
*** SUMMARY ***
Total pot $1 | Rake $0 
Seat 4: 1fudihara
Seat 2: Alinyr (big blind) collected ($1)
Seat 3: Xenicide folded before Flop (didn't bet)
Seat 5: Mr_Dick666 (button) folded before Flop (didn't bet)
Seat 6: Becar_06 (small blind) folded before Flop



PokerStars Hand #254341531592:  Hold'em No Limit ($0.50/$1.00 USD) - 2025/01/12 23:02:51 WET [2025/01/12 18:02:51 ET]
Table 'Bernhard II' 6-max Seat #6 is the button
Seat 3: Xenicide ($129.34 in chips) is sitting out
Seat 4: 1fudihara ($0 in chips) is sitting out
Seat 2: Alinyr ($194.92 in chips) 
Seat 5: Mr_Dick666 ($119.56 in chips) 
Seat 6: Becar_06 ($106.70 in chips) 
Alinyr: posts small blind $0.50
Xenicide: is sitting out 
Mr_Dick666: posts big blind $1
*** HOLE CARDS ***
Xenicide leaves the table
Becar_06: folds 
Alinyr: raises $2 to $3
Mr_Dick666: folds 
Uncalled bet ($2) returned to Alinyr
Alinyr collected $2 from pot
Alinyr: doesn't show hand 
*** SUMMARY ***
Total pot $2 | Rake $0 
Seat 3: Xenicide
Seat 4: 1fudihara
Seat 2: Alinyr (small blind) collected ($2)
Seat 5: Mr_Dick666 (big blind) folded before Flop
Seat 6: Becar_06 (button) folded before Flop (didn't bet)



PokerStars Hand #254341535838:  Hold'em No Limit ($0.50/$1.00 USD) - 2025/01/12 23:03:05 WET [2025/01/12 18:03:05 ET]
Table 'Bernhard II' 6-max Seat #2 is the button
Seat 4: 1fudihara ($0 in chips) is sitting out
Seat 2: Alinyr ($195.92 in chips) 
Seat 5: Mr_Dick666 ($118.56 in chips) 
Seat 6: Becar_06 ($106.70 in chips) 
Mr_Dick666: posts small blind $0.50
Becar_06: posts big blind $1
*** HOLE CARDS ***
Alinyr: folds 
Mr_Dick666: raises $2 to $3
Becar_06: calls $2
*** FLOP *** [As 3s 2h]
Mr_Dick666: checks 
Becar_06: bets $1.88
Mr_Dick666: folds 
Uncalled bet ($1.88) returned to Becar_06
Becar_06 collected $5.70 from pot
*** SUMMARY ***
Total pot $6 | Rake $0.30 
Board [As 3s 2h]
Seat 4: 1fudihara
Seat 2: Alinyr (button) folded before Flop (didn't bet)
Seat 5: Mr_Dick666 (small blind) folded on the Flop
Seat 6: Becar_06 (big blind) collected ($5.70)



PokerStars Hand #254341548658:  Hold'em No Limit ($0.50/$1.00 USD) - 2025/01/12 23:03:46 WET [2025/01/12 18:03:46 ET]
Table 'Bernhard II' 6-max Seat #6 is the button
Seat 2: Alinyr ($195.92 in chips) is sitting out
Seat 4: 1fudihara ($0 in chips) is sitting out
Seat 5: Mr_Dick666 ($115.56 in chips) 
Seat 6: Becar_06 ($109.40 in chips) 
Becar_06: posts small blind $0.50
Alinyr: is sitting out 
Mr_Dick666: posts big blind $1
*** HOLE CARDS ***
Alinyr leaves the table
Becar_06: raises $1.50 to $2.50
Mr_Dick666: calls $1.50
*** FLOP *** [7h Th Ts]
Mr_Dick666: checks 
Becar_06: checks 
*** TURN *** [7h Th Ts] [Kd]
Mr_Dick666: checks 
Becar_06: bets $3.56
Mr_Dick666: folds 
Uncalled bet ($3.56) returned to Becar_06
Becar_06 collected $4.75 from pot
*** SUMMARY ***
Total pot $5 | Rake $0.25 
Board [7h Th Ts Kd]
Seat 2: Alinyr
Seat 4: 1fudihara
Seat 5: Mr_Dick666 (big blind) folded on the Turn
Seat 6: Becar_06 (button) (small blind) collected ($4.75)



