PokerStars Hand #254325704000:  Hold'em No Limit ($0.50/$1.00 USD) - 2025/01/12 3:55:56 WET [2025/01/11 22:55:56 ET]
Table 'Megrez III' 6-max Seat #3 is the button
Seat 1: Xenicide ($102.50 in chips) 
Seat 2: B1GBankroll ($100 in chips) 
Seat 3: SeaHawksOnAir ($25.27 in chips) 
Seat 4: EasyGamerrr ($105.82 in chips) 
Seat 5: rostickkin ($139.76 in chips) 
Seat 6: Rysiff ($100 in chips) 
EasyGamerrr: posts small blind $0.50
rostickkin: posts big blind $1
*** HOLE CARDS ***
Rysiff: folds 
Xenicide: folds 
B1GBankroll: folds 
SeaHawksOnAir: calls $1
EasyGamerrr: folds 
rostickkin: checks 
*** FLOP *** [4h 4d Th]
rostickkin: checks 
SeaHawksOnAir: checks 
*** TURN *** [4h 4d Th] [5c]
rostickkin: bets $1.81
SeaHawksOnAir: calls $1.81
*** RIVER *** [4h 4d Th 5c] [As]
rostickkin: bets $1
SeaHawksOnAir: calls $1
*** SHOW DOWN ***
rostickkin: shows [Qs 5h] (two pair, Fives and Fours)
SeaHawksOnAir: shows [Ks 5s] (two pair, Fives and Fours)
rostickkin collected $3.86 from pot
SeaHawksOnAir collected $3.85 from pot
*** SUMMARY ***
Total pot $8.12 | Rake $0.41 
Board [4h 4d Th 5c As]
Seat 1: Xenicide folded before Flop (didn't bet)
Seat 2: B1GBankroll folded before Flop (didn't bet)
Seat 3: SeaHawksOnAir (button) showed [Ks 5s] and won ($3.85) with two pair, Fives and Fours
Seat 4: EasyGamerrr (small blind) folded before Flop
Seat 5: rostickkin (big blind) showed [Qs 5h] and won ($3.86) with two pair, Fives and Fours
Seat 6: Rysiff folded before Flop (didn't bet)



PokerStars Hand #254325707673:  Hold'em No Limit ($0.50/$1.00 USD) - 2025/01/12 3:56:31 WET [2025/01/11 22:56:31 ET]
Table 'Megrez III' 6-max Seat #4 is the button
Seat 1: Xenicide ($102.50 in chips) 
Seat 2: B1GBankroll ($100 in chips) 
Seat 3: SeaHawksOnAir ($25.31 in chips) 
Seat 4: EasyGamerrr ($105.32 in chips) 
Seat 5: rostickkin ($139.81 in chips) 
Seat 6: Rysiff ($100 in chips) 
rostickkin: posts small blind $0.50
Rysiff: posts big blind $1
*** HOLE CARDS ***
Xenicide: folds 
B1GBankroll: folds 
SeaHawksOnAir: folds 
EasyGamerrr: raises $1.50 to $2.50
rostickkin: folds 
Rysiff: folds 
Uncalled bet ($1.50) returned to EasyGamerrr
EasyGamerrr collected $2.50 from pot
EasyGamerrr: doesn't show hand 
*** SUMMARY ***
Total pot $2.50 | Rake $0 
Seat 1: Xenicide folded before Flop (didn't bet)
Seat 2: B1GBankroll folded before Flop (didn't bet)
Seat 3: SeaHawksOnAir folded before Flop (didn't bet)
Seat 4: EasyGamerrr (button) collected ($2.50)
Seat 5: rostickkin (small blind) folded before Flop
Seat 6: Rysiff (big blind) folded before Flop



PokerStars Hand #254325709304:  Hold'em No Limit ($0.50/$1.00 USD) - 2025/01/12 3:56:46 WET [2025/01/11 22:56:46 ET]
Table 'Megrez III' 6-max Seat #5 is the button
Seat 1: Xenicide ($102.50 in chips) 
Seat 2: B1GBankroll ($100 in chips) 
Seat 3: SeaHawksOnAir ($25.31 in chips) 
Seat 4: EasyGamerrr ($106.82 in chips) 
Seat 5: rostickkin ($139.31 in chips) 
Seat 6: Rysiff ($100 in chips) 
Rysiff: posts small blind $0.50
Xenicide: posts big blind $1
*** HOLE CARDS ***
B1GBankroll: raises $1.50 to $2.50
SeaHawksOnAir: folds 
EasyGamerrr: folds 
rostickkin: folds 
Rysiff: folds 
Xenicide: folds 
Uncalled bet ($1.50) returned to B1GBankroll
B1GBankroll collected $2.50 from pot
B1GBankroll: doesn't show hand 
*** SUMMARY ***
Total pot $2.50 | Rake $0 
Seat 1: Xenicide (big blind) folded before Flop
Seat 2: B1GBankroll collected ($2.50)
Seat 3: SeaHawksOnAir folded before Flop (didn't bet)
Seat 4: EasyGamerrr folded before Flop (didn't bet)
Seat 5: rostickkin (button) folded before Flop (didn't bet)
Seat 6: Rysiff (small blind) folded before Flop



PokerStars Hand #254325712374:  Hold'em No Limit ($0.50/$1.00 USD) - 2025/01/12 3:57:15 WET [2025/01/11 22:57:15 ET]
Table 'Megrez III' 6-max Seat #6 is the button
Seat 1: Xenicide ($101.50 in chips) 
Seat 2: B1GBankroll ($101.50 in chips) 
Seat 3: SeaHawksOnAir ($25.31 in chips) 
Seat 4: EasyGamerrr ($106.82 in chips) 
Seat 5: rostickkin ($139.31 in chips) 
Seat 6: Rysiff ($100 in chips) 
Xenicide: posts small blind $0.50
B1GBankroll: posts big blind $1
*** HOLE CARDS ***
SeaHawksOnAir: calls $1
EasyGamerrr: folds 
rostickkin: raises $2.50 to $3.50
Rysiff: folds 
Xenicide: folds 
B1GBankroll: folds 
SeaHawksOnAir: raises $2.50 to $6
rostickkin: calls $2.50
*** FLOP *** [9d 6h 9c]
SeaHawksOnAir: bets $19.31 and is all-in
rostickkin: calls $19.31
*** TURN *** [9d 6h 9c] [3h]
*** RIVER *** [9d 6h 9c 3h] [2d]
*** SHOW DOWN ***
SeaHawksOnAir: shows [Qd Qc] (two pair, Queens and Nines)
rostickkin: shows [As 9h] (three of a kind, Nines)
rostickkin collected $49.62 from pot
*** SUMMARY ***
Total pot $52.12 | Rake $2.50 
Board [9d 6h 9c 3h 2d]
Seat 1: Xenicide (small blind) folded before Flop
Seat 2: B1GBankroll (big blind) folded before Flop
Seat 3: SeaHawksOnAir showed [Qd Qc] and lost with two pair, Queens and Nines
Seat 4: EasyGamerrr folded before Flop (didn't bet)
Seat 5: rostickkin showed [As 9h] and won ($49.62) with three of a kind, Nines
Seat 6: Rysiff (button) folded before Flop (didn't bet)



PokerStars Hand #254325716180:  Hold'em No Limit ($0.50/$1.00 USD) - 2025/01/12 3:57:50 WET [2025/01/11 22:57:50 ET]
Table 'Megrez III' 6-max Seat #1 is the button
Seat 3: SeaHawksOnAir ($0 in chips) is sitting out
Seat 1: Xenicide ($101 in chips) 
Seat 2: B1GBankroll ($100.50 in chips) 
Seat 4: EasyGamerrr ($106.82 in chips) 
Seat 5: rostickkin ($163.62 in chips) 
Seat 6: Rysiff ($100 in chips) 
B1GBankroll: posts small blind $0.50
EasyGamerrr: posts big blind $1
*** HOLE CARDS ***
rostickkin: raises $1.20 to $2.20
Rysiff: folds 
Xenicide: folds 
SeaHawksOnAir leaves the table
B1GBankroll: folds 
EasyGamerrr: calls $1.20
*** FLOP *** [Jc 4d 9d]
Rysiff leaves the table
EasyGamerrr: checks 
rostickkin: bets $1.58
EasyGamerrr: calls $1.58
*** TURN *** [Jc 4d 9d] [2d]
EasyGamerrr: checks 
rostickkin: checks 
*** RIVER *** [Jc 4d 9d 2d] [9c]
EasyGamerrr: checks 
rostickkin: bets $5.82
EasyGamerrr: folds 
Uncalled bet ($5.82) returned to rostickkin
rostickkin collected $7.66 from pot
rostickkin: doesn't show hand 
*** SUMMARY ***
Total pot $8.06 | Rake $0.40 
Board [Jc 4d 9d 2d 9c]
Seat 3: SeaHawksOnAir
Seat 1: Xenicide (button) folded before Flop (didn't bet)
Seat 2: B1GBankroll (small blind) folded before Flop
Seat 4: EasyGamerrr (big blind) folded on the River
Seat 5: rostickkin collected ($7.66)
Seat 6: Rysiff folded before Flop (didn't bet)



PokerStars Hand #254325723781:  Hold'em No Limit ($0.50/$1.00 USD) - 2025/01/12 3:59:01 WET [2025/01/11 22:59:01 ET]
Table 'Megrez III' 6-max Seat #2 is the button
Seat 4: EasyGamerrr ($103.04 in chips) is sitting out
Seat 1: Xenicide ($101 in chips) 
Seat 2: B1GBankroll ($100 in chips) 
Seat 5: rostickkin ($167.50 in chips) 
rostickkin: posts small blind $0.50
Xenicide: posts big blind $1
*** HOLE CARDS ***
B1GBankroll: raises $1.50 to $2.50
EasyGamerrr leaves the table
rostickkin: folds 
Xenicide: folds 
Uncalled bet ($1.50) returned to B1GBankroll
B1GBankroll collected $2.50 from pot
B1GBankroll: doesn't show hand 
*** SUMMARY ***
Total pot $2.50 | Rake $0 
Seat 4: EasyGamerrr
Seat 1: Xenicide (big blind) folded before Flop
Seat 2: B1GBankroll (button) collected ($2.50)
Seat 5: rostickkin (small blind) folded before Flop



PokerStars Hand #254325725951:  Hold'em No Limit ($0.50/$1.00 USD) - 2025/01/12 3:59:22 WET [2025/01/11 22:59:22 ET]
Table 'Megrez III' 6-max Seat #5 is the button
Seat 1: Xenicide ($100 in chips) 
Seat 2: B1GBankroll ($101.50 in chips) 
Seat 5: rostickkin ($167 in chips) 
Xenicide: posts small blind $0.50
B1GBankroll: posts big blind $1
*** HOLE CARDS ***
rostickkin: raises $1.50 to $2.50
Xenicide: folds 
B1GBankroll: raises $8.75 to $11.25
rostickkin: folds 
Uncalled bet ($8.75) returned to B1GBankroll
B1GBankroll collected $5.50 from pot
B1GBankroll: doesn't show hand 
*** SUMMARY ***
Total pot $5.50 | Rake $0 
Seat 1: Xenicide (small blind) folded before Flop
Seat 2: B1GBankroll (big blind) collected ($5.50)
Seat 5: rostickkin (button) folded before Flop



PokerStars Hand #254325728170:  Hold'em No Limit ($0.50/$1.00 USD) - 2025/01/12 3:59:43 WET [2025/01/11 22:59:43 ET]
Table 'Megrez III' 6-max Seat #2 is the button
Seat 5: rostickkin ($164.50 in chips) is sitting out
Seat 1: Xenicide ($100 in chips) 
Seat 2: B1GBankroll ($104.50 in chips) 
B1GBankroll: posts small blind $0.50
rostickkin: is sitting out 
Xenicide: posts big blind $1
*** HOLE CARDS ***
rostickkin leaves the table
B1GBankroll: raises $1.50 to $2.50
Xenicide: raises $7.50 to $10
B1GBankroll: calls $7.50
*** FLOP *** [Kh Ts 9c]
Xenicide: bets $4.75
B1GBankroll: calls $4.75
*** TURN *** [Kh Ts 9c] [2h]
Xenicide: checks 
B1GBankroll: checks 
*** RIVER *** [Kh Ts 9c 2h] [8s]
Xenicide: checks 
B1GBankroll: checks 
*** SHOW DOWN ***
Xenicide: shows [Td Jd] (a pair of Tens)
B1GBankroll: mucks hand 
Xenicide collected $28.50 from pot
*** SUMMARY ***
Total pot $29.50 | Rake $1 
Board [Kh Ts 9c 2h 8s]
Seat 5: rostickkin
Seat 1: Xenicide (big blind) showed [Td Jd] and won ($28.50) with a pair of Tens
Seat 2: B1GBankroll (button) (small blind) mucked



PokerStars Hand #254325740120:  Hold'em No Limit ($0.50/$1.00 USD) - 2025/01/12 4:01:25 WET [2025/01/11 23:01:25 ET]
Table 'Megrez III' 6-max Seat #1 is the button
Seat 1: Xenicide ($113.75 in chips) 
Seat 2: B1GBankroll ($100 in chips) 
Xenicide: posts small blind $0.50
B1GBankroll: posts big blind $1
*** HOLE CARDS ***
Xenicide: raises $1.25 to $2.25
B1GBankroll: calls $1.25
*** FLOP *** [9c Ts 6c]
B1GBankroll: checks 
Xenicide: checks 
*** TURN *** [9c Ts 6c] [5c]
B1GBankroll: checks 
Xenicide: checks 
*** RIVER *** [9c Ts 6c 5c] [Qh]
B1GBankroll: bets $3.81
Xenicide: folds 
Uncalled bet ($3.81) returned to B1GBankroll
B1GBankroll collected $4.28 from pot
B1GBankroll: doesn't show hand 
*** SUMMARY ***
Total pot $4.50 | Rake $0.22 
Board [9c Ts 6c 5c Qh]
Seat 1: Xenicide (button) (small blind) folded on the River
Seat 2: B1GBankroll (big blind) collected ($4.28)



