PokerStars Hand #254329605750:  Hold'em No Limit ($0.50/$1.00 USD) - 2025/01/12 12:36:50 WET [2025/01/12 7:36:50 ET]
Table 'Sadeya II' 6-max Seat #6 is the button
Seat 3: Emily_GetMan ($100 in chips) is sitting out
Seat 1: magzi777 ($103 in chips) 
Seat 2: StupidGirl666 ($100 in chips) 
Seat 4: Dulejunge ($97.50 in chips) 
Seat 5: kars0n ($101 in chips) 
Seat 6: Rysiff ($111.02 in chips) 
magzi777: posts small blind $0.50
StupidGirl666: posts big blind $1
Emily_GetMan: sits out 
*** HOLE CARDS ***
Dulejunge: raises $1.50 to $2.50
kars0n: folds 
Rysiff: folds 
magzi777: raises $8.50 to $11
StupidGirl666: folds 
Dulejunge: calls $8.50
*** FLOP *** [4h 7d 7h]
magzi777: bets $6.50
Dulejunge: calls $6.50
*** TURN *** [4h 7d 7h] [6c]
magzi777: checks 
Dulejunge: bets $17
magzi777: folds 
Uncalled bet ($17) returned to Dulejunge
Dulejunge collected $33.75 from pot
*** SUMMARY ***
Total pot $36 | Rake $2.25 
Board [4h 7d 7h 6c]
Seat 3: Emily_GetMan
Seat 1: magzi777 (small blind) folded on the Turn
Seat 2: StupidGirl666 (big blind) folded before Flop
Seat 4: Dulejunge collected ($33.75)
Seat 5: kars0n folded before Flop (didn't bet)
Seat 6: Rysiff (button) folded before Flop (didn't bet)



PokerStars Hand #254329616056:  Hold'em No Limit ($0.50/$1.00 USD) - 2025/01/12 12:37:53 WET [2025/01/12 7:37:53 ET]
Table 'Sadeya II' 6-max Seat #1 is the button
Seat 1: magzi777 ($100 in chips) 
Seat 2: StupidGirl666 ($100 in chips) 
Seat 3: Emily_GetMan ($100 in chips) 
Seat 4: Dulejunge ($113.75 in chips) 
Seat 5: kars0n ($101 in chips) 
Seat 6: Rysiff ($111.02 in chips) 
StupidGirl666: posts small blind $0.50
Emily_GetMan: posts big blind $1
*** HOLE CARDS ***
Dulejunge: raises $1.50 to $2.50
kars0n: folds 
Rysiff: folds 
magzi777: folds 
StupidGirl666: folds 
Emily_GetMan: folds 
Uncalled bet ($1.50) returned to Dulejunge
Dulejunge collected $2.50 from pot
*** SUMMARY ***
Total pot $2.50 | Rake $0 
Seat 1: magzi777 (button) folded before Flop (didn't bet)
Seat 2: StupidGirl666 (small blind) folded before Flop
Seat 3: Emily_GetMan (big blind) folded before Flop
Seat 4: Dulejunge collected ($2.50)
Seat 5: kars0n folded before Flop (didn't bet)
Seat 6: Rysiff folded before Flop (didn't bet)



PokerStars Hand #254329620575:  Hold'em No Limit ($0.50/$1.00 USD) - 2025/01/12 12:38:20 WET [2025/01/12 7:38:20 ET]
Table 'Sadeya II' 6-max Seat #2 is the button
Seat 1: magzi777 ($100 in chips) 
Seat 2: StupidGirl666 ($100 in chips) 
Seat 3: Emily_GetMan ($100 in chips) 
Seat 4: Dulejunge ($115.25 in chips) 
Seat 5: kars0n ($101 in chips) 
Seat 6: Rysiff ($111.02 in chips) 
Emily_GetMan: posts small blind $0.50
Dulejunge: posts big blind $1
*** HOLE CARDS ***
kars0n: folds 
Rysiff: folds 
magzi777: folds 
StupidGirl666: folds 
Emily_GetMan: folds 
Uncalled bet ($0.50) returned to Dulejunge
Dulejunge collected $1 from pot
*** SUMMARY ***
Total pot $1 | Rake $0 
Seat 1: magzi777 folded before Flop (didn't bet)
Seat 2: StupidGirl666 (button) folded before Flop (didn't bet)
Seat 3: Emily_GetMan (small blind) folded before Flop
Seat 4: Dulejunge (big blind) collected ($1)
Seat 5: kars0n folded before Flop (didn't bet)
Seat 6: Rysiff folded before Flop (didn't bet)



PokerStars Hand #254329622080:  Hold'em No Limit ($0.50/$1.00 USD) - 2025/01/12 12:38:30 WET [2025/01/12 7:38:30 ET]
Table 'Sadeya II' 6-max Seat #3 is the button
Seat 1: magzi777 ($100 in chips) 
Seat 2: StupidGirl666 ($100 in chips) 
Seat 3: Emily_GetMan ($100 in chips) 
Seat 4: Dulejunge ($115.75 in chips) 
Seat 5: kars0n ($101 in chips) 
Seat 6: Rysiff ($111.02 in chips) 
Dulejunge: posts small blind $0.50
kars0n: posts big blind $1
*** HOLE CARDS ***
Rysiff: folds 
magzi777: raises $1.50 to $2.50
StupidGirl666: folds 
Emily_GetMan: folds 
Dulejunge: folds 
kars0n: calls $1.50
*** FLOP *** [6h 8c Qs]
kars0n: checks 
magzi777: bets $1.50
kars0n: calls $1.50
*** TURN *** [6h 8c Qs] [7h]
kars0n: checks 
magzi777: bets $5.33
kars0n: calls $5.33
*** RIVER *** [6h 8c Qs 7h] [9h]
kars0n: bets $6.01
magzi777: folds 
Uncalled bet ($6.01) returned to kars0n
kars0n collected $18.20 from pot
kars0n: doesn't show hand 
*** SUMMARY ***
Total pot $19.16 | Rake $0.96 
Board [6h 8c Qs 7h 9h]
Seat 1: magzi777 folded on the River
Seat 2: StupidGirl666 folded before Flop (didn't bet)
Seat 3: Emily_GetMan (button) folded before Flop (didn't bet)
Seat 4: Dulejunge (small blind) folded before Flop
Seat 5: kars0n (big blind) collected ($18.20)
Seat 6: Rysiff folded before Flop (didn't bet)



PokerStars Hand #254329632408:  Hold'em No Limit ($0.50/$1.00 USD) - 2025/01/12 12:39:31 WET [2025/01/12 7:39:31 ET]
Table 'Sadeya II' 6-max Seat #4 is the button
Seat 1: magzi777 ($100 in chips) 
Seat 2: StupidGirl666 ($100 in chips) 
Seat 3: Emily_GetMan ($100 in chips) 
Seat 4: Dulejunge ($115.25 in chips) 
Seat 5: kars0n ($109.87 in chips) 
Seat 6: Rysiff ($111.02 in chips) 
kars0n: posts small blind $0.50
Rysiff: posts big blind $1
*** HOLE CARDS ***
magzi777: folds 
StupidGirl666: raises $1 to $2
Emily_GetMan: folds 
Dulejunge: calls $2
kars0n: folds 
Rysiff: folds 
*** FLOP *** [7h Qc Qs]
StupidGirl666: checks 
Dulejunge: checks 
*** TURN *** [7h Qc Qs] [Td]
StupidGirl666: checks 
Dulejunge: bets $3
StupidGirl666: calls $3
*** RIVER *** [7h Qc Qs Td] [3s]
StupidGirl666: checks 
Dulejunge: bets $11.50
StupidGirl666: calls $11.50
*** SHOW DOWN ***
Dulejunge: shows [Qh 9h] (three of a kind, Queens)
StupidGirl666: mucks hand 
Dulejunge collected $32.35 from pot
*** SUMMARY ***
Total pot $34.50 | Rake $2.15 
Board [7h Qc Qs Td 3s]
Seat 1: magzi777 folded before Flop (didn't bet)
Seat 2: StupidGirl666 mucked
Seat 3: Emily_GetMan folded before Flop (didn't bet)
Seat 4: Dulejunge (button) showed [Qh 9h] and won ($32.35) with three of a kind, Queens
Seat 5: kars0n (small blind) folded before Flop
Seat 6: Rysiff (big blind) folded before Flop



PokerStars Hand #254329644483:  Hold'em No Limit ($0.50/$1.00 USD) - 2025/01/12 12:40:43 WET [2025/01/12 7:40:43 ET]
Table 'Sadeya II' 6-max Seat #5 is the button
Seat 1: magzi777 ($100 in chips) 
Seat 2: StupidGirl666 ($100 in chips) 
Seat 3: Emily_GetMan ($100 in chips) 
Seat 4: Dulejunge ($131.10 in chips) 
Seat 5: kars0n ($109.37 in chips) 
Seat 6: Rysiff ($110.02 in chips) 
Rysiff: posts small blind $0.50
magzi777: posts big blind $1
*** HOLE CARDS ***
StupidGirl666: raises $1 to $2
Emily_GetMan: folds 
Dulejunge: folds 
kars0n: raises $5 to $7
Rysiff: folds 
magzi777: folds 
StupidGirl666: calls $5
*** FLOP *** [Td 9c 3d]
StupidGirl666: checks 
kars0n: checks 
*** TURN *** [Td 9c 3d] [Ks]
StupidGirl666: checks 
kars0n: checks 
*** RIVER *** [Td 9c 3d Ks] [Kc]
StupidGirl666: checks 
kars0n: bets $4.86
StupidGirl666: folds 
Uncalled bet ($4.86) returned to kars0n
kars0n collected $14.72 from pot
kars0n: doesn't show hand 
*** SUMMARY ***
Total pot $15.50 | Rake $0.78 
Board [Td 9c 3d Ks Kc]
Seat 1: magzi777 (big blind) folded before Flop
Seat 2: StupidGirl666 folded on the River
Seat 3: Emily_GetMan folded before Flop (didn't bet)
Seat 4: Dulejunge folded before Flop (didn't bet)
Seat 5: kars0n (button) collected ($14.72)
Seat 6: Rysiff (small blind) folded before Flop



PokerStars Hand #254329655322:  Hold'em No Limit ($0.50/$1.00 USD) - 2025/01/12 12:41:46 WET [2025/01/12 7:41:46 ET]
Table 'Sadeya II' 6-max Seat #6 is the button
Seat 1: magzi777 ($100 in chips) 
Seat 2: StupidGirl666 ($100 in chips) 
Seat 3: Emily_GetMan ($100 in chips) 
Seat 4: Dulejunge ($131.10 in chips) 
Seat 5: kars0n ($117.09 in chips) 
Seat 6: Rysiff ($109.52 in chips) 
magzi777: posts small blind $0.50
StupidGirl666: posts big blind $1
*** HOLE CARDS ***
Emily_GetMan: folds 
Dulejunge: folds 
kars0n: folds 
Rysiff: folds 
magzi777: raises $2 to $3
StupidGirl666: calls $2
*** FLOP *** [8d Tc Ac]
magzi777: checks 
StupidGirl666: checks 
*** TURN *** [8d Tc Ac] [6c]
magzi777: bets $3.76
StupidGirl666: calls $3.76
*** RIVER *** [8d Tc Ac 6c] [5s]
magzi777: bets $9.63
StupidGirl666: folds 
Uncalled bet ($9.63) returned to magzi777
magzi777 collected $12.84 from pot
*** SUMMARY ***
Total pot $13.52 | Rake $0.68 
Board [8d Tc Ac 6c 5s]
Seat 1: magzi777 (small blind) collected ($12.84)
Seat 2: StupidGirl666 (big blind) folded on the River
Seat 3: Emily_GetMan folded before Flop (didn't bet)
Seat 4: Dulejunge folded before Flop (didn't bet)
Seat 5: kars0n folded before Flop (didn't bet)
Seat 6: Rysiff (button) folded before Flop (didn't bet)



PokerStars Hand #254329664185:  Hold'em No Limit ($0.50/$1.00 USD) - 2025/01/12 12:42:38 WET [2025/01/12 7:42:38 ET]
Table 'Sadeya II' 6-max Seat #1 is the button
Seat 1: magzi777 ($106.08 in chips) 
Seat 2: StupidGirl666 ($100 in chips) 
Seat 3: Emily_GetMan ($100 in chips) 
Seat 4: Dulejunge ($131.10 in chips) 
Seat 5: kars0n ($117.09 in chips) 
Seat 6: Rysiff ($109.52 in chips) 
StupidGirl666: posts small blind $0.50
Emily_GetMan: posts big blind $1
*** HOLE CARDS ***
Dulejunge: folds 
kars0n: folds 
Rysiff: raises $1.50 to $2.50
magzi777: folds 
Dulejunge leaves the table
StupidGirl666: raises $9 to $11.50
Emily_GetMan: folds 
Rysiff: folds 
Uncalled bet ($9) returned to StupidGirl666
StupidGirl666 collected $6 from pot
StupidGirl666: doesn't show hand 
*** SUMMARY ***
Total pot $6 | Rake $0 
Seat 1: magzi777 (button) folded before Flop (didn't bet)
Seat 2: StupidGirl666 (small blind) collected ($6)
Seat 3: Emily_GetMan (big blind) folded before Flop
Seat 4: Dulejunge folded before Flop (didn't bet)
Seat 5: kars0n folded before Flop (didn't bet)
Seat 6: Rysiff folded before Flop



PokerStars Hand #254329667268:  Hold'em No Limit ($0.50/$1.00 USD) - 2025/01/12 12:42:56 WET [2025/01/12 7:42:56 ET]
Table 'Sadeya II' 6-max Seat #2 is the button
Seat 1: magzi777 ($106.08 in chips) 
Seat 2: StupidGirl666 ($103.50 in chips) 
Seat 3: Emily_GetMan ($100 in chips) 
Seat 5: kars0n ($117.09 in chips) 
Seat 6: Rysiff ($107.02 in chips) 
Emily_GetMan: posts small blind $0.50
kars0n: posts big blind $1
*** HOLE CARDS ***
Rysiff: folds 
magzi777: raises $1.50 to $2.50
StupidGirl666: folds 
Emily_GetMan: folds 
kars0n: calls $1.50
*** FLOP *** [3c 7s 5c]
kars0n: checks 
magzi777: bets $1.50
kars0n: calls $1.50
*** TURN *** [3c 7s 5c] [4s]
kars0n: checks 
magzi777: checks 
*** RIVER *** [3c 7s 5c 4s] [2h]
kars0n: checks 
magzi777: bets $6.06
kars0n: folds 
Uncalled bet ($6.06) returned to magzi777
magzi777 collected $8.08 from pot
*** SUMMARY ***
Total pot $8.50 | Rake $0.42 
Board [3c 7s 5c 4s 2h]
Seat 1: magzi777 collected ($8.08)
Seat 2: StupidGirl666 (button) folded before Flop (didn't bet)
Seat 3: Emily_GetMan (small blind) folded before Flop
Seat 5: kars0n (big blind) folded on the River
Seat 6: Rysiff folded before Flop (didn't bet)



PokerStars Hand #254330029935:  Hold'em No Limit ($0.50/$1.00 USD) - 2025/01/12 13:17:51 WET [2025/01/12 8:17:51 ET]
Table 'Sadeya II' 6-max Seat #5 is the button
Seat 1: Royal012023 ($100 in chips) is sitting out
Seat 4: IREQO ($100 in chips) is sitting out
Seat 6: kars0n ($111.09 in chips) is sitting out
Seat 2: alexandr699 ($133.01 in chips) 
Seat 3: KarP93 ($100 in chips) 
Seat 5: Emily_GetMan ($100 in chips) 
alexandr699: posts small blind $0.50
KarP93: posts big blind $1
IREQO: sits out 
*** HOLE CARDS ***
Emily_GetMan: folds 
alexandr699: raises $2 to $3
KarP93: folds 
Uncalled bet ($2) returned to alexandr699
alexandr699 collected $2 from pot
alexandr699: doesn't show hand 
*** SUMMARY ***
Total pot $2 | Rake $0 
Seat 1: Royal012023
Seat 4: IREQO
Seat 6: kars0n
Seat 2: alexandr699 (small blind) collected ($2)
Seat 3: KarP93 (big blind) folded before Flop
Seat 5: Emily_GetMan (button) folded before Flop (didn't bet)



PokerStars Hand #254330032488:  Hold'em No Limit ($0.50/$1.00 USD) - 2025/01/12 13:18:05 WET [2025/01/12 8:18:05 ET]
Table 'Sadeya II' 6-max Seat #2 is the button
Seat 1: Royal012023 ($100 in chips) is sitting out
Seat 6: kars0n ($111.09 in chips) is sitting out
Seat 2: alexandr699 ($134.01 in chips) 
Seat 3: KarP93 ($100 in chips) 
Seat 4: IREQO ($100 in chips) 
Seat 5: Emily_GetMan ($100 in chips) 
KarP93: posts small blind $0.50
IREQO: posts big blind $1
kars0n: sits out 
Royal012023: sits out 
*** HOLE CARDS ***
Emily_GetMan: raises $1 to $2
alexandr699: folds 
KarP93: folds 
IREQO: folds 
Uncalled bet ($1) returned to Emily_GetMan
Emily_GetMan collected $2.50 from pot
Emily_GetMan: doesn't show hand 
*** SUMMARY ***
Total pot $2.50 | Rake $0 
Seat 1: Royal012023
Seat 6: kars0n
Seat 2: alexandr699 (button) folded before Flop (didn't bet)
Seat 3: KarP93 (small blind) folded before Flop
Seat 4: IREQO (big blind) folded before Flop
Seat 5: Emily_GetMan collected ($2.50)



PokerStars Hand #254330036148:  Hold'em No Limit ($0.50/$1.00 USD) - 2025/01/12 13:18:24 WET [2025/01/12 8:18:24 ET]
Table 'Sadeya II' 6-max Seat #3 is the button
Seat 1: Royal012023 ($100 in chips) is sitting out
Seat 6: kars0n ($111.09 in chips) is sitting out
Seat 2: alexandr699 ($134.01 in chips) 
Seat 3: KarP93 ($100 in chips) 
Seat 4: IREQO ($99 in chips) 
Seat 5: Emily_GetMan ($101.50 in chips) 
IREQO: posts small blind $0.50
Emily_GetMan: posts big blind $1
kars0n: sits out 
Royal012023: sits out 
*** HOLE CARDS ***
alexandr699: folds 
KarP93: raises $1.50 to $2.50
IREQO: folds 
Emily_GetMan: calls $1.50
*** FLOP *** [7c 4h Tc]
Emily_GetMan: checks 
KarP93: bets $3.92
Emily_GetMan: raises $8.08 to $12
KarP93: calls $8.08
*** TURN *** [7c 4h Tc] [2d]
Emily_GetMan: checks 
KarP93: bets $21.38
Emily_GetMan: folds 
Uncalled bet ($21.38) returned to KarP93
KarP93 collected $28.50 from pot
KarP93: doesn't show hand 
*** SUMMARY ***
Total pot $29.50 | Rake $1 
Board [7c 4h Tc 2d]
Seat 1: Royal012023
Seat 6: kars0n
Seat 2: alexandr699 folded before Flop (didn't bet)
Seat 3: KarP93 (button) collected ($28.50)
Seat 4: IREQO (small blind) folded before Flop
Seat 5: Emily_GetMan (big blind) folded on the Turn



PokerStars Hand #254330046797:  Hold'em No Limit ($0.50/$1.00 USD) - 2025/01/12 13:19:21 WET [2025/01/12 8:19:21 ET]
Table 'Sadeya II' 6-max Seat #4 is the button
Seat 1: Royal012023 ($100 in chips) is sitting out
Seat 2: alexandr699 ($134.01 in chips) 
Seat 3: KarP93 ($114 in chips) 
Seat 4: IREQO ($100 in chips) 
Seat 5: Emily_GetMan ($100 in chips) 
Seat 6: kars0n ($111.09 in chips) 
Emily_GetMan: posts small blind $0.50
kars0n: posts big blind $1
Royal012023: sits out 
*** HOLE CARDS ***
alexandr699: folds 
KarP93: folds 
IREQO: folds 
Emily_GetMan: raises $2 to $3
kars0n: folds 
Uncalled bet ($2) returned to Emily_GetMan
Emily_GetMan collected $2 from pot
Emily_GetMan: doesn't show hand 
*** SUMMARY ***
Total pot $2 | Rake $0 
Seat 1: Royal012023
Seat 2: alexandr699 folded before Flop (didn't bet)
Seat 3: KarP93 folded before Flop (didn't bet)
Seat 4: IREQO (button) folded before Flop (didn't bet)
Seat 5: Emily_GetMan (small blind) collected ($2)
Seat 6: kars0n (big blind) folded before Flop



PokerStars Hand #254330050003:  Hold'em No Limit ($0.50/$1.00 USD) - 2025/01/12 13:19:38 WET [2025/01/12 8:19:38 ET]
Table 'Sadeya II' 6-max Seat #5 is the button
Seat 1: Royal012023 ($100 in chips) 
Seat 2: alexandr699 ($134.01 in chips) 
Seat 3: KarP93 ($114 in chips) 
Seat 4: IREQO ($100 in chips) 
Seat 5: Emily_GetMan ($101 in chips) 
Seat 6: kars0n ($110.09 in chips) 
kars0n: posts small blind $0.50
Royal012023: posts big blind $1
*** HOLE CARDS ***
alexandr699: raises $2 to $3
KarP93: folds 
IREQO: folds 
Emily_GetMan: folds 
kars0n: folds 
Royal012023: calls $2
*** FLOP *** [9d 5h 6s]
Royal012023: checks 
alexandr699: bets $4.64
Royal012023: folds 
Uncalled bet ($4.64) returned to alexandr699
alexandr699 collected $6.18 from pot
alexandr699: doesn't show hand 
*** SUMMARY ***
Total pot $6.50 | Rake $0.32 
Board [9d 5h 6s]
Seat 1: Royal012023 (big blind) folded on the Flop
Seat 2: alexandr699 collected ($6.18)
Seat 3: KarP93 folded before Flop (didn't bet)
Seat 4: IREQO folded before Flop (didn't bet)
Seat 5: Emily_GetMan (button) folded before Flop (didn't bet)
Seat 6: kars0n (small blind) folded before Flop



PokerStars Hand #254330054817:  Hold'em No Limit ($0.50/$1.00 USD) - 2025/01/12 13:20:04 WET [2025/01/12 8:20:04 ET]
Table 'Sadeya II' 6-max Seat #1 is the button
Seat 3: KarP93 ($114 in chips) is sitting out
Seat 4: IREQO ($100 in chips) is sitting out
Seat 5: Emily_GetMan ($101 in chips) is sitting out
Seat 1: Royal012023 ($97 in chips) 
Seat 6: kars0n ($109.59 in chips) 
Royal012023: posts small blind $0.50
KarP93: is sitting out 
IREQO: is sitting out 
Emily_GetMan: is sitting out 
alexandr699 leaves the table
kars0n: posts big blind $1
*** HOLE CARDS ***
Emily_GetMan leaves the table
Royal012023: folds 
Uncalled bet ($0.50) returned to kars0n
kars0n collected $1 from pot
kars0n: doesn't show hand 
*** SUMMARY ***
Total pot $1 | Rake $0 
Seat 3: KarP93
Seat 4: IREQO
Seat 5: Emily_GetMan
Seat 1: Royal012023 (button) (small blind) folded before Flop
Seat 6: kars0n (big blind) collected ($1)



PokerStars Hand #254330056006:  Hold'em No Limit ($0.50/$1.00 USD) - 2025/01/12 13:20:10 WET [2025/01/12 8:20:10 ET]
Table 'Sadeya II' 6-max Seat #6 is the button
Seat 3: KarP93 ($114 in chips) is sitting out
Seat 4: IREQO ($100 in chips) is sitting out
Seat 1: Royal012023 ($96.50 in chips) 
Seat 6: kars0n ($110.09 in chips) 
kars0n: posts small blind $0.50
Royal012023: posts big blind $1
*** HOLE CARDS ***
kars0n: raises $1.50 to $2.50
Royal012023: calls $1.50
*** FLOP *** [Kc Ah Ks]
Royal012023: checks 
kars0n: checks 
*** TURN *** [Kc Ah Ks] [5c]
Royal012023: checks 
KarP93 leaves the table
kars0n: checks 
*** RIVER *** [Kc Ah Ks 5c] [Js]
Royal012023: checks 
Aescul@pius joins the table at seat #5 
kars0n: bets $4.75
Royal012023: calls $4.75
*** SHOW DOWN ***
kars0n: shows [Qd Ad] (two pair, Aces and Kings)
Royal012023: mucks hand 
kars0n collected $13.78 from pot
*** SUMMARY ***
Total pot $14.50 | Rake $0.72 
Board [Kc Ah Ks 5c Js]
Seat 3: KarP93
Seat 4: IREQO
Seat 1: Royal012023 (big blind) mucked
Seat 6: kars0n (button) (small blind) showed [Qd Ad] and won ($13.78) with two pair, Aces and Kings



PokerStars Hand #254330060847:  Hold'em No Limit ($0.50/$1.00 USD) - 2025/01/12 13:20:36 WET [2025/01/12 8:20:36 ET]
Table 'Sadeya II' 6-max Seat #6 is the button
Seat 4: IREQO ($100 in chips) is sitting out
Seat 1: Royal012023 ($89.25 in chips) 
Seat 5: Aescul@pius ($100 in chips) 
Seat 6: kars0n ($116.62 in chips) 
Royal012023: posts small blind $0.50
Aescul@pius: posts big blind $1
*** HOLE CARDS ***
kars0n: folds 
Royal012023: raises $2 to $3
Aescul@pius: calls $2
*** FLOP *** [Kc 4s Th]
Royal012023: bets $2.85
Aescul@pius: folds 
Uncalled bet ($2.85) returned to Royal012023
Royal012023 collected $5.70 from pot
*** SUMMARY ***
Total pot $6 | Rake $0.30 
Board [Kc 4s Th]
Seat 4: IREQO
Seat 1: Royal012023 (small blind) collected ($5.70)
Seat 5: Aescul@pius (big blind) folded on the Flop
Seat 6: kars0n (button) folded before Flop (didn't bet)



PokerStars Hand #254330065461:  Hold'em No Limit ($0.50/$1.00 USD) - 2025/01/12 13:21:01 WET [2025/01/12 8:21:01 ET]
Table 'Sadeya II' 6-max Seat #1 is the button
Seat 4: IREQO ($100 in chips) is sitting out
Seat 1: Royal012023 ($91.95 in chips) 
Seat 5: Aescul@pius ($100 in chips) 
Seat 6: kars0n ($116.62 in chips) 
Aescul@pius: posts small blind $0.50
kars0n: posts big blind $1
*** HOLE CARDS ***
IREQO leaves the table
Royal012023: folds 
Aescul@pius: folds 
Uncalled bet ($0.50) returned to kars0n
kars0n collected $1 from pot
kars0n: doesn't show hand 
*** SUMMARY ***
Total pot $1 | Rake $0 
Seat 4: IREQO
Seat 1: Royal012023 (button) folded before Flop (didn't bet)
Seat 5: Aescul@pius (small blind) folded before Flop
Seat 6: kars0n (big blind) collected ($1)



PokerStars Hand #254330066901:  Hold'em No Limit ($0.50/$1.00 USD) - 2025/01/12 13:21:08 WET [2025/01/12 8:21:08 ET]
Table 'Sadeya II' 6-max Seat #5 is the button
Seat 1: Royal012023 ($91.95 in chips) 
Seat 5: Aescul@pius ($100 in chips) 
Seat 6: kars0n ($117.12 in chips) 
kars0n: posts small blind $0.50
Royal012023: posts big blind $1
*** HOLE CARDS ***
Aescul@pius: raises $1.50 to $2.50
kars0n: folds 
Royal012023: folds 
Uncalled bet ($1.50) returned to Aescul@pius
Aescul@pius collected $2.50 from pot
Aescul@pius: doesn't show hand 
*** SUMMARY ***
Total pot $2.50 | Rake $0 
Seat 1: Royal012023 (big blind) folded before Flop
Seat 5: Aescul@pius (button) collected ($2.50)
Seat 6: kars0n (small blind) folded before Flop



PokerStars Hand #254330070450:  Hold'em No Limit ($0.50/$1.00 USD) - 2025/01/12 13:21:27 WET [2025/01/12 8:21:27 ET]
Table 'Sadeya II' 6-max Seat #6 is the button
Seat 1: Royal012023 ($90.95 in chips) 
Seat 5: Aescul@pius ($101.50 in chips) 
Seat 6: kars0n ($116.62 in chips) 
Royal012023: posts small blind $0.50
Aescul@pius: posts big blind $1
*** HOLE CARDS ***
kars0n: raises $1.50 to $2.50
Royal012023: folds 
Aescul@pius: folds 
Uncalled bet ($1.50) returned to kars0n
kars0n collected $2.50 from pot
kars0n: doesn't show hand 
*** SUMMARY ***
Total pot $2.50 | Rake $0 
Seat 1: Royal012023 (small blind) folded before Flop
Seat 5: Aescul@pius (big blind) folded before Flop
Seat 6: kars0n (button) collected ($2.50)



PokerStars Hand #254330072744:  Hold'em No Limit ($0.50/$1.00 USD) - 2025/01/12 13:21:39 WET [2025/01/12 8:21:39 ET]
Table 'Sadeya II' 6-max Seat #1 is the button
Seat 1: Royal012023 ($90.45 in chips) 
Seat 5: Aescul@pius ($100.50 in chips) 
Seat 6: kars0n ($118.12 in chips) 
Aescul@pius: posts small blind $0.50
kars0n: posts big blind $1
*** HOLE CARDS ***
Royal012023: raises $2 to $3
Aescul@pius: folds 
kars0n: calls $2
*** FLOP *** [Ac Qd Kd]
kars0n: checks 
Royal012023: bets $3.09
kars0n: calls $3.09
*** TURN *** [Ac Qd Kd] [9s]
kars0n: checks 
Royal012023: bets $6.03
kars0n: folds 
Uncalled bet ($6.03) returned to Royal012023
Royal012023 collected $12.05 from pot
*** SUMMARY ***
Total pot $12.68 | Rake $0.63 
Board [Ac Qd Kd 9s]
Seat 1: Royal012023 (button) collected ($12.05)
Seat 5: Aescul@pius (small blind) folded before Flop
Seat 6: kars0n (big blind) folded on the Turn



PokerStars Hand #254330079223:  Hold'em No Limit ($0.50/$1.00 USD) - 2025/01/12 13:22:14 WET [2025/01/12 8:22:14 ET]
Table 'Sadeya II' 6-max Seat #5 is the button
Seat 1: Royal012023 ($96.41 in chips) 
Seat 5: Aescul@pius ($100 in chips) 
Seat 6: kars0n ($112.03 in chips) 
kars0n: posts small blind $0.50
Royal012023: posts big blind $1
*** HOLE CARDS ***
Aescul@pius: folds 
kars0n: folds 
Uncalled bet ($0.50) returned to Royal012023
Royal012023 collected $1 from pot
kars0n leaves the table
*** SUMMARY ***
Total pot $1 | Rake $0 
Seat 1: Royal012023 (big blind) collected ($1)
Seat 5: Aescul@pius (button) folded before Flop (didn't bet)
Seat 6: kars0n (small blind) folded before Flop



PokerStars Hand #254330081310:  Hold'em No Limit ($0.50/$1.00 USD) - 2025/01/12 13:22:24 WET [2025/01/12 8:22:24 ET]
Table 'Sadeya II' 6-max Seat #1 is the button
Seat 1: Royal012023 ($96.91 in chips) 
Seat 5: Aescul@pius ($100 in chips) 
Royal012023: posts small blind $0.50
Aescul@pius: posts big blind $1
*** HOLE CARDS ***
Royal012023: raises $2 to $3
Aescul@pius: raises $9 to $12
Royal012023: calls $9
*** FLOP *** [Qh Js 3h]
Aescul@pius: checks 
Royal012023: bets $23
Aescul@pius: raises $65 to $88 and is all-in
Royal012023: calls $61.91 and is all-in
Uncalled bet ($3.09) returned to Aescul@pius
*** TURN *** [Qh Js 3h] [2h]
*** RIVER *** [Qh Js 3h 2h] [8s]
*** SHOW DOWN ***
Aescul@pius: shows [Jh 7h] (a flush, Queen high)
Royal012023: shows [Th Qc] (a pair of Queens)
Aescul@pius collected $192.82 from pot
*** SUMMARY ***
Total pot $193.82 | Rake $1 
Board [Qh Js 3h 2h 8s]
Seat 1: Royal012023 (button) (small blind) showed [Th Qc] and lost with a pair of Queens
Seat 5: Aescul@pius (big blind) showed [Jh 7h] and won ($192.82) with a flush, Queen high



