PokerStars Hand #254334191339:  Hold'em No Limit ($0.50/$1.00 USD) - 2025/01/12 17:44:58 WET [2025/01/12 12:44:58 ET]
Table 'Clemence III' 6-max Seat #2 is the button
Seat 2: Aescul@pius ($100 in chips) 
Seat 5: mattwut1 ($100 in chips) 
Aescul@pius: posts small blind $0.50
mattwut1: posts big blind $1
*** HOLE CARDS ***
Aescul@pius: raises $1.50 to $2.50
mattwut1: folds 
Uncalled bet ($1.50) returned to Aescul@pius
Aescul@pius collected $2 from pot
Aescul@pius: doesn't show hand 
*** SUMMARY ***
Total pot $2 | Rake $0 
Seat 2: Aescul@pius (button) (small blind) collected ($2)
Seat 5: mattwut1 (big blind) folded before Flop



PokerStars Hand #254334196119:  Hold'em No Limit ($0.50/$1.00 USD) - 2025/01/12 17:45:12 WET [2025/01/12 12:45:12 ET]
Table 'Clemence III' 6-max Seat #5 is the button
Seat 2: Aescul@pius ($101 in chips) 
Seat 5: mattwut1 ($100 in chips) 
mattwut1: posts small blind $0.50
Aescul@pius: posts big blind $1
*** HOLE CARDS ***
mattwut1: raises $1.20 to $2.20
Aescul@pius: calls $1.20
*** FLOP *** [Jc 8s Th]
Aescul@pius: checks 
mattwut1: checks 
*** TURN *** [Jc 8s Th] [3d]
sesiomp12 joins the table at seat #1 
Aescul@pius: bets $1.52
mattwut1: folds 
Uncalled bet ($1.52) returned to Aescul@pius
Aescul@pius collected $4.18 from pot
Aescul@pius: doesn't show hand 
*** SUMMARY ***
Total pot $4.40 | Rake $0.22 
Board [Jc 8s Th 3d]
Seat 2: Aescul@pius (big blind) collected ($4.18)
Seat 5: mattwut1 (button) (small blind) folded on the Turn



PokerStars Hand #254334211697:  Hold'em No Limit ($0.50/$1.00 USD) - 2025/01/12 17:45:56 WET [2025/01/12 12:45:56 ET]
Table 'Clemence III' 6-max Seat #2 is the button
Seat 1: sesiomp12 ($40 in chips) 
Seat 2: Aescul@pius ($102.98 in chips) 
Seat 5: mattwut1 ($100 in chips) 
mattwut1: posts small blind $0.50
sesiomp12: posts big blind $1
*** HOLE CARDS ***
Aescul@pius: folds 
mattwut1: raises $1.50 to $2.50
yzuk joins the table at seat #3 
sesiomp12: folds 
Uncalled bet ($1.50) returned to mattwut1
mattwut1 collected $2 from pot
mattwut1: doesn't show hand 
*** SUMMARY ***
Total pot $2 | Rake $0 
Seat 1: sesiomp12 (big blind) folded before Flop
Seat 2: Aescul@pius (button) folded before Flop (didn't bet)
Seat 5: mattwut1 (small blind) collected ($2)



PokerStars Hand #254334221466:  Hold'em No Limit ($0.50/$1.00 USD) - 2025/01/12 17:46:24 WET [2025/01/12 12:46:24 ET]
Table 'Clemence III' 6-max Seat #5 is the button
Seat 3: yzuk ($100 in chips) is sitting out
Seat 1: sesiomp12 ($39 in chips) 
Seat 2: Aescul@pius ($102.98 in chips) 
Seat 5: mattwut1 ($101 in chips) 
sesiomp12: posts small blind $0.50
Aescul@pius: posts big blind $1
yzuk: sits out 
*** HOLE CARDS ***
mattwut1: folds 
sesiomp12: folds 
Uncalled bet ($0.50) returned to Aescul@pius
Aescul@pius collected $1 from pot
Aescul@pius: doesn't show hand 
*** SUMMARY ***
Total pot $1 | Rake $0 
Seat 3: yzuk
Seat 1: sesiomp12 (small blind) folded before Flop
Seat 2: Aescul@pius (big blind) collected ($1)
Seat 5: mattwut1 (button) folded before Flop (didn't bet)



PokerStars Hand #254334223854:  Hold'em No Limit ($0.50/$1.00 USD) - 2025/01/12 17:46:31 WET [2025/01/12 12:46:31 ET]
Table 'Clemence III' 6-max Seat #1 is the button
Seat 1: sesiomp12 ($38.50 in chips) 
Seat 2: Aescul@pius ($103.48 in chips) 
Seat 3: yzuk ($100 in chips) 
Seat 5: mattwut1 ($101 in chips) 
Aescul@pius: posts small blind $0.50
yzuk: posts big blind $1
*** HOLE CARDS ***
ars9 joins the table at seat #4 
ars9 is disconnected 
worker0k joins the table at seat #6 
mattwut1: folds 
sesiomp12: folds 
Aescul@pius: folds 
Uncalled bet ($0.50) returned to yzuk
yzuk collected $1 from pot
yzuk: doesn't show hand 
*** SUMMARY ***
Total pot $1 | Rake $0 
Seat 1: sesiomp12 (button) folded before Flop (didn't bet)
Seat 2: Aescul@pius (small blind) folded before Flop
Seat 3: yzuk (big blind) collected ($1)
Seat 5: mattwut1 folded before Flop (didn't bet)



PokerStars Hand #254334227647:  Hold'em No Limit ($0.50/$1.00 USD) - 2025/01/12 17:46:42 WET [2025/01/12 12:46:42 ET]
Table 'Clemence III' 6-max Seat #2 is the button
Seat 6: worker0k ($100 in chips) is sitting out
Seat 1: sesiomp12 ($38.50 in chips) 
Seat 2: Aescul@pius ($102.98 in chips) 
Seat 3: yzuk ($100.50 in chips) 
Seat 4: ars9 ($100 in chips) 
Seat 5: mattwut1 ($101 in chips) 
yzuk: posts small blind $0.50
ars9: posts big blind $1
worker0k: sits out 
*** HOLE CARDS ***
mattwut1: folds 
sesiomp12: folds 
Aescul@pius: folds 
yzuk: folds 
Uncalled bet ($0.50) returned to ars9
ars9 collected $1 from pot
*** SUMMARY ***
Total pot $1 | Rake $0 
Seat 6: worker0k
Seat 1: sesiomp12 folded before Flop (didn't bet)
Seat 2: Aescul@pius (button) folded before Flop (didn't bet)
Seat 3: yzuk (small blind) folded before Flop
Seat 4: ars9 (big blind) collected ($1)
Seat 5: mattwut1 folded before Flop (didn't bet)



PokerStars Hand #254334231904:  Hold'em No Limit ($0.50/$1.00 USD) - 2025/01/12 17:46:54 WET [2025/01/12 12:46:54 ET]
Table 'Clemence III' 6-max Seat #3 is the button
Seat 6: worker0k ($100 in chips) is sitting out
Seat 1: sesiomp12 ($38.50 in chips) 
Seat 2: Aescul@pius ($102.98 in chips) 
Seat 3: yzuk ($100 in chips) 
Seat 4: ars9 ($100.50 in chips) 
Seat 5: mattwut1 ($101 in chips) 
ars9: posts small blind $0.50
mattwut1: posts big blind $1
worker0k: sits out 
*** HOLE CARDS ***
sesiomp12: folds 
Aescul@pius: folds 
yzuk: folds 
ars9: folds 
Uncalled bet ($0.50) returned to mattwut1
mattwut1 collected $1 from pot
mattwut1: doesn't show hand 
*** SUMMARY ***
Total pot $1 | Rake $0 
Seat 6: worker0k
Seat 1: sesiomp12 folded before Flop (didn't bet)
Seat 2: Aescul@pius folded before Flop (didn't bet)
Seat 3: yzuk (button) folded before Flop (didn't bet)
Seat 4: ars9 (small blind) folded before Flop
Seat 5: mattwut1 (big blind) collected ($1)



PokerStars Hand #254334237577:  Hold'em No Limit ($0.50/$1.00 USD) - 2025/01/12 17:47:10 WET [2025/01/12 12:47:10 ET]
Table 'Clemence III' 6-max Seat #4 is the button
Seat 1: sesiomp12 ($38.50 in chips) 
Seat 2: Aescul@pius ($102.98 in chips) 
Seat 3: yzuk ($100 in chips) 
Seat 4: ars9 ($100 in chips) 
Seat 5: mattwut1 ($101.50 in chips) 
Seat 6: worker0k ($100 in chips) 
mattwut1: posts small blind $0.50
worker0k: posts big blind $1
*** HOLE CARDS ***
sesiomp12: folds 
Aescul@pius: folds 
yzuk: raises $1.50 to $2.50
ars9: folds 
mattwut1: folds 
worker0k: raises $8.50 to $11
yzuk: folds 
Uncalled bet ($8.50) returned to worker0k
worker0k collected $5.50 from pot
*** SUMMARY ***
Total pot $5.50 | Rake $0 
Seat 1: sesiomp12 folded before Flop (didn't bet)
Seat 2: Aescul@pius folded before Flop (didn't bet)
Seat 3: yzuk folded before Flop
Seat 4: ars9 (button) folded before Flop (didn't bet)
Seat 5: mattwut1 (small blind) folded before Flop
Seat 6: worker0k (big blind) collected ($5.50)



PokerStars Hand #254334248905:  Hold'em No Limit ($0.50/$1.00 USD) - 2025/01/12 17:47:43 WET [2025/01/12 12:47:43 ET]
Table 'Clemence III' 6-max Seat #5 is the button
Seat 1: sesiomp12 ($38.50 in chips) 
Seat 2: Aescul@pius ($102.98 in chips) 
Seat 3: yzuk ($100 in chips) 
Seat 4: ars9 ($100 in chips) 
Seat 5: mattwut1 ($101 in chips) 
Seat 6: worker0k ($103 in chips) 
worker0k: posts small blind $0.50
sesiomp12: posts big blind $1
*** HOLE CARDS ***
Aescul@pius: folds 
yzuk: raises $1.50 to $2.50
ars9: folds 
mattwut1: folds 
worker0k: folds 
sesiomp12: calls $1.50
*** FLOP *** [4h 7c Th]
sesiomp12: checks 
yzuk: checks 
*** TURN *** [4h 7c Th] [7h]
sesiomp12: bets $2
yzuk: raises $4 to $6
sesiomp12: folds 
Uncalled bet ($4) returned to yzuk
yzuk collected $9.02 from pot
yzuk: doesn't show hand 
*** SUMMARY ***
Total pot $9.50 | Rake $0.48 
Board [4h 7c Th 7h]
Seat 1: sesiomp12 (big blind) folded on the Turn
Seat 2: Aescul@pius folded before Flop (didn't bet)
Seat 3: yzuk collected ($9.02)
Seat 4: ars9 folded before Flop (didn't bet)
Seat 5: mattwut1 (button) folded before Flop (didn't bet)
Seat 6: worker0k (small blind) folded before Flop



PokerStars Hand #254334261182:  Hold'em No Limit ($0.50/$1.00 USD) - 2025/01/12 17:48:19 WET [2025/01/12 12:48:19 ET]
Table 'Clemence III' 6-max Seat #6 is the button
Seat 1: sesiomp12 ($34 in chips) 
Seat 2: Aescul@pius ($102.98 in chips) 
Seat 3: yzuk ($104.52 in chips) 
Seat 4: ars9 ($100 in chips) 
Seat 5: mattwut1 ($101 in chips) 
Seat 6: worker0k ($102.50 in chips) 
sesiomp12: posts small blind $0.50
Aescul@pius: posts big blind $1
*** HOLE CARDS ***
yzuk: folds 
ars9: raises $1.20 to $2.20
mattwut1: folds 
worker0k: folds 
sesiomp12: calls $1.70
Aescul@pius: folds 
*** FLOP *** [4s 8h 5h]
sesiomp12: bets $2.57
ars9: raises $5.14 to $7.71
sesiomp12: raises $24.09 to $31.80 and is all-in
ars9: calls $24.09
*** TURN *** [4s 8h 5h] [Ks]
*** RIVER *** [4s 8h 5h Ks] [Js]
*** SHOW DOWN ***
sesiomp12: shows [6c 6d] (a pair of Sixes)
ars9: shows [Qc Qh] (a pair of Queens)
ars9 collected $66.50 from pot
*** SUMMARY ***
Total pot $69 | Rake $2.50 
Board [4s 8h 5h Ks Js]
Seat 1: sesiomp12 (small blind) showed [6c 6d] and lost with a pair of Sixes
Seat 2: Aescul@pius (big blind) folded before Flop
Seat 3: yzuk folded before Flop (didn't bet)
Seat 4: ars9 showed [Qc Qh] and won ($66.50) with a pair of Queens
Seat 5: mattwut1 folded before Flop (didn't bet)
Seat 6: worker0k (button) folded before Flop (didn't bet)



PokerStars Hand #254334281882:  Hold'em No Limit ($0.50/$1.00 USD) - 2025/01/12 17:49:19 WET [2025/01/12 12:49:19 ET]
Table 'Clemence III' 6-max Seat #2 is the button
Seat 1: sesiomp12 ($0 in chips) is sitting out
Seat 2: Aescul@pius ($101.98 in chips) 
Seat 3: yzuk ($104.52 in chips) 
Seat 4: ars9 ($132.50 in chips) 
Seat 5: mattwut1 ($101 in chips) 
Seat 6: worker0k ($102.50 in chips) 
yzuk: posts small blind $0.50
ars9: posts big blind $1
*** HOLE CARDS ***
mattwut1: folds 
worker0k: raises $1.30 to $2.30
Aescul@pius: folds 
yzuk: folds 
ars9: calls $1.30
*** FLOP *** [4c Js 3s]
ars9: checks 
worker0k: bets $2.42
ars9: calls $2.42
*** TURN *** [4c Js 3s] [Ac]
ars9: checks 
worker0k: bets $14.16
ars9: folds 
Uncalled bet ($14.16) returned to worker0k
worker0k collected $9.44 from pot
*** SUMMARY ***
Total pot $9.94 | Rake $0.50 
Board [4c Js 3s Ac]
Seat 1: sesiomp12
Seat 2: Aescul@pius (button) folded before Flop (didn't bet)
Seat 3: yzuk (small blind) folded before Flop
Seat 4: ars9 (big blind) folded on the Turn
Seat 5: mattwut1 folded before Flop (didn't bet)
Seat 6: worker0k collected ($9.44)



PokerStars Hand #254334291621:  Hold'em No Limit ($0.50/$1.00 USD) - 2025/01/12 17:49:48 WET [2025/01/12 12:49:48 ET]
Table 'Clemence III' 6-max Seat #3 is the button
Seat 1: sesiomp12 ($40 in chips) 
Seat 2: Aescul@pius ($101.98 in chips) 
Seat 3: yzuk ($104.02 in chips) 
Seat 4: ars9 ($127.78 in chips) 
Seat 5: mattwut1 ($101 in chips) 
Seat 6: worker0k ($107.22 in chips) 
ars9: posts small blind $0.50
mattwut1: posts big blind $1
*** HOLE CARDS ***
worker0k: folds 
sesiomp12: calls $1
Aescul@pius: folds 
yzuk: folds 
ars9: calls $0.50
mattwut1: checks 
*** FLOP *** [6s 2c 2s]
ars9: bets $1
mattwut1: calls $1
sesiomp12: calls $1
*** TURN *** [6s 2c 2s] [Ts]
ars9: checks 
mattwut1: checks 
sesiomp12: checks 
*** RIVER *** [6s 2c 2s Ts] [4d]
ars9: bets $2.85
mattwut1: calls $2.85
sesiomp12: folds 
*** SHOW DOWN ***
ars9: shows [4s Qs] (a flush, Queen high)
mattwut1: mucks hand 
ars9 collected $11.12 from pot
*** SUMMARY ***
Total pot $11.70 | Rake $0.58 
Board [6s 2c 2s Ts 4d]
Seat 1: sesiomp12 folded on the River
Seat 2: Aescul@pius folded before Flop (didn't bet)
Seat 3: yzuk (button) folded before Flop (didn't bet)
Seat 4: ars9 (small blind) showed [4s Qs] and won ($11.12) with a flush, Queen high
Seat 5: mattwut1 (big blind) mucked
Seat 6: worker0k folded before Flop (didn't bet)



PokerStars Hand #254334310821:  Hold'em No Limit ($0.50/$1.00 USD) - 2025/01/12 17:50:44 WET [2025/01/12 12:50:44 ET]
Table 'Clemence III' 6-max Seat #4 is the button
Seat 6: worker0k ($107.22 in chips) is sitting out
Seat 1: sesiomp12 ($38 in chips) 
Seat 2: Aescul@pius ($101.98 in chips) 
Seat 3: yzuk ($104.02 in chips) 
Seat 4: ars9 ($134.05 in chips) 
Seat 5: mattwut1 ($100 in chips) 
mattwut1: posts small blind $0.50
worker0k: is sitting out 
sesiomp12: posts big blind $1
*** HOLE CARDS ***
Aescul@pius: folds 
worker0k leaves the table
yzuk: raises $1.50 to $2.50
ars9: folds 
mattwut1: folds 
Mr_Dick666 joins the table at seat #6 
sesiomp12: calls $1.50
*** FLOP *** [2s 9h 5s]
sesiomp12: bets $2
yzuk: calls $2
*** TURN *** [2s 9h 5s] [3s]
sesiomp12: checks 
yzuk: checks 
*** RIVER *** [2s 9h 5s 3s] [4s]
sesiomp12: checks 
yzuk: bets $4.60
sesiomp12: folds 
Uncalled bet ($4.60) returned to yzuk
yzuk collected $9.02 from pot
yzuk: doesn't show hand 
*** SUMMARY ***
Total pot $9.50 | Rake $0.48 
Board [2s 9h 5s 3s 4s]
Seat 6: worker0k
Seat 1: sesiomp12 (big blind) folded on the River
Seat 2: Aescul@pius folded before Flop (didn't bet)
Seat 3: yzuk collected ($9.02)
Seat 4: ars9 (button) folded before Flop (didn't bet)
Seat 5: mattwut1 (small blind) folded before Flop



PokerStars Hand #254334325703:  Hold'em No Limit ($0.50/$1.00 USD) - 2025/01/12 17:51:27 WET [2025/01/12 12:51:27 ET]
Table 'Clemence III' 6-max Seat #5 is the button
Seat 6: Mr_Dick666 ($100 in chips) is sitting out
Seat 1: sesiomp12 ($33.50 in chips) 
Seat 2: Aescul@pius ($101.98 in chips) 
Seat 3: yzuk ($108.54 in chips) 
Seat 4: ars9 ($134.05 in chips) 
Seat 5: mattwut1 ($100 in chips) 
sesiomp12: posts small blind $0.50
Aescul@pius: posts big blind $1
*** HOLE CARDS ***
yzuk: folds 
ars9: folds 
mattwut1: folds 
sesiomp12: raises $1 to $2
Aescul@pius: calls $1
*** FLOP *** [3d 8s Ac]
sesiomp12: bets $2
Aescul@pius: calls $2
*** TURN *** [3d 8s Ac] [Jc]
sesiomp12: bets $4
Aescul@pius: raises $6 to $10
sesiomp12: folds 
Uncalled bet ($6) returned to Aescul@pius
Aescul@pius collected $15.20 from pot
Aescul@pius: doesn't show hand 
*** SUMMARY ***
Total pot $16 | Rake $0.80 
Board [3d 8s Ac Jc]
Seat 6: Mr_Dick666
Seat 1: sesiomp12 (small blind) folded on the Turn
Seat 2: Aescul@pius (big blind) collected ($15.20)
Seat 3: yzuk folded before Flop (didn't bet)
Seat 4: ars9 folded before Flop (didn't bet)
Seat 5: mattwut1 (button) folded before Flop (didn't bet)



PokerStars Hand #254334340656:  Hold'em No Limit ($0.50/$1.00 USD) - 2025/01/12 17:52:10 WET [2025/01/12 12:52:10 ET]
Table 'Clemence III' 6-max Seat #1 is the button
Seat 6: Mr_Dick666 ($100 in chips) is sitting out
Seat 1: sesiomp12 ($25.50 in chips) 
Seat 2: Aescul@pius ($109.18 in chips) 
Seat 3: yzuk ($108.54 in chips) 
Seat 4: ars9 ($134.05 in chips) 
Seat 5: mattwut1 ($100 in chips) 
Aescul@pius: posts small blind $0.50
yzuk: posts big blind $1
Mr_Dick666: sits out 
*** HOLE CARDS ***
ars9: folds 
mattwut1: raises $1.20 to $2.20
sesiomp12: folds 
Aescul@pius: folds 
yzuk: folds 
Uncalled bet ($1.20) returned to mattwut1
mattwut1 collected $2.50 from pot
mattwut1: doesn't show hand 
*** SUMMARY ***
Total pot $2.50 | Rake $0 
Seat 6: Mr_Dick666
Seat 1: sesiomp12 (button) folded before Flop (didn't bet)
Seat 2: Aescul@pius (small blind) folded before Flop
Seat 3: yzuk (big blind) folded before Flop
Seat 4: ars9 folded before Flop (didn't bet)
Seat 5: mattwut1 collected ($2.50)



PokerStars Hand #254334346751:  Hold'em No Limit ($0.50/$1.00 USD) - 2025/01/12 17:52:27 WET [2025/01/12 12:52:27 ET]
Table 'Clemence III' 6-max Seat #2 is the button
Seat 6: Mr_Dick666 ($100 in chips) is sitting out
Seat 1: sesiomp12 ($25.50 in chips) 
Seat 2: Aescul@pius ($108.68 in chips) 
Seat 3: yzuk ($107.54 in chips) 
Seat 4: ars9 ($134.05 in chips) 
Seat 5: mattwut1 ($101.50 in chips) 
yzuk: posts small blind $0.50
ars9: posts big blind $1
Mr_Dick666: sits out 
*** HOLE CARDS ***
mattwut1: folds 
sesiomp12: folds 
Aescul@pius: folds 
yzuk: folds 
Uncalled bet ($0.50) returned to ars9
ars9 collected $1 from pot
*** SUMMARY ***
Total pot $1 | Rake $0 
Seat 6: Mr_Dick666
Seat 1: sesiomp12 folded before Flop (didn't bet)
Seat 2: Aescul@pius (button) folded before Flop (didn't bet)
Seat 3: yzuk (small blind) folded before Flop
Seat 4: ars9 (big blind) collected ($1)
Seat 5: mattwut1 folded before Flop (didn't bet)



PokerStars Hand #254334352343:  Hold'em No Limit ($0.50/$1.00 USD) - 2025/01/12 17:52:44 WET [2025/01/12 12:52:44 ET]
Table 'Clemence III' 6-max Seat #3 is the button
Seat 6: Mr_Dick666 ($100 in chips) is sitting out
Seat 1: sesiomp12 ($25.50 in chips) 
Seat 2: Aescul@pius ($108.68 in chips) 
Seat 3: yzuk ($107.04 in chips) 
Seat 4: ars9 ($134.55 in chips) 
Seat 5: mattwut1 ($101.50 in chips) 
ars9: posts small blind $0.50
mattwut1: posts big blind $1
Mr_Dick666: sits out 
*** HOLE CARDS ***
sesiomp12: folds 
Aescul@pius: raises $1.20 to $2.20
yzuk: folds 
ars9: calls $1.70
mattwut1: calls $1.20
*** FLOP *** [4c 4h Ts]
ars9: checks 
mattwut1: checks 
Aescul@pius: checks 
*** TURN *** [4c 4h Ts] [2h]
ars9: checks 
mattwut1: checks 
Aescul@pius: checks 
*** RIVER *** [4c 4h Ts 2h] [Jc]
ars9: checks 
mattwut1: checks 
Aescul@pius: checks 
*** SHOW DOWN ***
ars9: shows [Kc Jd] (two pair, Jacks and Fours)
mattwut1: mucks hand 
Aescul@pius: mucks hand 
ars9 collected $6.27 from pot
*** SUMMARY ***
Total pot $6.60 | Rake $0.33 
Board [4c 4h Ts 2h Jc]
Seat 6: Mr_Dick666
Seat 1: sesiomp12 folded before Flop (didn't bet)
Seat 2: Aescul@pius mucked
Seat 3: yzuk (button) folded before Flop (didn't bet)
Seat 4: ars9 (small blind) showed [Kc Jd] and won ($6.27) with two pair, Jacks and Fours
Seat 5: mattwut1 (big blind) mucked



PokerStars Hand #254334371649:  Hold'em No Limit ($0.50/$1.00 USD) - 2025/01/12 17:53:40 WET [2025/01/12 12:53:40 ET]
Table 'Clemence III' 6-max Seat #4 is the button
Seat 1: sesiomp12 ($25.50 in chips) 
Seat 2: Aescul@pius ($106.48 in chips) 
Seat 3: yzuk ($107.04 in chips) 
Seat 4: ars9 ($138.62 in chips) 
Seat 5: mattwut1 ($100 in chips) 
Seat 6: Mr_Dick666 ($100 in chips) 
mattwut1: posts small blind $0.50
Mr_Dick666: posts big blind $1
*** HOLE CARDS ***
sesiomp12: calls $1
Aescul@pius: folds 
yzuk: folds 
ars9: folds 
mattwut1: folds 
Mr_Dick666: checks 
*** FLOP *** [Ks 5d 3s]
Mr_Dick666: checks 
sesiomp12: bets $1
Mr_Dick666: calls $1
*** TURN *** [Ks 5d 3s] [9h]
Mr_Dick666: checks 
sesiomp12: bets $2
Mr_Dick666: calls $2
*** RIVER *** [Ks 5d 3s 9h] [3d]
Mr_Dick666: checks 
sesiomp12: bets $4.04
Mr_Dick666: calls $4.04
*** SHOW DOWN ***
sesiomp12: shows [Qs 7s] (a pair of Threes)
Mr_Dick666: shows [8d 5c] (two pair, Fives and Threes)
Mr_Dick666 collected $15.75 from pot
*** SUMMARY ***
Total pot $16.58 | Rake $0.83 
Board [Ks 5d 3s 9h 3d]
Seat 1: sesiomp12 showed [Qs 7s] and lost with a pair of Threes
Seat 2: Aescul@pius folded before Flop (didn't bet)
Seat 3: yzuk folded before Flop (didn't bet)
Seat 4: ars9 (button) folded before Flop (didn't bet)
Seat 5: mattwut1 (small blind) folded before Flop
Seat 6: Mr_Dick666 (big blind) showed [8d 5c] and won ($15.75) with two pair, Fives and Threes



PokerStars Hand #254334392793:  Hold'em No Limit ($0.50/$1.00 USD) - 2025/01/12 17:54:42 WET [2025/01/12 12:54:42 ET]
Table 'Clemence III' 6-max Seat #5 is the button
Seat 1: sesiomp12 ($17.46 in chips) 
Seat 2: Aescul@pius ($106.48 in chips) 
Seat 3: yzuk ($107.04 in chips) 
Seat 4: ars9 ($138.62 in chips) 
Seat 5: mattwut1 ($100 in chips) 
Seat 6: Mr_Dick666 ($107.71 in chips) 
Mr_Dick666: posts small blind $0.50
sesiomp12: posts big blind $1
*** HOLE CARDS ***
Aescul@pius: folds 
yzuk: folds 
ars9: raises $1.20 to $2.20
mattwut1: folds 
Mr_Dick666: raises $6.80 to $9
sesiomp12: folds 
ars9: folds 
Uncalled bet ($6.80) returned to Mr_Dick666
Mr_Dick666 collected $5.40 from pot
Mr_Dick666: doesn't show hand 
*** SUMMARY ***
Total pot $5.40 | Rake $0 
Seat 1: sesiomp12 (big blind) folded before Flop
Seat 2: Aescul@pius folded before Flop (didn't bet)
Seat 3: yzuk folded before Flop (didn't bet)
Seat 4: ars9 folded before Flop
Seat 5: mattwut1 (button) folded before Flop (didn't bet)
Seat 6: Mr_Dick666 (small blind) collected ($5.40)



PokerStars Hand #254334401471:  Hold'em No Limit ($0.50/$1.00 USD) - 2025/01/12 17:55:11 WET [2025/01/12 12:55:11 ET]
Table 'Clemence III' 6-max Seat #6 is the button
Seat 1: sesiomp12 ($16.46 in chips) 
Seat 2: Aescul@pius ($106.48 in chips) 
Seat 3: yzuk ($107.04 in chips) 
Seat 4: ars9 ($136.42 in chips) 
Seat 5: mattwut1 ($100 in chips) 
Seat 6: Mr_Dick666 ($110.91 in chips) 
sesiomp12: posts small blind $0.50
Aescul@pius: posts big blind $1
*** HOLE CARDS ***
yzuk: folds 
ars9: raises $2.50 to $3.50
mattwut1: folds 
Mr_Dick666: folds 
sesiomp12: folds 
Aescul@pius: folds 
Uncalled bet ($2.50) returned to ars9
ars9 collected $2.50 from pot
*** SUMMARY ***
Total pot $2.50 | Rake $0 
Seat 1: sesiomp12 (small blind) folded before Flop
Seat 2: Aescul@pius (big blind) folded before Flop
Seat 3: yzuk folded before Flop (didn't bet)
Seat 4: ars9 collected ($2.50)
Seat 5: mattwut1 folded before Flop (didn't bet)
Seat 6: Mr_Dick666 (button) folded before Flop (didn't bet)



PokerStars Hand #254334404106:  Hold'em No Limit ($0.50/$1.00 USD) - 2025/01/12 17:55:23 WET [2025/01/12 12:55:23 ET]
Table 'Clemence III' 6-max Seat #1 is the button
Seat 1: sesiomp12 ($15.96 in chips) 
Seat 2: Aescul@pius ($105.48 in chips) 
Seat 3: yzuk ($107.04 in chips) 
Seat 4: ars9 ($137.92 in chips) 
Seat 5: mattwut1 ($100 in chips) 
Seat 6: Mr_Dick666 ($110.91 in chips) 
Aescul@pius: posts small blind $0.50
yzuk: posts big blind $1
*** HOLE CARDS ***
ars9: folds 
mattwut1: folds 
Mr_Dick666: raises $1.50 to $2.50
sesiomp12: calls $2.50
Aescul@pius: folds 
yzuk: folds 
*** FLOP *** [Jd As 5d]
Mr_Dick666: checks 
sesiomp12: bets $3
Mr_Dick666: folds 
Uncalled bet ($3) returned to sesiomp12
sesiomp12 collected $6.18 from pot
sesiomp12: doesn't show hand 
*** SUMMARY ***
Total pot $6.50 | Rake $0.32 
Board [Jd As 5d]
Seat 1: sesiomp12 (button) collected ($6.18)
Seat 2: Aescul@pius (small blind) folded before Flop
Seat 3: yzuk (big blind) folded before Flop
Seat 4: ars9 folded before Flop (didn't bet)
Seat 5: mattwut1 folded before Flop (didn't bet)
Seat 6: Mr_Dick666 folded on the Flop



PokerStars Hand #254334412499:  Hold'em No Limit ($0.50/$1.00 USD) - 2025/01/12 17:56:03 WET [2025/01/12 12:56:03 ET]
Table 'Clemence III' 6-max Seat #2 is the button
Seat 1: sesiomp12 ($19.64 in chips) 
Seat 2: Aescul@pius ($104.98 in chips) 
Seat 3: yzuk ($106.04 in chips) 
Seat 4: ars9 ($137.92 in chips) 
Seat 5: mattwut1 ($100 in chips) 
Seat 6: Mr_Dick666 ($108.41 in chips) 
yzuk: posts small blind $0.50
ars9: posts big blind $1
*** HOLE CARDS ***
mattwut1: folds 
Mr_Dick666: raises $1 to $2
sesiomp12: raises $3 to $5
Aescul@pius: folds 
yzuk: folds 
ars9: folds 
Mr_Dick666: calls $3
*** FLOP *** [6h Ks Qc]
Mr_Dick666: checks 
sesiomp12: bets $5.46
Mr_Dick666: folds 
Uncalled bet ($5.46) returned to sesiomp12
sesiomp12 collected $10.92 from pot
sesiomp12: doesn't show hand 
*** SUMMARY ***
Total pot $11.50 | Rake $0.58 
Board [6h Ks Qc]
Seat 1: sesiomp12 collected ($10.92)
Seat 2: Aescul@pius (button) folded before Flop (didn't bet)
Seat 3: yzuk (small blind) folded before Flop
Seat 4: ars9 (big blind) folded before Flop
Seat 5: mattwut1 folded before Flop (didn't bet)
Seat 6: Mr_Dick666 folded on the Flop



PokerStars Hand #254334419242:  Hold'em No Limit ($0.50/$1.00 USD) - 2025/01/12 17:56:34 WET [2025/01/12 12:56:34 ET]
Table 'Clemence III' 6-max Seat #3 is the button
Seat 1: sesiomp12 ($25.56 in chips) 
Seat 2: Aescul@pius ($104.98 in chips) 
Seat 3: yzuk ($105.54 in chips) 
Seat 4: ars9 ($136.92 in chips) 
Seat 5: mattwut1 ($100 in chips) 
Seat 6: Mr_Dick666 ($103.41 in chips) 
ars9: posts small blind $0.50
mattwut1: posts big blind $1
*** HOLE CARDS ***
Mr_Dick666: folds 
sesiomp12: calls $1
Aescul@pius: folds 
yzuk: folds 
ars9: calls $0.50
mattwut1: raises $3 to $4
sesiomp12: calls $3
ars9: folds 
*** FLOP *** [2h 4c 4s]
mattwut1: bets $1.88
sesiomp12: calls $1.88
*** TURN *** [2h 4c 4s] [Qh]
mattwut1: checks 
sesiomp12: bets $4
mattwut1: raises $26.76 to $30.76
sesiomp12: folds 
Uncalled bet ($26.76) returned to mattwut1
mattwut1 collected $19.72 from pot
mattwut1: doesn't show hand 
*** SUMMARY ***
Total pot $20.76 | Rake $1.04 
Board [2h 4c 4s Qh]
Seat 1: sesiomp12 folded on the Turn
Seat 2: Aescul@pius folded before Flop (didn't bet)
Seat 3: yzuk (button) folded before Flop (didn't bet)
Seat 4: ars9 (small blind) folded before Flop
Seat 5: mattwut1 (big blind) collected ($19.72)
Seat 6: Mr_Dick666 folded before Flop (didn't bet)



PokerStars Hand #254334432292:  Hold'em No Limit ($0.50/$1.00 USD) - 2025/01/12 17:57:36 WET [2025/01/12 12:57:36 ET]
Table 'Clemence III' 6-max Seat #4 is the button
Seat 1: sesiomp12 ($15.68 in chips) 
Seat 2: Aescul@pius ($104.98 in chips) 
Seat 3: yzuk ($105.54 in chips) 
Seat 4: ars9 ($135.92 in chips) 
Seat 5: mattwut1 ($109.84 in chips) 
Seat 6: Mr_Dick666 ($103.41 in chips) 
mattwut1: posts small blind $0.50
Mr_Dick666: posts big blind $1
*** HOLE CARDS ***
sesiomp12: folds 
Aescul@pius: folds 
yzuk: folds 
ars9: folds 
mattwut1: folds 
Uncalled bet ($0.50) returned to Mr_Dick666
Mr_Dick666 collected $1 from pot
Mr_Dick666: doesn't show hand 
*** SUMMARY ***
Total pot $1 | Rake $0 
Seat 1: sesiomp12 folded before Flop (didn't bet)
Seat 2: Aescul@pius folded before Flop (didn't bet)
Seat 3: yzuk folded before Flop (didn't bet)
Seat 4: ars9 (button) folded before Flop (didn't bet)
Seat 5: mattwut1 (small blind) folded before Flop
Seat 6: Mr_Dick666 (big blind) collected ($1)



PokerStars Hand #254334435520:  Hold'em No Limit ($0.50/$1.00 USD) - 2025/01/12 17:57:51 WET [2025/01/12 12:57:51 ET]
Table 'Clemence III' 6-max Seat #5 is the button
Seat 1: sesiomp12 ($15.68 in chips) 
Seat 2: Aescul@pius ($104.98 in chips) 
Seat 3: yzuk ($105.54 in chips) 
Seat 4: ars9 ($135.92 in chips) 
Seat 5: mattwut1 ($109.34 in chips) 
Seat 6: Mr_Dick666 ($103.91 in chips) 
Mr_Dick666: posts small blind $0.50
sesiomp12: posts big blind $1
*** HOLE CARDS ***
Aescul@pius: folds 
yzuk: folds 
ars9: raises $1.20 to $2.20
mattwut1: raises $5.80 to $8
Mr_Dick666: folds 
sesiomp12: calls $7
ars9: folds 
*** FLOP *** [8s 9d 4c]
sesiomp12: bets $4
mattwut1: folds 
Uncalled bet ($4) returned to sesiomp12
sesiomp12 collected $17.76 from pot
sesiomp12: doesn't show hand 
*** SUMMARY ***
Total pot $18.70 | Rake $0.94 
Board [8s 9d 4c]
Seat 1: sesiomp12 (big blind) collected ($17.76)
Seat 2: Aescul@pius folded before Flop (didn't bet)
Seat 3: yzuk folded before Flop (didn't bet)
Seat 4: ars9 folded before Flop
Seat 5: mattwut1 (button) folded on the Flop
Seat 6: Mr_Dick666 (small blind) folded before Flop



PokerStars Hand #254334444561:  Hold'em No Limit ($0.50/$1.00 USD) - 2025/01/12 17:58:33 WET [2025/01/12 12:58:33 ET]
Table 'Clemence III' 6-max Seat #6 is the button
Seat 1: sesiomp12 ($25.44 in chips) 
Seat 2: Aescul@pius ($104.98 in chips) 
Seat 3: yzuk ($105.54 in chips) 
Seat 4: ars9 ($133.72 in chips) 
Seat 5: mattwut1 ($101.34 in chips) 
Seat 6: Mr_Dick666 ($103.41 in chips) 
sesiomp12: posts small blind $0.50
Aescul@pius: posts big blind $1
*** HOLE CARDS ***
yzuk: folds 
ars9: folds 
mattwut1: folds 
Mr_Dick666: folds 
sesiomp12: calls $0.50
Aescul@pius: raises $2.50 to $3.50
sesiomp12: folds 
Uncalled bet ($2.50) returned to Aescul@pius
Aescul@pius collected $2 from pot
Aescul@pius: doesn't show hand 
*** SUMMARY ***
Total pot $2 | Rake $0 
Seat 1: sesiomp12 (small blind) folded before Flop
Seat 2: Aescul@pius (big blind) collected ($2)
Seat 3: yzuk folded before Flop (didn't bet)
Seat 4: ars9 folded before Flop (didn't bet)
Seat 5: mattwut1 folded before Flop (didn't bet)
Seat 6: Mr_Dick666 (button) folded before Flop (didn't bet)



PokerStars Hand #254334448642:  Hold'em No Limit ($0.50/$1.00 USD) - 2025/01/12 17:58:53 WET [2025/01/12 12:58:53 ET]
Table 'Clemence III' 6-max Seat #1 is the button
Seat 1: sesiomp12 ($24.44 in chips) 
Seat 2: Aescul@pius ($105.98 in chips) 
Seat 3: yzuk ($105.54 in chips) 
Seat 4: ars9 ($133.72 in chips) 
Seat 5: mattwut1 ($101.34 in chips) 
Seat 6: Mr_Dick666 ($103.41 in chips) 
Aescul@pius: posts small blind $0.50
yzuk: posts big blind $1
*** HOLE CARDS ***
ars9: folds 
mattwut1: folds 
Mr_Dick666: raises $1.50 to $2.50
sesiomp12: folds 
Aescul@pius: folds 
yzuk: folds 
Uncalled bet ($1.50) returned to Mr_Dick666
Mr_Dick666 collected $2.50 from pot
Mr_Dick666: doesn't show hand 
*** SUMMARY ***
Total pot $2.50 | Rake $0 
Seat 1: sesiomp12 (button) folded before Flop (didn't bet)
Seat 2: Aescul@pius (small blind) folded before Flop
Seat 3: yzuk (big blind) folded before Flop
Seat 4: ars9 folded before Flop (didn't bet)
Seat 5: mattwut1 folded before Flop (didn't bet)
Seat 6: Mr_Dick666 collected ($2.50)



PokerStars Hand #254334451383:  Hold'em No Limit ($0.50/$1.00 USD) - 2025/01/12 17:59:05 WET [2025/01/12 12:59:05 ET]
Table 'Clemence III' 6-max Seat #2 is the button
Seat 1: sesiomp12 ($24.44 in chips) 
Seat 2: Aescul@pius ($105.48 in chips) 
Seat 3: yzuk ($104.54 in chips) 
Seat 4: ars9 ($133.72 in chips) 
Seat 5: mattwut1 ($101.34 in chips) 
Seat 6: Mr_Dick666 ($104.91 in chips) 
yzuk: posts small blind $0.50
ars9: posts big blind $1
*** HOLE CARDS ***
mattwut1: folds 
Mr_Dick666: raises $1 to $2
sesiomp12: folds 
Aescul@pius: folds 
yzuk: folds 
ars9: calls $1
*** FLOP *** [Th Jh Kc]
ars9: checks 
Mr_Dick666: checks 
*** TURN *** [Th Jh Kc] [Kh]
ars9: bets $1.28
Mr_Dick666: folds 
Uncalled bet ($1.28) returned to ars9
ars9 collected $4.28 from pot
*** SUMMARY ***
Total pot $4.50 | Rake $0.22 
Board [Th Jh Kc Kh]
Seat 1: sesiomp12 folded before Flop (didn't bet)
Seat 2: Aescul@pius (button) folded before Flop (didn't bet)
Seat 3: yzuk (small blind) folded before Flop
Seat 4: ars9 (big blind) collected ($4.28)
Seat 5: mattwut1 folded before Flop (didn't bet)
Seat 6: Mr_Dick666 folded on the Turn



PokerStars Hand #254334460413:  Hold'em No Limit ($0.50/$1.00 USD) - 2025/01/12 17:59:47 WET [2025/01/12 12:59:47 ET]
Table 'Clemence III' 6-max Seat #3 is the button
Seat 1: sesiomp12 ($24.44 in chips) 
Seat 2: Aescul@pius ($105.48 in chips) 
Seat 3: yzuk ($104.04 in chips) 
Seat 4: ars9 ($136 in chips) 
Seat 5: mattwut1 ($101.34 in chips) 
Seat 6: Mr_Dick666 ($102.91 in chips) 
ars9: posts small blind $0.50
mattwut1: posts big blind $1
*** HOLE CARDS ***
Mr_Dick666: raises $1 to $2
sesiomp12: folds 
Aescul@pius: folds 
yzuk: folds 
ars9: folds 
mattwut1: calls $1
*** FLOP *** [9d Jh Ks]
mattwut1: checks 
Mr_Dick666: bets $2.14
mattwut1: folds 
Uncalled bet ($2.14) returned to Mr_Dick666
Mr_Dick666 collected $4.28 from pot
Mr_Dick666: doesn't show hand 
*** SUMMARY ***
Total pot $4.50 | Rake $0.22 
Board [9d Jh Ks]
Seat 1: sesiomp12 folded before Flop (didn't bet)
Seat 2: Aescul@pius folded before Flop (didn't bet)
Seat 3: yzuk (button) folded before Flop (didn't bet)
Seat 4: ars9 (small blind) folded before Flop
Seat 5: mattwut1 (big blind) folded on the Flop
Seat 6: Mr_Dick666 collected ($4.28)



PokerStars Hand #254334470127:  Hold'em No Limit ($0.50/$1.00 USD) - 2025/01/12 18:00:27 WET [2025/01/12 13:00:27 ET]
Table 'Clemence III' 6-max Seat #4 is the button
Seat 6: Mr_Dick666 ($105.19 in chips) is sitting out
Seat 1: sesiomp12 ($24.44 in chips) 
Seat 2: Aescul@pius ($105.48 in chips) 
Seat 3: yzuk ($104.04 in chips) 
Seat 4: ars9 ($135.50 in chips) 
Seat 5: mattwut1 ($100 in chips) 
mattwut1: posts small blind $0.50
Mr_Dick666: is sitting out 
sesiomp12: posts big blind $1
*** HOLE CARDS ***
Mr_Dick666 leaves the table
Aescul@pius: raises $1 to $2
yzuk: folds 
ars9: folds 
mattwut1: folds 
sesiomp12: calls $1
*** FLOP *** [Ad Jd 4d]
sesiomp12: bets $2
Aescul@pius: folds 
Uncalled bet ($2) returned to sesiomp12
sesiomp12 collected $4.28 from pot
sesiomp12: doesn't show hand 
*** SUMMARY ***
Total pot $4.50 | Rake $0.22 
Board [Ad Jd 4d]
Seat 6: Mr_Dick666
Seat 1: sesiomp12 (big blind) collected ($4.28)
Seat 2: Aescul@pius folded on the Flop
Seat 3: yzuk folded before Flop (didn't bet)
Seat 4: ars9 (button) folded before Flop (didn't bet)
Seat 5: mattwut1 (small blind) folded before Flop



PokerStars Hand #254334479947:  Hold'em No Limit ($0.50/$1.00 USD) - 2025/01/12 18:01:01 WET [2025/01/12 13:01:01 ET]
Table 'Clemence III' 6-max Seat #5 is the button
Seat 1: sesiomp12 ($26.72 in chips) 
Seat 2: Aescul@pius ($103.48 in chips) 
Seat 3: yzuk ($104.04 in chips) 
Seat 4: ars9 ($135.50 in chips) 
Seat 5: mattwut1 ($100 in chips) 
sesiomp12: posts small blind $0.50
Aescul@pius: posts big blind $1
*** HOLE CARDS ***
yzuk: folds 
ars9: raises $1 to $2
mattwut1: folds 
sesiomp12: folds 
Aescul@pius: folds 
Uncalled bet ($1) returned to ars9
ars9 collected $2.50 from pot
*** SUMMARY ***
Total pot $2.50 | Rake $0 
Seat 1: sesiomp12 (small blind) folded before Flop
Seat 2: Aescul@pius (big blind) folded before Flop
Seat 3: yzuk folded before Flop (didn't bet)
Seat 4: ars9 collected ($2.50)
Seat 5: mattwut1 (button) folded before Flop (didn't bet)



PokerStars Hand #254334483965:  Hold'em No Limit ($0.50/$1.00 USD) - 2025/01/12 18:01:17 WET [2025/01/12 13:01:17 ET]
Table 'Clemence III' 6-max Seat #1 is the button
Seat 1: sesiomp12 ($26.22 in chips) 
Seat 2: Aescul@pius ($102.48 in chips) 
Seat 3: yzuk ($104.04 in chips) 
Seat 4: ars9 ($137 in chips) 
Seat 5: mattwut1 ($100 in chips) 
Aescul@pius: posts small blind $0.50
yzuk: posts big blind $1
*** HOLE CARDS ***
ars9: raises $1.20 to $2.20
mattwut1: folds 
sesiomp12: folds 
Aescul@pius: folds 
yzuk: folds 
Uncalled bet ($1.20) returned to ars9
ars9 collected $2.50 from pot
*** SUMMARY ***
Total pot $2.50 | Rake $0 
Seat 1: sesiomp12 (button) folded before Flop (didn't bet)
Seat 2: Aescul@pius (small blind) folded before Flop
Seat 3: yzuk (big blind) folded before Flop
Seat 4: ars9 collected ($2.50)
Seat 5: mattwut1 folded before Flop (didn't bet)



PokerStars Hand #254334490534:  Hold'em No Limit ($0.50/$1.00 USD) - 2025/01/12 18:01:39 WET [2025/01/12 13:01:39 ET]
Table 'Clemence III' 6-max Seat #2 is the button
Seat 1: sesiomp12 ($26.22 in chips) 
Seat 2: Aescul@pius ($101.98 in chips) 
Seat 3: yzuk ($103.04 in chips) 
Seat 4: ars9 ($138.50 in chips) 
Seat 5: mattwut1 ($100 in chips) 
yzuk: posts small blind $0.50
ars9: posts big blind $1
*** HOLE CARDS ***
Tiago Klein BR joins the table at seat #6 
mattwut1: folds 
sesiomp12: folds 
Aescul@pius: folds 
yzuk: folds 
Uncalled bet ($0.50) returned to ars9
ars9 collected $1 from pot
*** SUMMARY ***
Total pot $1 | Rake $0 
Seat 1: sesiomp12 folded before Flop (didn't bet)
Seat 2: Aescul@pius (button) folded before Flop (didn't bet)
Seat 3: yzuk (small blind) folded before Flop
Seat 4: ars9 (big blind) collected ($1)
Seat 5: mattwut1 folded before Flop (didn't bet)



PokerStars Hand #254334493972:  Hold'em No Limit ($0.50/$1.00 USD) - 2025/01/12 18:01:51 WET [2025/01/12 13:01:51 ET]
Table 'Clemence III' 6-max Seat #3 is the button
Seat 6: Tiago Klein BR ($100 in chips) is sitting out
Seat 1: sesiomp12 ($26.22 in chips) 
Seat 2: Aescul@pius ($101.98 in chips) 
Seat 3: yzuk ($102.54 in chips) 
Seat 4: ars9 ($139 in chips) 
Seat 5: mattwut1 ($100 in chips) 
ars9: posts small blind $0.50
mattwut1: posts big blind $1
Tiago Klein BR: sits out 
*** HOLE CARDS ***
sesiomp12: folds 
Aescul@pius: folds 
yzuk: raises $1.50 to $2.50
ars9: raises $6 to $8.50
mattwut1: folds 
yzuk: calls $6
*** FLOP *** [5c Kh 2c]
ars9: checks 
yzuk: bets $5.81
ars9: calls $5.81
*** TURN *** [5c Kh 2c] [Kc]
ars9: checks 
yzuk: bets $7.32
ars9: calls $7.32
*** RIVER *** [5c Kh 2c Kc] [Jd]
ars9: checks 
yzuk: checks 
*** SHOW DOWN ***
ars9: shows [Ac 2d] (two pair, Kings and Deuces)
yzuk: shows [8s 8h] (two pair, Kings and Eights)
yzuk collected $42.05 from pot
*** SUMMARY ***
Total pot $44.26 | Rake $2.21 
Board [5c Kh 2c Kc Jd]
Seat 6: Tiago Klein BR
Seat 1: sesiomp12 folded before Flop (didn't bet)
Seat 2: Aescul@pius folded before Flop (didn't bet)
Seat 3: yzuk (button) showed [8s 8h] and won ($42.05) with two pair, Kings and Eights
Seat 4: ars9 (small blind) showed [Ac 2d] and lost with two pair, Kings and Deuces
Seat 5: mattwut1 (big blind) folded before Flop



PokerStars Hand #254334517306:  Hold'em No Limit ($0.50/$1.00 USD) - 2025/01/12 18:03:00 WET [2025/01/12 13:03:00 ET]
Table 'Clemence III' 6-max Seat #4 is the button
Seat 1: sesiomp12 ($26.22 in chips) 
Seat 2: Aescul@pius ($101.98 in chips) 
Seat 3: yzuk ($122.96 in chips) 
Seat 4: ars9 ($117.37 in chips) 
Seat 5: mattwut1 ($100 in chips) 
Seat 6: Tiago Klein BR ($100 in chips) 
mattwut1: posts small blind $0.50
Tiago Klein BR: posts big blind $1
*** HOLE CARDS ***
sesiomp12: folds 
Aescul@pius: folds 
yzuk: raises $1.50 to $2.50
ars9: folds 
mattwut1: folds 
Tiago Klein BR: folds 
Uncalled bet ($1.50) returned to yzuk
yzuk collected $2.50 from pot
yzuk: doesn't show hand 
*** SUMMARY ***
Total pot $2.50 | Rake $0 
Seat 1: sesiomp12 folded before Flop (didn't bet)
Seat 2: Aescul@pius folded before Flop (didn't bet)
Seat 3: yzuk collected ($2.50)
Seat 4: ars9 (button) folded before Flop (didn't bet)
Seat 5: mattwut1 (small blind) folded before Flop
Seat 6: Tiago Klein BR (big blind) folded before Flop



PokerStars Hand #254334524876:  Hold'em No Limit ($0.50/$1.00 USD) - 2025/01/12 18:03:22 WET [2025/01/12 13:03:22 ET]
Table 'Clemence III' 6-max Seat #5 is the button
Seat 1: sesiomp12 ($26.22 in chips) 
Seat 2: Aescul@pius ($101.98 in chips) 
Seat 3: yzuk ($124.46 in chips) 
Seat 4: ars9 ($117.37 in chips) 
Seat 5: mattwut1 ($100 in chips) 
Seat 6: Tiago Klein BR ($99 in chips) 
Tiago Klein BR: posts small blind $0.50
sesiomp12: posts big blind $1
*** HOLE CARDS ***
Aescul@pius: raises $1 to $2
yzuk: folds 
ars9: folds 
mattwut1: calls $2
Tiago Klein BR: folds 
sesiomp12: folds 
*** FLOP *** [6h 6d 6c]
Aescul@pius: checks 
mattwut1: bets $1.72
Aescul@pius: raises $6.82 to $8.54
mattwut1: folds 
Uncalled bet ($6.82) returned to Aescul@pius
Aescul@pius collected $8.49 from pot
Aescul@pius: doesn't show hand 
*** SUMMARY ***
Total pot $8.94 | Rake $0.45 
Board [6h 6d 6c]
Seat 1: sesiomp12 (big blind) folded before Flop
Seat 2: Aescul@pius collected ($8.49)
Seat 3: yzuk folded before Flop (didn't bet)
Seat 4: ars9 folded before Flop (didn't bet)
Seat 5: mattwut1 (button) folded on the Flop
Seat 6: Tiago Klein BR (small blind) folded before Flop



PokerStars Hand #254334545513:  Hold'em No Limit ($0.50/$1.00 USD) - 2025/01/12 18:04:23 WET [2025/01/12 13:04:23 ET]
Table 'Clemence III' 6-max Seat #6 is the button
Seat 1: sesiomp12 ($25.22 in chips) 
Seat 2: Aescul@pius ($106.75 in chips) 
Seat 3: yzuk ($124.46 in chips) 
Seat 4: ars9 ($117.37 in chips) 
Seat 5: mattwut1 ($100 in chips) 
Seat 6: Tiago Klein BR ($98.50 in chips) 
sesiomp12: posts small blind $0.50
Aescul@pius: posts big blind $1
*** HOLE CARDS ***
yzuk: folds 
ars9: raises $1 to $2
mattwut1: raises $5 to $7
Tiago Klein BR has timed out
Tiago Klein BR: folds 
sesiomp12: folds 
Aescul@pius: folds 
ars9: calls $5
*** FLOP *** [4c 3h Kh]
ars9: checks 
mattwut1: bets $9.72
ars9: calls $9.72
*** TURN *** [4c 3h Kh] [4d]
ars9: bets $1
mattwut1: raises $23.23 to $24.23
ars9: folds 
Uncalled bet ($23.23) returned to mattwut1
mattwut1 collected $35.09 from pot
mattwut1: doesn't show hand 
*** SUMMARY ***
Total pot $36.94 | Rake $1.85 
Board [4c 3h Kh 4d]
Seat 1: sesiomp12 (small blind) folded before Flop
Seat 2: Aescul@pius (big blind) folded before Flop
Seat 3: yzuk folded before Flop (didn't bet)
Seat 4: ars9 folded on the Turn
Seat 5: mattwut1 collected ($35.09)
Seat 6: Tiago Klein BR (button) folded before Flop (didn't bet)



PokerStars Hand #254334574844:  Hold'em No Limit ($0.50/$1.00 USD) - 2025/01/12 18:05:46 WET [2025/01/12 13:05:46 ET]
Table 'Clemence III' 6-max Seat #1 is the button
Seat 1: sesiomp12 ($24.72 in chips) 
Seat 2: Aescul@pius ($105.75 in chips) 
Seat 3: yzuk ($124.46 in chips) 
Seat 4: ars9 ($99.65 in chips) 
Seat 5: mattwut1 ($117.37 in chips) 
Seat 6: Tiago Klein BR ($98.50 in chips) 
Aescul@pius: posts small blind $0.50
yzuk: posts big blind $1
*** HOLE CARDS ***
ars9: raises $1 to $2
mattwut1: folds 
Tiago Klein BR: folds 
sesiomp12: folds 
Aescul@pius: folds 
yzuk: calls $1
*** FLOP *** [Td 4h Ts]
yzuk: checks 
ars9: checks 
*** TURN *** [Td 4h Ts] [Kc]
yzuk: bets $1.46
ars9: calls $1.46
*** RIVER *** [Td 4h Ts Kc] [7s]
yzuk: bets $4
ars9: folds 
Uncalled bet ($4) returned to yzuk
yzuk collected $7.05 from pot
yzuk: doesn't show hand 
*** SUMMARY ***
Total pot $7.42 | Rake $0.37 
Board [Td 4h Ts Kc 7s]
Seat 1: sesiomp12 (button) folded before Flop (didn't bet)
Seat 2: Aescul@pius (small blind) folded before Flop
Seat 3: yzuk (big blind) collected ($7.05)
Seat 4: ars9 folded on the River
Seat 5: mattwut1 folded before Flop (didn't bet)
Seat 6: Tiago Klein BR folded before Flop (didn't bet)



PokerStars Hand #254334590718:  Hold'em No Limit ($0.50/$1.00 USD) - 2025/01/12 18:06:30 WET [2025/01/12 13:06:30 ET]
Table 'Clemence III' 6-max Seat #2 is the button
Seat 1: sesiomp12 ($24.72 in chips) 
Seat 2: Aescul@pius ($105.25 in chips) 
Seat 3: yzuk ($128.05 in chips) 
Seat 4: ars9 ($96.19 in chips) 
Seat 5: mattwut1 ($117.37 in chips) 
Seat 6: Tiago Klein BR ($100 in chips) 
yzuk: posts small blind $0.50
ars9: posts big blind $1
*** HOLE CARDS ***
mattwut1: folds 
Tiago Klein BR: folds 
sesiomp12: raises $1 to $2
Aescul@pius: folds 
yzuk: folds 
ars9: raises $5.50 to $7.50
sesiomp12: calls $5.50
*** FLOP *** [Qd Tc Ac]
ars9: bets $16.93
sesiomp12: raises $0.29 to $17.22 and is all-in
ars9: calls $0.29
*** TURN *** [Qd Tc Ac] [3d]
*** RIVER *** [Qd Tc Ac 3d] [7c]
*** SHOW DOWN ***
ars9: shows [Jh Js] (a pair of Jacks)
sesiomp12: shows [Kh Th] (a pair of Tens)
ars9 collected $47.44 from pot
*** SUMMARY ***
Total pot $49.94 | Rake $2.50 
Board [Qd Tc Ac 3d 7c]
Seat 1: sesiomp12 showed [Kh Th] and lost with a pair of Tens
Seat 2: Aescul@pius (button) folded before Flop (didn't bet)
Seat 3: yzuk (small blind) folded before Flop
Seat 4: ars9 (big blind) showed [Jh Js] and won ($47.44) with a pair of Jacks
Seat 5: mattwut1 folded before Flop (didn't bet)
Seat 6: Tiago Klein BR folded before Flop (didn't bet)



PokerStars Hand #254334607739:  Hold'em No Limit ($0.50/$1.00 USD) - 2025/01/12 18:07:19 WET [2025/01/12 13:07:19 ET]
Table 'Clemence III' 6-max Seat #3 is the button
Seat 1: sesiomp12 ($0 in chips) is sitting out
Seat 2: Aescul@pius ($105.25 in chips) 
Seat 3: yzuk ($127.55 in chips) 
Seat 4: ars9 ($118.91 in chips) 
Seat 5: mattwut1 ($117.37 in chips) 
Seat 6: Tiago Klein BR ($100 in chips) 
ars9: posts small blind $0.50
mattwut1: posts big blind $1
*** HOLE CARDS ***
Tiago Klein BR: folds 
Aescul@pius: raises $1.20 to $2.20
yzuk: raises $5.30 to $7.50
ars9: folds 
mattwut1: folds 
Aescul@pius: raises $13.50 to $21
yzuk: folds 
Uncalled bet ($13.50) returned to Aescul@pius
Aescul@pius collected $16.50 from pot
Aescul@pius: doesn't show hand 
*** SUMMARY ***
Total pot $16.50 | Rake $0 
Seat 1: sesiomp12
Seat 2: Aescul@pius collected ($16.50)
Seat 3: yzuk (button) folded before Flop
Seat 4: ars9 (small blind) folded before Flop
Seat 5: mattwut1 (big blind) folded before Flop
Seat 6: Tiago Klein BR folded before Flop (didn't bet)



PokerStars Hand #254334622592:  Hold'em No Limit ($0.50/$1.00 USD) - 2025/01/12 18:08:00 WET [2025/01/12 13:08:00 ET]
Table 'Clemence III' 6-max Seat #4 is the button
Seat 1: sesiomp12 ($40 in chips) 
Seat 2: Aescul@pius ($114.25 in chips) 
Seat 3: yzuk ($120.05 in chips) 
Seat 4: ars9 ($118.41 in chips) 
Seat 5: mattwut1 ($116.37 in chips) 
Seat 6: Tiago Klein BR ($100 in chips) 
mattwut1: posts small blind $0.50
Tiago Klein BR: posts big blind $1
*** HOLE CARDS ***
sesiomp12: folds 
Aescul@pius: folds 
yzuk: folds 
ars9: folds 
mattwut1: raises $1.50 to $2.50
Tiago Klein BR: folds 
Uncalled bet ($1.50) returned to mattwut1
mattwut1 collected $2 from pot
mattwut1: doesn't show hand 
*** SUMMARY ***
Total pot $2 | Rake $0 
Seat 1: sesiomp12 folded before Flop (didn't bet)
Seat 2: Aescul@pius folded before Flop (didn't bet)
Seat 3: yzuk folded before Flop (didn't bet)
Seat 4: ars9 (button) folded before Flop (didn't bet)
Seat 5: mattwut1 (small blind) collected ($2)
Seat 6: Tiago Klein BR (big blind) folded before Flop



PokerStars Hand #254334632476:  Hold'em No Limit ($0.50/$1.00 USD) - 2025/01/12 18:08:29 WET [2025/01/12 13:08:29 ET]
Table 'Clemence III' 6-max Seat #5 is the button
Seat 1: sesiomp12 ($40 in chips) 
Seat 2: Aescul@pius ($114.25 in chips) 
Seat 3: yzuk ($120.05 in chips) 
Seat 4: ars9 ($118.41 in chips) 
Seat 5: mattwut1 ($117.37 in chips) 
Seat 6: Tiago Klein BR ($100 in chips) 
Tiago Klein BR: posts small blind $0.50
sesiomp12: posts big blind $1
*** HOLE CARDS ***
Aescul@pius: folds 
yzuk: raises $1.50 to $2.50
ars9: folds 
mattwut1: folds 
Tiago Klein BR: folds 
sesiomp12: folds 
Uncalled bet ($1.50) returned to yzuk
yzuk collected $2.50 from pot
yzuk: doesn't show hand 
*** SUMMARY ***
Total pot $2.50 | Rake $0 
Seat 1: sesiomp12 (big blind) folded before Flop
Seat 2: Aescul@pius folded before Flop (didn't bet)
Seat 3: yzuk collected ($2.50)
Seat 4: ars9 folded before Flop (didn't bet)
Seat 5: mattwut1 (button) folded before Flop (didn't bet)
Seat 6: Tiago Klein BR (small blind) folded before Flop



PokerStars Hand #254334639018:  Hold'em No Limit ($0.50/$1.00 USD) - 2025/01/12 18:08:47 WET [2025/01/12 13:08:47 ET]
Table 'Clemence III' 6-max Seat #6 is the button
Seat 1: sesiomp12 ($39 in chips) 
Seat 2: Aescul@pius ($114.25 in chips) 
Seat 3: yzuk ($121.55 in chips) 
Seat 4: ars9 ($118.41 in chips) 
Seat 5: mattwut1 ($117.37 in chips) 
Seat 6: Tiago Klein BR ($99.50 in chips) 
sesiomp12: posts small blind $0.50
Aescul@pius: posts big blind $1
*** HOLE CARDS ***
yzuk: folds 
ars9: folds 
mattwut1: folds 
Tiago Klein BR: folds 
sesiomp12: folds 
Uncalled bet ($0.50) returned to Aescul@pius
Aescul@pius collected $1 from pot
Aescul@pius: doesn't show hand 
*** SUMMARY ***
Total pot $1 | Rake $0 
Seat 1: sesiomp12 (small blind) folded before Flop
Seat 2: Aescul@pius (big blind) collected ($1)
Seat 3: yzuk folded before Flop (didn't bet)
Seat 4: ars9 folded before Flop (didn't bet)
Seat 5: mattwut1 folded before Flop (didn't bet)
Seat 6: Tiago Klein BR (button) folded before Flop (didn't bet)



PokerStars Hand #254334644524:  Hold'em No Limit ($0.50/$1.00 USD) - 2025/01/12 18:09:03 WET [2025/01/12 13:09:03 ET]
Table 'Clemence III' 6-max Seat #1 is the button
Seat 1: sesiomp12 ($38.50 in chips) 
Seat 2: Aescul@pius ($114.75 in chips) 
Seat 3: yzuk ($121.55 in chips) 
Seat 4: ars9 ($118.41 in chips) 
Seat 5: mattwut1 ($117.37 in chips) 
Seat 6: Tiago Klein BR ($99.50 in chips) 
Aescul@pius: posts small blind $0.50
yzuk: posts big blind $1
*** HOLE CARDS ***
ars9: raises $1.20 to $2.20
mattwut1: folds 
Tiago Klein BR: folds 
sesiomp12: folds 
Aescul@pius: folds 
yzuk: folds 
Uncalled bet ($1.20) returned to ars9
ars9 collected $2.50 from pot
*** SUMMARY ***
Total pot $2.50 | Rake $0 
Seat 1: sesiomp12 (button) folded before Flop (didn't bet)
Seat 2: Aescul@pius (small blind) folded before Flop
Seat 3: yzuk (big blind) folded before Flop
Seat 4: ars9 collected ($2.50)
Seat 5: mattwut1 folded before Flop (didn't bet)
Seat 6: Tiago Klein BR folded before Flop (didn't bet)



PokerStars Hand #254334654903:  Hold'em No Limit ($0.50/$1.00 USD) - 2025/01/12 18:09:33 WET [2025/01/12 13:09:33 ET]
Table 'Clemence III' 6-max Seat #2 is the button
Seat 1: sesiomp12 ($38.50 in chips) 
Seat 2: Aescul@pius ($114.25 in chips) 
Seat 3: yzuk ($120.55 in chips) 
Seat 4: ars9 ($119.91 in chips) 
Seat 5: mattwut1 ($117.37 in chips) 
Seat 6: Tiago Klein BR ($99.50 in chips) 
yzuk: posts small blind $0.50
ars9: posts big blind $1
*** HOLE CARDS ***
mattwut1: raises $1.50 to $2.50
Tiago Klein BR: folds 
sesiomp12: folds 
Aescul@pius: folds 
yzuk: folds 
ars9: folds 
Uncalled bet ($1.50) returned to mattwut1
mattwut1 collected $2.50 from pot
mattwut1: doesn't show hand 
*** SUMMARY ***
Total pot $2.50 | Rake $0 
Seat 1: sesiomp12 folded before Flop (didn't bet)
Seat 2: Aescul@pius (button) folded before Flop (didn't bet)
Seat 3: yzuk (small blind) folded before Flop
Seat 4: ars9 (big blind) folded before Flop
Seat 5: mattwut1 collected ($2.50)
Seat 6: Tiago Klein BR folded before Flop (didn't bet)



PokerStars Hand #254334663456:  Hold'em No Limit ($0.50/$1.00 USD) - 2025/01/12 18:09:56 WET [2025/01/12 13:09:56 ET]
Table 'Clemence III' 6-max Seat #3 is the button
Seat 1: sesiomp12 ($38.50 in chips) 
Seat 2: Aescul@pius ($114.25 in chips) 
Seat 3: yzuk ($120.05 in chips) 
Seat 4: ars9 ($118.91 in chips) 
Seat 5: mattwut1 ($118.87 in chips) 
Seat 6: Tiago Klein BR ($99.50 in chips) 
ars9: posts small blind $0.50
mattwut1: posts big blind $1
*** HOLE CARDS ***
Tiago Klein BR: folds 
sesiomp12: folds 
Aescul@pius: folds 
yzuk: raises $1.50 to $2.50
ars9: raises $7 to $9.50
mattwut1: folds 
yzuk: calls $7
*** FLOP *** [2h Tc Qd]
ars9: checks 
yzuk: bets $6.46
ars9: raises $14.96 to $21.42
yzuk: raises $20.58 to $42
ars9: raises $21 to $63
yzuk: raises $47.55 to $110.55 and is all-in
ars9: calls $46.41 and is all-in
Uncalled bet ($1.14) returned to yzuk
*** TURN *** [2h Tc Qd] [6h]
*** RIVER *** [2h Tc Qd 6h] [6c]
*** SHOW DOWN ***
ars9: shows [Kd Kc] (two pair, Kings and Sixes)
yzuk: shows [Th Ts] (a full house, Tens full of Sixes)
yzuk collected $236.32 from pot
ars9 cashed out the hand for $28.08 | Cash Out Fee $0.57
*** SUMMARY ***
Total pot $238.82 | Rake $2.50 
Board [2h Tc Qd 6h 6c]
Seat 1: sesiomp12 folded before Flop (didn't bet)
Seat 2: Aescul@pius folded before Flop (didn't bet)
Seat 3: yzuk (button) showed [Th Ts] and won ($236.32) with a full house, Tens full of Sixes
Seat 4: ars9 (small blind) showed [Kd Kc] and lost with two pair, Kings and Sixes (cashed out).
Seat 5: mattwut1 (big blind) folded before Flop
Seat 6: Tiago Klein BR folded before Flop (didn't bet)



PokerStars Hand #254334692895:  Hold'em No Limit ($0.50/$1.00 USD) - 2025/01/12 18:11:20 WET [2025/01/12 13:11:20 ET]
Table 'Clemence III' 6-max Seat #4 is the button
Seat 1: sesiomp12 ($38.50 in chips) 
Seat 2: Aescul@pius ($114.25 in chips) 
Seat 3: yzuk ($237.46 in chips) 
Seat 4: ars9 ($28.08 in chips) 
Seat 5: mattwut1 ($117.87 in chips) 
Seat 6: Tiago Klein BR ($99.50 in chips) 
mattwut1: posts small blind $0.50
Tiago Klein BR: posts big blind $1
*** HOLE CARDS ***
sesiomp12: folds 
Aescul@pius: folds 
yzuk: raises $1.50 to $2.50
ars9: raises $7.50 to $10
mattwut1: folds 
Tiago Klein BR: folds 
yzuk: raises $227.46 to $237.46 and is all-in
ars9: calls $18.08 and is all-in
Uncalled bet ($209.38) returned to yzuk
ars9 is disconnected 
ars9 is connected 
*** FLOP *** [Jh Th 4h]
*** TURN *** [Jh Th 4h] [4d]
*** RIVER *** [Jh Th 4h 4d] [7s]
*** SHOW DOWN ***
yzuk: shows [Qc Qs] (two pair, Queens and Fours)
ars9: shows [8s 8h] (two pair, Eights and Fours)
yzuk collected $55.16 from pot
*** SUMMARY ***
Total pot $57.66 | Rake $2.50 
Board [Jh Th 4h 4d 7s]
Seat 1: sesiomp12 folded before Flop (didn't bet)
Seat 2: Aescul@pius folded before Flop (didn't bet)
Seat 3: yzuk showed [Qc Qs] and won ($55.16) with two pair, Queens and Fours
Seat 4: ars9 (button) showed [8s 8h] and lost with two pair, Eights and Fours
Seat 5: mattwut1 (small blind) folded before Flop
Seat 6: Tiago Klein BR (big blind) folded before Flop



PokerStars Hand #254334719118:  Hold'em No Limit ($0.50/$1.00 USD) - 2025/01/12 18:12:34 WET [2025/01/12 13:12:34 ET]
Table 'Clemence III' 6-max Seat #5 is the button
Seat 4: ars9 ($0 in chips) is sitting out
Seat 1: sesiomp12 ($38.50 in chips) 
Seat 2: Aescul@pius ($114.25 in chips) 
Seat 3: yzuk ($264.54 in chips) 
Seat 5: mattwut1 ($117.37 in chips) 
Seat 6: Tiago Klein BR ($100 in chips) 
Tiago Klein BR: posts small blind $0.50
sesiomp12: posts big blind $1
*** HOLE CARDS ***
Aescul@pius: raises $1 to $2
yzuk: raises $6 to $8
mattwut1: folds 
Tiago Klein BR: folds 
sesiomp12: folds 
Aescul@pius: folds 
Uncalled bet ($6) returned to yzuk
yzuk collected $5.50 from pot
yzuk: doesn't show hand 
*** SUMMARY ***
Total pot $5.50 | Rake $0 
Seat 4: ars9
Seat 1: sesiomp12 (big blind) folded before Flop
Seat 2: Aescul@pius folded before Flop
Seat 3: yzuk collected ($5.50)
Seat 5: mattwut1 (button) folded before Flop (didn't bet)
Seat 6: Tiago Klein BR (small blind) folded before Flop



PokerStars Hand #254334729276:  Hold'em No Limit ($0.50/$1.00 USD) - 2025/01/12 18:13:02 WET [2025/01/12 13:13:02 ET]
Table 'Clemence III' 6-max Seat #6 is the button
Seat 4: ars9 ($0 in chips) is sitting out
Seat 1: sesiomp12 ($37.50 in chips) 
Seat 2: Aescul@pius ($112.25 in chips) 
Seat 3: yzuk ($268.04 in chips) 
Seat 5: mattwut1 ($117.37 in chips) 
Seat 6: Tiago Klein BR ($99.50 in chips) 
sesiomp12: posts small blind $0.50
Aescul@pius: posts big blind $1
*** HOLE CARDS ***
yzuk: folds 
mattwut1: raises $1.20 to $2.20
Tiago Klein BR: folds 
sesiomp12: calls $1.70
Aescul@pius: calls $1.20
*** FLOP *** [Ah 4h 7c]
sesiomp12: bets $2
Aescul@pius: folds 
mattwut1: calls $2
*** TURN *** [Ah 4h 7c] [As]
sesiomp12: checks 
mattwut1: bets $3.32
sesiomp12: folds 
Uncalled bet ($3.32) returned to mattwut1
mattwut1 collected $10.07 from pot
mattwut1: doesn't show hand 
*** SUMMARY ***
Total pot $10.60 | Rake $0.53 
Board [Ah 4h 7c As]
Seat 4: ars9
Seat 1: sesiomp12 (small blind) folded on the Turn
Seat 2: Aescul@pius (big blind) folded on the Flop
Seat 3: yzuk folded before Flop (didn't bet)
Seat 5: mattwut1 collected ($10.07)
Seat 6: Tiago Klein BR (button) folded before Flop (didn't bet)



PokerStars Hand #254335424432:  Hold'em No Limit ($0.50/$1.00 USD) - 2025/01/12 18:22:10 WET [2025/01/12 13:22:10 ET]
Table 'Clemence III' 6-max Seat #1 is the button
Seat 1: sesiomp12 ($30.04 in chips) 
Seat 2: Aescul@pius ($139.96 in chips) 
Seat 3: yzuk ($262.54 in chips) 
Seat 4: michasia ($100 in chips) 
Seat 5: mattwut1 ($117.70 in chips) 
Seat 6: Tiago Klein BR ($92.94 in chips) 
Aescul@pius: posts small blind $0.50
yzuk: posts big blind $1
*** HOLE CARDS ***
michasia: raises $1.60 to $2.60
mattwut1: folds 
Tiago Klein BR: folds 
sesiomp12: folds 
Aescul@pius: folds 
yzuk: calls $1.60
*** FLOP *** [3h Th Td]
yzuk: checks 
michasia: checks 
*** TURN *** [3h Th Td] [Kc]
yzuk: checks 
michasia: checks 
*** RIVER *** [3h Th Td Kc] [3s]
yzuk: bets $5.96
michasia: folds 
Uncalled bet ($5.96) returned to yzuk
yzuk collected $5.42 from pot
yzuk: doesn't show hand 
*** SUMMARY ***
Total pot $5.70 | Rake $0.28 
Board [3h Th Td Kc 3s]
Seat 1: sesiomp12 (button) folded before Flop (didn't bet)
Seat 2: Aescul@pius (small blind) folded before Flop
Seat 3: yzuk (big blind) collected ($5.42)
Seat 4: michasia folded on the River
Seat 5: mattwut1 folded before Flop (didn't bet)
Seat 6: Tiago Klein BR folded before Flop (didn't bet)



PokerStars Hand #254335446547:  Hold'em No Limit ($0.50/$1.00 USD) - 2025/01/12 18:23:12 WET [2025/01/12 13:23:12 ET]
Table 'Clemence III' 6-max Seat #2 is the button
Seat 1: sesiomp12 ($30.04 in chips) 
Seat 2: Aescul@pius ($139.46 in chips) 
Seat 3: yzuk ($265.36 in chips) 
Seat 4: michasia ($100 in chips) 
Seat 5: mattwut1 ($117.70 in chips) 
Seat 6: Tiago Klein BR ($100 in chips) 
yzuk: posts small blind $0.50
michasia: posts big blind $1
*** HOLE CARDS ***
mattwut1: folds 
Tiago Klein BR: folds 
sesiomp12: folds 
Aescul@pius: folds 
yzuk: folds 
Uncalled bet ($0.50) returned to michasia
michasia collected $1 from pot
michasia: doesn't show hand 
*** SUMMARY ***
Total pot $1 | Rake $0 
Seat 1: sesiomp12 folded before Flop (didn't bet)
Seat 2: Aescul@pius (button) folded before Flop (didn't bet)
Seat 3: yzuk (small blind) folded before Flop
Seat 4: michasia (big blind) collected ($1)
Seat 5: mattwut1 folded before Flop (didn't bet)
Seat 6: Tiago Klein BR folded before Flop (didn't bet)



PokerStars Hand #254335451245:  Hold'em No Limit ($0.50/$1.00 USD) - 2025/01/12 18:23:25 WET [2025/01/12 13:23:25 ET]
Table 'Clemence III' 6-max Seat #3 is the button
Seat 1: sesiomp12 ($30.04 in chips) 
Seat 2: Aescul@pius ($139.46 in chips) 
Seat 3: yzuk ($264.86 in chips) 
Seat 4: michasia ($100.50 in chips) 
Seat 5: mattwut1 ($117.70 in chips) 
Seat 6: Tiago Klein BR ($100 in chips) 
michasia: posts small blind $0.50
mattwut1: posts big blind $1
*** HOLE CARDS ***
Tiago Klein BR: raises $1 to $2
sesiomp12: calls $2
Aescul@pius: folds 
yzuk: folds 
michasia: raises $8 to $10
mattwut1: folds 
Tiago Klein BR: calls $8
sesiomp12: calls $8
*** FLOP *** [7h 9s Ah]
michasia: bets $9.72
Tiago Klein BR: calls $9.72
sesiomp12: folds 
*** TURN *** [7h 9s Ah] [Kc]
michasia: bets $31.96
Tiago Klein BR: calls $31.96
*** RIVER *** [7h 9s Ah Kc] [3c]
michasia: bets $48.82 and is all-in
Tiago Klein BR: folds 
Uncalled bet ($48.82) returned to michasia
michasia collected $111.86 from pot
michasia: doesn't show hand 
*** SUMMARY ***
Total pot $114.36 | Rake $2.50 
Board [7h 9s Ah Kc 3c]
Seat 1: sesiomp12 folded on the Flop
Seat 2: Aescul@pius folded before Flop (didn't bet)
Seat 3: yzuk (button) folded before Flop (didn't bet)
Seat 4: michasia (small blind) collected ($111.86)
Seat 5: mattwut1 (big blind) folded before Flop
Seat 6: Tiago Klein BR folded on the River



PokerStars Hand #254335474396:  Hold'em No Limit ($0.50/$1.00 USD) - 2025/01/12 18:24:30 WET [2025/01/12 13:24:30 ET]
Table 'Clemence III' 6-max Seat #4 is the button
Seat 1: sesiomp12 ($20.04 in chips) 
Seat 2: Aescul@pius ($139.46 in chips) 
Seat 3: yzuk ($264.86 in chips) 
Seat 4: michasia ($160.68 in chips) 
Seat 5: mattwut1 ($116.70 in chips) 
Seat 6: Tiago Klein BR ($48.32 in chips) 
mattwut1: posts small blind $0.50
Tiago Klein BR: posts big blind $1
*** HOLE CARDS ***
sesiomp12: raises $1 to $2
Aescul@pius: folds 
yzuk: folds 
michasia: folds 
mattwut1: folds 
Tiago Klein BR: folds 
Uncalled bet ($1) returned to sesiomp12
sesiomp12 collected $2.50 from pot
sesiomp12: doesn't show hand 
*** SUMMARY ***
Total pot $2.50 | Rake $0 
Seat 1: sesiomp12 collected ($2.50)
Seat 2: Aescul@pius folded before Flop (didn't bet)
Seat 3: yzuk folded before Flop (didn't bet)
Seat 4: michasia (button) folded before Flop (didn't bet)
Seat 5: mattwut1 (small blind) folded before Flop
Seat 6: Tiago Klein BR (big blind) folded before Flop



PokerStars Hand #254335481349:  Hold'em No Limit ($0.50/$1.00 USD) - 2025/01/12 18:24:49 WET [2025/01/12 13:24:49 ET]
Table 'Clemence III' 6-max Seat #5 is the button
Seat 1: sesiomp12 ($21.54 in chips) 
Seat 2: Aescul@pius ($139.46 in chips) 
Seat 3: yzuk ($264.86 in chips) 
Seat 4: michasia ($160.68 in chips) 
Seat 5: mattwut1 ($116.20 in chips) 
Seat 6: Tiago Klein BR ($98.54 in chips) 
Tiago Klein BR: posts small blind $0.50
sesiomp12: posts big blind $1
*** HOLE CARDS ***
Aescul@pius: folds 
yzuk: raises $1.50 to $2.50
Aescul@pius leaves the table
michasia: raises $5 to $7.50
mattwut1: folds 
Tiago Klein BR: calls $7
Mr_Dick666 joins the table at seat #2 
sesiomp12: folds 
yzuk: folds 
*** FLOP *** [8s Tc Ah]
Tiago Klein BR: checks 
michasia: bets $5.80
Tiago Klein BR: calls $5.80
*** TURN *** [8s Tc Ah] [8c]
Tiago Klein BR: bets $14.30
michasia: folds 
Uncalled bet ($14.30) returned to Tiago Klein BR
Tiago Klein BR collected $28.60 from pot
Tiago Klein BR: doesn't show hand 
*** SUMMARY ***
Total pot $30.10 | Rake $1.50 
Board [8s Tc Ah 8c]
Seat 1: sesiomp12 (big blind) folded before Flop
Seat 2: Aescul@pius folded before Flop (didn't bet)
Seat 3: yzuk folded before Flop
Seat 4: michasia folded on the Turn
Seat 5: mattwut1 (button) folded before Flop (didn't bet)
Seat 6: Tiago Klein BR (small blind) collected ($28.60)



PokerStars Hand #254335499524:  Hold'em No Limit ($0.50/$1.00 USD) - 2025/01/12 18:25:40 WET [2025/01/12 13:25:40 ET]
Table 'Clemence III' 6-max Seat #6 is the button
Seat 1: sesiomp12 ($20.54 in chips) 
Seat 2: Mr_Dick666 ($105.19 in chips) 
Seat 3: yzuk ($262.36 in chips) 
Seat 4: michasia ($147.38 in chips) 
Seat 5: mattwut1 ($116.20 in chips) 
Seat 6: Tiago Klein BR ($113.84 in chips) 
sesiomp12: posts small blind $0.50
Mr_Dick666: posts big blind $1
*** HOLE CARDS ***
yzuk: folds 
michasia: folds 
mattwut1: folds 
Tiago Klein BR: folds 
sesiomp12: folds 
Uncalled bet ($0.50) returned to Mr_Dick666
Mr_Dick666 collected $1 from pot
Mr_Dick666: doesn't show hand 
*** SUMMARY ***
Total pot $1 | Rake $0 
Seat 1: sesiomp12 (small blind) folded before Flop
Seat 2: Mr_Dick666 (big blind) collected ($1)
Seat 3: yzuk folded before Flop (didn't bet)
Seat 4: michasia folded before Flop (didn't bet)
Seat 5: mattwut1 folded before Flop (didn't bet)
Seat 6: Tiago Klein BR (button) folded before Flop (didn't bet)



PokerStars Hand #254335503049:  Hold'em No Limit ($0.50/$1.00 USD) - 2025/01/12 18:25:50 WET [2025/01/12 13:25:50 ET]
Table 'Clemence III' 6-max Seat #1 is the button
Seat 1: sesiomp12 ($20.04 in chips) 
Seat 2: Mr_Dick666 ($105.69 in chips) 
Seat 3: yzuk ($262.36 in chips) 
Seat 4: michasia ($147.38 in chips) 
Seat 5: mattwut1 ($116.20 in chips) 
Seat 6: Tiago Klein BR ($113.84 in chips) 
Mr_Dick666: posts small blind $0.50
yzuk: posts big blind $1
*** HOLE CARDS ***
michasia: folds 
mattwut1: folds 
Tiago Klein BR: folds 
sesiomp12: folds 
Mr_Dick666: folds 
Uncalled bet ($0.50) returned to yzuk
yzuk collected $1 from pot
yzuk: doesn't show hand 
*** SUMMARY ***
Total pot $1 | Rake $0 
Seat 1: sesiomp12 (button) folded before Flop (didn't bet)
Seat 2: Mr_Dick666 (small blind) folded before Flop
Seat 3: yzuk (big blind) collected ($1)
Seat 4: michasia folded before Flop (didn't bet)
Seat 5: mattwut1 folded before Flop (didn't bet)
Seat 6: Tiago Klein BR folded before Flop (didn't bet)



PokerStars Hand #254335506894:  Hold'em No Limit ($0.50/$1.00 USD) - 2025/01/12 18:26:00 WET [2025/01/12 13:26:00 ET]
Table 'Clemence III' 6-max Seat #2 is the button
Seat 1: sesiomp12 ($20.04 in chips) 
Seat 2: Mr_Dick666 ($105.19 in chips) 
Seat 3: yzuk ($262.86 in chips) 
Seat 4: michasia ($147.38 in chips) 
Seat 5: mattwut1 ($116.20 in chips) 
Seat 6: Tiago Klein BR ($113.84 in chips) 
yzuk: posts small blind $0.50
michasia: posts big blind $1
*** HOLE CARDS ***
mattwut1: folds 
Tiago Klein BR: raises $1.50 to $2.50
sesiomp12: calls $2.50
Mr_Dick666: folds 
yzuk: raises $10 to $12.50
michasia: folds 
Tiago Klein BR: calls $10
sesiomp12: folds 
*** FLOP *** [Ts 9h Ad]
yzuk: bets $13.81
Tiago Klein BR: calls $13.81
*** TURN *** [Ts 9h Ad] [As]
yzuk: bets $18.23
Tiago Klein BR: raises $69.30 to $87.53 and is all-in
yzuk: calls $69.30
*** RIVER *** [Ts 9h Ad As] [4d]
*** SHOW DOWN ***
yzuk: shows [Ac Kh] (three of a kind, Aces)
Tiago Klein BR: shows [Tc Js] (two pair, Aces and Tens)
yzuk collected $228.68 from pot
*** SUMMARY ***
Total pot $231.18 | Rake $2.50 
Board [Ts 9h Ad As 4d]
Seat 1: sesiomp12 folded before Flop
Seat 2: Mr_Dick666 (button) folded before Flop (didn't bet)
Seat 3: yzuk (small blind) showed [Ac Kh] and won ($228.68) with three of a kind, Aces
Seat 4: michasia (big blind) folded before Flop
Seat 5: mattwut1 folded before Flop (didn't bet)
Seat 6: Tiago Klein BR showed [Tc Js] and lost with two pair, Aces and Tens



PokerStars Hand #254335537060:  Hold'em No Limit ($0.50/$1.00 USD) - 2025/01/12 18:27:25 WET [2025/01/12 13:27:25 ET]
Table 'Clemence III' 6-max Seat #3 is the button
Seat 6: Tiago Klein BR ($0 in chips) is sitting out
Seat 1: sesiomp12 ($17.54 in chips) 
Seat 2: Mr_Dick666 ($105.19 in chips) 
Seat 3: yzuk ($377.70 in chips) 
Seat 4: michasia ($146.38 in chips) 
Seat 5: mattwut1 ($116.20 in chips) 
michasia: posts small blind $0.50
mattwut1: posts big blind $1
*** HOLE CARDS ***
sesiomp12: folds 
Tiago Klein BR leaves the table
Mr_Dick666: folds 
yzuk: raises $1.50 to $2.50
MaRKiToScoK joins the table at seat #6 
michasia: folds 
mattwut1: folds 
Uncalled bet ($1.50) returned to yzuk
yzuk collected $2.50 from pot
yzuk: doesn't show hand 
*** SUMMARY ***
Total pot $2.50 | Rake $0 
Seat 6: Tiago Klein BR
Seat 1: sesiomp12 folded before Flop (didn't bet)
Seat 2: Mr_Dick666 folded before Flop (didn't bet)
Seat 3: yzuk (button) collected ($2.50)
Seat 4: michasia (small blind) folded before Flop
Seat 5: mattwut1 (big blind) folded before Flop



PokerStars Hand #254335550260:  Hold'em No Limit ($0.50/$1.00 USD) - 2025/01/12 18:28:02 WET [2025/01/12 13:28:02 ET]
Table 'Clemence III' 6-max Seat #4 is the button
Seat 1: sesiomp12 ($17.54 in chips) 
Seat 2: Mr_Dick666 ($105.19 in chips) 
Seat 3: yzuk ($379.20 in chips) 
Seat 4: michasia ($145.88 in chips) 
Seat 5: mattwut1 ($115.20 in chips) 
Seat 6: MaRKiToScoK ($100 in chips) 
mattwut1: posts small blind $0.50
MaRKiToScoK: posts big blind $1
*** HOLE CARDS ***
sesiomp12: calls $1
Mr_Dick666: folds 
yzuk: folds 
michasia: folds 
mattwut1: folds 
MaRKiToScoK: checks 
*** FLOP *** [Kh 8c Kc]
MaRKiToScoK: checks 
sesiomp12: checks 
*** TURN *** [Kh 8c Kc] [Kd]
MaRKiToScoK: checks 
sesiomp12: bets $1.19
MaRKiToScoK: folds 
Uncalled bet ($1.19) returned to sesiomp12
sesiomp12 collected $2.38 from pot
sesiomp12: doesn't show hand 
*** SUMMARY ***
Total pot $2.50 | Rake $0.12 
Board [Kh 8c Kc Kd]
Seat 1: sesiomp12 collected ($2.38)
Seat 2: Mr_Dick666 folded before Flop (didn't bet)
Seat 3: yzuk folded before Flop (didn't bet)
Seat 4: michasia (button) folded before Flop (didn't bet)
Seat 5: mattwut1 (small blind) folded before Flop
Seat 6: MaRKiToScoK (big blind) folded on the Turn



PokerStars Hand #254335564335:  Hold'em No Limit ($0.50/$1.00 USD) - 2025/01/12 18:28:43 WET [2025/01/12 13:28:43 ET]
Table 'Clemence III' 6-max Seat #5 is the button
Seat 1: sesiomp12 ($18.92 in chips) 
Seat 2: Mr_Dick666 ($105.19 in chips) 
Seat 3: yzuk ($379.20 in chips) 
Seat 4: michasia ($145.88 in chips) 
Seat 5: mattwut1 ($114.70 in chips) 
Seat 6: MaRKiToScoK ($100 in chips) 
MaRKiToScoK: posts small blind $0.50
sesiomp12: posts big blind $1
*** HOLE CARDS ***
Mr_Dick666: folds 
yzuk: folds 
michasia: raises $1.80 to $2.80
mattwut1: folds 
MaRKiToScoK: folds 
sesiomp12: folds 
Uncalled bet ($1.80) returned to michasia
michasia collected $2.50 from pot
michasia: doesn't show hand 
*** SUMMARY ***
Total pot $2.50 | Rake $0 
Seat 1: sesiomp12 (big blind) folded before Flop
Seat 2: Mr_Dick666 folded before Flop (didn't bet)
Seat 3: yzuk folded before Flop (didn't bet)
Seat 4: michasia collected ($2.50)
Seat 5: mattwut1 (button) folded before Flop (didn't bet)
Seat 6: MaRKiToScoK (small blind) folded before Flop



PokerStars Hand #254335571015:  Hold'em No Limit ($0.50/$1.00 USD) - 2025/01/12 18:29:02 WET [2025/01/12 13:29:02 ET]
Table 'Clemence III' 6-max Seat #6 is the button
Seat 1: sesiomp12 ($17.92 in chips) 
Seat 2: Mr_Dick666 ($105.19 in chips) 
Seat 3: yzuk ($379.20 in chips) 
Seat 4: michasia ($147.38 in chips) 
Seat 5: mattwut1 ($114.70 in chips) 
Seat 6: MaRKiToScoK ($100 in chips) 
sesiomp12: posts small blind $0.50
Mr_Dick666: posts big blind $1
*** HOLE CARDS ***
yzuk: folds 
michasia: raises $1.60 to $2.60
mattwut1: folds 
MaRKiToScoK: folds 
sesiomp12: folds 
Mr_Dick666: calls $1.60
*** FLOP *** [3c 8h 5c]
Mr_Dick666: bets $1.79
michasia: folds 
Uncalled bet ($1.79) returned to Mr_Dick666
Mr_Dick666 collected $5.42 from pot
Mr_Dick666: doesn't show hand 
*** SUMMARY ***
Total pot $5.70 | Rake $0.28 
Board [3c 8h 5c]
Seat 1: sesiomp12 (small blind) folded before Flop
Seat 2: Mr_Dick666 (big blind) collected ($5.42)
Seat 3: yzuk folded before Flop (didn't bet)
Seat 4: michasia folded on the Flop
Seat 5: mattwut1 folded before Flop (didn't bet)
Seat 6: MaRKiToScoK (button) folded before Flop (didn't bet)



PokerStars Hand #254335580899:  Hold'em No Limit ($0.50/$1.00 USD) - 2025/01/12 18:29:31 WET [2025/01/12 13:29:31 ET]
Table 'Clemence III' 6-max Seat #1 is the button
Seat 3: yzuk ($379.20 in chips) is sitting out
Seat 1: sesiomp12 ($17.42 in chips) 
Seat 2: Mr_Dick666 ($108.01 in chips) 
Seat 4: michasia ($144.78 in chips) 
Seat 5: mattwut1 ($114.70 in chips) 
Seat 6: MaRKiToScoK ($100 in chips) 
Mr_Dick666: posts small blind $0.50
yzuk: is sitting out 
yzuk leaves the table
michasia: posts big blind $1
*** HOLE CARDS ***
mattwut1: folds 
MaRKiToScoK: folds 
sesiomp12: raises $2 to $3
Mr_Dick666: folds 
michasia: folds 
Uncalled bet ($2) returned to sesiomp12
sesiomp12 collected $2.50 from pot
sesiomp12: doesn't show hand 
*** SUMMARY ***
Total pot $2.50 | Rake $0 
Seat 3: yzuk
Seat 1: sesiomp12 (button) collected ($2.50)
Seat 2: Mr_Dick666 (small blind) folded before Flop
Seat 4: michasia (big blind) folded before Flop
Seat 5: mattwut1 folded before Flop (didn't bet)
Seat 6: MaRKiToScoK folded before Flop (didn't bet)



PokerStars Hand #254335588858:  Hold'em No Limit ($0.50/$1.00 USD) - 2025/01/12 18:29:53 WET [2025/01/12 13:29:53 ET]
Table 'Clemence III' 6-max Seat #2 is the button
Seat 1: sesiomp12 ($18.92 in chips) 
Seat 2: Mr_Dick666 ($107.51 in chips) 
Seat 4: michasia ($143.78 in chips) 
Seat 5: mattwut1 ($114.70 in chips) 
Seat 6: MaRKiToScoK ($100 in chips) 
michasia: posts small blind $0.50
mattwut1: posts big blind $1
*** HOLE CARDS ***
aamaandaa92 joins the table at seat #3 
MaRKiToScoK: folds 
sesiomp12: raises $2 to $3
Mr_Dick666: folds 
michasia: folds 
mattwut1: folds 
Uncalled bet ($2) returned to sesiomp12
sesiomp12 collected $2.50 from pot
sesiomp12: doesn't show hand 
*** SUMMARY ***
Total pot $2.50 | Rake $0 
Seat 1: sesiomp12 collected ($2.50)
Seat 2: Mr_Dick666 (button) folded before Flop (didn't bet)
Seat 4: michasia (small blind) folded before Flop
Seat 5: mattwut1 (big blind) folded before Flop
Seat 6: MaRKiToScoK folded before Flop (didn't bet)



PokerStars Hand #254335597753:  Hold'em No Limit ($0.50/$1.00 USD) - 2025/01/12 18:30:16 WET [2025/01/12 13:30:16 ET]
Table 'Clemence III' 6-max Seat #4 is the button
Seat 3: aamaandaa92 ($40 in chips) is sitting out
Seat 1: sesiomp12 ($20.42 in chips) 
Seat 2: Mr_Dick666 ($107.51 in chips) 
Seat 4: michasia ($143.28 in chips) 
Seat 5: mattwut1 ($113.70 in chips) 
Seat 6: MaRKiToScoK ($100 in chips) 
mattwut1: posts small blind $0.50
MaRKiToScoK: posts big blind $1
aamaandaa92: sits out 
*** HOLE CARDS ***
sesiomp12: folds 
Mr_Dick666: folds 
michasia: raises $1.80 to $2.80
mattwut1: folds 
MaRKiToScoK: folds 
Uncalled bet ($1.80) returned to michasia
michasia collected $2.50 from pot
michasia: doesn't show hand 
*** SUMMARY ***
Total pot $2.50 | Rake $0 
Seat 3: aamaandaa92
Seat 1: sesiomp12 folded before Flop (didn't bet)
Seat 2: Mr_Dick666 folded before Flop (didn't bet)
Seat 4: michasia (button) collected ($2.50)
Seat 5: mattwut1 (small blind) folded before Flop
Seat 6: MaRKiToScoK (big blind) folded before Flop



PokerStars Hand #254335604880:  Hold'em No Limit ($0.50/$1.00 USD) - 2025/01/12 18:30:35 WET [2025/01/12 13:30:35 ET]
Table 'Clemence III' 6-max Seat #5 is the button
Seat 3: aamaandaa92 ($40 in chips) is sitting out
Seat 1: sesiomp12 ($20.42 in chips) 
Seat 2: Mr_Dick666 ($107.51 in chips) 
Seat 4: michasia ($144.78 in chips) 
Seat 5: mattwut1 ($113.20 in chips) 
Seat 6: MaRKiToScoK ($100 in chips) 
MaRKiToScoK: posts small blind $0.50
sesiomp12: posts big blind $1
aamaandaa92: sits out 
*** HOLE CARDS ***
Mr_Dick666: folds 
michasia: folds 
mattwut1: raises $1.20 to $2.20
MaRKiToScoK: folds 
sesiomp12: folds 
Uncalled bet ($1.20) returned to mattwut1
mattwut1 collected $2.50 from pot
mattwut1: doesn't show hand 
*** SUMMARY ***
Total pot $2.50 | Rake $0 
Seat 3: aamaandaa92
Seat 1: sesiomp12 (big blind) folded before Flop
Seat 2: Mr_Dick666 folded before Flop (didn't bet)
Seat 4: michasia folded before Flop (didn't bet)
Seat 5: mattwut1 (button) collected ($2.50)
Seat 6: MaRKiToScoK (small blind) folded before Flop



PokerStars Hand #254335611435:  Hold'em No Limit ($0.50/$1.00 USD) - 2025/01/12 18:30:53 WET [2025/01/12 13:30:53 ET]
Table 'Clemence III' 6-max Seat #6 is the button
Seat 3: aamaandaa92 ($40 in chips) is sitting out
Seat 1: sesiomp12 ($19.42 in chips) 
Seat 2: Mr_Dick666 ($107.51 in chips) 
Seat 4: michasia ($144.78 in chips) 
Seat 5: mattwut1 ($114.70 in chips) 
Seat 6: MaRKiToScoK ($100 in chips) 
sesiomp12: posts small blind $0.50
Mr_Dick666: posts big blind $1
aamaandaa92: sits out 
*** HOLE CARDS ***
michasia: folds 
mattwut1: raises $1.20 to $2.20
MaRKiToScoK: folds 
sesiomp12: calls $1.70
Mr_Dick666: folds 
*** FLOP *** [6h Qh 8c]
sesiomp12: bets $3.57
mattwut1: folds 
Uncalled bet ($3.57) returned to sesiomp12
sesiomp12 collected $5.13 from pot
sesiomp12: doesn't show hand 
*** SUMMARY ***
Total pot $5.40 | Rake $0.27 
Board [6h Qh 8c]
Seat 3: aamaandaa92
Seat 1: sesiomp12 (small blind) collected ($5.13)
Seat 2: Mr_Dick666 (big blind) folded before Flop
Seat 4: michasia folded before Flop (didn't bet)
Seat 5: mattwut1 folded on the Flop
Seat 6: MaRKiToScoK (button) folded before Flop (didn't bet)



PokerStars Hand #254335626015:  Hold'em No Limit ($0.50/$1.00 USD) - 2025/01/12 18:31:33 WET [2025/01/12 13:31:33 ET]
Table 'Clemence III' 6-max Seat #1 is the button
Seat 1: sesiomp12 ($22.35 in chips) 
Seat 2: Mr_Dick666 ($106.51 in chips) 
Seat 3: aamaandaa92 ($40 in chips) 
Seat 4: michasia ($144.78 in chips) 
Seat 5: mattwut1 ($112.50 in chips) 
Seat 6: MaRKiToScoK ($100 in chips) 
Mr_Dick666: posts small blind $0.50
aamaandaa92: posts big blind $1
*** HOLE CARDS ***
michasia: folds 
mattwut1: folds 
MaRKiToScoK: folds 
sesiomp12: raises $1 to $2
Mr_Dick666: calls $1.50
aamaandaa92: calls $1
*** FLOP *** [7h Tc Td]
Mr_Dick666: checks 
aamaandaa92: checks 
sesiomp12: checks 
*** TURN *** [7h Tc Td] [3s]
Mr_Dick666: bets $1.88
aamaandaa92: folds 
sesiomp12: calls $1.88
*** RIVER *** [7h Tc Td 3s] [Jd]
Mr_Dick666: checks 
sesiomp12: bets $4
Mr_Dick666: calls $4
*** SHOW DOWN ***
sesiomp12: shows [8h As] (a pair of Tens)
Mr_Dick666: shows [5d 5h] (two pair, Tens and Fives)
Mr_Dick666 collected $16.87 from pot
*** SUMMARY ***
Total pot $17.76 | Rake $0.89 
Board [7h Tc Td 3s Jd]
Seat 1: sesiomp12 (button) showed [8h As] and lost with a pair of Tens
Seat 2: Mr_Dick666 (small blind) showed [5d 5h] and won ($16.87) with two pair, Tens and Fives
Seat 3: aamaandaa92 (big blind) folded on the Turn
Seat 4: michasia folded before Flop (didn't bet)
Seat 5: mattwut1 folded before Flop (didn't bet)
Seat 6: MaRKiToScoK folded before Flop (didn't bet)



PokerStars Hand #254335646655:  Hold'em No Limit ($0.50/$1.00 USD) - 2025/01/12 18:32:28 WET [2025/01/12 13:32:28 ET]
Table 'Clemence III' 6-max Seat #2 is the button
Seat 1: sesiomp12 ($14.47 in chips) 
Seat 2: Mr_Dick666 ($115.50 in chips) 
Seat 3: aamaandaa92 ($38 in chips) 
Seat 4: michasia ($144.78 in chips) 
Seat 5: mattwut1 ($112.50 in chips) 
Seat 6: MaRKiToScoK ($100 in chips) 
aamaandaa92: posts small blind $0.50
michasia: posts big blind $1
*** HOLE CARDS ***
mattwut1: folds 
MaRKiToScoK: raises $1.07 to $2.07
sesiomp12: calls $2.07
Mr_Dick666: folds 
aamaandaa92: folds 
michasia: folds 
*** FLOP *** [Ac 3h 9h]
MaRKiToScoK: checks 
sesiomp12: bets $2.68
MaRKiToScoK: folds 
Uncalled bet ($2.68) returned to sesiomp12
sesiomp12 collected $5.36 from pot
sesiomp12: doesn't show hand 
*** SUMMARY ***
Total pot $5.64 | Rake $0.28 
Board [Ac 3h 9h]
Seat 1: sesiomp12 collected ($5.36)
Seat 2: Mr_Dick666 (button) folded before Flop (didn't bet)
Seat 3: aamaandaa92 (small blind) folded before Flop
Seat 4: michasia (big blind) folded before Flop
Seat 5: mattwut1 folded before Flop (didn't bet)
Seat 6: MaRKiToScoK folded on the Flop



PokerStars Hand #254335661661:  Hold'em No Limit ($0.50/$1.00 USD) - 2025/01/12 18:33:09 WET [2025/01/12 13:33:09 ET]
Table 'Clemence III' 6-max Seat #3 is the button
Seat 1: sesiomp12 ($17.76 in chips) 
Seat 2: Mr_Dick666 ($115.50 in chips) 
Seat 3: aamaandaa92 ($37.50 in chips) 
Seat 4: michasia ($143.78 in chips) 
Seat 5: mattwut1 ($112.50 in chips) 
Seat 6: MaRKiToScoK ($100 in chips) 
michasia: posts small blind $0.50
mattwut1: posts big blind $1
*** HOLE CARDS ***
MaRKiToScoK: folds 
sesiomp12: folds 
Mr_Dick666: raises $1.50 to $2.50
aamaandaa92: folds 
michasia: folds 
mattwut1: calls $1.50
*** FLOP *** [8c Jc 2s]
mattwut1: checks 
Mr_Dick666: bets $1.72
mattwut1: calls $1.72
*** TURN *** [8c Jc 2s] [Kd]
mattwut1: checks 
Mr_Dick666: bets $6.37
mattwut1: folds 
Uncalled bet ($6.37) returned to Mr_Dick666
Mr_Dick666 collected $8.49 from pot
Mr_Dick666: doesn't show hand 
*** SUMMARY ***
Total pot $8.94 | Rake $0.45 
Board [8c Jc 2s Kd]
Seat 1: sesiomp12 folded before Flop (didn't bet)
Seat 2: Mr_Dick666 collected ($8.49)
Seat 3: aamaandaa92 (button) folded before Flop (didn't bet)
Seat 4: michasia (small blind) folded before Flop
Seat 5: mattwut1 (big blind) folded on the Turn
Seat 6: MaRKiToScoK folded before Flop (didn't bet)



PokerStars Hand #254335692732:  Hold'em No Limit ($0.50/$1.00 USD) - 2025/01/12 18:34:33 WET [2025/01/12 13:34:33 ET]
Table 'Clemence III' 6-max Seat #4 is the button
Seat 1: sesiomp12 ($17.76 in chips) 
Seat 2: Mr_Dick666 ($119.77 in chips) 
Seat 3: aamaandaa92 ($37.50 in chips) 
Seat 4: michasia ($143.28 in chips) 
Seat 5: mattwut1 ($108.28 in chips) 
Seat 6: MaRKiToScoK ($100 in chips) 
mattwut1: posts small blind $0.50
MaRKiToScoK: posts big blind $1
*** HOLE CARDS ***
sesiomp12: folds 
Mr_Dick666: folds 
aamaandaa92: folds 
michasia: raises $1.80 to $2.80
mattwut1: folds 
MaRKiToScoK: folds 
Uncalled bet ($1.80) returned to michasia
michasia collected $2.50 from pot
michasia: doesn't show hand 
*** SUMMARY ***
Total pot $2.50 | Rake $0 
Seat 1: sesiomp12 folded before Flop (didn't bet)
Seat 2: Mr_Dick666 folded before Flop (didn't bet)
Seat 3: aamaandaa92 folded before Flop (didn't bet)
Seat 4: michasia (button) collected ($2.50)
Seat 5: mattwut1 (small blind) folded before Flop
Seat 6: MaRKiToScoK (big blind) folded before Flop



PokerStars Hand #254335701657:  Hold'em No Limit ($0.50/$1.00 USD) - 2025/01/12 18:34:57 WET [2025/01/12 13:34:57 ET]
Table 'Clemence III' 6-max Seat #5 is the button
Seat 1: sesiomp12 ($17.76 in chips) 
Seat 2: Mr_Dick666 ($119.77 in chips) 
Seat 3: aamaandaa92 ($37.50 in chips) 
Seat 4: michasia ($144.78 in chips) 
Seat 5: mattwut1 ($107.78 in chips) 
Seat 6: MaRKiToScoK ($100 in chips) 
MaRKiToScoK: posts small blind $0.50
sesiomp12: posts big blind $1
*** HOLE CARDS ***
Mr_Dick666: folds 
aamaandaa92: folds 
michasia: folds 
mattwut1: folds 
MaRKiToScoK: raises $1.77 to $2.77
sesiomp12: calls $1.77
*** FLOP *** [8c As Qc]
MaRKiToScoK: checks 
sesiomp12: checks 
*** TURN *** [8c As Qc] [Jc]
MaRKiToScoK: checks 
sesiomp12: bets $2
MaRKiToScoK: calls $2
*** RIVER *** [8c As Qc Jc] [3c]
MaRKiToScoK: checks 
sesiomp12: checks 
*** SHOW DOWN ***
MaRKiToScoK: shows [6h 6c] (a flush, Queen high)
sesiomp12: shows [9c 8s] (a flush, Queen high - Nine higher)
sesiomp12 collected $9.06 from pot
*** SUMMARY ***
Total pot $9.54 | Rake $0.48 
Board [8c As Qc Jc 3c]
Seat 1: sesiomp12 (big blind) showed [9c 8s] and won ($9.06) with a flush, Queen high
Seat 2: Mr_Dick666 folded before Flop (didn't bet)
Seat 3: aamaandaa92 folded before Flop (didn't bet)
Seat 4: michasia folded before Flop (didn't bet)
Seat 5: mattwut1 (button) folded before Flop (didn't bet)
Seat 6: MaRKiToScoK (small blind) showed [6h 6c] and lost with a flush, Queen high



PokerStars Hand #254335722445:  Hold'em No Limit ($0.50/$1.00 USD) - 2025/01/12 18:35:53 WET [2025/01/12 13:35:53 ET]
Table 'Clemence III' 6-max Seat #6 is the button
Seat 1: sesiomp12 ($22.05 in chips) 
Seat 2: Mr_Dick666 ($119.77 in chips) 
Seat 3: aamaandaa92 ($37.50 in chips) 
Seat 4: michasia ($144.78 in chips) 
Seat 5: mattwut1 ($107.78 in chips) 
Seat 6: MaRKiToScoK ($100 in chips) 
sesiomp12: posts small blind $0.50
Mr_Dick666: posts big blind $1
*** HOLE CARDS ***
aamaandaa92: folds 
michasia: folds 
mattwut1: folds 
MaRKiToScoK: folds 
sesiomp12: raises $1 to $2
Mr_Dick666: folds 
Uncalled bet ($1) returned to sesiomp12
sesiomp12 collected $2 from pot
sesiomp12: doesn't show hand 
*** SUMMARY ***
Total pot $2 | Rake $0 
Seat 1: sesiomp12 (small blind) collected ($2)
Seat 2: Mr_Dick666 (big blind) folded before Flop
Seat 3: aamaandaa92 folded before Flop (didn't bet)
Seat 4: michasia folded before Flop (didn't bet)
Seat 5: mattwut1 folded before Flop (didn't bet)
Seat 6: MaRKiToScoK (button) folded before Flop (didn't bet)



PokerStars Hand #254335729337:  Hold'em No Limit ($0.50/$1.00 USD) - 2025/01/12 18:36:12 WET [2025/01/12 13:36:12 ET]
Table 'Clemence III' 6-max Seat #1 is the button
Seat 1: sesiomp12 ($23.05 in chips) 
Seat 2: Mr_Dick666 ($118.77 in chips) 
Seat 3: aamaandaa92 ($37.50 in chips) 
Seat 4: michasia ($144.78 in chips) 
Seat 5: mattwut1 ($107.78 in chips) 
Seat 6: MaRKiToScoK ($100 in chips) 
Mr_Dick666: posts small blind $0.50
aamaandaa92: posts big blind $1
*** HOLE CARDS ***
michasia: folds 
mattwut1: folds 
MaRKiToScoK: folds 
sesiomp12: folds 
Mr_Dick666: raises $1.50 to $2.50
aamaandaa92: calls $1.50
*** FLOP *** [Td 8d 5c]
Mr_Dick666: checks 
aamaandaa92: checks 
*** TURN *** [Td 8d 5c] [Kd]
Mr_Dick666: checks 
aamaandaa92: checks 
*** RIVER *** [Td 8d 5c Kd] [6s]
Mr_Dick666: checks 
aamaandaa92: checks 
*** SHOW DOWN ***
Mr_Dick666: shows [8c Ah] (a pair of Eights)
aamaandaa92: mucks hand 
Mr_Dick666 collected $4.75 from pot
*** SUMMARY ***
Total pot $5 | Rake $0.25 
Board [Td 8d 5c Kd 6s]
Seat 1: sesiomp12 (button) folded before Flop (didn't bet)
Seat 2: Mr_Dick666 (small blind) showed [8c Ah] and won ($4.75) with a pair of Eights
Seat 3: aamaandaa92 (big blind) mucked
Seat 4: michasia folded before Flop (didn't bet)
Seat 5: mattwut1 folded before Flop (didn't bet)
Seat 6: MaRKiToScoK folded before Flop (didn't bet)



PokerStars Hand #254335745403:  Hold'em No Limit ($0.50/$1.00 USD) - 2025/01/12 18:36:55 WET [2025/01/12 13:36:55 ET]
Table 'Clemence III' 6-max Seat #2 is the button
Seat 1: sesiomp12 ($23.05 in chips) 
Seat 2: Mr_Dick666 ($121.02 in chips) 
Seat 3: aamaandaa92 ($35 in chips) 
Seat 4: michasia ($144.78 in chips) 
Seat 5: mattwut1 ($107.78 in chips) 
Seat 6: MaRKiToScoK ($100 in chips) 
aamaandaa92: posts small blind $0.50
michasia: posts big blind $1
*** HOLE CARDS ***
mattwut1: folds 
MaRKiToScoK: folds 
sesiomp12: calls $1
Mr_Dick666: raises $3 to $4
aamaandaa92: folds 
michasia: folds 
sesiomp12: calls $3
*** FLOP *** [Qc Jc 9d]
sesiomp12: checks 
Mr_Dick666: bets $6.50
sesiomp12: calls $6.50
*** TURN *** [Qc Jc 9d] [3d]
sesiomp12: checks 
Mr_Dick666: bets $16.04
sesiomp12: calls $12.55 and is all-in
Uncalled bet ($3.49) returned to Mr_Dick666
*** RIVER *** [Qc Jc 9d 3d] [3h]
*** SHOW DOWN ***
sesiomp12: shows [8d Ac] (a pair of Threes)
Mr_Dick666: shows [Kd Tc] (a straight, Nine to King)
Mr_Dick666 collected $45.22 from pot
*** SUMMARY ***
Total pot $47.60 | Rake $2.38 
Board [Qc Jc 9d 3d 3h]
Seat 1: sesiomp12 showed [8d Ac] and lost with a pair of Threes
Seat 2: Mr_Dick666 (button) showed [Kd Tc] and won ($45.22) with a straight, Nine to King
Seat 3: aamaandaa92 (small blind) folded before Flop
Seat 4: michasia (big blind) folded before Flop
Seat 5: mattwut1 folded before Flop (didn't bet)
Seat 6: MaRKiToScoK folded before Flop (didn't bet)



PokerStars Hand #254335766107:  Hold'em No Limit ($0.50/$1.00 USD) - 2025/01/12 18:37:51 WET [2025/01/12 13:37:51 ET]
Table 'Clemence III' 6-max Seat #3 is the button
Seat 1: sesiomp12 ($0 in chips) is sitting out
Seat 2: Mr_Dick666 ($143.19 in chips) 
Seat 3: aamaandaa92 ($34.50 in chips) 
Seat 4: michasia ($143.78 in chips) 
Seat 5: mattwut1 ($107.78 in chips) 
Seat 6: MaRKiToScoK ($100 in chips) 
michasia: posts small blind $0.50
mattwut1: posts big blind $1
*** HOLE CARDS ***
MaRKiToScoK: folds 
Mr_Dick666: folds 
sesiomp12 leaves the table
aamaandaa92: raises $2 to $3
michasia: folds 
mattwut1: calls $2
*** FLOP *** [7d 2h 9c]
mattwut1: checks 
aamaandaa92: checks 
*** TURN *** [7d 2h 9c] [Qh]
mattwut1: checks 
aamaandaa92: bets $4.70
mattwut1: folds 
Uncalled bet ($4.70) returned to aamaandaa92
aamaandaa92 collected $6.18 from pot
aamaandaa92: doesn't show hand 
*** SUMMARY ***
Total pot $6.50 | Rake $0.32 
Board [7d 2h 9c Qh]
Seat 1: sesiomp12
Seat 2: Mr_Dick666 folded before Flop (didn't bet)
Seat 3: aamaandaa92 (button) collected ($6.18)
Seat 4: michasia (small blind) folded before Flop
Seat 5: mattwut1 (big blind) folded on the Turn
Seat 6: MaRKiToScoK folded before Flop (didn't bet)



PokerStars Hand #254335776801:  Hold'em No Limit ($0.50/$1.00 USD) - 2025/01/12 18:38:20 WET [2025/01/12 13:38:20 ET]
Table 'Clemence III' 6-max Seat #4 is the button
Seat 2: Mr_Dick666 ($143.19 in chips) 
Seat 3: aamaandaa92 ($37.68 in chips) 
Seat 4: michasia ($143.28 in chips) 
Seat 5: mattwut1 ($104.78 in chips) 
Seat 6: MaRKiToScoK ($100 in chips) 
mattwut1: posts small blind $0.50
MaRKiToScoK: posts big blind $1
*** HOLE CARDS ***
Mr_Dick666: folds 
aamaandaa92: folds 
michasia: folds 
mattwut1: folds 
Uncalled bet ($0.50) returned to MaRKiToScoK
MaRKiToScoK collected $1 from pot
*** SUMMARY ***
Total pot $1 | Rake $0 
Seat 2: Mr_Dick666 folded before Flop (didn't bet)
Seat 3: aamaandaa92 folded before Flop (didn't bet)
Seat 4: michasia (button) folded before Flop (didn't bet)
Seat 5: mattwut1 (small blind) folded before Flop
Seat 6: MaRKiToScoK (big blind) collected ($1)



PokerStars Hand #254335779920:  Hold'em No Limit ($0.50/$1.00 USD) - 2025/01/12 18:38:28 WET [2025/01/12 13:38:28 ET]
Table 'Clemence III' 6-max Seat #5 is the button
Seat 2: Mr_Dick666 ($143.19 in chips) is sitting out
Seat 3: aamaandaa92 ($37.68 in chips) 
Seat 4: michasia ($143.28 in chips) 
Seat 5: mattwut1 ($104.28 in chips) 
Seat 6: MaRKiToScoK ($100.50 in chips) 
MaRKiToScoK: posts small blind $0.50
Mr_Dick666: is sitting out 
aamaandaa92: posts big blind $1
*** HOLE CARDS ***
michasia: folds 
Mr_Dick666 leaves the table
michasia leaves the table
mattwut1: raises $2 to $3
MaRKiToScoK: folds 
aamaandaa92: raises $34.68 to $37.68 and is all-in
mattwut1: folds 
Uncalled bet ($34.68) returned to aamaandaa92
aamaandaa92 collected $6.50 from pot
aamaandaa92: doesn't show hand 
*** SUMMARY ***
Total pot $6.50 | Rake $0 
Seat 2: Mr_Dick666
Seat 3: aamaandaa92 (big blind) collected ($6.50)
Seat 4: michasia folded before Flop (didn't bet)
Seat 5: mattwut1 (button) folded before Flop
Seat 6: MaRKiToScoK (small blind) folded before Flop



PokerStars Hand #254335794824:  Hold'em No Limit ($0.50/$1.00 USD) - 2025/01/12 18:39:08 WET [2025/01/12 13:39:08 ET]
Table 'Clemence III' 6-max Seat #6 is the button
Seat 3: aamaandaa92 ($41.18 in chips) 
Seat 5: mattwut1 ($101.28 in chips) 
Seat 6: MaRKiToScoK ($100 in chips) 
aamaandaa92: posts small blind $0.50
mattwut1: posts big blind $1
*** HOLE CARDS ***
MaRKiToScoK: raises $1.33 to $2.33
aamaandaa92: folds 
mattwut1: folds 
Uncalled bet ($1.33) returned to MaRKiToScoK
MaRKiToScoK collected $2.50 from pot
blistein joins the table at seat #2 
*** SUMMARY ***
Total pot $2.50 | Rake $0 
Seat 3: aamaandaa92 (small blind) folded before Flop
Seat 5: mattwut1 (big blind) folded before Flop
Seat 6: MaRKiToScoK (button) collected ($2.50)



PokerStars Hand #254335801818:  Hold'em No Limit ($0.50/$1.00 USD) - 2025/01/12 18:39:27 WET [2025/01/12 13:39:27 ET]
Table 'Clemence III' 6-max Seat #3 is the button
Seat 2: blistein ($100 in chips) is sitting out
Seat 3: aamaandaa92 ($40.68 in chips) 
Seat 5: mattwut1 ($100.28 in chips) 
Seat 6: MaRKiToScoK ($101.50 in chips) 
mattwut1: posts small blind $0.50
MaRKiToScoK: posts big blind $1
blistein: sits out 
*** HOLE CARDS ***
aamaandaa92: folds 
mattwut1: folds 
Uncalled bet ($0.50) returned to MaRKiToScoK
MaRKiToScoK collected $1 from pot
*** SUMMARY ***
Total pot $1 | Rake $0 
Seat 2: blistein
Seat 3: aamaandaa92 (button) folded before Flop (didn't bet)
Seat 5: mattwut1 (small blind) folded before Flop
Seat 6: MaRKiToScoK (big blind) collected ($1)



PokerStars Hand #254335805686:  Hold'em No Limit ($0.50/$1.00 USD) - 2025/01/12 18:39:38 WET [2025/01/12 13:39:38 ET]
Table 'Clemence III' 6-max Seat #5 is the button
Seat 2: blistein ($100 in chips) 
Seat 3: aamaandaa92 ($40.68 in chips) 
Seat 5: mattwut1 ($100 in chips) 
Seat 6: MaRKiToScoK ($102 in chips) 
MaRKiToScoK: posts small blind $0.50
blistein: posts big blind $1
*** HOLE CARDS ***
aamaandaa92: folds 
mattwut1: folds 
MaRKiToScoK: raises $1.77 to $2.77
blistein: folds 
Uncalled bet ($1.77) returned to MaRKiToScoK
MaRKiToScoK collected $2 from pot
*** SUMMARY ***
Total pot $2 | Rake $0 
Seat 2: blistein (big blind) folded before Flop
Seat 3: aamaandaa92 folded before Flop (didn't bet)
Seat 5: mattwut1 (button) folded before Flop (didn't bet)
Seat 6: MaRKiToScoK (small blind) collected ($2)



PokerStars Hand #254335814056:  Hold'em No Limit ($0.50/$1.00 USD) - 2025/01/12 18:40:00 WET [2025/01/12 13:40:00 ET]
Table 'Clemence III' 6-max Seat #6 is the button
Seat 3: aamaandaa92 ($40.68 in chips) is sitting out
Seat 2: blistein ($100 in chips) 
Seat 5: mattwut1 ($100 in chips) 
Seat 6: MaRKiToScoK ($103 in chips) 
blistein: posts small blind $0.50
aamaandaa92: is sitting out 
mattwut1: posts big blind $1
*** HOLE CARDS ***
MaRKiToScoK: folds 
blistein: folds 
Uncalled bet ($0.50) returned to mattwut1
mattwut1 collected $1 from pot
mattwut1: doesn't show hand 
MaRKiToScoK leaves the table
*** SUMMARY ***
Total pot $1 | Rake $0 
Seat 3: aamaandaa92
Seat 2: blistein (small blind) folded before Flop
Seat 5: mattwut1 (big blind) collected ($1)
Seat 6: MaRKiToScoK (button) folded before Flop (didn't bet)



PokerStars Hand #254335939154:  Hold'em No Limit ($0.50/$1.00 USD) - 2025/01/12 18:45:36 WET [2025/01/12 13:45:36 ET]
Table 'Clemence III' 6-max Seat #3 is the button
Seat 1: michasia ($143.28 in chips) is sitting out
Seat 3: 1.0OO.0OO$ ($100 in chips) 
Seat 5: mattwut1 ($100.50 in chips) 
1.0OO.0OO$: posts small blind $0.50
mattwut1: posts big blind $1
*** HOLE CARDS ***
1.0OO.0OO$: raises $1.50 to $2.50
mattwut1: folds 
Uncalled bet ($1.50) returned to 1.0OO.0OO$
1.0OO.0OO$ collected $2 from pot
1.0OO.0OO$: doesn't show hand 
*** SUMMARY ***
Total pot $2 | Rake $0 
Seat 1: michasia
Seat 3: 1.0OO.0OO$ (button) (small blind) collected ($2)
Seat 5: mattwut1 (big blind) folded before Flop



PokerStars Hand #254335947364:  Hold'em No Limit ($0.50/$1.00 USD) - 2025/01/12 18:45:59 WET [2025/01/12 13:45:59 ET]
Table 'Clemence III' 6-max Seat #5 is the button
Seat 1: michasia ($143.28 in chips) is sitting out
Seat 3: 1.0OO.0OO$ ($101 in chips) 
Seat 5: mattwut1 ($100 in chips) 
mattwut1: posts small blind $0.50
1.0OO.0OO$: posts big blind $1
*** HOLE CARDS ***
mattwut1: raises $1.20 to $2.20
worker0k joins the table at seat #4 
hope321 joins the table at seat #2 
hope321 is disconnected 
yzuk joins the table at seat #6 
1.0OO.0OO$: raises $8.30 to $10.50
mattwut1: calls $8.30
*** FLOP *** [Ts Ac Qs]
1.0OO.0OO$: bets $6.60
mattwut1: folds 
Uncalled bet ($6.60) returned to 1.0OO.0OO$
1.0OO.0OO$ collected $20 from pot
1.0OO.0OO$: doesn't show hand 
*** SUMMARY ***
Total pot $21 | Rake $1 
Board [Ts Ac Qs]
Seat 1: michasia
Seat 3: 1.0OO.0OO$ (big blind) collected ($20)
Seat 5: mattwut1 (button) (small blind) folded on the Flop



PokerStars Hand #254335957661:  Hold'em No Limit ($0.50/$1.00 USD) - 2025/01/12 18:46:27 WET [2025/01/12 13:46:27 ET]
Table 'Clemence III' 6-max Seat #3 is the button
Seat 1: michasia ($143.28 in chips) is sitting out
Seat 4: worker0k ($107.22 in chips) is sitting out
Seat 2: hope321 ($70.61 in chips) 
Seat 3: 1.0OO.0OO$ ($110.50 in chips) 
Seat 5: mattwut1 ($100 in chips) 
Seat 6: yzuk ($379.20 in chips) 
mattwut1: posts small blind $0.50
yzuk: posts big blind $1
hope321: posts big blind $1
*** HOLE CARDS ***
hope321: checks 
1.0OO.0OO$: raises $3 to $4
mattwut1: folds 
yzuk: folds 
hope321: calls $3
*** FLOP *** [Qc 7s 2d]
hope321: checks 
1.0OO.0OO$: bets $4.49
hope321: raises $10.49 to $14.98
1.0OO.0OO$: folds 
Uncalled bet ($10.49) returned to hope321
hope321 collected $17.56 from pot
*** SUMMARY ***
Total pot $18.48 | Rake $0.92 
Board [Qc 7s 2d]
Seat 1: michasia
Seat 4: worker0k
Seat 2: hope321 collected ($17.56)
Seat 3: 1.0OO.0OO$ (button) folded on the Flop
Seat 5: mattwut1 (small blind) folded before Flop
Seat 6: yzuk (big blind) folded before Flop



PokerStars Hand #254335972307:  Hold'em No Limit ($0.50/$1.00 USD) - 2025/01/12 18:47:06 WET [2025/01/12 13:47:06 ET]
Table 'Clemence III' 6-max Seat #5 is the button
Seat 1: michasia ($143.28 in chips) is sitting out
Seat 4: worker0k ($107.22 in chips) is sitting out
Seat 2: hope321 ($79.68 in chips) 
Seat 3: 1.0OO.0OO$ ($102.01 in chips) 
Seat 5: mattwut1 ($100 in chips) 
Seat 6: yzuk ($378.20 in chips) 
yzuk: posts small blind $0.50
hope321: posts big blind $1
worker0k: sits out 
*** HOLE CARDS ***
1.0OO.0OO$: folds 
mattwut1: folds 
yzuk: raises $2 to $3
hope321: folds 
Uncalled bet ($2) returned to yzuk
yzuk collected $2 from pot
yzuk: doesn't show hand 
*** SUMMARY ***
Total pot $2 | Rake $0 
Seat 1: michasia
Seat 4: worker0k
Seat 2: hope321 (big blind) folded before Flop
Seat 3: 1.0OO.0OO$ folded before Flop (didn't bet)
Seat 5: mattwut1 (button) folded before Flop (didn't bet)
Seat 6: yzuk (small blind) collected ($2)



PokerStars Hand #254335978033:  Hold'em No Limit ($0.50/$1.00 USD) - 2025/01/12 18:47:22 WET [2025/01/12 13:47:22 ET]
Table 'Clemence III' 6-max Seat #6 is the button
Seat 1: michasia ($143.28 in chips) is sitting out
Seat 4: worker0k ($107.22 in chips) is sitting out
Seat 2: hope321 ($78.68 in chips) 
Seat 3: 1.0OO.0OO$ ($102.01 in chips) 
Seat 5: mattwut1 ($100 in chips) 
Seat 6: yzuk ($379.20 in chips) 
hope321: posts small blind $0.50
1.0OO.0OO$: posts big blind $1
worker0k: sits out 
*** HOLE CARDS ***
mattwut1: folds 
yzuk: folds 
hope321: calls $0.50
1.0OO.0OO$: checks 
*** FLOP *** [Kh 6c 5d]
hope321: checks 
1.0OO.0OO$: checks 
*** TURN *** [Kh 6c 5d] [7h]
hope321: checks 
1.0OO.0OO$: bets $1
hope321: folds 
Uncalled bet ($1) returned to 1.0OO.0OO$
1.0OO.0OO$ collected $1.90 from pot
1.0OO.0OO$: doesn't show hand 
*** SUMMARY ***
Total pot $2 | Rake $0.10 
Board [Kh 6c 5d 7h]
Seat 1: michasia
Seat 4: worker0k
Seat 2: hope321 (small blind) folded on the Turn
Seat 3: 1.0OO.0OO$ (big blind) collected ($1.90)
Seat 5: mattwut1 folded before Flop (didn't bet)
Seat 6: yzuk (button) folded before Flop (didn't bet)



PokerStars Hand #254335990300:  Hold'em No Limit ($0.50/$1.00 USD) - 2025/01/12 18:47:55 WET [2025/01/12 13:47:55 ET]
Table 'Clemence III' 6-max Seat #2 is the button
Seat 1: michasia ($143.28 in chips) is sitting out
Seat 2: hope321 ($77.68 in chips) 
Seat 3: 1.0OO.0OO$ ($102.91 in chips) 
Seat 4: worker0k ($107.22 in chips) 
Seat 5: mattwut1 ($100 in chips) 
Seat 6: yzuk ($379.20 in chips) 
1.0OO.0OO$: posts small blind $0.50
worker0k: posts big blind $1
michasia: sits out 
*** HOLE CARDS ***
mattwut1: folds 
yzuk: folds 
hope321: raises $2 to $3
1.0OO.0OO$: folds 
worker0k: folds 
Uncalled bet ($2) returned to hope321
hope321 collected $2.50 from pot
*** SUMMARY ***
Total pot $2.50 | Rake $0 
Seat 1: michasia
Seat 2: hope321 (button) collected ($2.50)
Seat 3: 1.0OO.0OO$ (small blind) folded before Flop
Seat 4: worker0k (big blind) folded before Flop
Seat 5: mattwut1 folded before Flop (didn't bet)
Seat 6: yzuk folded before Flop (didn't bet)



PokerStars Hand #254335997477:  Hold'em No Limit ($0.50/$1.00 USD) - 2025/01/12 18:48:14 WET [2025/01/12 13:48:14 ET]
Table 'Clemence III' 6-max Seat #3 is the button
Seat 1: michasia ($143.28 in chips) is sitting out
Seat 2: hope321 ($79.18 in chips) 
Seat 3: 1.0OO.0OO$ ($102.41 in chips) 
Seat 4: worker0k ($106.22 in chips) 
Seat 5: mattwut1 ($100 in chips) 
Seat 6: yzuk ($379.20 in chips) 
worker0k: posts small blind $0.50
mattwut1: posts big blind $1
michasia: sits out 
*** HOLE CARDS ***
yzuk: folds 
hope321: calls $1
1.0OO.0OO$: folds 
worker0k: raises $2.50 to $3.50
mattwut1: folds 
hope321: calls $2.50
*** FLOP *** [7d 7h Ah]
worker0k: bets $2.51
hope321: folds 
Uncalled bet ($2.51) returned to worker0k
worker0k collected $7.60 from pot
*** SUMMARY ***
Total pot $8 | Rake $0.40 
Board [7d 7h Ah]
Seat 1: michasia
Seat 2: hope321 folded on the Flop
Seat 3: 1.0OO.0OO$ (button) folded before Flop (didn't bet)
Seat 4: worker0k (small blind) collected ($7.60)
Seat 5: mattwut1 (big blind) folded before Flop
Seat 6: yzuk folded before Flop (didn't bet)



PokerStars Hand #254336008191:  Hold'em No Limit ($0.50/$1.00 USD) - 2025/01/12 18:48:43 WET [2025/01/12 13:48:43 ET]
Table 'Clemence III' 6-max Seat #4 is the button
Seat 1: michasia ($143.28 in chips) is sitting out
Seat 2: hope321 ($75.68 in chips) 
Seat 3: 1.0OO.0OO$ ($102.41 in chips) 
Seat 4: worker0k ($110.32 in chips) 
Seat 5: mattwut1 ($100 in chips) 
Seat 6: yzuk ($379.20 in chips) 
mattwut1: posts small blind $0.50
yzuk: posts big blind $1
michasia: sits out 
*** HOLE CARDS ***
hope321: folds 
1.0OO.0OO$: raises $1.50 to $2.50
worker0k: folds 
mattwut1: folds 
yzuk: calls $1.50
*** FLOP *** [5h 5s 9d]
yzuk: checks 
1.0OO.0OO$: bets $1.72
yzuk: calls $1.72
*** TURN *** [5h 5s 9d] [2d]
yzuk: checks 
1.0OO.0OO$: bets $6.37
yzuk: calls $6.37
*** RIVER *** [5h 5s 9d 2d] [4c]
yzuk: checks 
1.0OO.0OO$: bets $15.45
yzuk: folds 
Uncalled bet ($15.45) returned to 1.0OO.0OO$
1.0OO.0OO$ collected $20.60 from pot
1.0OO.0OO$: doesn't show hand 
*** SUMMARY ***
Total pot $21.68 | Rake $1.08 
Board [5h 5s 9d 2d 4c]
Seat 1: michasia
Seat 2: hope321 folded before Flop (didn't bet)
Seat 3: 1.0OO.0OO$ collected ($20.60)
Seat 4: worker0k (button) folded before Flop (didn't bet)
Seat 5: mattwut1 (small blind) folded before Flop
Seat 6: yzuk (big blind) folded on the River



PokerStars Hand #254336029906:  Hold'em No Limit ($0.50/$1.00 USD) - 2025/01/12 18:49:42 WET [2025/01/12 13:49:42 ET]
Table 'Clemence III' 6-max Seat #5 is the button
Seat 1: michasia ($143.28 in chips) 
Seat 2: hope321 ($75.68 in chips) 
Seat 3: 1.0OO.0OO$ ($112.42 in chips) 
Seat 4: worker0k ($110.32 in chips) 
Seat 5: mattwut1 ($100 in chips) 
Seat 6: yzuk ($368.61 in chips) 
yzuk: posts small blind $0.50
michasia: posts big blind $1
*** HOLE CARDS ***
hope321: raises $1 to $2
1.0OO.0OO$: folds 
worker0k: folds 
mattwut1: folds 
yzuk: folds 
michasia: folds 
Uncalled bet ($1) returned to hope321
hope321 collected $2.50 from pot
*** SUMMARY ***
Total pot $2.50 | Rake $0 
Seat 1: michasia (big blind) folded before Flop
Seat 2: hope321 collected ($2.50)
Seat 3: 1.0OO.0OO$ folded before Flop (didn't bet)
Seat 4: worker0k folded before Flop (didn't bet)
Seat 5: mattwut1 (button) folded before Flop (didn't bet)
Seat 6: yzuk (small blind) folded before Flop



PokerStars Hand #254336033969:  Hold'em No Limit ($0.50/$1.00 USD) - 2025/01/12 18:49:54 WET [2025/01/12 13:49:54 ET]
Table 'Clemence III' 6-max Seat #6 is the button
Seat 1: michasia ($142.28 in chips) 
Seat 2: hope321 ($77.18 in chips) 
Seat 3: 1.0OO.0OO$ ($112.42 in chips) 
Seat 4: worker0k ($110.32 in chips) 
Seat 5: mattwut1 ($100 in chips) 
Seat 6: yzuk ($368.11 in chips) 
michasia: posts small blind $0.50
hope321: posts big blind $1
*** HOLE CARDS ***
1.0OO.0OO$: folds 
worker0k: folds 
mattwut1: raises $1.50 to $2.50
yzuk: folds 
michasia: folds 
hope321: calls $1.50
*** FLOP *** [Tc Th Jc]
hope321: checks 
mattwut1: bets $3.45
hope321: folds 
Uncalled bet ($3.45) returned to mattwut1
mattwut1 collected $5.22 from pot
mattwut1: doesn't show hand 
*** SUMMARY ***
Total pot $5.50 | Rake $0.28 
Board [Tc Th Jc]
Seat 1: michasia (small blind) folded before Flop
Seat 2: hope321 (big blind) folded on the Flop
Seat 3: 1.0OO.0OO$ folded before Flop (didn't bet)
Seat 4: worker0k folded before Flop (didn't bet)
Seat 5: mattwut1 collected ($5.22)
Seat 6: yzuk (button) folded before Flop (didn't bet)



PokerStars Hand #254336043450:  Hold'em No Limit ($0.50/$1.00 USD) - 2025/01/12 18:50:19 WET [2025/01/12 13:50:19 ET]
Table 'Clemence III' 6-max Seat #1 is the button
Seat 1: michasia ($141.78 in chips) 
Seat 2: hope321 ($74.68 in chips) 
Seat 3: 1.0OO.0OO$ ($112.42 in chips) 
Seat 4: worker0k ($110.32 in chips) 
Seat 5: mattwut1 ($102.72 in chips) 
Seat 6: yzuk ($368.11 in chips) 
hope321: posts small blind $0.50
1.0OO.0OO$: posts big blind $1
*** HOLE CARDS ***
worker0k: folds 
worker0k leaves the table
mattwut1 has timed out
mattwut1: folds 
yzuk: folds 
michasia: raises $1.80 to $2.80
hope321: folds 
AlexPinsk1 joins the table at seat #4 
1.0OO.0OO$: folds 
Uncalled bet ($1.80) returned to michasia
michasia collected $2.50 from pot
michasia: doesn't show hand 
*** SUMMARY ***
Total pot $2.50 | Rake $0 
Seat 1: michasia (button) collected ($2.50)
Seat 2: hope321 (small blind) folded before Flop
Seat 3: 1.0OO.0OO$ (big blind) folded before Flop
Seat 4: worker0k folded before Flop (didn't bet)
Seat 5: mattwut1 folded before Flop (didn't bet)
Seat 6: yzuk folded before Flop (didn't bet)



PokerStars Hand #254336051691:  Hold'em No Limit ($0.50/$1.00 USD) - 2025/01/12 18:50:42 WET [2025/01/12 13:50:42 ET]
Table 'Clemence III' 6-max Seat #2 is the button
Seat 1: michasia ($143.28 in chips) 
Seat 2: hope321 ($74.18 in chips) 
Seat 3: 1.0OO.0OO$ ($111.42 in chips) 
Seat 4: AlexPinsk1 ($100 in chips) 
Seat 5: mattwut1 ($102.72 in chips) 
Seat 6: yzuk ($368.11 in chips) 
1.0OO.0OO$: posts small blind $0.50
AlexPinsk1: posts big blind $1
*** HOLE CARDS ***
mattwut1: raises $1.50 to $2.50
yzuk: folds 
michasia: raises $5 to $7.50
hope321: folds 
1.0OO.0OO$: folds 
AlexPinsk1: folds 
mattwut1: calls $5
*** FLOP *** [8h Kc 2h]
mattwut1: checks 
michasia: bets $5.17
mattwut1: folds 
Uncalled bet ($5.17) returned to michasia
michasia collected $15.68 from pot
michasia: doesn't show hand 
*** SUMMARY ***
Total pot $16.50 | Rake $0.82 
Board [8h Kc 2h]
Seat 1: michasia collected ($15.68)
Seat 2: hope321 (button) folded before Flop (didn't bet)
Seat 3: 1.0OO.0OO$ (small blind) folded before Flop
Seat 4: AlexPinsk1 (big blind) folded before Flop
Seat 5: mattwut1 folded on the Flop
Seat 6: yzuk folded before Flop (didn't bet)



PokerStars Hand #254336064538:  Hold'em No Limit ($0.50/$1.00 USD) - 2025/01/12 18:51:17 WET [2025/01/12 13:51:17 ET]
Table 'Clemence III' 6-max Seat #3 is the button
Seat 1: michasia ($151.46 in chips) 
Seat 2: hope321 ($74.18 in chips) 
Seat 3: 1.0OO.0OO$ ($110.92 in chips) 
Seat 4: AlexPinsk1 ($100 in chips) 
Seat 5: mattwut1 ($100 in chips) 
Seat 6: yzuk ($368.11 in chips) 
AlexPinsk1: posts small blind $0.50
mattwut1: posts big blind $1
*** HOLE CARDS ***
yzuk: folds 
michasia: folds 
hope321: raises $2 to $3
1.0OO.0OO$: raises $7 to $10
AlexPinsk1: folds 
mattwut1: folds 
hope321: calls $7
*** FLOP *** [Qc 5s 6d]
hope321: checks 
1.0OO.0OO$: checks 
*** TURN *** [Qc 5s 6d] [Jh]
hope321: bets $5
1.0OO.0OO$: calls $5
*** RIVER *** [Qc 5s 6d Jh] [Ts]
hope321: bets $12
1.0OO.0OO$: calls $12
*** SHOW DOWN ***
hope321: shows [Kd 8s] (high card King)
1.0OO.0OO$: shows [Ad Th] (a pair of Tens)
1.0OO.0OO$ collected $53 from pot
*** SUMMARY ***
Total pot $55.50 | Rake $2.50 
Board [Qc 5s 6d Jh Ts]
Seat 1: michasia folded before Flop (didn't bet)
Seat 2: hope321 showed [Kd 8s] and lost with high card King
Seat 3: 1.0OO.0OO$ (button) showed [Ad Th] and won ($53) with a pair of Tens
Seat 4: AlexPinsk1 (small blind) folded before Flop
Seat 5: mattwut1 (big blind) folded before Flop
Seat 6: yzuk folded before Flop (didn't bet)



PokerStars Hand #254336094585:  Hold'em No Limit ($0.50/$1.00 USD) - 2025/01/12 18:52:39 WET [2025/01/12 13:52:39 ET]
Table 'Clemence III' 6-max Seat #4 is the button
Seat 1: michasia ($151.46 in chips) 
Seat 2: hope321 ($47.18 in chips) 
Seat 3: 1.0OO.0OO$ ($136.92 in chips) 
Seat 4: AlexPinsk1 ($100 in chips) 
Seat 5: mattwut1 ($100 in chips) 
Seat 6: yzuk ($368.11 in chips) 
mattwut1: posts small blind $0.50
yzuk: posts big blind $1
*** HOLE CARDS ***
michasia: raises $1.60 to $2.60
hope321: calls $2.60
1.0OO.0OO$: folds 
AlexPinsk1: raises $7.90 to $10.50
mattwut1: folds 
yzuk: folds 
michasia: folds 
hope321: calls $7.90
*** FLOP *** [Qd 6s 6c]
hope321: checks 
AlexPinsk1: bets $11.92
hope321: raises $24.76 to $36.68 and is all-in
AlexPinsk1: calls $24.76
*** TURN *** [Qd 6s 6c] [Kd]
*** RIVER *** [Qd 6s 6c Kd] [4h]
*** SHOW DOWN ***
hope321: shows [8c Qs] (two pair, Queens and Sixes)
AlexPinsk1: shows [As Qc] (two pair, Queens and Sixes - Ace kicker)
AlexPinsk1 collected $95.96 from pot
*** SUMMARY ***
Total pot $98.46 | Rake $2.50 
Board [Qd 6s 6c Kd 4h]
Seat 1: michasia folded before Flop
Seat 2: hope321 showed [8c Qs] and lost with two pair, Queens and Sixes
Seat 3: 1.0OO.0OO$ folded before Flop (didn't bet)
Seat 4: AlexPinsk1 (button) showed [As Qc] and won ($95.96) with two pair, Queens and Sixes
Seat 5: mattwut1 (small blind) folded before Flop
Seat 6: yzuk (big blind) folded before Flop



PokerStars Hand #254336115645:  Hold'em No Limit ($0.50/$1.00 USD) - 2025/01/12 18:53:37 WET [2025/01/12 13:53:37 ET]
Table 'Clemence III' 6-max Seat #5 is the button
Seat 2: hope321 ($0 in chips) is sitting out
Seat 1: michasia ($148.86 in chips) 
Seat 3: 1.0OO.0OO$ ($136.92 in chips) 
Seat 4: AlexPinsk1 ($148.78 in chips) 
Seat 5: mattwut1 ($100 in chips) 
Seat 6: yzuk ($367.11 in chips) 
yzuk: posts small blind $0.50
michasia: posts big blind $1
*** HOLE CARDS ***
1.0OO.0OO$: folds 
AlexPinsk1: raises $1.50 to $2.50
hope321 leaves the table
mattwut1: folds 
yzuk: folds 
Dantepoke226 joins the table at seat #2 
michasia: folds 
Uncalled bet ($1.50) returned to AlexPinsk1
AlexPinsk1 collected $2.50 from pot
AlexPinsk1: doesn't show hand 
*** SUMMARY ***
Total pot $2.50 | Rake $0 
Seat 2: hope321
Seat 1: michasia (big blind) folded before Flop
Seat 3: 1.0OO.0OO$ folded before Flop (didn't bet)
Seat 4: AlexPinsk1 collected ($2.50)
Seat 5: mattwut1 (button) folded before Flop (didn't bet)
Seat 6: yzuk (small blind) folded before Flop



PokerStars Hand #254336121399:  Hold'em No Limit ($0.50/$1.00 USD) - 2025/01/12 18:53:53 WET [2025/01/12 13:53:53 ET]
Table 'Clemence III' 6-max Seat #6 is the button
Seat 1: michasia ($147.86 in chips) 
Seat 2: Dantepoke226 ($100 in chips) 
Seat 3: 1.0OO.0OO$ ($136.92 in chips) 
Seat 4: AlexPinsk1 ($150.28 in chips) 
Seat 5: mattwut1 ($100 in chips) 
Seat 6: yzuk ($366.61 in chips) 
michasia: posts small blind $0.50
Dantepoke226: posts big blind $1
*** HOLE CARDS ***
1.0OO.0OO$: folds 
AlexPinsk1: folds 
mattwut1 has timed out
mattwut1: folds 
yzuk: folds 
michasia: raises $2 to $3
Dantepoke226: folds 
Uncalled bet ($2) returned to michasia
michasia collected $2 from pot
michasia: doesn't show hand 
*** SUMMARY ***
Total pot $2 | Rake $0 
Seat 1: michasia (small blind) collected ($2)
Seat 2: Dantepoke226 (big blind) folded before Flop
Seat 3: 1.0OO.0OO$ folded before Flop (didn't bet)
Seat 4: AlexPinsk1 folded before Flop (didn't bet)
Seat 5: mattwut1 folded before Flop (didn't bet)
Seat 6: yzuk (button) folded before Flop (didn't bet)



PokerStars Hand #254336136727:  Hold'em No Limit ($0.50/$1.00 USD) - 2025/01/12 18:54:35 WET [2025/01/12 13:54:35 ET]
Table 'Clemence III' 6-max Seat #1 is the button
Seat 1: michasia ($148.86 in chips) 
Seat 2: Dantepoke226 ($100 in chips) 
Seat 3: 1.0OO.0OO$ ($136.92 in chips) 
Seat 4: AlexPinsk1 ($150.28 in chips) 
Seat 5: mattwut1 ($100 in chips) 
Seat 6: yzuk ($366.61 in chips) 
Dantepoke226: posts small blind $0.50
1.0OO.0OO$: posts big blind $1
*** HOLE CARDS ***
AlexPinsk1: folds 
mattwut1: folds 
yzuk: folds 
michasia: folds 
Dantepoke226: folds 
Uncalled bet ($0.50) returned to 1.0OO.0OO$
1.0OO.0OO$ collected $1 from pot
1.0OO.0OO$: doesn't show hand 
*** SUMMARY ***
Total pot $1 | Rake $0 
Seat 1: michasia (button) folded before Flop (didn't bet)
Seat 2: Dantepoke226 (small blind) folded before Flop
Seat 3: 1.0OO.0OO$ (big blind) collected ($1)
Seat 4: AlexPinsk1 folded before Flop (didn't bet)
Seat 5: mattwut1 folded before Flop (didn't bet)
Seat 6: yzuk folded before Flop (didn't bet)



PokerStars Hand #254336144125:  Hold'em No Limit ($0.50/$1.00 USD) - 2025/01/12 18:54:56 WET [2025/01/12 13:54:56 ET]
Table 'Clemence III' 6-max Seat #2 is the button
Seat 4: AlexPinsk1 ($150.28 in chips) is sitting out
Seat 1: michasia ($148.86 in chips) 
Seat 2: Dantepoke226 ($100 in chips) 
Seat 3: 1.0OO.0OO$ ($137.42 in chips) 
Seat 5: mattwut1 ($100 in chips) 
Seat 6: yzuk ($366.61 in chips) 
1.0OO.0OO$: posts small blind $0.50
AlexPinsk1: is sitting out 
mattwut1: posts big blind $1
*** HOLE CARDS ***
yzuk: folds 
yzuk leaves the table
shootingGRID joins the table at seat #6 
michasia: folds 
AlexPinsk1 leaves the table
Dantepoke226: folds 
1.0OO.0OO$: raises $2 to $3
mattwut1: folds 
Uncalled bet ($2) returned to 1.0OO.0OO$
1.0OO.0OO$ collected $2 from pot
1.0OO.0OO$: doesn't show hand 
*** SUMMARY ***
Total pot $2 | Rake $0 
Seat 4: AlexPinsk1
Seat 1: michasia folded before Flop (didn't bet)
Seat 2: Dantepoke226 (button) folded before Flop (didn't bet)
Seat 3: 1.0OO.0OO$ (small blind) collected ($2)
Seat 5: mattwut1 (big blind) folded before Flop
Seat 6: yzuk folded before Flop (didn't bet)



PokerStars Hand #254336148909:  Hold'em No Limit ($0.50/$1.00 USD) - 2025/01/12 18:55:15 WET [2025/01/12 13:55:15 ET]
Table 'Clemence III' 6-max Seat #3 is the button
Seat 1: michasia ($148.86 in chips) 
Seat 2: Dantepoke226 ($100 in chips) 
Seat 3: 1.0OO.0OO$ ($138.42 in chips) 
Seat 5: mattwut1 ($100 in chips) 
Seat 6: shootingGRID ($100 in chips) 
mattwut1: posts small blind $0.50
shootingGRID: posts big blind $1
*** HOLE CARDS ***
michasia: folds 
Dantepoke226: folds 
1.0OO.0OO$: raises $1.50 to $2.50
mattwut1: folds 
shootingGRID: folds 
Uncalled bet ($1.50) returned to 1.0OO.0OO$
1.0OO.0OO$ collected $2.50 from pot
1.0OO.0OO$: doesn't show hand 
*** SUMMARY ***
Total pot $2.50 | Rake $0 
Seat 1: michasia folded before Flop (didn't bet)
Seat 2: Dantepoke226 folded before Flop (didn't bet)
Seat 3: 1.0OO.0OO$ (button) collected ($2.50)
Seat 5: mattwut1 (small blind) folded before Flop
Seat 6: shootingGRID (big blind) folded before Flop



PokerStars Hand #254336158096:  Hold'em No Limit ($0.50/$1.00 USD) - 2025/01/12 18:55:58 WET [2025/01/12 13:55:58 ET]
Table 'Clemence III' 6-max Seat #5 is the button
Seat 1: michasia ($148.86 in chips) is sitting out
Seat 2: Dantepoke226 ($100 in chips) 
Seat 3: 1.0OO.0OO$ ($139.92 in chips) 
Seat 5: mattwut1 ($100 in chips) 
Seat 6: shootingGRID ($100 in chips) 
shootingGRID: posts small blind $0.50
michasia: is sitting out 
Dantepoke226: posts big blind $1
*** HOLE CARDS ***
1.0OO.0OO$: raises $1.50 to $2.50
mattwut1: folds 
shootingGRID: folds 
michasia leaves the table
Dantepoke226: folds 
Uncalled bet ($1.50) returned to 1.0OO.0OO$
1.0OO.0OO$ collected $2.50 from pot
1.0OO.0OO$: doesn't show hand 
*** SUMMARY ***
Total pot $2.50 | Rake $0 
Seat 1: michasia
Seat 2: Dantepoke226 (big blind) folded before Flop
Seat 3: 1.0OO.0OO$ collected ($2.50)
Seat 5: mattwut1 (button) folded before Flop (didn't bet)
Seat 6: shootingGRID (small blind) folded before Flop



PokerStars Hand #254336163469:  Hold'em No Limit ($0.50/$1.00 USD) - 2025/01/12 18:56:23 WET [2025/01/12 13:56:23 ET]
Table 'Clemence III' 6-max Seat #6 is the button
Seat 3: 1.0OO.0OO$ ($141.42 in chips) is sitting out
Seat 2: Dantepoke226 ($100 in chips) 
Seat 5: mattwut1 ($100 in chips) 
Seat 6: shootingGRID ($100 in chips) 
Dantepoke226: posts small blind $0.50
1.0OO.0OO$: is sitting out 
mattwut1: posts big blind $1
*** HOLE CARDS ***
shootingGRID: folds 
Dantepoke226: raises $2 to $3
mattwut1: calls $2
*** FLOP *** [5d 6d 8s]
1.0OO.0OO$ leaves the table
Dantepoke226: checks 
mattwut1: bets $3.76
Dantepoke226: calls $3.76
*** TURN *** [5d 6d 8s] [Kd]
Dantepoke226: checks 
mattwut1: checks 
*** RIVER *** [5d 6d 8s Kd] [2c]
Dantepoke226: checks 
mattwut1: checks 
*** SHOW DOWN ***
Dantepoke226: shows [6c 4c] (a pair of Sixes)
mattwut1: shows [Jh 8d] (a pair of Eights)
mattwut1 collected $12.84 from pot
*** SUMMARY ***
Total pot $13.52 | Rake $0.68 
Board [5d 6d 8s Kd 2c]
Seat 3: 1.0OO.0OO$
Seat 2: Dantepoke226 (small blind) showed [6c 4c] and lost with a pair of Sixes
Seat 5: mattwut1 (big blind) showed [Jh 8d] and won ($12.84) with a pair of Eights
Seat 6: shootingGRID (button) folded before Flop (didn't bet)



PokerStars Hand #254336179169:  Hold'em No Limit ($0.50/$1.00 USD) - 2025/01/12 18:57:39 WET [2025/01/12 13:57:39 ET]
Table 'Clemence III' 6-max Seat #2 is the button
Seat 2: Dantepoke226 ($100 in chips) 
Seat 5: mattwut1 ($106.08 in chips) 
Seat 6: shootingGRID ($100 in chips) 
mattwut1: posts small blind $0.50
shootingGRID: posts big blind $1
*** HOLE CARDS ***
Dantepoke226: raises $1.50 to $2.50
mattwut1: folds 
shootingGRID: folds 
Uncalled bet ($1.50) returned to Dantepoke226
Dantepoke226 collected $2.50 from pot
Dantepoke226: doesn't show hand 
*** SUMMARY ***
Total pot $2.50 | Rake $0 
Seat 2: Dantepoke226 (button) collected ($2.50)
Seat 5: mattwut1 (small blind) folded before Flop
Seat 6: shootingGRID (big blind) folded before Flop



PokerStars Hand #254336181518:  Hold'em No Limit ($0.50/$1.00 USD) - 2025/01/12 18:57:50 WET [2025/01/12 13:57:50 ET]
Table 'Clemence III' 6-max Seat #5 is the button
Seat 2: Dantepoke226 ($101.50 in chips) 
Seat 5: mattwut1 ($105.58 in chips) 
Seat 6: shootingGRID ($100 in chips) 
shootingGRID: posts small blind $0.50
Dantepoke226: posts big blind $1
*** HOLE CARDS ***
mattwut1: folds 
shootingGRID: raises $2 to $3
Dantepoke226: raises $6 to $9
shootingGRID: folds 
Uncalled bet ($6) returned to Dantepoke226
Dantepoke226 collected $6 from pot
Dantepoke226: doesn't show hand 
*** SUMMARY ***
Total pot $6 | Rake $0 
Seat 2: Dantepoke226 (big blind) collected ($6)
Seat 5: mattwut1 (button) folded before Flop (didn't bet)
Seat 6: shootingGRID (small blind) folded before Flop



PokerStars Hand #254336186646:  Hold'em No Limit ($0.50/$1.00 USD) - 2025/01/12 18:58:14 WET [2025/01/12 13:58:14 ET]
Table 'Clemence III' 6-max Seat #6 is the button
Seat 2: Dantepoke226 ($104.50 in chips) 
Seat 5: mattwut1 ($105.58 in chips) 
Seat 6: shootingGRID ($100 in chips) 
Dantepoke226: posts small blind $0.50
mattwut1: posts big blind $1
*** HOLE CARDS ***
shootingGRID: folds 
Dantepoke226: folds 
Uncalled bet ($0.50) returned to mattwut1
mattwut1 collected $1 from pot
mattwut1: doesn't show hand 
*** SUMMARY ***
Total pot $1 | Rake $0 
Seat 2: Dantepoke226 (small blind) folded before Flop
Seat 5: mattwut1 (big blind) collected ($1)
Seat 6: shootingGRID (button) folded before Flop (didn't bet)



PokerStars Hand #254336189206:  Hold'em No Limit ($0.50/$1.00 USD) - 2025/01/12 18:58:26 WET [2025/01/12 13:58:26 ET]
Table 'Clemence III' 6-max Seat #2 is the button
Seat 2: Dantepoke226 ($104 in chips) 
Seat 5: mattwut1 ($106.08 in chips) 
Seat 6: shootingGRID ($100 in chips) 
mattwut1: posts small blind $0.50
shootingGRID: posts big blind $1
*** HOLE CARDS ***
Dantepoke226: raises $1.50 to $2.50
mattwut1: folds 
shootingGRID: raises $10.50 to $13
Dantepoke226: folds 
Uncalled bet ($10.50) returned to shootingGRID
shootingGRID collected $5.50 from pot
*** SUMMARY ***
Total pot $5.50 | Rake $0 
Seat 2: Dantepoke226 (button) folded before Flop
Seat 5: mattwut1 (small blind) folded before Flop
Seat 6: shootingGRID (big blind) collected ($5.50)



PokerStars Hand #254336194916:  Hold'em No Limit ($0.50/$1.00 USD) - 2025/01/12 18:58:53 WET [2025/01/12 13:58:53 ET]
Table 'Clemence III' 6-max Seat #6 is the button
Seat 2: Dantepoke226 ($101.50 in chips) is sitting out
Seat 5: mattwut1 ($105.58 in chips) 
Seat 6: shootingGRID ($103 in chips) 
shootingGRID: posts small blind $0.50
Dantepoke226: is sitting out 
mattwut1: posts big blind $1
*** HOLE CARDS ***
shootingGRID: raises $1.25 to $2.25
Dantepoke226 leaves the table
mattwut1: calls $1.25
*** FLOP *** [5s 2h Jd]
mattwut1: checks 
shootingGRID: bets $1.41
mattwut1: folds 
Uncalled bet ($1.41) returned to shootingGRID
shootingGRID collected $4.28 from pot
*** SUMMARY ***
Total pot $4.50 | Rake $0.22 
Board [5s 2h Jd]
Seat 2: Dantepoke226
Seat 5: mattwut1 (big blind) folded on the Flop
Seat 6: shootingGRID (button) (small blind) collected ($4.28)



