PokerStars Hand #254327830002:  Hold'em No Limit ($0.50/$1.00 USD) - 2025/01/12 8:45:40 WET [2025/01/12 3:45:40 ET]
Table 'Aisakos II' 6-max Seat #1 is the button
Seat 1: 50CandyJoe ($201.45 in chips) 
Seat 4: b2k-Snick ($104.45 in chips) 
50CandyJoe: posts small blind $0.50
b2k-Snick: posts big blind $1
*** HOLE CARDS ***
50CandyJoe: raises $1.50 to $2.50
b2k-Snick: calls $1.50
*** FLOP *** [3d 9s 6d]
b2k-Snick: checks 
50CandyJoe: bets $3.50
b2k-Snick: folds 
Uncalled bet ($3.50) returned to 50CandyJoe
50CandyJoe collected $4.75 from pot
50CandyJoe: doesn't show hand 
*** SUMMARY ***
Total pot $5 | Rake $0.25 
Board [3d 9s 6d]
Seat 1: 50CandyJoe (button) (small blind) collected ($4.75)
Seat 4: b2k-Snick (big blind) folded on the Flop



PokerStars Hand #254327831887:  Hold'em No Limit ($0.50/$1.00 USD) - 2025/01/12 8:46:01 WET [2025/01/12 3:46:01 ET]
Table 'Aisakos II' 6-max Seat #4 is the button
Seat 1: 50CandyJoe ($203.70 in chips) 
Seat 4: b2k-Snick ($101.95 in chips) 
b2k-Snick: posts small blind $0.50
50CandyJoe: posts big blind $1
*** HOLE CARDS ***
b2k-Snick: folds 
Uncalled bet ($0.50) returned to 50CandyJoe
50CandyJoe collected $1 from pot
50CandyJoe: doesn't show hand 
*** SUMMARY ***
Total pot $1 | Rake $0 
Seat 1: 50CandyJoe (big blind) collected ($1)
Seat 4: b2k-Snick (button) (small blind) folded before Flop



PokerStars Hand #254327832740:  Hold'em No Limit ($0.50/$1.00 USD) - 2025/01/12 8:46:10 WET [2025/01/12 3:46:10 ET]
Table 'Aisakos II' 6-max Seat #1 is the button
Seat 1: 50CandyJoe ($204.20 in chips) 
Seat 4: b2k-Snick ($101.45 in chips) 
50CandyJoe: posts small blind $0.50
b2k-Snick: posts big blind $1
*** HOLE CARDS ***
50CandyJoe: raises $1.50 to $2.50
b2k-Snick: calls $1.50
*** FLOP *** [Ad 7d 7c]
b2k-Snick: checks 
50CandyJoe: bets $1.19
b2k-Snick: calls $1.19
*** TURN *** [Ad 7d 7c] [3d]
b2k-Snick: checks 
50CandyJoe: checks 
*** RIVER *** [Ad 7d 7c 3d] [Tc]
b2k-Snick: checks 
50CandyJoe: bets $2.31
b2k-Snick: folds 
Uncalled bet ($2.31) returned to 50CandyJoe
50CandyJoe collected $7.01 from pot
50CandyJoe: doesn't show hand 
*** SUMMARY ***
Total pot $7.38 | Rake $0.37 
Board [Ad 7d 7c 3d Tc]
Seat 1: 50CandyJoe (button) (small blind) collected ($7.01)
Seat 4: b2k-Snick (big blind) folded on the River



PokerStars Hand #254327838746:  Hold'em No Limit ($0.50/$1.00 USD) - 2025/01/12 8:47:16 WET [2025/01/12 3:47:16 ET]
Table 'Aisakos II' 6-max Seat #4 is the button
Seat 1: 50CandyJoe ($207.52 in chips) 
Seat 4: b2k-Snick ($100 in chips) 
b2k-Snick: posts small blind $0.50
50CandyJoe: posts big blind $1
*** HOLE CARDS ***
b2k-Snick: folds 
Uncalled bet ($0.50) returned to 50CandyJoe
50CandyJoe collected $1 from pot
50CandyJoe: doesn't show hand 
*** SUMMARY ***
Total pot $1 | Rake $0 
Seat 1: 50CandyJoe (big blind) collected ($1)
Seat 4: b2k-Snick (button) (small blind) folded before Flop



PokerStars Hand #254327839303:  Hold'em No Limit ($0.50/$1.00 USD) - 2025/01/12 8:47:22 WET [2025/01/12 3:47:22 ET]
Table 'Aisakos II' 6-max Seat #1 is the button
Seat 1: 50CandyJoe ($208.02 in chips) 
Seat 4: b2k-Snick ($100 in chips) 
50CandyJoe: posts small blind $0.50
b2k-Snick: posts big blind $1
*** HOLE CARDS ***
50CandyJoe: folds 
Uncalled bet ($0.50) returned to b2k-Snick
b2k-Snick collected $1 from pot
b2k-Snick: doesn't show hand 
*** SUMMARY ***
Total pot $1 | Rake $0 
Seat 1: 50CandyJoe (button) (small blind) folded before Flop
Seat 4: b2k-Snick (big blind) collected ($1)



PokerStars Hand #254327839767:  Hold'em No Limit ($0.50/$1.00 USD) - 2025/01/12 8:47:27 WET [2025/01/12 3:47:27 ET]
Table 'Aisakos II' 6-max Seat #4 is the button
Seat 1: 50CandyJoe ($207.52 in chips) 
Seat 4: b2k-Snick ($100.50 in chips) 
b2k-Snick: posts small blind $0.50
50CandyJoe: posts big blind $1
*** HOLE CARDS ***
b2k-Snick: raises $1.50 to $2.50
50CandyJoe: folds 
Uncalled bet ($1.50) returned to b2k-Snick
b2k-Snick collected $2 from pot
b2k-Snick: doesn't show hand 
*** SUMMARY ***
Total pot $2 | Rake $0 
Seat 1: 50CandyJoe (big blind) folded before Flop
Seat 4: b2k-Snick (button) (small blind) collected ($2)



PokerStars Hand #254327840530:  Hold'em No Limit ($0.50/$1.00 USD) - 2025/01/12 8:47:35 WET [2025/01/12 3:47:35 ET]
Table 'Aisakos II' 6-max Seat #1 is the button
Seat 1: 50CandyJoe ($206.52 in chips) 
Seat 4: b2k-Snick ($101.50 in chips) 
50CandyJoe: posts small blind $0.50
b2k-Snick: posts big blind $1
*** HOLE CARDS ***
50CandyJoe: raises $1.50 to $2.50
b2k-Snick: folds 
Uncalled bet ($1.50) returned to 50CandyJoe
50CandyJoe collected $2 from pot
50CandyJoe: doesn't show hand 
*** SUMMARY ***
Total pot $2 | Rake $0 
Seat 1: 50CandyJoe (button) (small blind) collected ($2)
Seat 4: b2k-Snick (big blind) folded before Flop



PokerStars Hand #254327841422:  Hold'em No Limit ($0.50/$1.00 USD) - 2025/01/12 8:47:45 WET [2025/01/12 3:47:45 ET]
Table 'Aisakos II' 6-max Seat #4 is the button
Seat 1: 50CandyJoe ($207.52 in chips) 
Seat 4: b2k-Snick ($100.50 in chips) 
b2k-Snick: posts small blind $0.50
50CandyJoe: posts big blind $1
*** HOLE CARDS ***
b2k-Snick: raises $1.50 to $2.50
50CandyJoe: folds 
Uncalled bet ($1.50) returned to b2k-Snick
b2k-Snick collected $2 from pot
b2k-Snick: doesn't show hand 
*** SUMMARY ***
Total pot $2 | Rake $0 
Seat 1: 50CandyJoe (big blind) folded before Flop
Seat 4: b2k-Snick (button) (small blind) collected ($2)



PokerStars Hand #254327842606:  Hold'em No Limit ($0.50/$1.00 USD) - 2025/01/12 8:47:58 WET [2025/01/12 3:47:58 ET]
Table 'Aisakos II' 6-max Seat #1 is the button
Seat 1: 50CandyJoe ($206.52 in chips) 
Seat 4: b2k-Snick ($101.50 in chips) 
50CandyJoe: posts small blind $0.50
b2k-Snick: posts big blind $1
*** HOLE CARDS ***
50CandyJoe: folds 
Uncalled bet ($0.50) returned to b2k-Snick
b2k-Snick collected $1 from pot
b2k-Snick: doesn't show hand 
*** SUMMARY ***
Total pot $1 | Rake $0 
Seat 1: 50CandyJoe (button) (small blind) folded before Flop
Seat 4: b2k-Snick (big blind) collected ($1)



PokerStars Hand #254327843093:  Hold'em No Limit ($0.50/$1.00 USD) - 2025/01/12 8:48:03 WET [2025/01/12 3:48:03 ET]
Table 'Aisakos II' 6-max Seat #4 is the button
Seat 1: 50CandyJoe ($206.02 in chips) 
Seat 4: b2k-Snick ($102 in chips) 
b2k-Snick: posts small blind $0.50
50CandyJoe: posts big blind $1
*** HOLE CARDS ***
b2k-Snick: raises $1.50 to $2.50
50CandyJoe: calls $1.50
*** FLOP *** [9s 2d 6s]
50CandyJoe: checks 
b2k-Snick: bets $3
50CandyJoe: calls $3
*** TURN *** [9s 2d 6s] [Kc]
50CandyJoe: checks 
b2k-Snick: bets $15
50CandyJoe: calls $15
*** RIVER *** [9s 2d 6s Kc] [Jd]
50CandyJoe: checks 
b2k-Snick: checks 
*** SHOW DOWN ***
50CandyJoe: shows [Ah 9d] (a pair of Nines)
b2k-Snick: shows [Js 5s] (a pair of Jacks)
b2k-Snick collected $40 from pot
*** SUMMARY ***
Total pot $41 | Rake $1 
Board [9s 2d 6s Kc Jd]
Seat 1: 50CandyJoe (big blind) showed [Ah 9d] and lost with a pair of Nines
Seat 4: b2k-Snick (button) (small blind) showed [Js 5s] and won ($40) with a pair of Jacks



PokerStars Hand #254327849553:  Hold'em No Limit ($0.50/$1.00 USD) - 2025/01/12 8:49:12 WET [2025/01/12 3:49:12 ET]
Table 'Aisakos II' 6-max Seat #1 is the button
Seat 1: 50CandyJoe ($185.52 in chips) 
Seat 4: b2k-Snick ($121.50 in chips) 
50CandyJoe: posts small blind $0.50
b2k-Snick: posts big blind $1
*** HOLE CARDS ***
50CandyJoe: raises $1.50 to $2.50
b2k-Snick: folds 
Uncalled bet ($1.50) returned to 50CandyJoe
50CandyJoe collected $2 from pot
50CandyJoe: doesn't show hand 
*** SUMMARY ***
Total pot $2 | Rake $0 
Seat 1: 50CandyJoe (button) (small blind) collected ($2)
Seat 4: b2k-Snick (big blind) folded before Flop



PokerStars Hand #254327850223:  Hold'em No Limit ($0.50/$1.00 USD) - 2025/01/12 8:49:20 WET [2025/01/12 3:49:20 ET]
Table 'Aisakos II' 6-max Seat #4 is the button
Seat 1: 50CandyJoe ($186.52 in chips) 
Seat 4: b2k-Snick ($120.50 in chips) 
b2k-Snick: posts small blind $0.50
50CandyJoe: posts big blind $1
*** HOLE CARDS ***
b2k-Snick: folds 
Uncalled bet ($0.50) returned to 50CandyJoe
50CandyJoe collected $1 from pot
50CandyJoe: doesn't show hand 
*** SUMMARY ***
Total pot $1 | Rake $0 
Seat 1: 50CandyJoe (big blind) collected ($1)
Seat 4: b2k-Snick (button) (small blind) folded before Flop



PokerStars Hand #254327850813:  Hold'em No Limit ($0.50/$1.00 USD) - 2025/01/12 8:49:26 WET [2025/01/12 3:49:26 ET]
Table 'Aisakos II' 6-max Seat #1 is the button
Seat 1: 50CandyJoe ($187.02 in chips) 
Seat 4: b2k-Snick ($120 in chips) 
50CandyJoe: posts small blind $0.50
b2k-Snick: posts big blind $1
*** HOLE CARDS ***
50CandyJoe: folds 
Uncalled bet ($0.50) returned to b2k-Snick
b2k-Snick collected $1 from pot
b2k-Snick: doesn't show hand 
*** SUMMARY ***
Total pot $1 | Rake $0 
Seat 1: 50CandyJoe (button) (small blind) folded before Flop
Seat 4: b2k-Snick (big blind) collected ($1)



PokerStars Hand #254327851272:  Hold'em No Limit ($0.50/$1.00 USD) - 2025/01/12 8:49:32 WET [2025/01/12 3:49:32 ET]
Table 'Aisakos II' 6-max Seat #4 is the button
Seat 1: 50CandyJoe ($186.52 in chips) 
Seat 4: b2k-Snick ($120.50 in chips) 
b2k-Snick: posts small blind $0.50
50CandyJoe: posts big blind $1
*** HOLE CARDS ***
b2k-Snick: raises $1.50 to $2.50
50CandyJoe: calls $1.50
*** FLOP *** [Tc 3s 2c]
50CandyJoe: checks 
b2k-Snick: bets $3.50
50CandyJoe: folds 
Uncalled bet ($3.50) returned to b2k-Snick
b2k-Snick collected $4.75 from pot
b2k-Snick: doesn't show hand 
*** SUMMARY ***
Total pot $5 | Rake $0.25 
Board [Tc 3s 2c]
Seat 1: 50CandyJoe (big blind) folded on the Flop
Seat 4: b2k-Snick (button) (small blind) collected ($4.75)



PokerStars Hand #254327853198:  Hold'em No Limit ($0.50/$1.00 USD) - 2025/01/12 8:49:52 WET [2025/01/12 3:49:52 ET]
Table 'Aisakos II' 6-max Seat #1 is the button
Seat 1: 50CandyJoe ($184.02 in chips) 
Seat 4: b2k-Snick ($122.75 in chips) 
50CandyJoe: posts small blind $0.50
b2k-Snick: posts big blind $1
*** HOLE CARDS ***
50CandyJoe: raises $1.50 to $2.50
b2k-Snick: calls $1.50
*** FLOP *** [7d Qc Kd]
b2k-Snick: checks 
50CandyJoe: bets $1.57
b2k-Snick: calls $1.57
*** TURN *** [7d Qc Kd] [Ac]
b2k-Snick: checks 
50CandyJoe: bets $7.73
b2k-Snick: calls $7.73
*** RIVER *** [7d Qc Kd Ac] [9s]
b2k-Snick: checks 
50CandyJoe: checks 
*** SHOW DOWN ***
b2k-Snick: shows [7h As] (two pair, Aces and Sevens)
50CandyJoe: mucks hand 
b2k-Snick collected $22.60 from pot
*** SUMMARY ***
Total pot $23.60 | Rake $1 
Board [7d Qc Kd Ac 9s]
Seat 1: 50CandyJoe (button) (small blind) mucked
Seat 4: b2k-Snick (big blind) showed [7h As] and won ($22.60) with two pair, Aces and Sevens



PokerStars Hand #254327856958:  Hold'em No Limit ($0.50/$1.00 USD) - 2025/01/12 8:50:32 WET [2025/01/12 3:50:32 ET]
Table 'Aisakos II' 6-max Seat #4 is the button
Seat 1: 50CandyJoe ($172.22 in chips) 
Seat 4: b2k-Snick ($133.55 in chips) 
b2k-Snick: posts small blind $0.50
50CandyJoe: posts big blind $1
*** HOLE CARDS ***
b2k-Snick: raises $1.50 to $2.50
50CandyJoe: folds 
Uncalled bet ($1.50) returned to b2k-Snick
b2k-Snick collected $2 from pot
b2k-Snick: doesn't show hand 
*** SUMMARY ***
Total pot $2 | Rake $0 
Seat 1: 50CandyJoe (big blind) folded before Flop
Seat 4: b2k-Snick (button) (small blind) collected ($2)



PokerStars Hand #254327857915:  Hold'em No Limit ($0.50/$1.00 USD) - 2025/01/12 8:50:42 WET [2025/01/12 3:50:42 ET]
Table 'Aisakos II' 6-max Seat #1 is the button
Seat 1: 50CandyJoe ($171.22 in chips) 
Seat 4: b2k-Snick ($134.55 in chips) 
50CandyJoe: posts small blind $0.50
b2k-Snick: posts big blind $1
*** HOLE CARDS ***
50CandyJoe: raises $1.50 to $2.50
b2k-Snick: folds 
Uncalled bet ($1.50) returned to 50CandyJoe
50CandyJoe collected $2 from pot
50CandyJoe: doesn't show hand 
*** SUMMARY ***
Total pot $2 | Rake $0 
Seat 1: 50CandyJoe (button) (small blind) collected ($2)
Seat 4: b2k-Snick (big blind) folded before Flop



PokerStars Hand #254327858549:  Hold'em No Limit ($0.50/$1.00 USD) - 2025/01/12 8:50:50 WET [2025/01/12 3:50:50 ET]
Table 'Aisakos II' 6-max Seat #4 is the button
Seat 1: 50CandyJoe ($172.22 in chips) 
Seat 4: b2k-Snick ($133.55 in chips) 
b2k-Snick: posts small blind $0.50
50CandyJoe: posts big blind $1
*** HOLE CARDS ***
b2k-Snick: raises $1.50 to $2.50
50CandyJoe: folds 
Uncalled bet ($1.50) returned to b2k-Snick
b2k-Snick collected $2 from pot
b2k-Snick: doesn't show hand 
*** SUMMARY ***
Total pot $2 | Rake $0 
Seat 1: 50CandyJoe (big blind) folded before Flop
Seat 4: b2k-Snick (button) (small blind) collected ($2)



PokerStars Hand #254327859699:  Hold'em No Limit ($0.50/$1.00 USD) - 2025/01/12 8:51:01 WET [2025/01/12 3:51:01 ET]
Table 'Aisakos II' 6-max Seat #1 is the button
Seat 1: 50CandyJoe ($171.22 in chips) 
Seat 4: b2k-Snick ($134.55 in chips) 
50CandyJoe: posts small blind $0.50
b2k-Snick: posts big blind $1
*** HOLE CARDS ***
50CandyJoe: raises $1.50 to $2.50
b2k-Snick: raises $9.50 to $12
50CandyJoe: calls $9.50
*** FLOP *** [5h 3s 8d]
b2k-Snick: bets $12.65
50CandyJoe: calls $12.65
*** TURN *** [5h 3s 8d] [Ac]
b2k-Snick: bets $21
50CandyJoe: folds 
Uncalled bet ($21) returned to b2k-Snick
b2k-Snick collected $48.30 from pot
b2k-Snick: doesn't show hand 
*** SUMMARY ***
Total pot $49.30 | Rake $1 
Board [5h 3s 8d Ac]
Seat 1: 50CandyJoe (button) (small blind) folded on the Turn
Seat 4: b2k-Snick (big blind) collected ($48.30)



PokerStars Hand #254327865446:  Hold'em No Limit ($0.50/$1.00 USD) - 2025/01/12 8:52:01 WET [2025/01/12 3:52:01 ET]
Table 'Aisakos II' 6-max Seat #4 is the button
Seat 1: 50CandyJoe ($146.57 in chips) 
Seat 4: b2k-Snick ($158.20 in chips) 
b2k-Snick: posts small blind $0.50
50CandyJoe: posts big blind $1
*** HOLE CARDS ***
b2k-Snick: folds 
Uncalled bet ($0.50) returned to 50CandyJoe
50CandyJoe collected $1 from pot
50CandyJoe: doesn't show hand 
*** SUMMARY ***
Total pot $1 | Rake $0 
Seat 1: 50CandyJoe (big blind) collected ($1)
Seat 4: b2k-Snick (button) (small blind) folded before Flop



PokerStars Hand #254327866044:  Hold'em No Limit ($0.50/$1.00 USD) - 2025/01/12 8:52:08 WET [2025/01/12 3:52:08 ET]
Table 'Aisakos II' 6-max Seat #1 is the button
Seat 1: 50CandyJoe ($147.07 in chips) 
Seat 4: b2k-Snick ($157.70 in chips) 
50CandyJoe: posts small blind $0.50
b2k-Snick: posts big blind $1
*** HOLE CARDS ***
50CandyJoe: raises $1.50 to $2.50
b2k-Snick: calls $1.50
*** FLOP *** [8s 9s Qd]
b2k-Snick: checks 
50CandyJoe: checks 
*** TURN *** [8s 9s Qd] [6s]
b2k-Snick: bets $5
50CandyJoe: folds 
Uncalled bet ($5) returned to b2k-Snick
b2k-Snick collected $4.75 from pot
b2k-Snick: doesn't show hand 
*** SUMMARY ***
Total pot $5 | Rake $0.25 
Board [8s 9s Qd 6s]
Seat 1: 50CandyJoe (button) (small blind) folded on the Turn
Seat 4: b2k-Snick (big blind) collected ($4.75)



PokerStars Hand #254327869069:  Hold'em No Limit ($0.50/$1.00 USD) - 2025/01/12 8:52:40 WET [2025/01/12 3:52:40 ET]
Table 'Aisakos II' 6-max Seat #4 is the button
Seat 1: 50CandyJoe ($144.57 in chips) 
Seat 4: b2k-Snick ($159.95 in chips) 
b2k-Snick: posts small blind $0.50
50CandyJoe: posts big blind $1
*** HOLE CARDS ***
b2k-Snick: raises $1.50 to $2.50
50CandyJoe: folds 
Uncalled bet ($1.50) returned to b2k-Snick
b2k-Snick collected $2 from pot
b2k-Snick: doesn't show hand 
*** SUMMARY ***
Total pot $2 | Rake $0 
Seat 1: 50CandyJoe (big blind) folded before Flop
Seat 4: b2k-Snick (button) (small blind) collected ($2)



PokerStars Hand #254327869930:  Hold'em No Limit ($0.50/$1.00 USD) - 2025/01/12 8:52:48 WET [2025/01/12 3:52:48 ET]
Table 'Aisakos II' 6-max Seat #1 is the button
Seat 1: 50CandyJoe ($143.57 in chips) 
Seat 4: b2k-Snick ($160.95 in chips) 
50CandyJoe: posts small blind $0.50
b2k-Snick: posts big blind $1
*** HOLE CARDS ***
50CandyJoe: raises $1.50 to $2.50
b2k-Snick: calls $1.50
*** FLOP *** [3c Td 9h]
b2k-Snick: checks 
50CandyJoe: bets $3.50
b2k-Snick: calls $3.50
*** TURN *** [3c Td 9h] [Qh]
b2k-Snick: checks 
50CandyJoe: bets $7.52
b2k-Snick is connected 
b2k-Snick: calls $7.52
*** RIVER *** [3c Td 9h Qh] [2h]
b2k-Snick: checks 
50CandyJoe: checks 
*** SHOW DOWN ***
b2k-Snick: shows [Kh Js] (a straight, Nine to King)
50CandyJoe: mucks hand 
b2k-Snick collected $26.04 from pot
*** SUMMARY ***
Total pot $27.04 | Rake $1 
Board [3c Td 9h Qh 2h]
Seat 1: 50CandyJoe (button) (small blind) mucked
Seat 4: b2k-Snick (big blind) showed [Kh Js] and won ($26.04) with a straight, Nine to King



PokerStars Hand #254327875752:  Hold'em No Limit ($0.50/$1.00 USD) - 2025/01/12 8:53:49 WET [2025/01/12 3:53:49 ET]
Table 'Aisakos II' 6-max Seat #4 is the button
Seat 1: 50CandyJoe ($130.05 in chips) 
Seat 4: b2k-Snick ($173.47 in chips) 
b2k-Snick: posts small blind $0.50
50CandyJoe: posts big blind $1
*** HOLE CARDS ***
b2k-Snick: folds 
Uncalled bet ($0.50) returned to 50CandyJoe
50CandyJoe collected $1 from pot
50CandyJoe: doesn't show hand 
*** SUMMARY ***
Total pot $1 | Rake $0 
Seat 1: 50CandyJoe (big blind) collected ($1)
Seat 4: b2k-Snick (button) (small blind) folded before Flop



PokerStars Hand #254327876433:  Hold'em No Limit ($0.50/$1.00 USD) - 2025/01/12 8:53:57 WET [2025/01/12 3:53:57 ET]
Table 'Aisakos II' 6-max Seat #1 is the button
Seat 1: 50CandyJoe ($130.55 in chips) 
Seat 4: b2k-Snick ($172.97 in chips) 
50CandyJoe: posts small blind $0.50
b2k-Snick: posts big blind $1
*** HOLE CARDS ***
50CandyJoe: raises $1.50 to $2.50
b2k-Snick: folds 
Uncalled bet ($1.50) returned to 50CandyJoe
50CandyJoe collected $2 from pot
50CandyJoe: doesn't show hand 
*** SUMMARY ***
Total pot $2 | Rake $0 
Seat 1: 50CandyJoe (button) (small blind) collected ($2)
Seat 4: b2k-Snick (big blind) folded before Flop



PokerStars Hand #254327877152:  Hold'em No Limit ($0.50/$1.00 USD) - 2025/01/12 8:54:04 WET [2025/01/12 3:54:04 ET]
Table 'Aisakos II' 6-max Seat #4 is the button
Seat 1: 50CandyJoe ($131.55 in chips) 
Seat 4: b2k-Snick ($171.97 in chips) 
b2k-Snick: posts small blind $0.50
50CandyJoe: posts big blind $1
*** HOLE CARDS ***
b2k-Snick: folds 
Uncalled bet ($0.50) returned to 50CandyJoe
50CandyJoe collected $1 from pot
50CandyJoe: doesn't show hand 
*** SUMMARY ***
Total pot $1 | Rake $0 
Seat 1: 50CandyJoe (big blind) collected ($1)
Seat 4: b2k-Snick (button) (small blind) folded before Flop



PokerStars Hand #254327877837:  Hold'em No Limit ($0.50/$1.00 USD) - 2025/01/12 8:54:11 WET [2025/01/12 3:54:11 ET]
Table 'Aisakos II' 6-max Seat #1 is the button
Seat 1: 50CandyJoe ($132.05 in chips) 
Seat 4: b2k-Snick ($171.47 in chips) 
50CandyJoe: posts small blind $0.50
b2k-Snick: posts big blind $1
*** HOLE CARDS ***
50CandyJoe: folds 
Uncalled bet ($0.50) returned to b2k-Snick
b2k-Snick collected $1 from pot
b2k-Snick: doesn't show hand 
*** SUMMARY ***
Total pot $1 | Rake $0 
Seat 1: 50CandyJoe (button) (small blind) folded before Flop
Seat 4: b2k-Snick (big blind) collected ($1)



PokerStars Hand #254327878334:  Hold'em No Limit ($0.50/$1.00 USD) - 2025/01/12 8:54:16 WET [2025/01/12 3:54:16 ET]
Table 'Aisakos II' 6-max Seat #4 is the button
Seat 1: 50CandyJoe ($131.55 in chips) 
Seat 4: b2k-Snick ($171.97 in chips) 
b2k-Snick: posts small blind $0.50
50CandyJoe: posts big blind $1
*** HOLE CARDS ***
b2k-Snick: raises $1.50 to $2.50
50CandyJoe: folds 
Uncalled bet ($1.50) returned to b2k-Snick
b2k-Snick collected $2 from pot
b2k-Snick: doesn't show hand 
*** SUMMARY ***
Total pot $2 | Rake $0 
Seat 1: 50CandyJoe (big blind) folded before Flop
Seat 4: b2k-Snick (button) (small blind) collected ($2)



PokerStars Hand #254327892418:  Hold'em No Limit ($0.50/$1.00 USD) - 2025/01/12 8:57:00 WET [2025/01/12 3:57:00 ET]
Table 'Aisakos II' 6-max Seat #5 is the button
Seat 2: MAXBZT ($100 in chips) 
Seat 3: Y_19 ($100 in chips) 
Seat 4: b2k-Snick ($172.97 in chips) 
Seat 5: Kreayshawn ($100 in chips) 
Seat 6: Aescul@pius ($100 in chips) 
Aescul@pius: posts small blind $0.50
MAXBZT: posts big blind $1
*** HOLE CARDS ***
Y_19: folds 
Ysiven joins the table at seat #1 
b2k-Snick: raises $1.50 to $2.50
Kreayshawn: folds 
Aescul@pius: folds 
MAXBZT: folds 
Uncalled bet ($1.50) returned to b2k-Snick
b2k-Snick collected $2.50 from pot
b2k-Snick: doesn't show hand 
*** SUMMARY ***
Total pot $2.50 | Rake $0 
Seat 2: MAXBZT (big blind) folded before Flop
Seat 3: Y_19 folded before Flop (didn't bet)
Seat 4: b2k-Snick collected ($2.50)
Seat 5: Kreayshawn (button) folded before Flop (didn't bet)
Seat 6: Aescul@pius (small blind) folded before Flop



PokerStars Hand #254327893931:  Hold'em No Limit ($0.50/$1.00 USD) - 2025/01/12 8:57:18 WET [2025/01/12 3:57:18 ET]
Table 'Aisakos II' 6-max Seat #6 is the button
Seat 1: Ysiven ($100 in chips) is sitting out
Seat 2: MAXBZT ($99 in chips) 
Seat 3: Y_19 ($100 in chips) 
Seat 4: b2k-Snick ($174.47 in chips) 
Seat 5: Kreayshawn ($100 in chips) 
Seat 6: Aescul@pius ($100 in chips) 
MAXBZT: posts small blind $0.50
Y_19: posts big blind $1
*** HOLE CARDS ***
b2k-Snick: folds 
Kreayshawn: folds 
Aescul@pius: folds 
MAXBZT: folds 
Uncalled bet ($0.50) returned to Y_19
Y_19 collected $1 from pot
Y_19: doesn't show hand 
*** SUMMARY ***
Total pot $1 | Rake $0 
Seat 1: Ysiven
Seat 2: MAXBZT (small blind) folded before Flop
Seat 3: Y_19 (big blind) collected ($1)
Seat 4: b2k-Snick folded before Flop (didn't bet)
Seat 5: Kreayshawn folded before Flop (didn't bet)
Seat 6: Aescul@pius (button) folded before Flop (didn't bet)



PokerStars Hand #254327895686:  Hold'em No Limit ($0.50/$1.00 USD) - 2025/01/12 8:57:38 WET [2025/01/12 3:57:38 ET]
Table 'Aisakos II' 6-max Seat #2 is the button
Seat 1: Ysiven ($100 in chips) is sitting out
Seat 2: MAXBZT ($98.50 in chips) 
Seat 3: Y_19 ($100.50 in chips) 
Seat 4: b2k-Snick ($174.47 in chips) 
Seat 5: Kreayshawn ($100 in chips) 
Seat 6: Aescul@pius ($100 in chips) 
Y_19: posts small blind $0.50
b2k-Snick: posts big blind $1
Ysiven: sits out 
*** HOLE CARDS ***
Kreayshawn: raises $1.50 to $2.50
Aescul@pius: folds 
MAXBZT: folds 
Y_19: folds 
b2k-Snick: folds 
Uncalled bet ($1.50) returned to Kreayshawn
Kreayshawn collected $2.50 from pot
*** SUMMARY ***
Total pot $2.50 | Rake $0 
Seat 1: Ysiven
Seat 2: MAXBZT (button) folded before Flop (didn't bet)
Seat 3: Y_19 (small blind) folded before Flop
Seat 4: b2k-Snick (big blind) folded before Flop
Seat 5: Kreayshawn collected ($2.50)
Seat 6: Aescul@pius folded before Flop (didn't bet)



PokerStars Hand #254327898013:  Hold'em No Limit ($0.50/$1.00 USD) - 2025/01/12 8:58:05 WET [2025/01/12 3:58:05 ET]
Table 'Aisakos II' 6-max Seat #3 is the button
Seat 1: Ysiven ($100 in chips) is sitting out
Seat 2: MAXBZT ($98.50 in chips) 
Seat 3: Y_19 ($100 in chips) 
Seat 4: b2k-Snick ($173.47 in chips) 
Seat 5: Kreayshawn ($101.50 in chips) 
Seat 6: Aescul@pius ($100 in chips) 
b2k-Snick: posts small blind $0.50
Kreayshawn: posts big blind $1
Ysiven: sits out 
*** HOLE CARDS ***
Aescul@pius: folds 
MAXBZT: raises $1 to $2
Y_19: folds 
b2k-Snick: folds 
Kreayshawn: folds 
Uncalled bet ($1) returned to MAXBZT
MAXBZT collected $2.50 from pot
MAXBZT: doesn't show hand 
*** SUMMARY ***
Total pot $2.50 | Rake $0 
Seat 1: Ysiven
Seat 2: MAXBZT collected ($2.50)
Seat 3: Y_19 (button) folded before Flop (didn't bet)
Seat 4: b2k-Snick (small blind) folded before Flop
Seat 5: Kreayshawn (big blind) folded before Flop
Seat 6: Aescul@pius folded before Flop (didn't bet)



PokerStars Hand #254327900779:  Hold'em No Limit ($0.50/$1.00 USD) - 2025/01/12 8:58:37 WET [2025/01/12 3:58:37 ET]
Table 'Aisakos II' 6-max Seat #4 is the button
Seat 1: Ysiven ($100 in chips) is sitting out
Seat 2: MAXBZT ($100 in chips) 
Seat 3: Y_19 ($100 in chips) 
Seat 4: b2k-Snick ($172.97 in chips) 
Seat 5: Kreayshawn ($100.50 in chips) 
Seat 6: Aescul@pius ($100 in chips) 
Kreayshawn: posts small blind $0.50
Aescul@pius: posts big blind $1
Ysiven: sits out 
*** HOLE CARDS ***
MAXBZT: raises $1 to $2
Y_19: folds 
b2k-Snick: folds 
Kreayshawn: folds 
Aescul@pius: folds 
Uncalled bet ($1) returned to MAXBZT
MAXBZT collected $2.50 from pot
MAXBZT: doesn't show hand 
*** SUMMARY ***
Total pot $2.50 | Rake $0 
Seat 1: Ysiven
Seat 2: MAXBZT collected ($2.50)
Seat 3: Y_19 folded before Flop (didn't bet)
Seat 4: b2k-Snick (button) folded before Flop (didn't bet)
Seat 5: Kreayshawn (small blind) folded before Flop
Seat 6: Aescul@pius (big blind) folded before Flop



PokerStars Hand #254327902442:  Hold'em No Limit ($0.50/$1.00 USD) - 2025/01/12 8:58:56 WET [2025/01/12 3:58:56 ET]
Table 'Aisakos II' 6-max Seat #5 is the button
Seat 1: Ysiven ($100 in chips) 
Seat 2: MAXBZT ($101.50 in chips) 
Seat 3: Y_19 ($100 in chips) 
Seat 4: b2k-Snick ($172.97 in chips) 
Seat 5: Kreayshawn ($100 in chips) 
Seat 6: Aescul@pius ($100 in chips) 
Aescul@pius: posts small blind $0.50
Ysiven: posts big blind $1
*** HOLE CARDS ***
MAXBZT: folds 
Y_19: folds 
b2k-Snick: folds 
Kreayshawn: raises $1.50 to $2.50
Aescul@pius: folds 
Ysiven: folds 
Uncalled bet ($1.50) returned to Kreayshawn
Kreayshawn collected $2.50 from pot
*** SUMMARY ***
Total pot $2.50 | Rake $0 
Seat 1: Ysiven (big blind) folded before Flop
Seat 2: MAXBZT folded before Flop (didn't bet)
Seat 3: Y_19 folded before Flop (didn't bet)
Seat 4: b2k-Snick folded before Flop (didn't bet)
Seat 5: Kreayshawn (button) collected ($2.50)
Seat 6: Aescul@pius (small blind) folded before Flop



PokerStars Hand #254327903814:  Hold'em No Limit ($0.50/$1.00 USD) - 2025/01/12 8:59:11 WET [2025/01/12 3:59:11 ET]
Table 'Aisakos II' 6-max Seat #6 is the button
Seat 1: Ysiven ($100 in chips) 
Seat 2: MAXBZT ($101.50 in chips) 
Seat 3: Y_19 ($100 in chips) 
Seat 4: b2k-Snick ($172.97 in chips) 
Seat 5: Kreayshawn ($101.50 in chips) 
Seat 6: Aescul@pius ($100 in chips) 
Ysiven: posts small blind $0.50
MAXBZT: posts big blind $1
*** HOLE CARDS ***
Y_19: raises $1.23 to $2.23
b2k-Snick: folds 
Kreayshawn: folds 
Aescul@pius: raises $5.27 to $7.50
Ysiven: folds 
MAXBZT: folds 
Y_19: folds 
Uncalled bet ($5.27) returned to Aescul@pius
Aescul@pius collected $5.96 from pot
Aescul@pius: doesn't show hand 
*** SUMMARY ***
Total pot $5.96 | Rake $0 
Seat 1: Ysiven (small blind) folded before Flop
Seat 2: MAXBZT (big blind) folded before Flop
Seat 3: Y_19 folded before Flop
Seat 4: b2k-Snick folded before Flop (didn't bet)
Seat 5: Kreayshawn folded before Flop (didn't bet)
Seat 6: Aescul@pius (button) collected ($5.96)



PokerStars Hand #254327906105:  Hold'em No Limit ($0.50/$1.00 USD) - 2025/01/12 8:59:38 WET [2025/01/12 3:59:38 ET]
Table 'Aisakos II' 6-max Seat #1 is the button
Seat 1: Ysiven ($100 in chips) 
Seat 2: MAXBZT ($100.50 in chips) 
Seat 3: Y_19 ($100 in chips) 
Seat 4: b2k-Snick ($172.97 in chips) 
Seat 5: Kreayshawn ($101.50 in chips) 
Seat 6: Aescul@pius ($103.73 in chips) 
MAXBZT: posts small blind $0.50
Y_19: posts big blind $1
*** HOLE CARDS ***
b2k-Snick: folds 
Kreayshawn: folds 
Aescul@pius: folds 
Ysiven: folds 
MAXBZT: calls $0.50
Y_19: raises $3 to $4
MAXBZT: folds 
Uncalled bet ($3) returned to Y_19
Y_19 collected $2 from pot
Y_19: doesn't show hand 
*** SUMMARY ***
Total pot $2 | Rake $0 
Seat 1: Ysiven (button) folded before Flop (didn't bet)
Seat 2: MAXBZT (small blind) folded before Flop
Seat 3: Y_19 (big blind) collected ($2)
Seat 4: b2k-Snick folded before Flop (didn't bet)
Seat 5: Kreayshawn folded before Flop (didn't bet)
Seat 6: Aescul@pius folded before Flop (didn't bet)



PokerStars Hand #254327908726:  Hold'em No Limit ($0.50/$1.00 USD) - 2025/01/12 9:00:08 WET [2025/01/12 4:00:08 ET]
Table 'Aisakos II' 6-max Seat #2 is the button
Seat 1: Ysiven ($100 in chips) 
Seat 2: MAXBZT ($99.50 in chips) 
Seat 3: Y_19 ($101 in chips) 
Seat 4: b2k-Snick ($172.97 in chips) 
Seat 5: Kreayshawn ($101.50 in chips) 
Seat 6: Aescul@pius ($103.73 in chips) 
Y_19: posts small blind $0.50
b2k-Snick: posts big blind $1
*** HOLE CARDS ***
Kreayshawn: folds 
Aescul@pius: folds 
Ysiven: folds 
MAXBZT: calls $1
Y_19: folds 
b2k-Snick: checks 
*** FLOP *** [Kd Qd 4d]
b2k-Snick: checks 
MAXBZT: bets $2.38
b2k-Snick: folds 
Uncalled bet ($2.38) returned to MAXBZT
MAXBZT collected $2.38 from pot
MAXBZT: doesn't show hand 
*** SUMMARY ***
Total pot $2.50 | Rake $0.12 
Board [Kd Qd 4d]
Seat 1: Ysiven folded before Flop (didn't bet)
Seat 2: MAXBZT (button) collected ($2.38)
Seat 3: Y_19 (small blind) folded before Flop
Seat 4: b2k-Snick (big blind) folded on the Flop
Seat 5: Kreayshawn folded before Flop (didn't bet)
Seat 6: Aescul@pius folded before Flop (didn't bet)



PokerStars Hand #254327912292:  Hold'em No Limit ($0.50/$1.00 USD) - 2025/01/12 9:00:46 WET [2025/01/12 4:00:46 ET]
Table 'Aisakos II' 6-max Seat #3 is the button
Seat 1: Ysiven ($100 in chips) 
Seat 2: MAXBZT ($100.88 in chips) 
Seat 3: Y_19 ($100.50 in chips) 
Seat 4: b2k-Snick ($171.97 in chips) 
Seat 5: Kreayshawn ($101.50 in chips) 
Seat 6: Aescul@pius ($103.73 in chips) 
b2k-Snick: posts small blind $0.50
Kreayshawn: posts big blind $1
*** HOLE CARDS ***
Aescul@pius: folds 
Ysiven: folds 
MAXBZT: raises $2 to $3
Y_19: raises $6 to $9
b2k-Snick: folds 
Kreayshawn: folds 
MAXBZT: raises $91.88 to $100.88 and is all-in
Y_19: calls $91.50 and is all-in
Uncalled bet ($0.38) returned to MAXBZT
*** FLOP *** [Ac Kd Ts]
*** TURN *** [Ac Kd Ts] [8s]
*** RIVER *** [Ac Kd Ts 8s] [Jd]
*** SHOW DOWN ***
MAXBZT: shows [9h 9c] (a pair of Nines)
Y_19: shows [As Ad] (three of a kind, Aces)
Y_19 collected $200 from pot
MAXBZT is disconnected 
*** SUMMARY ***
Total pot $202.50 | Rake $2.50 
Board [Ac Kd Ts 8s Jd]
Seat 1: Ysiven folded before Flop (didn't bet)
Seat 2: MAXBZT showed [9h 9c] and lost with a pair of Nines
Seat 3: Y_19 (button) showed [As Ad] and won ($200) with three of a kind, Aces
Seat 4: b2k-Snick (small blind) folded before Flop
Seat 5: Kreayshawn (big blind) folded before Flop
Seat 6: Aescul@pius folded before Flop (didn't bet)



PokerStars Hand #254327915820:  Hold'em No Limit ($0.50/$1.00 USD) - 2025/01/12 9:01:24 WET [2025/01/12 4:01:24 ET]
Table 'Aisakos II' 6-max Seat #4 is the button
Seat 2: MAXBZT ($0.38 in chips) is sitting out
Seat 1: Ysiven ($100 in chips) 
Seat 3: Y_19 ($200 in chips) 
Seat 4: b2k-Snick ($171.47 in chips) 
Seat 5: Kreayshawn ($100.50 in chips) 
Seat 6: Aescul@pius ($103.73 in chips) 
Kreayshawn: posts small blind $0.50
Aescul@pius: posts big blind $1
*** HOLE CARDS ***
Ysiven: folds 
Y_19: folds 
b2k-Snick: folds 
Kreayshawn: folds 
Uncalled bet ($0.50) returned to Aescul@pius
Aescul@pius collected $1 from pot
Aescul@pius: doesn't show hand 
*** SUMMARY ***
Total pot $1 | Rake $0 
Seat 2: MAXBZT
Seat 1: Ysiven folded before Flop (didn't bet)
Seat 3: Y_19 folded before Flop (didn't bet)
Seat 4: b2k-Snick (button) folded before Flop (didn't bet)
Seat 5: Kreayshawn (small blind) folded before Flop
Seat 6: Aescul@pius (big blind) collected ($1)



PokerStars Hand #254327917436:  Hold'em No Limit ($0.50/$1.00 USD) - 2025/01/12 9:01:40 WET [2025/01/12 4:01:40 ET]
Table 'Aisakos II' 6-max Seat #5 is the button
Seat 1: Ysiven ($100 in chips) 
Seat 2: MAXBZT ($100 in chips) 
Seat 3: Y_19 ($200 in chips) 
Seat 4: b2k-Snick ($171.47 in chips) 
Seat 5: Kreayshawn ($100 in chips) 
Seat 6: Aescul@pius ($104.23 in chips) 
Aescul@pius: posts small blind $0.50
Ysiven: posts big blind $1
*** HOLE CARDS ***
MAXBZT: folds 
Y_19: folds 
b2k-Snick: folds 
Kreayshawn: folds 
Aescul@pius: folds 
Uncalled bet ($0.50) returned to Ysiven
Ysiven collected $1 from pot
Ysiven: doesn't show hand 
*** SUMMARY ***
Total pot $1 | Rake $0 
Seat 1: Ysiven (big blind) collected ($1)
Seat 2: MAXBZT folded before Flop (didn't bet)
Seat 3: Y_19 folded before Flop (didn't bet)
Seat 4: b2k-Snick folded before Flop (didn't bet)
Seat 5: Kreayshawn (button) folded before Flop (didn't bet)
Seat 6: Aescul@pius (small blind) folded before Flop



PokerStars Hand #254327919574:  Hold'em No Limit ($0.50/$1.00 USD) - 2025/01/12 9:02:02 WET [2025/01/12 4:02:02 ET]
Table 'Aisakos II' 6-max Seat #6 is the button
Seat 1: Ysiven ($100.50 in chips) 
Seat 2: MAXBZT ($100 in chips) 
Seat 3: Y_19 ($200 in chips) 
Seat 4: b2k-Snick ($171.47 in chips) 
Seat 5: Kreayshawn ($100 in chips) 
Seat 6: Aescul@pius ($103.73 in chips) 
Ysiven: posts small blind $0.50
MAXBZT: posts big blind $1
*** HOLE CARDS ***
Y_19: folds 
b2k-Snick: raises $1.10 to $2.10
Kreayshawn: folds 
Aescul@pius: calls $2.10
Ysiven: folds 
MAXBZT: folds 
*** FLOP *** [6s Jc Kc]
b2k-Snick: bets $2.98
Aescul@pius: folds 
Uncalled bet ($2.98) returned to b2k-Snick
b2k-Snick collected $5.42 from pot
b2k-Snick: doesn't show hand 
*** SUMMARY ***
Total pot $5.70 | Rake $0.28 
Board [6s Jc Kc]
Seat 1: Ysiven (small blind) folded before Flop
Seat 2: MAXBZT (big blind) folded before Flop
Seat 3: Y_19 folded before Flop (didn't bet)
Seat 4: b2k-Snick collected ($5.42)
Seat 5: Kreayshawn folded before Flop (didn't bet)
Seat 6: Aescul@pius (button) folded on the Flop



PokerStars Hand #254327922788:  Hold'em No Limit ($0.50/$1.00 USD) - 2025/01/12 9:02:35 WET [2025/01/12 4:02:35 ET]
Table 'Aisakos II' 6-max Seat #1 is the button
Seat 1: Ysiven ($100 in chips) 
Seat 2: MAXBZT ($99 in chips) 
Seat 3: Y_19 ($200 in chips) 
Seat 4: b2k-Snick ($174.79 in chips) 
Seat 5: Kreayshawn ($100 in chips) 
Seat 6: Aescul@pius ($101.63 in chips) 
MAXBZT: posts small blind $0.50
Y_19: posts big blind $1
*** HOLE CARDS ***
b2k-Snick: folds 
Kreayshawn: folds 
Aescul@pius: folds 
Ysiven: raises $1.50 to $2.50
MAXBZT: folds 
Y_19: folds 
Uncalled bet ($1.50) returned to Ysiven
Ysiven collected $2.50 from pot
Ysiven: doesn't show hand 
*** SUMMARY ***
Total pot $2.50 | Rake $0 
Seat 1: Ysiven (button) collected ($2.50)
Seat 2: MAXBZT (small blind) folded before Flop
Seat 3: Y_19 (big blind) folded before Flop
Seat 4: b2k-Snick folded before Flop (didn't bet)
Seat 5: Kreayshawn folded before Flop (didn't bet)
Seat 6: Aescul@pius folded before Flop (didn't bet)



PokerStars Hand #254327925179:  Hold'em No Limit ($0.50/$1.00 USD) - 2025/01/12 9:02:59 WET [2025/01/12 4:02:59 ET]
Table 'Aisakos II' 6-max Seat #2 is the button
Seat 1: Ysiven ($101.50 in chips) 
Seat 2: MAXBZT ($98.50 in chips) 
Seat 3: Y_19 ($199 in chips) 
Seat 4: b2k-Snick ($174.79 in chips) 
Seat 5: Kreayshawn ($100 in chips) 
Seat 6: Aescul@pius ($101.63 in chips) 
Y_19: posts small blind $0.50
b2k-Snick: posts big blind $1
*** HOLE CARDS ***
Kreayshawn: folds 
Aescul@pius: folds 
Ysiven: folds 
MAXBZT: folds 
Y_19: folds 
Uncalled bet ($0.50) returned to b2k-Snick
b2k-Snick collected $1 from pot
b2k-Snick: doesn't show hand 
*** SUMMARY ***
Total pot $1 | Rake $0 
Seat 1: Ysiven folded before Flop (didn't bet)
Seat 2: MAXBZT (button) folded before Flop (didn't bet)
Seat 3: Y_19 (small blind) folded before Flop
Seat 4: b2k-Snick (big blind) collected ($1)
Seat 5: Kreayshawn folded before Flop (didn't bet)
Seat 6: Aescul@pius folded before Flop (didn't bet)



PokerStars Hand #254327926705:  Hold'em No Limit ($0.50/$1.00 USD) - 2025/01/12 9:03:14 WET [2025/01/12 4:03:14 ET]
Table 'Aisakos II' 6-max Seat #3 is the button
Seat 5: Kreayshawn ($100 in chips) is sitting out
Seat 1: Ysiven ($101.50 in chips) 
Seat 2: MAXBZT ($98.50 in chips) 
Seat 3: Y_19 ($198.50 in chips) 
Seat 4: b2k-Snick ($175.29 in chips) 
Seat 6: Aescul@pius ($101.63 in chips) 
b2k-Snick: posts small blind $0.50
Kreayshawn: is sitting out 
Aescul@pius: posts big blind $1
*** HOLE CARDS ***
Ysiven: folds 
MAXBZT: folds 
Y_19: raises $1.23 to $2.23
b2k-Snick: folds 
Aescul@pius: folds 
Uncalled bet ($1.23) returned to Y_19
Y_19 collected $2.50 from pot
Y_19: doesn't show hand 
*** SUMMARY ***
Total pot $2.50 | Rake $0 
Seat 5: Kreayshawn
Seat 1: Ysiven folded before Flop (didn't bet)
Seat 2: MAXBZT folded before Flop (didn't bet)
Seat 3: Y_19 (button) collected ($2.50)
Seat 4: b2k-Snick (small blind) folded before Flop
Seat 6: Aescul@pius (big blind) folded before Flop



PokerStars Hand #254327928959:  Hold'em No Limit ($0.50/$1.00 USD) - 2025/01/12 9:03:38 WET [2025/01/12 4:03:38 ET]
Table 'Aisakos II' 6-max Seat #4 is the button
Seat 5: Kreayshawn ($100 in chips) is sitting out
Seat 1: Ysiven ($101.50 in chips) 
Seat 2: MAXBZT ($98.50 in chips) 
Seat 3: Y_19 ($200 in chips) 
Seat 4: b2k-Snick ($174.79 in chips) 
Seat 6: Aescul@pius ($100.63 in chips) 
Aescul@pius: posts small blind $0.50
Ysiven: posts big blind $1
*** HOLE CARDS ***
MAXBZT: folds 
Y_19: raises $1.23 to $2.23
b2k-Snick: folds 
Aescul@pius: folds 
Ysiven: folds 
Uncalled bet ($1.23) returned to Y_19
Y_19 collected $2.50 from pot
Y_19: doesn't show hand 
*** SUMMARY ***
Total pot $2.50 | Rake $0 
Seat 5: Kreayshawn
Seat 1: Ysiven (big blind) folded before Flop
Seat 2: MAXBZT folded before Flop (didn't bet)
Seat 3: Y_19 collected ($2.50)
Seat 4: b2k-Snick (button) folded before Flop (didn't bet)
Seat 6: Aescul@pius (small blind) folded before Flop



PokerStars Hand #254327930461:  Hold'em No Limit ($0.50/$1.00 USD) - 2025/01/12 9:03:53 WET [2025/01/12 4:03:53 ET]
Table 'Aisakos II' 6-max Seat #6 is the button
Seat 5: Kreayshawn ($100 in chips) is sitting out
Seat 1: Ysiven ($100.50 in chips) 
Seat 2: MAXBZT ($98.50 in chips) 
Seat 3: Y_19 ($201.50 in chips) 
Seat 4: b2k-Snick ($174.79 in chips) 
Seat 6: Aescul@pius ($100.13 in chips) 
Ysiven: posts small blind $0.50
MAXBZT: posts big blind $1
Kreayshawn: sits out 
*** HOLE CARDS ***
Y_19: folds 
b2k-Snick: folds 
Aescul@pius: raises $1.50 to $2.50
Ysiven: folds 
MAXBZT: calls $1.50
*** FLOP *** [8h 8d 3c]
MAXBZT: bets $5.22
Aescul@pius: calls $5.22
*** TURN *** [8h 8d 3c] [9c]
MAXBZT: checks 
Aescul@pius: bets $11.82
MAXBZT: folds 
Uncalled bet ($11.82) returned to Aescul@pius
Aescul@pius collected $15.14 from pot
Aescul@pius: doesn't show hand 
*** SUMMARY ***
Total pot $15.94 | Rake $0.80 
Board [8h 8d 3c 9c]
Seat 5: Kreayshawn
Seat 1: Ysiven (small blind) folded before Flop
Seat 2: MAXBZT (big blind) folded on the Turn
Seat 3: Y_19 folded before Flop (didn't bet)
Seat 4: b2k-Snick folded before Flop (didn't bet)
Seat 6: Aescul@pius (button) collected ($15.14)



PokerStars Hand #254327936472:  Hold'em No Limit ($0.50/$1.00 USD) - 2025/01/12 9:04:54 WET [2025/01/12 4:04:54 ET]
Table 'Aisakos II' 6-max Seat #1 is the button
Seat 5: Kreayshawn ($100 in chips) is sitting out
Seat 1: Ysiven ($100 in chips) 
Seat 2: MAXBZT ($90.78 in chips) 
Seat 3: Y_19 ($201.50 in chips) 
Seat 4: b2k-Snick ($174.79 in chips) 
Seat 6: Aescul@pius ($107.55 in chips) 
MAXBZT: posts small blind $0.50
Y_19: posts big blind $1
Kreayshawn: sits out 
*** HOLE CARDS ***
b2k-Snick: folds 
Aescul@pius: folds 
Ysiven: folds 
MAXBZT: folds 
Uncalled bet ($0.50) returned to Y_19
Y_19 collected $1 from pot
Y_19: doesn't show hand 
*** SUMMARY ***
Total pot $1 | Rake $0 
Seat 5: Kreayshawn
Seat 1: Ysiven (button) folded before Flop (didn't bet)
Seat 2: MAXBZT (small blind) folded before Flop
Seat 3: Y_19 (big blind) collected ($1)
Seat 4: b2k-Snick folded before Flop (didn't bet)
Seat 6: Aescul@pius folded before Flop (didn't bet)



PokerStars Hand #254327937740:  Hold'em No Limit ($0.50/$1.00 USD) - 2025/01/12 9:05:07 WET [2025/01/12 4:05:07 ET]
Table 'Aisakos II' 6-max Seat #2 is the button
Seat 5: Kreayshawn ($100 in chips) is sitting out
Seat 1: Ysiven ($100 in chips) 
Seat 2: MAXBZT ($90.28 in chips) 
Seat 3: Y_19 ($202 in chips) 
Seat 4: b2k-Snick ($174.79 in chips) 
Seat 6: Aescul@pius ($107.55 in chips) 
Y_19: posts small blind $0.50
b2k-Snick: posts big blind $1
Kreayshawn: sits out 
*** HOLE CARDS ***
Aescul@pius: folds 
Ysiven: folds 
MAXBZT: folds 
Y_19: raises $2 to $3
b2k-Snick: folds 
Uncalled bet ($2) returned to Y_19
Y_19 collected $2 from pot
Y_19: doesn't show hand 
*** SUMMARY ***
Total pot $2 | Rake $0 
Seat 5: Kreayshawn
Seat 1: Ysiven folded before Flop (didn't bet)
Seat 2: MAXBZT (button) folded before Flop (didn't bet)
Seat 3: Y_19 (small blind) collected ($2)
Seat 4: b2k-Snick (big blind) folded before Flop
Seat 6: Aescul@pius folded before Flop (didn't bet)



PokerStars Hand #254327939227:  Hold'em No Limit ($0.50/$1.00 USD) - 2025/01/12 9:05:22 WET [2025/01/12 4:05:22 ET]
Table 'Aisakos II' 6-max Seat #3 is the button
Seat 1: Ysiven ($100 in chips) 
Seat 2: MAXBZT ($90.28 in chips) 
Seat 3: Y_19 ($203 in chips) 
Seat 4: b2k-Snick ($173.79 in chips) 
Seat 5: Kreayshawn ($100 in chips) 
Seat 6: Aescul@pius ($107.55 in chips) 
b2k-Snick: posts small blind $0.50
Kreayshawn: posts big blind $1
*** HOLE CARDS ***
Aescul@pius: folds 
Ysiven: folds 
MAXBZT: raises $2 to $3
Y_19: folds 
b2k-Snick: folds 
Kreayshawn: folds 
Uncalled bet ($2) returned to MAXBZT
MAXBZT collected $2.50 from pot
*** SUMMARY ***
Total pot $2.50 | Rake $0 
Seat 1: Ysiven folded before Flop (didn't bet)
Seat 2: MAXBZT collected ($2.50)
Seat 3: Y_19 (button) folded before Flop (didn't bet)
Seat 4: b2k-Snick (small blind) folded before Flop
Seat 5: Kreayshawn (big blind) folded before Flop
Seat 6: Aescul@pius folded before Flop (didn't bet)



PokerStars Hand #254327940391:  Hold'em No Limit ($0.50/$1.00 USD) - 2025/01/12 9:05:34 WET [2025/01/12 4:05:34 ET]
Table 'Aisakos II' 6-max Seat #4 is the button
Seat 1: Ysiven ($100 in chips) 
Seat 2: MAXBZT ($91.78 in chips) 
Seat 3: Y_19 ($203 in chips) 
Seat 4: b2k-Snick ($173.29 in chips) 
Seat 5: Kreayshawn ($100 in chips) 
Seat 6: Aescul@pius ($107.55 in chips) 
Kreayshawn: posts small blind $0.50
Aescul@pius: posts big blind $1
*** HOLE CARDS ***
Ysiven: folds 
MAXBZT: folds 
Y_19: folds 
b2k-Snick: raises $1.50 to $2.50
Kreayshawn: raises $9.50 to $12
Aescul@pius: folds 
b2k-Snick: calls $9.50
*** FLOP *** [Th 2c 8s]
Kreayshawn: bets $12.11
b2k-Snick: calls $12.11
*** TURN *** [Th 2c 8s] [9c]
Kreayshawn: checks 
b2k-Snick: checks 
*** RIVER *** [Th 2c 8s 9c] [5s]
Kreayshawn: checks 
b2k-Snick: checks 
*** SHOW DOWN ***
Kreayshawn: shows [Qh Kh] (high card King)
b2k-Snick: shows [As Ts] (a pair of Tens)
b2k-Snick collected $46.76 from pot
*** SUMMARY ***
Total pot $49.22 | Rake $2.46 
Board [Th 2c 8s 9c 5s]
Seat 1: Ysiven folded before Flop (didn't bet)
Seat 2: MAXBZT folded before Flop (didn't bet)
Seat 3: Y_19 folded before Flop (didn't bet)
Seat 4: b2k-Snick (button) showed [As Ts] and won ($46.76) with a pair of Tens
Seat 5: Kreayshawn (small blind) showed [Qh Kh] and lost with high card King
Seat 6: Aescul@pius (big blind) folded before Flop



PokerStars Hand #254327949215:  Hold'em No Limit ($0.50/$1.00 USD) - 2025/01/12 9:07:02 WET [2025/01/12 4:07:02 ET]
Table 'Aisakos II' 6-max Seat #5 is the button
Seat 1: Ysiven ($100 in chips) 
Seat 2: MAXBZT ($91.78 in chips) 
Seat 3: Y_19 ($203 in chips) 
Seat 4: b2k-Snick ($195.94 in chips) 
Seat 5: Kreayshawn ($100 in chips) 
Seat 6: Aescul@pius ($106.55 in chips) 
Aescul@pius: posts small blind $0.50
Ysiven: posts big blind $1
*** HOLE CARDS ***
MAXBZT: folds 
Y_19: folds 
MAXBZT leaves the table
b2k-Snick: folds 
Kreayshawn: folds 
Aescul@pius: raises $2 to $3
Ysiven: calls $2
*** FLOP *** [8s Ac Kd]
Aescul@pius: checks 
Vladk307 joins the table at seat #2 
Ysiven: checks 
*** TURN *** [8s Ac Kd] [Jd]
Aescul@pius: bets $5.20
Ysiven: folds 
Uncalled bet ($5.20) returned to Aescul@pius
Aescul@pius collected $5.70 from pot
Aescul@pius: doesn't show hand 
*** SUMMARY ***
Total pot $6 | Rake $0.30 
Board [8s Ac Kd Jd]
Seat 1: Ysiven (big blind) folded on the Turn
Seat 2: MAXBZT folded before Flop (didn't bet)
Seat 3: Y_19 folded before Flop (didn't bet)
Seat 4: b2k-Snick folded before Flop (didn't bet)
Seat 5: Kreayshawn (button) folded before Flop (didn't bet)
Seat 6: Aescul@pius (small blind) collected ($5.70)



PokerStars Hand #254327955460:  Hold'em No Limit ($0.50/$1.00 USD) - 2025/01/12 9:08:03 WET [2025/01/12 4:08:03 ET]
Table 'Aisakos II' 6-max Seat #6 is the button
Seat 1: Ysiven ($100 in chips) 
Seat 2: Vladk307 ($100 in chips) 
Seat 3: Y_19 ($203 in chips) 
Seat 4: b2k-Snick ($195.94 in chips) 
Seat 5: Kreayshawn ($100 in chips) 
Seat 6: Aescul@pius ($109.25 in chips) 
Ysiven: posts small blind $0.50
Vladk307: posts big blind $1
*** HOLE CARDS ***
Y_19: folds 
b2k-Snick: folds 
Kreayshawn: raises $1.50 to $2.50
Aescul@pius: folds 
Ysiven: raises $9 to $11.50
Vladk307: folds 
Kreayshawn: folds 
Uncalled bet ($9) returned to Ysiven
Ysiven collected $6 from pot
Ysiven: doesn't show hand 
*** SUMMARY ***
Total pot $6 | Rake $0 
Seat 1: Ysiven (small blind) collected ($6)
Seat 2: Vladk307 (big blind) folded before Flop
Seat 3: Y_19 folded before Flop (didn't bet)
Seat 4: b2k-Snick folded before Flop (didn't bet)
Seat 5: Kreayshawn folded before Flop
Seat 6: Aescul@pius (button) folded before Flop (didn't bet)



PokerStars Hand #254327960440:  Hold'em No Limit ($0.50/$1.00 USD) - 2025/01/12 9:08:53 WET [2025/01/12 4:08:53 ET]
Table 'Aisakos II' 6-max Seat #1 is the button
Seat 1: Ysiven ($103.50 in chips) 
Seat 2: Vladk307 ($99 in chips) 
Seat 3: Y_19 ($203 in chips) 
Seat 4: b2k-Snick ($195.94 in chips) 
Seat 5: Kreayshawn ($100 in chips) 
Seat 6: Aescul@pius ($109.25 in chips) 
Vladk307: posts small blind $0.50
Y_19: posts big blind $1
*** HOLE CARDS ***
b2k-Snick: folds 
Kreayshawn: raises $1.50 to $2.50
Aescul@pius: folds 
Ysiven: folds 
Vladk307: folds 
Y_19: folds 
Uncalled bet ($1.50) returned to Kreayshawn
Kreayshawn collected $2.50 from pot
*** SUMMARY ***
Total pot $2.50 | Rake $0 
Seat 1: Ysiven (button) folded before Flop (didn't bet)
Seat 2: Vladk307 (small blind) folded before Flop
Seat 3: Y_19 (big blind) folded before Flop
Seat 4: b2k-Snick folded before Flop (didn't bet)
Seat 5: Kreayshawn collected ($2.50)
Seat 6: Aescul@pius folded before Flop (didn't bet)



PokerStars Hand #254327961839:  Hold'em No Limit ($0.50/$1.00 USD) - 2025/01/12 9:09:07 WET [2025/01/12 4:09:07 ET]
Table 'Aisakos II' 6-max Seat #2 is the button
Seat 4: b2k-Snick ($195.94 in chips) is sitting out
Seat 1: Ysiven ($103.50 in chips) 
Seat 2: Vladk307 ($98.50 in chips) 
Seat 3: Y_19 ($202 in chips) 
Seat 5: Kreayshawn ($101.50 in chips) 
Seat 6: Aescul@pius ($109.25 in chips) 
Y_19: posts small blind $0.50
b2k-Snick: is sitting out 
Kreayshawn: posts big blind $1
*** HOLE CARDS ***
b2k-Snick leaves the table
Aescul@pius: folds 
Ysiven: folds 
Vladk307: folds 
Y_19: raises $2 to $3
Kreayshawn: folds 
Uncalled bet ($2) returned to Y_19
Y_19 collected $2 from pot
Y_19: doesn't show hand 
*** SUMMARY ***
Total pot $2 | Rake $0 
Seat 4: b2k-Snick
Seat 1: Ysiven folded before Flop (didn't bet)
Seat 2: Vladk307 (button) folded before Flop (didn't bet)
Seat 3: Y_19 (small blind) collected ($2)
Seat 5: Kreayshawn (big blind) folded before Flop
Seat 6: Aescul@pius folded before Flop (didn't bet)



PokerStars Hand #254327963609:  Hold'em No Limit ($0.50/$1.00 USD) - 2025/01/12 9:09:24 WET [2025/01/12 4:09:24 ET]
Table 'Aisakos II' 6-max Seat #3 is the button
Seat 1: Ysiven ($103.50 in chips) 
Seat 2: Vladk307 ($98.50 in chips) 
Seat 3: Y_19 ($203 in chips) 
Seat 5: Kreayshawn ($100.50 in chips) 
Seat 6: Aescul@pius ($109.25 in chips) 
Kreayshawn: posts small blind $0.50
Aescul@pius: posts big blind $1
*** HOLE CARDS ***
Ysiven: raises $1 to $2
Vladk307: folds 
Y_19: folds 
Kreayshawn: folds 
Aescul@pius: folds 
Uncalled bet ($1) returned to Ysiven
Ysiven collected $2.50 from pot
Ysiven: doesn't show hand 
Kreayshawn leaves the table
*** SUMMARY ***
Total pot $2.50 | Rake $0 
Seat 1: Ysiven collected ($2.50)
Seat 2: Vladk307 folded before Flop (didn't bet)
Seat 3: Y_19 (button) folded before Flop (didn't bet)
Seat 5: Kreayshawn (small blind) folded before Flop
Seat 6: Aescul@pius (big blind) folded before Flop



PokerStars Hand #254327965309:  Hold'em No Limit ($0.50/$1.00 USD) - 2025/01/12 9:09:41 WET [2025/01/12 4:09:41 ET]
Table 'Aisakos II' 6-max Seat #6 is the button
Seat 1: Ysiven ($105 in chips) 
Seat 2: Vladk307 ($98.50 in chips) 
Seat 3: Y_19 ($203 in chips) 
Seat 6: Aescul@pius ($108.25 in chips) 
Ysiven: posts small blind $0.50
Vladk307: posts big blind $1
*** HOLE CARDS ***
Y_19: folds 
Aescul@pius: raises $1.50 to $2.50
Ysiven: raises $9.50 to $12
Vladk307: folds 
Aescul@pius: folds 
Uncalled bet ($9.50) returned to Ysiven
Ysiven collected $6 from pot
Ysiven: doesn't show hand 
*** SUMMARY ***
Total pot $6 | Rake $0 
Seat 1: Ysiven (small blind) collected ($6)
Seat 2: Vladk307 (big blind) folded before Flop
Seat 3: Y_19 folded before Flop (didn't bet)
Seat 6: Aescul@pius (button) folded before Flop



PokerStars Hand #254327968342:  Hold'em No Limit ($0.50/$1.00 USD) - 2025/01/12 9:10:10 WET [2025/01/12 4:10:10 ET]
Table 'Aisakos II' 6-max Seat #1 is the button
Seat 1: Ysiven ($108.50 in chips) 
Seat 2: Vladk307 ($97.50 in chips) 
Seat 3: Y_19 ($203 in chips) 
Seat 6: Aescul@pius ($105.75 in chips) 
Vladk307: posts small blind $0.50
Y_19: posts big blind $1
*** HOLE CARDS ***
Aescul@pius: folds 
Ysiven: raises $1.50 to $2.50
Vladk307: raises $8.50 to $11
Y_19: folds 
Ysiven: calls $8.50
*** FLOP *** [7h 5d Ks]
Vladk307: bets $7
Ysiven: folds 
Uncalled bet ($7) returned to Vladk307
Vladk307 collected $22 from pot
Vladk307: doesn't show hand 
*** SUMMARY ***
Total pot $23 | Rake $1 
Board [7h 5d Ks]
Seat 1: Ysiven (button) folded on the Flop
Seat 2: Vladk307 (small blind) collected ($22)
Seat 3: Y_19 (big blind) folded before Flop
Seat 6: Aescul@pius folded before Flop (didn't bet)



PokerStars Hand #254327972937:  Hold'em No Limit ($0.50/$1.00 USD) - 2025/01/12 9:10:56 WET [2025/01/12 4:10:56 ET]
Table 'Aisakos II' 6-max Seat #2 is the button
Seat 1: Ysiven ($100 in chips) 
Seat 2: Vladk307 ($108.50 in chips) 
Seat 3: Y_19 ($202 in chips) 
Seat 6: Aescul@pius ($105.75 in chips) 
Y_19: posts small blind $0.50
Aescul@pius: posts big blind $1
*** HOLE CARDS ***
Ysiven: folds 
Vladk307: folds 
Y_19: folds 
Uncalled bet ($0.50) returned to Aescul@pius
Aescul@pius collected $1 from pot
Aescul@pius: doesn't show hand 
*** SUMMARY ***
Total pot $1 | Rake $0 
Seat 1: Ysiven folded before Flop (didn't bet)
Seat 2: Vladk307 (button) folded before Flop (didn't bet)
Seat 3: Y_19 (small blind) folded before Flop
Seat 6: Aescul@pius (big blind) collected ($1)



PokerStars Hand #254328104006:  Hold'em No Limit ($0.50/$1.00 USD) - 2025/01/12 9:31:45 WET [2025/01/12 4:31:45 ET]
Table 'Aisakos II' 6-max Seat #3 is the button
Seat 1: Ysiven ($119.60 in chips) 
Seat 2: Vladk307 ($120.40 in chips) 
Seat 3: Dulejunge ($92.88 in chips) 
Seat 4: greggerlive ($99.50 in chips) 
Seat 5: LuckyShikari ($106.50 in chips) 
Seat 6: Aescul@pius ($110.80 in chips) 
greggerlive: posts small blind $0.50
LuckyShikari: posts big blind $1
*** HOLE CARDS ***
Aescul@pius: folds 
Ysiven: raises $1 to $2
Vladk307: folds 
Dulejunge: raises $5 to $7
greggerlive: folds 
LuckyShikari: folds 
Ysiven: folds 
Uncalled bet ($5) returned to Dulejunge
Dulejunge collected $5.50 from pot
*** SUMMARY ***
Total pot $5.50 | Rake $0 
Seat 1: Ysiven folded before Flop
Seat 2: Vladk307 folded before Flop (didn't bet)
Seat 3: Dulejunge (button) collected ($5.50)
Seat 4: greggerlive (small blind) folded before Flop
Seat 5: LuckyShikari (big blind) folded before Flop
Seat 6: Aescul@pius folded before Flop (didn't bet)



PokerStars Hand #254328107590:  Hold'em No Limit ($0.50/$1.00 USD) - 2025/01/12 9:32:18 WET [2025/01/12 4:32:18 ET]
Table 'Aisakos II' 6-max Seat #4 is the button
Seat 1: Ysiven ($117.60 in chips) 
Seat 2: Vladk307 ($120.40 in chips) 
Seat 3: Dulejunge ($96.38 in chips) 
Seat 4: greggerlive ($99 in chips) 
Seat 5: LuckyShikari ($105.50 in chips) 
Seat 6: Aescul@pius ($110.80 in chips) 
LuckyShikari: posts small blind $0.50
Aescul@pius: posts big blind $1
*** HOLE CARDS ***
Ysiven: raises $1 to $2
Vladk307: folds 
Dulejunge: folds 
greggerlive: folds 
LuckyShikari: folds 
Aescul@pius: folds 
Uncalled bet ($1) returned to Ysiven
Ysiven collected $2.50 from pot
Ysiven: doesn't show hand 
*** SUMMARY ***
Total pot $2.50 | Rake $0 
Seat 1: Ysiven collected ($2.50)
Seat 2: Vladk307 folded before Flop (didn't bet)
Seat 3: Dulejunge folded before Flop (didn't bet)
Seat 4: greggerlive (button) folded before Flop (didn't bet)
Seat 5: LuckyShikari (small blind) folded before Flop
Seat 6: Aescul@pius (big blind) folded before Flop



PokerStars Hand #254328109602:  Hold'em No Limit ($0.50/$1.00 USD) - 2025/01/12 9:32:36 WET [2025/01/12 4:32:36 ET]
Table 'Aisakos II' 6-max Seat #5 is the button
Seat 1: Ysiven ($119.10 in chips) 
Seat 2: Vladk307 ($120.40 in chips) 
Seat 3: Dulejunge ($96.38 in chips) 
Seat 4: greggerlive ($99 in chips) 
Seat 5: LuckyShikari ($105 in chips) 
Seat 6: Aescul@pius ($109.80 in chips) 
Aescul@pius: posts small blind $0.50
Ysiven: posts big blind $1
*** HOLE CARDS ***
Vladk307: folds 
Dulejunge: raises $1.50 to $2.50
greggerlive: folds 
LuckyShikari: folds 
Aescul@pius: folds 
Ysiven: folds 
Uncalled bet ($1.50) returned to Dulejunge
Dulejunge collected $2.50 from pot
*** SUMMARY ***
Total pot $2.50 | Rake $0 
Seat 1: Ysiven (big blind) folded before Flop
Seat 2: Vladk307 folded before Flop (didn't bet)
Seat 3: Dulejunge collected ($2.50)
Seat 4: greggerlive folded before Flop (didn't bet)
Seat 5: LuckyShikari (button) folded before Flop (didn't bet)
Seat 6: Aescul@pius (small blind) folded before Flop



PokerStars Hand #254328111919:  Hold'em No Limit ($0.50/$1.00 USD) - 2025/01/12 9:32:56 WET [2025/01/12 4:32:56 ET]
Table 'Aisakos II' 6-max Seat #6 is the button
Seat 1: Ysiven ($118.10 in chips) 
Seat 2: Vladk307 ($120.40 in chips) 
Seat 3: Dulejunge ($97.88 in chips) 
Seat 4: greggerlive ($99 in chips) 
Seat 5: LuckyShikari ($105 in chips) 
Seat 6: Aescul@pius ($109.30 in chips) 
Ysiven: posts small blind $0.50
Vladk307: posts big blind $1
*** HOLE CARDS ***
Dulejunge: folds 
greggerlive: folds 
LuckyShikari: folds 
Aescul@pius: folds 
Ysiven: folds 
Uncalled bet ($0.50) returned to Vladk307
Vladk307 collected $1 from pot
Vladk307: doesn't show hand 
*** SUMMARY ***
Total pot $1 | Rake $0 
Seat 1: Ysiven (small blind) folded before Flop
Seat 2: Vladk307 (big blind) collected ($1)
Seat 3: Dulejunge folded before Flop (didn't bet)
Seat 4: greggerlive folded before Flop (didn't bet)
Seat 5: LuckyShikari folded before Flop (didn't bet)
Seat 6: Aescul@pius (button) folded before Flop (didn't bet)



PokerStars Hand #254328114217:  Hold'em No Limit ($0.50/$1.00 USD) - 2025/01/12 9:33:17 WET [2025/01/12 4:33:17 ET]
Table 'Aisakos II' 6-max Seat #1 is the button
Seat 1: Ysiven ($117.60 in chips) 
Seat 2: Vladk307 ($120.90 in chips) 
Seat 3: Dulejunge ($97.88 in chips) 
Seat 4: greggerlive ($99 in chips) 
Seat 5: LuckyShikari ($105 in chips) 
Seat 6: Aescul@pius ($109.30 in chips) 
Vladk307: posts small blind $0.50
Dulejunge: posts big blind $1
*** HOLE CARDS ***
greggerlive: raises $3 to $4
LuckyShikari: folds 
Aescul@pius: folds 
Ysiven: folds 
Vladk307: folds 
Dulejunge: folds 
Uncalled bet ($3) returned to greggerlive
greggerlive collected $2.50 from pot
*** SUMMARY ***
Total pot $2.50 | Rake $0 
Seat 1: Ysiven (button) folded before Flop (didn't bet)
Seat 2: Vladk307 (small blind) folded before Flop
Seat 3: Dulejunge (big blind) folded before Flop
Seat 4: greggerlive collected ($2.50)
Seat 5: LuckyShikari folded before Flop (didn't bet)
Seat 6: Aescul@pius folded before Flop (didn't bet)



PokerStars Hand #254328116187:  Hold'em No Limit ($0.50/$1.00 USD) - 2025/01/12 9:33:35 WET [2025/01/12 4:33:35 ET]
Table 'Aisakos II' 6-max Seat #2 is the button
Seat 1: Ysiven ($117.60 in chips) 
Seat 2: Vladk307 ($120.40 in chips) 
Seat 3: Dulejunge ($96.88 in chips) 
Seat 4: greggerlive ($100.50 in chips) 
Seat 5: LuckyShikari ($105 in chips) 
Seat 6: Aescul@pius ($109.30 in chips) 
Dulejunge: posts small blind $0.50
greggerlive: posts big blind $1
*** HOLE CARDS ***
LuckyShikari: folds 
Aescul@pius: folds 
Ysiven: folds 
Vladk307: folds 
Dulejunge: raises $1.50 to $2.50
greggerlive: calls $1.50
*** FLOP *** [2d Qh Kd]
Dulejunge: checks 
greggerlive: bets $4.75
Dulejunge: folds 
Uncalled bet ($4.75) returned to greggerlive
greggerlive collected $4.75 from pot
*** SUMMARY ***
Total pot $5 | Rake $0.25 
Board [2d Qh Kd]
Seat 1: Ysiven folded before Flop (didn't bet)
Seat 2: Vladk307 (button) folded before Flop (didn't bet)
Seat 3: Dulejunge (small blind) folded on the Flop
Seat 4: greggerlive (big blind) collected ($4.75)
Seat 5: LuckyShikari folded before Flop (didn't bet)
Seat 6: Aescul@pius folded before Flop (didn't bet)



PokerStars Hand #254328119134:  Hold'em No Limit ($0.50/$1.00 USD) - 2025/01/12 9:34:01 WET [2025/01/12 4:34:01 ET]
Table 'Aisakos II' 6-max Seat #3 is the button
Seat 1: Ysiven ($117.60 in chips) 
Seat 2: Vladk307 ($120.40 in chips) 
Seat 3: Dulejunge ($94.38 in chips) 
Seat 4: greggerlive ($102.75 in chips) 
Seat 5: LuckyShikari ($105 in chips) 
Seat 6: Aescul@pius ($109.30 in chips) 
greggerlive: posts small blind $0.50
LuckyShikari: posts big blind $1
*** HOLE CARDS ***
Aescul@pius: folds 
Ysiven: folds 
Vladk307: folds 
Dulejunge: raises $1.50 to $2.50
greggerlive: calls $2
LuckyShikari: folds 
*** FLOP *** [8d Ks Qc]
greggerlive: checks 
Dulejunge: checks 
*** TURN *** [8d Ks Qc] [Ad]
greggerlive: bets $2.85
Dulejunge: raises $5.85 to $8.70
greggerlive: calls $5.85
*** RIVER *** [8d Ks Qc Ad] [9d]
greggerlive: bets $11.12
Dulejunge: raises $72.06 to $83.18 and is all-in
greggerlive: folds 
Uncalled bet ($72.06) returned to Dulejunge
Dulejunge collected $42.79 from pot
*** SUMMARY ***
Total pot $45.64 | Rake $2.85 
Board [8d Ks Qc Ad 9d]
Seat 1: Ysiven folded before Flop (didn't bet)
Seat 2: Vladk307 folded before Flop (didn't bet)
Seat 3: Dulejunge (button) collected ($42.79)
Seat 4: greggerlive (small blind) folded on the River
Seat 5: LuckyShikari (big blind) folded before Flop
Seat 6: Aescul@pius folded before Flop (didn't bet)



PokerStars Hand #254328125513:  Hold'em No Limit ($0.50/$1.00 USD) - 2025/01/12 9:34:59 WET [2025/01/12 4:34:59 ET]
Table 'Aisakos II' 6-max Seat #4 is the button
Seat 1: Ysiven ($117.60 in chips) 
Seat 2: Vladk307 ($120.40 in chips) 
Seat 3: Dulejunge ($114.85 in chips) 
Seat 4: greggerlive ($80.43 in chips) 
Seat 5: LuckyShikari ($104 in chips) 
Seat 6: Aescul@pius ($109.30 in chips) 
LuckyShikari: posts small blind $0.50
Aescul@pius: posts big blind $1
*** HOLE CARDS ***
Ysiven: folds 
Vladk307: folds 
Dulejunge: raises $1.50 to $2.50
greggerlive: folds 
LuckyShikari: folds 
Aescul@pius: folds 
Uncalled bet ($1.50) returned to Dulejunge
Dulejunge collected $2.50 from pot
*** SUMMARY ***
Total pot $2.50 | Rake $0 
Seat 1: Ysiven folded before Flop (didn't bet)
Seat 2: Vladk307 folded before Flop (didn't bet)
Seat 3: Dulejunge collected ($2.50)
Seat 4: greggerlive (button) folded before Flop (didn't bet)
Seat 5: LuckyShikari (small blind) folded before Flop
Seat 6: Aescul@pius (big blind) folded before Flop



PokerStars Hand #254328128514:  Hold'em No Limit ($0.50/$1.00 USD) - 2025/01/12 9:35:26 WET [2025/01/12 4:35:26 ET]
Table 'Aisakos II' 6-max Seat #5 is the button
Seat 1: Ysiven ($117.60 in chips) 
Seat 2: Vladk307 ($120.40 in chips) 
Seat 3: Dulejunge ($116.35 in chips) 
Seat 4: greggerlive ($100 in chips) 
Seat 5: LuckyShikari ($103.50 in chips) 
Seat 6: Aescul@pius ($108.30 in chips) 
Aescul@pius: posts small blind $0.50
Ysiven: posts big blind $1
*** HOLE CARDS ***
Vladk307: folds 
Dulejunge: folds 
greggerlive: folds 
LuckyShikari: folds 
Aescul@pius: raises $2 to $3
Ysiven: folds 
Uncalled bet ($2) returned to Aescul@pius
Aescul@pius collected $2 from pot
Aescul@pius: doesn't show hand 
*** SUMMARY ***
Total pot $2 | Rake $0 
Seat 1: Ysiven (big blind) folded before Flop
Seat 2: Vladk307 folded before Flop (didn't bet)
Seat 3: Dulejunge folded before Flop (didn't bet)
Seat 4: greggerlive folded before Flop (didn't bet)
Seat 5: LuckyShikari (button) folded before Flop (didn't bet)
Seat 6: Aescul@pius (small blind) collected ($2)



PokerStars Hand #254328130599:  Hold'em No Limit ($0.50/$1.00 USD) - 2025/01/12 9:35:45 WET [2025/01/12 4:35:45 ET]
Table 'Aisakos II' 6-max Seat #6 is the button
Seat 1: Ysiven ($116.60 in chips) 
Seat 2: Vladk307 ($120.40 in chips) 
Seat 3: Dulejunge ($116.35 in chips) 
Seat 4: greggerlive ($100 in chips) 
Seat 5: LuckyShikari ($103.50 in chips) 
Seat 6: Aescul@pius ($109.30 in chips) 
Ysiven: posts small blind $0.50
Vladk307: posts big blind $1
*** HOLE CARDS ***
Dulejunge: folds 
greggerlive: raises $2.50 to $3.50
LuckyShikari: folds 
Aescul@pius: folds 
Ysiven: folds 
Vladk307: folds 
Uncalled bet ($2.50) returned to greggerlive
Dulejunge leaves the table
greggerlive collected $2.50 from pot
*** SUMMARY ***
Total pot $2.50 | Rake $0 
Seat 1: Ysiven (small blind) folded before Flop
Seat 2: Vladk307 (big blind) folded before Flop
Seat 3: Dulejunge folded before Flop (didn't bet)
Seat 4: greggerlive collected ($2.50)
Seat 5: LuckyShikari folded before Flop (didn't bet)
Seat 6: Aescul@pius (button) folded before Flop (didn't bet)



PokerStars Hand #254328132329:  Hold'em No Limit ($0.50/$1.00 USD) - 2025/01/12 9:36:01 WET [2025/01/12 4:36:01 ET]
Table 'Aisakos II' 6-max Seat #1 is the button
Seat 1: Ysiven ($116.10 in chips) 
Seat 2: Vladk307 ($119.40 in chips) 
Seat 4: greggerlive ($101.50 in chips) 
Seat 5: LuckyShikari ($103.50 in chips) 
Seat 6: Aescul@pius ($109.30 in chips) 
Vladk307: posts small blind $0.50
greggerlive: posts big blind $1
*** HOLE CARDS ***
LuckyShikari: folds 
Aescul@pius: folds 
Emily_GetMan joins the table at seat #3 
Ysiven: folds 
Vladk307: folds 
Uncalled bet ($0.50) returned to greggerlive
greggerlive collected $1 from pot
*** SUMMARY ***
Total pot $1 | Rake $0 
Seat 1: Ysiven (button) folded before Flop (didn't bet)
Seat 2: Vladk307 (small blind) folded before Flop
Seat 4: greggerlive (big blind) collected ($1)
Seat 5: LuckyShikari folded before Flop (didn't bet)
Seat 6: Aescul@pius folded before Flop (didn't bet)



PokerStars Hand #254328133679:  Hold'em No Limit ($0.50/$1.00 USD) - 2025/01/12 9:36:13 WET [2025/01/12 4:36:13 ET]
Table 'Aisakos II' 6-max Seat #2 is the button
Seat 3: Emily_GetMan ($100 in chips) is sitting out
Seat 5: LuckyShikari ($103.50 in chips) is sitting out
Seat 1: Ysiven ($116.10 in chips) 
Seat 2: Vladk307 ($118.90 in chips) 
Seat 4: greggerlive ($102 in chips) 
Seat 6: Aescul@pius ($109.30 in chips) 
greggerlive: posts small blind $0.50
LuckyShikari: is sitting out 
Aescul@pius: posts big blind $1
*** HOLE CARDS ***
Emily_GetMan leaves the table
LuckyShikari leaves the table
Ysiven: folds 
Vladk307: folds 
greggerlive: folds 
Uncalled bet ($0.50) returned to Aescul@pius
Aescul@pius collected $1 from pot
Aescul@pius: doesn't show hand 
*** SUMMARY ***
Total pot $1 | Rake $0 
Seat 3: Emily_GetMan
Seat 5: LuckyShikari
Seat 1: Ysiven folded before Flop (didn't bet)
Seat 2: Vladk307 (button) folded before Flop (didn't bet)
Seat 4: greggerlive (small blind) folded before Flop
Seat 6: Aescul@pius (big blind) collected ($1)



PokerStars Hand #254328134530:  Hold'em No Limit ($0.50/$1.00 USD) - 2025/01/12 9:36:21 WET [2025/01/12 4:36:21 ET]
Table 'Aisakos II' 6-max Seat #4 is the button
Seat 1: Ysiven ($116.10 in chips) 
Seat 2: Vladk307 ($118.90 in chips) 
Seat 4: greggerlive ($101.50 in chips) 
Seat 6: Aescul@pius ($109.80 in chips) 
Aescul@pius: posts small blind $0.50
Ysiven: posts big blind $1
*** HOLE CARDS ***
Vladk307: raises $1.50 to $2.50
greggerlive: calls $2.50
Aescul@pius: raises $11 to $13.50
Ysiven: folds 
Vladk307: folds 
MaRKiToScoK joins the table at seat #5 
greggerlive: folds 
Uncalled bet ($11) returned to Aescul@pius
Aescul@pius collected $8.50 from pot
Aescul@pius: doesn't show hand 
*** SUMMARY ***
Total pot $8.50 | Rake $0 
Seat 1: Ysiven (big blind) folded before Flop
Seat 2: Vladk307 folded before Flop
Seat 4: greggerlive (button) folded before Flop
Seat 6: Aescul@pius (small blind) collected ($8.50)



PokerStars Hand #254328136787:  Hold'em No Limit ($0.50/$1.00 USD) - 2025/01/12 9:36:41 WET [2025/01/12 4:36:41 ET]
Table 'Aisakos II' 6-max Seat #6 is the button
Seat 5: MaRKiToScoK ($100 in chips) is sitting out
Seat 1: Ysiven ($115.10 in chips) 
Seat 2: Vladk307 ($116.40 in chips) 
Seat 4: greggerlive ($99 in chips) 
Seat 6: Aescul@pius ($115.80 in chips) 
Ysiven: posts small blind $0.50
Vladk307: posts big blind $1
MaRKiToScoK: sits out 
*** HOLE CARDS ***
greggerlive: folds 
Aescul@pius: folds 
Ysiven: raises $2 to $3
Vladk307: calls $2
*** FLOP *** [8d 4h 5h]
Ysiven: checks 
Vladk307: checks 
*** TURN *** [8d 4h 5h] [5c]
Ysiven: bets $1.50
Vladk307: folds 
Uncalled bet ($1.50) returned to Ysiven
Ysiven collected $5.70 from pot
Ysiven: doesn't show hand 
*** SUMMARY ***
Total pot $6 | Rake $0.30 
Board [8d 4h 5h 5c]
Seat 5: MaRKiToScoK
Seat 1: Ysiven (small blind) collected ($5.70)
Seat 2: Vladk307 (big blind) folded on the Turn
Seat 4: greggerlive folded before Flop (didn't bet)
Seat 6: Aescul@pius (button) folded before Flop (didn't bet)



PokerStars Hand #254328140968:  Hold'em No Limit ($0.50/$1.00 USD) - 2025/01/12 9:37:19 WET [2025/01/12 4:37:19 ET]
Table 'Aisakos II' 6-max Seat #1 is the button
Seat 5: MaRKiToScoK ($100 in chips) is sitting out
Seat 1: Ysiven ($117.80 in chips) 
Seat 2: Vladk307 ($113.40 in chips) 
Seat 4: greggerlive ($99 in chips) 
Seat 6: Aescul@pius ($115.80 in chips) 
Vladk307: posts small blind $0.50
greggerlive: posts big blind $1
MaRKiToScoK: sits out 
*** HOLE CARDS ***
Plutsch joins the table at seat #3 
Aescul@pius: folds 
Ysiven: raises $1.50 to $2.50
Vladk307: calls $2
greggerlive: folds 
*** FLOP *** [3c 7d Kd]
Vladk307: checks 
Ysiven: bets $1.88
Vladk307: folds 
Uncalled bet ($1.88) returned to Ysiven
Ysiven collected $5.70 from pot
Ysiven: doesn't show hand 
*** SUMMARY ***
Total pot $6 | Rake $0.30 
Board [3c 7d Kd]
Seat 5: MaRKiToScoK
Seat 1: Ysiven (button) collected ($5.70)
Seat 2: Vladk307 (small blind) folded on the Flop
Seat 4: greggerlive (big blind) folded before Flop
Seat 6: Aescul@pius folded before Flop (didn't bet)



PokerStars Hand #254328145307:  Hold'em No Limit ($0.50/$1.00 USD) - 2025/01/12 9:37:58 WET [2025/01/12 4:37:58 ET]
Table 'Aisakos II' 6-max Seat #2 is the button
Seat 3: Plutsch ($100 in chips) is sitting out
Seat 1: Ysiven ($121 in chips) 
Seat 2: Vladk307 ($110.90 in chips) 
Seat 4: greggerlive ($100 in chips) 
Seat 5: MaRKiToScoK ($100 in chips) 
Seat 6: Aescul@pius ($115.80 in chips) 
greggerlive: posts small blind $0.50
MaRKiToScoK: posts big blind $1
*** HOLE CARDS ***
Aescul@pius: folds 
Ysiven: folds 
Vladk307: raises $2 to $3
greggerlive: calls $2.50
MaRKiToScoK: folds 
*** FLOP *** [Kc 7h 7d]
greggerlive: checks 
Vladk307: checks 
*** TURN *** [Kc 7h 7d] [Ad]
greggerlive: bets $6.65
Vladk307: folds 
Uncalled bet ($6.65) returned to greggerlive
greggerlive collected $6.65 from pot
*** SUMMARY ***
Total pot $7 | Rake $0.35 
Board [Kc 7h 7d Ad]
Seat 3: Plutsch
Seat 1: Ysiven folded before Flop (didn't bet)
Seat 2: Vladk307 (button) folded on the Turn
Seat 4: greggerlive (small blind) collected ($6.65)
Seat 5: MaRKiToScoK (big blind) folded before Flop
Seat 6: Aescul@pius folded before Flop (didn't bet)



PokerStars Hand #254328149800:  Hold'em No Limit ($0.50/$1.00 USD) - 2025/01/12 9:38:37 WET [2025/01/12 4:38:37 ET]
Table 'Aisakos II' 6-max Seat #4 is the button
Seat 3: Plutsch ($100 in chips) is sitting out
Seat 1: Ysiven ($121 in chips) 
Seat 2: Vladk307 ($107.90 in chips) 
Seat 4: greggerlive ($103.65 in chips) 
Seat 5: MaRKiToScoK ($100 in chips) 
Seat 6: Aescul@pius ($115.80 in chips) 
MaRKiToScoK: posts small blind $0.50
Aescul@pius: posts big blind $1
Plutsch: sits out 
*** HOLE CARDS ***
Ysiven: raises $1 to $2
Vladk307: folds 
greggerlive: calls $2
MaRKiToScoK: folds 
Aescul@pius: folds 
*** FLOP *** [3d 9s 5s]
Ysiven: checks 
greggerlive: bets $5.22
Ysiven: calls $5.22
*** TURN *** [3d 9s 5s] [Th]
Ysiven: checks 
greggerlive: bets $15.14
Ysiven: calls $15.14
*** RIVER *** [3d 9s 5s Th] [Jd]
Ysiven: checks 
greggerlive: checks 
*** SHOW DOWN ***
Ysiven: shows [5c Ac] (a pair of Fives)
greggerlive: shows [Ad 9c] (a pair of Nines)
greggerlive collected $43.91 from pot
*** SUMMARY ***
Total pot $46.22 | Rake $2.31 
Board [3d 9s 5s Th Jd]
Seat 3: Plutsch
Seat 1: Ysiven showed [5c Ac] and lost with a pair of Fives
Seat 2: Vladk307 folded before Flop (didn't bet)
Seat 4: greggerlive (button) showed [Ad 9c] and won ($43.91) with a pair of Nines
Seat 5: MaRKiToScoK (small blind) folded before Flop
Seat 6: Aescul@pius (big blind) folded before Flop



PokerStars Hand #254328158787:  Hold'em No Limit ($0.50/$1.00 USD) - 2025/01/12 9:39:56 WET [2025/01/12 4:39:56 ET]
Table 'Aisakos II' 6-max Seat #5 is the button
Seat 3: Plutsch ($100 in chips) is sitting out
Seat 1: Ysiven ($100 in chips) 
Seat 2: Vladk307 ($107.90 in chips) 
Seat 4: greggerlive ($125.20 in chips) 
Seat 5: MaRKiToScoK ($100 in chips) 
Seat 6: Aescul@pius ($114.80 in chips) 
Aescul@pius: posts small blind $0.50
Ysiven: posts big blind $1
Plutsch: sits out 
*** HOLE CARDS ***
Vladk307: folds 
greggerlive: raises $3 to $4
MaRKiToScoK: calls $4
Aescul@pius: folds 
Ysiven: folds 
*** FLOP *** [8h 8c 7s]
greggerlive: checks 
MaRKiToScoK: checks 
*** TURN *** [8h 8c 7s] [Ad]
greggerlive: checks 
MaRKiToScoK: checks 
*** RIVER *** [8h 8c 7s Ad] [2h]
greggerlive: bets $4.51
MaRKiToScoK: calls $4.51
*** SHOW DOWN ***
greggerlive: shows [Jh Qc] (a pair of Eights)
MaRKiToScoK: shows [Ac 6c] (two pair, Aces and Eights)
MaRKiToScoK collected $17.59 from pot
*** SUMMARY ***
Total pot $18.52 | Rake $0.93 
Board [8h 8c 7s Ad 2h]
Seat 3: Plutsch
Seat 1: Ysiven (big blind) folded before Flop
Seat 2: Vladk307 folded before Flop (didn't bet)
Seat 4: greggerlive showed [Jh Qc] and lost with a pair of Eights
Seat 5: MaRKiToScoK (button) showed [Ac 6c] and won ($17.59) with two pair, Aces and Eights
Seat 6: Aescul@pius (small blind) folded before Flop



PokerStars Hand #254328163279:  Hold'em No Limit ($0.50/$1.00 USD) - 2025/01/12 9:40:35 WET [2025/01/12 4:40:35 ET]
Table 'Aisakos II' 6-max Seat #6 is the button
Seat 3: Plutsch ($100 in chips) is sitting out
Seat 1: Ysiven ($100 in chips) 
Seat 2: Vladk307 ($107.90 in chips) 
Seat 4: greggerlive ($116.69 in chips) 
Seat 5: MaRKiToScoK ($109.08 in chips) 
Seat 6: Aescul@pius ($114.30 in chips) 
Ysiven: posts small blind $0.50
Vladk307: posts big blind $1
Plutsch: sits out 
*** HOLE CARDS ***
greggerlive: folds 
MaRKiToScoK: folds 
Aescul@pius: raises $1.20 to $2.20
Ysiven: raises $8.30 to $10.50
Vladk307: folds 
Aescul@pius: calls $8.30
*** FLOP *** [5d Jc 3d]
Ysiven: bets $6.90
Aescul@pius: calls $6.90
*** TURN *** [5d Jc 3d] [Jh]
Ysiven: bets $22.50
Aescul@pius: calls $22.50
*** RIVER *** [5d Jc 3d Jh] [3c]
Ysiven: bets $60.10 and is all-in
Aescul@pius: calls $60.10
*** SHOW DOWN ***
Ysiven: shows [Jd Td] (a full house, Jacks full of Threes)
Aescul@pius: shows [5h 5s] (a full house, Fives full of Jacks)
Ysiven collected $198.50 from pot
*** SUMMARY ***
Total pot $201 | Rake $2.50 
Board [5d Jc 3d Jh 3c]
Seat 3: Plutsch
Seat 1: Ysiven (small blind) showed [Jd Td] and won ($198.50) with a full house, Jacks full of Threes
Seat 2: Vladk307 (big blind) folded before Flop
Seat 4: greggerlive folded before Flop (didn't bet)
Seat 5: MaRKiToScoK folded before Flop (didn't bet)
Seat 6: Aescul@pius (button) showed [5h 5s] and lost with a full house, Fives full of Jacks



PokerStars Hand #254328177447:  Hold'em No Limit ($0.50/$1.00 USD) - 2025/01/12 9:42:36 WET [2025/01/12 4:42:36 ET]
Table 'Aisakos II' 6-max Seat #1 is the button
Seat 1: Ysiven ($198.50 in chips) 
Seat 2: Vladk307 ($106.90 in chips) 
Seat 3: Plutsch ($100 in chips) 
Seat 4: greggerlive ($116.69 in chips) 
Seat 5: MaRKiToScoK ($109.08 in chips) 
Seat 6: Aescul@pius ($100 in chips) 
Vladk307: posts small blind $0.50
Plutsch: posts big blind $1
*** HOLE CARDS ***
greggerlive: folds 
MaRKiToScoK: folds 
Aescul@pius: folds 
Ysiven: folds 
Vladk307: raises $2 to $3
Plutsch: calls $2
*** FLOP *** [6d Jc Td]
Vladk307: bets $2.57
Plutsch: calls $2.57
*** TURN *** [6d Jc Td] [7d]
Vladk307: checks 
Plutsch: checks 
*** RIVER *** [6d Jc Td 7d] [9h]
Vladk307: checks 
Plutsch: checks 
*** SHOW DOWN ***
Vladk307: shows [Js 9c] (two pair, Jacks and Nines)
Plutsch: mucks hand 
Vladk307 collected $10.58 from pot
*** SUMMARY ***
Total pot $11.14 | Rake $0.56 
Board [6d Jc Td 7d 9h]
Seat 1: Ysiven (button) folded before Flop (didn't bet)
Seat 2: Vladk307 (small blind) showed [Js 9c] and won ($10.58) with two pair, Jacks and Nines
Seat 3: Plutsch (big blind) mucked
Seat 4: greggerlive folded before Flop (didn't bet)
Seat 5: MaRKiToScoK folded before Flop (didn't bet)
Seat 6: Aescul@pius folded before Flop (didn't bet)



PokerStars Hand #254328186434:  Hold'em No Limit ($0.50/$1.00 USD) - 2025/01/12 9:43:51 WET [2025/01/12 4:43:51 ET]
Table 'Aisakos II' 6-max Seat #2 is the button
Seat 1: Ysiven ($198.50 in chips) 
Seat 2: Vladk307 ($111.91 in chips) 
Seat 3: Plutsch ($100 in chips) 
Seat 4: greggerlive ($116.69 in chips) 
Seat 5: MaRKiToScoK ($109.08 in chips) 
Seat 6: Aescul@pius ($100 in chips) 
Plutsch: posts small blind $0.50
greggerlive: posts big blind $1
*** HOLE CARDS ***
MaRKiToScoK: folds 
Aescul@pius: folds 
Ysiven: folds 
Vladk307: folds 
Plutsch: raises $2 to $3
greggerlive: raises $4 to $7
Plutsch: raises $11 to $18
greggerlive: calls $11
*** FLOP *** [8s Td 2d]
Plutsch: bets $6.84
greggerlive: calls $6.84
*** TURN *** [8s Td 2d] [Qc]
Plutsch: bets $28.24
greggerlive: calls $28.24
*** RIVER *** [8s Td 2d Qc] [3s]
Plutsch: bets $46.92 and is all-in
greggerlive: folds 
Uncalled bet ($46.92) returned to Plutsch
Plutsch collected $103.04 from pot
Plutsch: doesn't show hand 
*** SUMMARY ***
Total pot $106.16 | Rake $3.12 
Board [8s Td 2d Qc 3s]
Seat 1: Ysiven folded before Flop (didn't bet)
Seat 2: Vladk307 (button) folded before Flop (didn't bet)
Seat 3: Plutsch (small blind) collected ($103.04)
Seat 4: greggerlive (big blind) folded on the River
Seat 5: MaRKiToScoK folded before Flop (didn't bet)
Seat 6: Aescul@pius folded before Flop (didn't bet)



PokerStars Hand #254328193319:  Hold'em No Limit ($0.50/$1.00 USD) - 2025/01/12 9:44:50 WET [2025/01/12 4:44:50 ET]
Table 'Aisakos II' 6-max Seat #3 is the button
Seat 1: Ysiven ($198.50 in chips) 
Seat 2: Vladk307 ($111.91 in chips) 
Seat 3: Plutsch ($149.96 in chips) 
Seat 4: greggerlive ($63.61 in chips) 
Seat 5: MaRKiToScoK ($109.08 in chips) 
Seat 6: Aescul@pius ($100 in chips) 
greggerlive: posts small blind $0.50
MaRKiToScoK: posts big blind $1
*** HOLE CARDS ***
Aescul@pius: folds 
Ysiven: folds 
Vladk307: folds 
Aescul@pius leaves the table
Plutsch: raises $1.40 to $2.40
greggerlive: folds 
janarr5 joins the table at seat #6 
MaRKiToScoK: folds 
Uncalled bet ($1.40) returned to Plutsch
greggerlive leaves the table
Plutsch collected $2.50 from pot
Plutsch: doesn't show hand 
*** SUMMARY ***
Total pot $2.50 | Rake $0 
Seat 1: Ysiven folded before Flop (didn't bet)
Seat 2: Vladk307 folded before Flop (didn't bet)
Seat 3: Plutsch (button) collected ($2.50)
Seat 4: greggerlive (small blind) folded before Flop
Seat 5: MaRKiToScoK (big blind) folded before Flop
Seat 6: Aescul@pius folded before Flop (didn't bet)



PokerStars Hand #254328195241:  Hold'em No Limit ($0.50/$1.00 USD) - 2025/01/12 9:45:06 WET [2025/01/12 4:45:06 ET]
Table 'Aisakos II' 6-max Seat #5 is the button
Seat 6: janarr5 ($100 in chips) is sitting out
Seat 1: Ysiven ($198.50 in chips) 
Seat 2: Vladk307 ($111.91 in chips) 
Seat 3: Plutsch ($151.46 in chips) 
Seat 5: MaRKiToScoK ($108.08 in chips) 
Ysiven: posts small blind $0.50
Vladk307: posts big blind $1
*** HOLE CARDS ***
YoMastaRoman joins the table at seat #4 
Plutsch: folds 
MaRKiToScoK: folds 
Ysiven: folds 
Uncalled bet ($0.50) returned to Vladk307
Vladk307 collected $1 from pot
Vladk307: doesn't show hand 
*** SUMMARY ***
Total pot $1 | Rake $0 
Seat 6: janarr5
Seat 1: Ysiven (small blind) folded before Flop
Seat 2: Vladk307 (big blind) collected ($1)
Seat 3: Plutsch folded before Flop (didn't bet)
Seat 5: MaRKiToScoK (button) folded before Flop (didn't bet)



PokerStars Hand #254328197112:  Hold'em No Limit ($0.50/$1.00 USD) - 2025/01/12 9:45:22 WET [2025/01/12 4:45:22 ET]
Table 'Aisakos II' 6-max Seat #1 is the button
Seat 4: YoMastaRoman ($100 in chips) is sitting out
Seat 6: janarr5 ($100 in chips) is sitting out
Seat 1: Ysiven ($198 in chips) 
Seat 2: Vladk307 ($112.41 in chips) 
Seat 3: Plutsch ($151.46 in chips) 
Seat 5: MaRKiToScoK ($108.08 in chips) 
Vladk307: posts small blind $0.50
Plutsch: posts big blind $1
YoMastaRoman: sits out 
janarr5: sits out 
*** HOLE CARDS ***
MaRKiToScoK: raises $1.22 to $2.22
Ysiven: folds 
Vladk307: folds 
Plutsch: folds 
Uncalled bet ($1.22) returned to MaRKiToScoK
MaRKiToScoK collected $2.50 from pot
*** SUMMARY ***
Total pot $2.50 | Rake $0 
Seat 4: YoMastaRoman
Seat 6: janarr5
Seat 1: Ysiven (button) folded before Flop (didn't bet)
Seat 2: Vladk307 (small blind) folded before Flop
Seat 3: Plutsch (big blind) folded before Flop
Seat 5: MaRKiToScoK collected ($2.50)



PokerStars Hand #254328198450:  Hold'em No Limit ($0.50/$1.00 USD) - 2025/01/12 9:45:34 WET [2025/01/12 4:45:34 ET]
Table 'Aisakos II' 6-max Seat #2 is the button
Seat 6: janarr5 ($100 in chips) is sitting out
Seat 1: Ysiven ($198 in chips) 
Seat 2: Vladk307 ($111.91 in chips) 
Seat 3: Plutsch ($150.46 in chips) 
Seat 4: YoMastaRoman ($100 in chips) 
Seat 5: MaRKiToScoK ($109.58 in chips) 
Plutsch: posts small blind $0.50
YoMastaRoman: posts big blind $1
janarr5: sits out 
*** HOLE CARDS ***
MaRKiToScoK: folds 
Ysiven: raises $1.30 to $2.30
Vladk307: folds 
Plutsch: folds 
YoMastaRoman: folds 
Uncalled bet ($1.30) returned to Ysiven
Ysiven collected $2.50 from pot
Ysiven: doesn't show hand 
*** SUMMARY ***
Total pot $2.50 | Rake $0 
Seat 6: janarr5
Seat 1: Ysiven collected ($2.50)
Seat 2: Vladk307 (button) folded before Flop (didn't bet)
Seat 3: Plutsch (small blind) folded before Flop
Seat 4: YoMastaRoman (big blind) folded before Flop
Seat 5: MaRKiToScoK folded before Flop (didn't bet)



PokerStars Hand #254328200211:  Hold'em No Limit ($0.50/$1.00 USD) - 2025/01/12 9:45:49 WET [2025/01/12 4:45:49 ET]
Table 'Aisakos II' 6-max Seat #3 is the button
Seat 6: janarr5 ($100 in chips) is sitting out
Seat 1: Ysiven ($199.50 in chips) 
Seat 2: Vladk307 ($111.91 in chips) 
Seat 3: Plutsch ($149.96 in chips) 
Seat 4: YoMastaRoman ($99 in chips) 
Seat 5: MaRKiToScoK ($109.58 in chips) 
YoMastaRoman: posts small blind $0.50
MaRKiToScoK: posts big blind $1
janarr5: sits out 
*** HOLE CARDS ***
Ysiven: folds 
Vladk307: folds 
Plutsch: folds 
YoMastaRoman: raises $2 to $3
MaRKiToScoK: calls $2
*** FLOP *** [2d Jh 6d]
YoMastaRoman: bets $2.85
MaRKiToScoK: calls $2.85
*** TURN *** [2d Jh 6d] [7c]
YoMastaRoman: bets $5.56
MaRKiToScoK: calls $5.56
*** RIVER *** [2d Jh 6d 7c] [Jc]
YoMastaRoman: bets $13.84
MaRKiToScoK: calls $13.84
*** SHOW DOWN ***
YoMastaRoman: shows [Ah 3h] (a pair of Jacks)
MaRKiToScoK: shows [As 2h] (two pair, Jacks and Deuces)
MaRKiToScoK collected $48 from pot
*** SUMMARY ***
Total pot $50.50 | Rake $2.50 
Board [2d Jh 6d 7c Jc]
Seat 6: janarr5
Seat 1: Ysiven folded before Flop (didn't bet)
Seat 2: Vladk307 folded before Flop (didn't bet)
Seat 3: Plutsch (button) folded before Flop (didn't bet)
Seat 4: YoMastaRoman (small blind) showed [Ah 3h] and lost with a pair of Jacks
Seat 5: MaRKiToScoK (big blind) showed [As 2h] and won ($48) with two pair, Jacks and Deuces



PokerStars Hand #254328208310:  Hold'em No Limit ($0.50/$1.00 USD) - 2025/01/12 9:46:55 WET [2025/01/12 4:46:55 ET]
Table 'Aisakos II' 6-max Seat #4 is the button
Seat 1: Ysiven ($199.50 in chips) 
Seat 2: Vladk307 ($111.91 in chips) 
Seat 3: Plutsch ($149.96 in chips) 
Seat 4: YoMastaRoman ($73.75 in chips) 
Seat 5: MaRKiToScoK ($132.33 in chips) 
Seat 6: janarr5 ($100 in chips) 
MaRKiToScoK: posts small blind $0.50
janarr5: posts big blind $1
*** HOLE CARDS ***
Ysiven: folds 
Vladk307: raises $1.50 to $2.50
Plutsch: calls $2.50
YoMastaRoman: calls $2.50
MaRKiToScoK: folds 
janarr5: calls $1.50
*** FLOP *** [6d Ac Kc]
janarr5: checks 
Vladk307: checks 
Plutsch: checks 
YoMastaRoman: checks 
*** TURN *** [6d Ac Kc] [Th]
janarr5: checks 
Vladk307: checks 
Plutsch: checks 
YoMastaRoman: checks 
*** RIVER *** [6d Ac Kc Th] [9c]
janarr5: bets $3.29
Vladk307: folds 
Plutsch: folds 
YoMastaRoman: folds [Tc]
Uncalled bet ($3.29) returned to janarr5
janarr5 collected $9.98 from pot
janarr5: doesn't show hand 
*** SUMMARY ***
Total pot $10.50 | Rake $0.52 
Board [6d Ac Kc Th 9c]
Seat 1: Ysiven folded before Flop (didn't bet)
Seat 2: Vladk307 folded on the River
Seat 3: Plutsch folded on the River
Seat 4: YoMastaRoman (button) folded on the River
Seat 5: MaRKiToScoK (small blind) folded before Flop
Seat 6: janarr5 (big blind) collected ($9.98)



PokerStars Hand #254328218970:  Hold'em No Limit ($0.50/$1.00 USD) - 2025/01/12 9:48:25 WET [2025/01/12 4:48:25 ET]
Table 'Aisakos II' 6-max Seat #5 is the button
Seat 1: Ysiven ($199.50 in chips) is sitting out
Seat 2: Vladk307 ($109.41 in chips) 
Seat 3: Plutsch ($147.46 in chips) 
Seat 4: YoMastaRoman ($71.25 in chips) 
Seat 5: MaRKiToScoK ($131.83 in chips) 
Seat 6: janarr5 ($107.48 in chips) 
janarr5: posts small blind $0.50
Ysiven: is sitting out 
Vladk307: posts big blind $1
*** HOLE CARDS ***
Plutsch: folds 
YoMastaRoman: folds 
MaRKiToScoK: raises $1.33 to $2.33
janarr5: folds 
Vladk307: folds 
Uncalled bet ($1.33) returned to MaRKiToScoK
MaRKiToScoK collected $2.50 from pot
*** SUMMARY ***
Total pot $2.50 | Rake $0 
Seat 1: Ysiven
Seat 2: Vladk307 (big blind) folded before Flop
Seat 3: Plutsch folded before Flop (didn't bet)
Seat 4: YoMastaRoman folded before Flop (didn't bet)
Seat 5: MaRKiToScoK (button) collected ($2.50)
Seat 6: janarr5 (small blind) folded before Flop



PokerStars Hand #254328221611:  Hold'em No Limit ($0.50/$1.00 USD) - 2025/01/12 9:48:46 WET [2025/01/12 4:48:46 ET]
Table 'Aisakos II' 6-max Seat #6 is the button
Seat 1: Ysiven ($199.50 in chips) is sitting out
Seat 2: Vladk307 ($108.41 in chips) 
Seat 3: Plutsch ($147.46 in chips) 
Seat 4: YoMastaRoman ($71.25 in chips) 
Seat 5: MaRKiToScoK ($133.33 in chips) 
Seat 6: janarr5 ($106.98 in chips) 
Vladk307: posts small blind $0.50
Plutsch: posts big blind $1
*** HOLE CARDS ***
YoMastaRoman: folds 
MaRKiToScoK: raises $1.22 to $2.22
janarr5: folds 
Vladk307: folds 
Plutsch: folds 
Uncalled bet ($1.22) returned to MaRKiToScoK
MaRKiToScoK collected $2.50 from pot
*** SUMMARY ***
Total pot $2.50 | Rake $0 
Seat 1: Ysiven
Seat 2: Vladk307 (small blind) folded before Flop
Seat 3: Plutsch (big blind) folded before Flop
Seat 4: YoMastaRoman folded before Flop (didn't bet)
Seat 5: MaRKiToScoK collected ($2.50)
Seat 6: janarr5 (button) folded before Flop (didn't bet)



PokerStars Hand #254328223982:  Hold'em No Limit ($0.50/$1.00 USD) - 2025/01/12 9:49:06 WET [2025/01/12 4:49:06 ET]
Table 'Aisakos II' 6-max Seat #2 is the button
Seat 1: Ysiven ($199.50 in chips) is sitting out
Seat 2: Vladk307 ($107.91 in chips) 
Seat 3: Plutsch ($146.46 in chips) 
Seat 4: YoMastaRoman ($71.25 in chips) 
Seat 5: MaRKiToScoK ($134.83 in chips) 
Seat 6: janarr5 ($106.98 in chips) 
Plutsch: posts small blind $0.50
YoMastaRoman: posts big blind $1
*** HOLE CARDS ***
MaRKiToScoK: folds 
janarr5: folds 
Vladk307: raises $2 to $3
Plutsch: folds 
YoMastaRoman: raises $4.50 to $7.50
Vladk307: folds 
Uncalled bet ($4.50) returned to YoMastaRoman
YoMastaRoman collected $6.50 from pot
YoMastaRoman: doesn't show hand 
*** SUMMARY ***
Total pot $6.50 | Rake $0 
Seat 1: Ysiven
Seat 2: Vladk307 (button) folded before Flop
Seat 3: Plutsch (small blind) folded before Flop
Seat 4: YoMastaRoman (big blind) collected ($6.50)
Seat 5: MaRKiToScoK folded before Flop (didn't bet)
Seat 6: janarr5 folded before Flop (didn't bet)



PokerStars Hand #254328226644:  Hold'em No Limit ($0.50/$1.00 USD) - 2025/01/12 9:49:29 WET [2025/01/12 4:49:29 ET]
Table 'Aisakos II' 6-max Seat #3 is the button
Seat 1: Ysiven ($199.50 in chips) is sitting out
Seat 2: Vladk307 ($104.91 in chips) 
Seat 3: Plutsch ($145.96 in chips) 
Seat 4: YoMastaRoman ($74.75 in chips) 
Seat 5: MaRKiToScoK ($134.83 in chips) 
Seat 6: janarr5 ($106.98 in chips) 
YoMastaRoman: posts small blind $0.50
MaRKiToScoK: posts big blind $1
Ysiven: sits out 
*** HOLE CARDS ***
janarr5: raises $1.25 to $2.25
Vladk307: folds 
Plutsch: folds 
YoMastaRoman: folds 
MaRKiToScoK: folds 
Uncalled bet ($1.25) returned to janarr5
janarr5 collected $2.50 from pot
janarr5: doesn't show hand 
*** SUMMARY ***
Total pot $2.50 | Rake $0 
Seat 1: Ysiven
Seat 2: Vladk307 folded before Flop (didn't bet)
Seat 3: Plutsch (button) folded before Flop (didn't bet)
Seat 4: YoMastaRoman (small blind) folded before Flop
Seat 5: MaRKiToScoK (big blind) folded before Flop
Seat 6: janarr5 collected ($2.50)



PokerStars Hand #254328229132:  Hold'em No Limit ($0.50/$1.00 USD) - 2025/01/12 9:49:50 WET [2025/01/12 4:49:50 ET]
Table 'Aisakos II' 6-max Seat #4 is the button
Seat 1: Ysiven ($199.50 in chips) is sitting out
Seat 2: Vladk307 ($104.91 in chips) 
Seat 3: Plutsch ($145.96 in chips) 
Seat 4: YoMastaRoman ($74.25 in chips) 
Seat 5: MaRKiToScoK ($133.83 in chips) 
Seat 6: janarr5 ($108.48 in chips) 
MaRKiToScoK: posts small blind $0.50
janarr5: posts big blind $1
Ysiven: sits out 
*** HOLE CARDS ***
Vladk307: folds 
Plutsch: raises $1.40 to $2.40
YoMastaRoman: raises $3.40 to $5.80
MaRKiToScoK: folds 
janarr5: folds 
Plutsch: calls $3.40
*** FLOP *** [3c Qc 2c]
Plutsch: checks 
YoMastaRoman: bets $4.22
Plutsch: raises $10.40 to $14.62
YoMastaRoman: folds [Ts Td]
Uncalled bet ($10.40) returned to Plutsch
Plutsch collected $20.19 from pot
Plutsch: doesn't show hand 
*** SUMMARY ***
Total pot $21.54 | Rake $1.35 
Board [3c Qc 2c]
Seat 1: Ysiven
Seat 2: Vladk307 folded before Flop (didn't bet)
Seat 3: Plutsch collected ($20.19)
Seat 4: YoMastaRoman (button) folded on the Flop
Seat 5: MaRKiToScoK (small blind) folded before Flop
Seat 6: janarr5 (big blind) folded before Flop



PokerStars Hand #254328237779:  Hold'em No Limit ($0.50/$1.00 USD) - 2025/01/12 9:51:01 WET [2025/01/12 4:51:01 ET]
Table 'Aisakos II' 6-max Seat #5 is the button
Seat 1: Ysiven ($199.50 in chips) 
Seat 2: Vladk307 ($104.91 in chips) 
Seat 3: Plutsch ($156.13 in chips) 
Seat 4: YoMastaRoman ($64.23 in chips) 
Seat 5: MaRKiToScoK ($133.33 in chips) 
Seat 6: janarr5 ($107.48 in chips) 
janarr5: posts small blind $0.50
Ysiven: posts big blind $1
*** HOLE CARDS ***
Vladk307: folds 
Plutsch: folds 
YoMastaRoman: folds 
MaRKiToScoK has timed out
MaRKiToScoK: folds 
janarr5: folds 
Uncalled bet ($0.50) returned to Ysiven
Ysiven collected $1 from pot
Ysiven: doesn't show hand 
*** SUMMARY ***
Total pot $1 | Rake $0 
Seat 1: Ysiven (big blind) collected ($1)
Seat 2: Vladk307 folded before Flop (didn't bet)
Seat 3: Plutsch folded before Flop (didn't bet)
Seat 4: YoMastaRoman folded before Flop (didn't bet)
Seat 5: MaRKiToScoK (button) folded before Flop (didn't bet)
Seat 6: janarr5 (small blind) folded before Flop



PokerStars Hand #254328241534:  Hold'em No Limit ($0.50/$1.00 USD) - 2025/01/12 9:51:33 WET [2025/01/12 4:51:33 ET]
Table 'Aisakos II' 6-max Seat #6 is the button
Seat 5: MaRKiToScoK ($133.33 in chips) is sitting out
Seat 1: Ysiven ($200 in chips) 
Seat 2: Vladk307 ($104.91 in chips) 
Seat 3: Plutsch ($156.13 in chips) 
Seat 4: YoMastaRoman ($64.23 in chips) 
Seat 6: janarr5 ($106.98 in chips) 
Ysiven: posts small blind $0.50
Vladk307: posts big blind $1
*** HOLE CARDS ***
Plutsch: folds 
YoMastaRoman: folds 
janarr5: folds 
Ysiven: raises $2 to $3
Vladk307: raises $5 to $8
Ysiven: calls $5
*** FLOP *** [Kd Td 6s]
Ysiven: checks 
Vladk307: bets $5
Ysiven: raises $13.12 to $18.12
Vladk307: folds 
Uncalled bet ($13.12) returned to Ysiven
Ysiven collected $24.70 from pot
Ysiven: doesn't show hand 
*** SUMMARY ***
Total pot $26 | Rake $1.30 
Board [Kd Td 6s]
Seat 5: MaRKiToScoK
Seat 1: Ysiven (small blind) collected ($24.70)
Seat 2: Vladk307 (big blind) folded on the Flop
Seat 3: Plutsch folded before Flop (didn't bet)
Seat 4: YoMastaRoman folded before Flop (didn't bet)
Seat 6: janarr5 (button) folded before Flop (didn't bet)



PokerStars Hand #254327973913:  Hold'em No Limit ($0.50/$1.00 USD) - 2025/01/12 9:11:05 WET [2025/01/12 4:11:05 ET]
Table 'Aisakos II' 6-max Seat #3 is the button
Seat 1: Ysiven ($100 in chips) 
Seat 2: Vladk307 ($108.50 in chips) 
Seat 3: Y_19 ($201.50 in chips) 
Seat 6: Aescul@pius ($106.25 in chips) 
Aescul@pius: posts small blind $0.50
Ysiven: posts big blind $1
*** HOLE CARDS ***
Vladk307: folds 
Y_19: folds 
Aescul@pius: folds 
Uncalled bet ($0.50) returned to Ysiven
Ysiven collected $1 from pot
Ysiven: doesn't show hand 
*** SUMMARY ***
Total pot $1 | Rake $0 
Seat 1: Ysiven (big blind) collected ($1)
Seat 2: Vladk307 folded before Flop (didn't bet)
Seat 3: Y_19 (button) folded before Flop (didn't bet)
Seat 6: Aescul@pius (small blind) folded before Flop



PokerStars Hand #254327974830:  Hold'em No Limit ($0.50/$1.00 USD) - 2025/01/12 9:11:14 WET [2025/01/12 4:11:14 ET]
Table 'Aisakos II' 6-max Seat #6 is the button
Seat 1: Ysiven ($100.50 in chips) 
Seat 2: Vladk307 ($108.50 in chips) 
Seat 3: Y_19 ($201.50 in chips) 
Seat 6: Aescul@pius ($105.75 in chips) 
Ysiven: posts small blind $0.50
Vladk307: posts big blind $1
*** HOLE CARDS ***
Y_19: folds 
Aescul@pius: raises $1.50 to $2.50
Ysiven: folds 
Vladk307: folds 
Uncalled bet ($1.50) returned to Aescul@pius
Aescul@pius collected $2.50 from pot
Aescul@pius: doesn't show hand 
*** SUMMARY ***
Total pot $2.50 | Rake $0 
Seat 1: Ysiven (small blind) folded before Flop
Seat 2: Vladk307 (big blind) folded before Flop
Seat 3: Y_19 folded before Flop (didn't bet)
Seat 6: Aescul@pius (button) collected ($2.50)



PokerStars Hand #254327976208:  Hold'em No Limit ($0.50/$1.00 USD) - 2025/01/12 9:11:28 WET [2025/01/12 4:11:28 ET]
Table 'Aisakos II' 6-max Seat #1 is the button
Seat 3: Y_19 ($201.50 in chips) is sitting out
Seat 1: Ysiven ($100 in chips) 
Seat 2: Vladk307 ($107.50 in chips) 
Seat 6: Aescul@pius ($107.25 in chips) 
Vladk307: posts small blind $0.50
Y_19: is sitting out 
Aescul@pius: posts big blind $1
*** HOLE CARDS ***
Ysiven: raises $1.50 to $2.50
Vladk307: folds 
Aescul@pius: folds 
Uncalled bet ($1.50) returned to Ysiven
Ysiven collected $2.50 from pot
Ysiven: doesn't show hand 
*** SUMMARY ***
Total pot $2.50 | Rake $0 
Seat 3: Y_19
Seat 1: Ysiven (button) collected ($2.50)
Seat 2: Vladk307 (small blind) folded before Flop
Seat 6: Aescul@pius (big blind) folded before Flop



PokerStars Hand #254327977618:  Hold'em No Limit ($0.50/$1.00 USD) - 2025/01/12 9:11:41 WET [2025/01/12 4:11:41 ET]
Table 'Aisakos II' 6-max Seat #2 is the button
Seat 3: Y_19 ($201.50 in chips) is sitting out
Seat 1: Ysiven ($101.50 in chips) 
Seat 2: Vladk307 ($107 in chips) 
Seat 6: Aescul@pius ($106.25 in chips) 
Aescul@pius: posts small blind $0.50
Ysiven: posts big blind $1
*** HOLE CARDS ***
Y_19 leaves the table
Vladk307: raises $1.50 to $2.50
Aescul@pius: raises $8.50 to $11
Ysiven: folds 
Vladk307: folds 
Uncalled bet ($8.50) returned to Aescul@pius
Aescul@pius collected $6 from pot
Aescul@pius: doesn't show hand 
*** SUMMARY ***
Total pot $6 | Rake $0 
Seat 3: Y_19
Seat 1: Ysiven (big blind) folded before Flop
Seat 2: Vladk307 (button) folded before Flop
Seat 6: Aescul@pius (small blind) collected ($6)



PokerStars Hand #254327979185:  Hold'em No Limit ($0.50/$1.00 USD) - 2025/01/12 9:11:57 WET [2025/01/12 4:11:57 ET]
Table 'Aisakos II' 6-max Seat #6 is the button
Seat 1: Ysiven ($100.50 in chips) 
Seat 2: Vladk307 ($104.50 in chips) 
Seat 6: Aescul@pius ($109.75 in chips) 
Ysiven: posts small blind $0.50
Vladk307: posts big blind $1
*** HOLE CARDS ***
Aescul@pius: folds 
Ysiven: folds 
Uncalled bet ($0.50) returned to Vladk307
Vladk307 collected $1 from pot
Vladk307: doesn't show hand 
*** SUMMARY ***
Total pot $1 | Rake $0 
Seat 1: Ysiven (small blind) folded before Flop
Seat 2: Vladk307 (big blind) collected ($1)
Seat 6: Aescul@pius (button) folded before Flop (didn't bet)



PokerStars Hand #254327979977:  Hold'em No Limit ($0.50/$1.00 USD) - 2025/01/12 9:12:05 WET [2025/01/12 4:12:05 ET]
Table 'Aisakos II' 6-max Seat #2 is the button
Seat 6: Aescul@pius ($109.75 in chips) is sitting out
Seat 1: Ysiven ($100 in chips) 
Seat 2: Vladk307 ($105 in chips) 
Vladk307: posts small blind $0.50
Aescul@pius: is sitting out 
Ysiven: posts big blind $1
*** HOLE CARDS ***
Vladk307: raises $2 to $3
Aescul@pius leaves the table
Ysiven: calls $2
*** FLOP *** [4c Jc 9s]
Ysiven: checks 
Vladk307: checks 
*** TURN *** [4c Jc 9s] [Kh]
Ysiven: checks 
Vladk307: checks 
*** RIVER *** [4c Jc 9s Kh] [4s]
Ysiven: checks 
Vladk307: checks 
*** SHOW DOWN ***
Ysiven: shows [Tc As] (a pair of Fours)
Vladk307: shows [Td Ah] (a pair of Fours)
Ysiven collected $2.85 from pot
Vladk307 collected $2.85 from pot
*** SUMMARY ***
Total pot $6 | Rake $0.30 
Board [4c Jc 9s Kh 4s]
Seat 6: Aescul@pius
Seat 1: Ysiven (big blind) showed [Tc As] and won ($2.85) with a pair of Fours
Seat 2: Vladk307 (button) (small blind) showed [Td Ah] and won ($2.85) with a pair of Fours



PokerStars Hand #254327983335:  Hold'em No Limit ($0.50/$1.00 USD) - 2025/01/12 9:12:38 WET [2025/01/12 4:12:38 ET]
Table 'Aisakos II' 6-max Seat #1 is the button
Seat 1: Ysiven ($100 in chips) 
Seat 2: Vladk307 ($104.85 in chips) 
Ysiven: posts small blind $0.50
Vladk307: posts big blind $1
*** HOLE CARDS ***
Ysiven: raises $1.50 to $2.50
Vladk307: raises $5.50 to $8
Ysiven: calls $5.50
*** FLOP *** [3d 2h As]
Vladk307: bets $6
Ysiven: folds 
Uncalled bet ($6) returned to Vladk307
Vladk307 collected $15.20 from pot
Vladk307: doesn't show hand 
Pon4uk.ua joins the table at seat #5 
*** SUMMARY ***
Total pot $16 | Rake $0.80 
Board [3d 2h As]
Seat 1: Ysiven (button) (small blind) folded on the Flop
Seat 2: Vladk307 (big blind) collected ($15.20)



PokerStars Hand #254327986333:  Hold'em No Limit ($0.50/$1.00 USD) - 2025/01/12 9:13:07 WET [2025/01/12 4:13:07 ET]
Table 'Aisakos II' 6-max Seat #1 is the button
Seat 1: Ysiven ($100 in chips) 
Seat 2: Vladk307 ($112.05 in chips) 
Seat 5: Pon4uk.ua ($100 in chips) 
Vladk307: posts small blind $0.50
Pon4uk.ua: posts big blind $1
*** HOLE CARDS ***
Ysiven: raises $1.50 to $2.50
Vladk307: folds 
Pon4uk.ua: folds 
Uncalled bet ($1.50) returned to Ysiven
Ysiven collected $2.50 from pot
Ysiven: doesn't show hand 
*** SUMMARY ***
Total pot $2.50 | Rake $0 
Seat 1: Ysiven (button) collected ($2.50)
Seat 2: Vladk307 (small blind) folded before Flop
Seat 5: Pon4uk.ua (big blind) folded before Flop



PokerStars Hand #254327987589:  Hold'em No Limit ($0.50/$1.00 USD) - 2025/01/12 9:13:20 WET [2025/01/12 4:13:20 ET]
Table 'Aisakos II' 6-max Seat #2 is the button
Seat 1: Ysiven ($101.50 in chips) 
Seat 2: Vladk307 ($111.55 in chips) 
Seat 5: Pon4uk.ua ($100 in chips) 
Pon4uk.ua: posts small blind $0.50
Ysiven: posts big blind $1
*** HOLE CARDS ***
Vladk307: raises $2 to $3
Pon4uk.ua: folds 
Ysiven: calls $2
*** FLOP *** [Ts 8h Th]
Ysiven: checks 
Vladk307: checks 
*** TURN *** [Ts 8h Th] [9s]
Ysiven: checks 
Vladk307: checks 
*** RIVER *** [Ts 8h Th 9s] [Qd]
Ysiven: bets $2.04
Vladk307: folds 
Uncalled bet ($2.04) returned to Ysiven
Ysiven collected $6.18 from pot
Ysiven: doesn't show hand 
*** SUMMARY ***
Total pot $6.50 | Rake $0.32 
Board [Ts 8h Th 9s Qd]
Seat 1: Ysiven (big blind) collected ($6.18)
Seat 2: Vladk307 (button) folded on the River
Seat 5: Pon4uk.ua (small blind) folded before Flop



PokerStars Hand #254327994109:  Hold'em No Limit ($0.50/$1.00 USD) - 2025/01/12 9:14:24 WET [2025/01/12 4:14:24 ET]
Table 'Aisakos II' 6-max Seat #5 is the button
Seat 1: Ysiven ($104.68 in chips) 
Seat 2: Vladk307 ($108.55 in chips) 
Seat 5: Pon4uk.ua ($100 in chips) 
Ysiven: posts small blind $0.50
Vladk307: posts big blind $1
*** HOLE CARDS ***
Pon4uk.ua: folds 
Ysiven: folds 
Uncalled bet ($0.50) returned to Vladk307
Vladk307 collected $1 from pot
Vladk307: doesn't show hand 
*** SUMMARY ***
Total pot $1 | Rake $0 
Seat 1: Ysiven (small blind) folded before Flop
Seat 2: Vladk307 (big blind) collected ($1)
Seat 5: Pon4uk.ua (button) folded before Flop (didn't bet)



PokerStars Hand #254327994766:  Hold'em No Limit ($0.50/$1.00 USD) - 2025/01/12 9:14:30 WET [2025/01/12 4:14:30 ET]
Table 'Aisakos II' 6-max Seat #1 is the button
Seat 1: Ysiven ($104.18 in chips) 
Seat 2: Vladk307 ($109.05 in chips) 
Seat 5: Pon4uk.ua ($100 in chips) 
Vladk307: posts small blind $0.50
Pon4uk.ua: posts big blind $1
*** HOLE CARDS ***
Ysiven: folds 
Vladk307: raises $2 to $3
Pon4uk.ua: folds 
Uncalled bet ($2) returned to Vladk307
Vladk307 collected $2 from pot
Vladk307: doesn't show hand 
*** SUMMARY ***
Total pot $2 | Rake $0 
Seat 1: Ysiven (button) folded before Flop (didn't bet)
Seat 2: Vladk307 (small blind) collected ($2)
Seat 5: Pon4uk.ua (big blind) folded before Flop



PokerStars Hand #254327996617:  Hold'em No Limit ($0.50/$1.00 USD) - 2025/01/12 9:14:48 WET [2025/01/12 4:14:48 ET]
Table 'Aisakos II' 6-max Seat #2 is the button
Seat 1: Ysiven ($104.18 in chips) 
Seat 2: Vladk307 ($110.05 in chips) 
Seat 5: Pon4uk.ua ($100 in chips) 
Pon4uk.ua: posts small blind $0.50
Ysiven: posts big blind $1
*** HOLE CARDS ***
Vladk307: raises $2 to $3
Pon4uk.ua: folds 
Ysiven: folds 
Uncalled bet ($2) returned to Vladk307
Vladk307 collected $2.50 from pot
Vladk307: doesn't show hand 
*** SUMMARY ***
Total pot $2.50 | Rake $0 
Seat 1: Ysiven (big blind) folded before Flop
Seat 2: Vladk307 (button) collected ($2.50)
Seat 5: Pon4uk.ua (small blind) folded before Flop



PokerStars Hand #254327998079:  Hold'em No Limit ($0.50/$1.00 USD) - 2025/01/12 9:15:03 WET [2025/01/12 4:15:03 ET]
Table 'Aisakos II' 6-max Seat #5 is the button
Seat 1: Ysiven ($103.18 in chips) 
Seat 2: Vladk307 ($111.55 in chips) 
Seat 5: Pon4uk.ua ($100 in chips) 
Ysiven: posts small blind $0.50
Vladk307: posts big blind $1
*** HOLE CARDS ***
Pon4uk.ua: folds 
Ysiven: raises $2 to $3
Vladk307: calls $2
*** FLOP *** [4s Jc 8s]
Ysiven: checks 
Vladk307: checks 
*** TURN *** [4s Jc 8s] [Jh]
Ysiven: bets $1.50
Vladk307: folds 
Uncalled bet ($1.50) returned to Ysiven
Ysiven collected $5.70 from pot
Ysiven: doesn't show hand 
*** SUMMARY ***
Total pot $6 | Rake $0.30 
Board [4s Jc 8s Jh]
Seat 1: Ysiven (small blind) collected ($5.70)
Seat 2: Vladk307 (big blind) folded on the Turn
Seat 5: Pon4uk.ua (button) folded before Flop (didn't bet)



PokerStars Hand #254328001545:  Hold'em No Limit ($0.50/$1.00 USD) - 2025/01/12 9:15:36 WET [2025/01/12 4:15:36 ET]
Table 'Aisakos II' 6-max Seat #1 is the button
Seat 1: Ysiven ($105.88 in chips) 
Seat 2: Vladk307 ($108.55 in chips) 
Seat 5: Pon4uk.ua ($100 in chips) 
Vladk307: posts small blind $0.50
Pon4uk.ua: posts big blind $1
*** HOLE CARDS ***
50CandyJoe joins the table at seat #3 
Ysiven: raises $1.50 to $2.50
Vladk307: folds 
Pon4uk.ua: calls $1.50
*** FLOP *** [Qd Ad 3d]
Pon4uk.ua: checks 
Ysiven: checks 
*** TURN *** [Qd Ad 3d] [5c]
Pon4uk.ua: bets $3.92
50CandyJoe leaves the table
Ysiven: calls $3.92
*** RIVER *** [Qd Ad 3d 5c] [2c]
Pon4uk.ua: bets $9.50
Ysiven: calls $9.50
*** SHOW DOWN ***
Pon4uk.ua: shows [5d Ac] (two pair, Aces and Fives)
Ysiven: mucks hand 
Pon4uk.ua collected $31.34 from pot
*** SUMMARY ***
Total pot $32.34 | Rake $1 
Board [Qd Ad 3d 5c 2c]
Seat 1: Ysiven (button) mucked
Seat 2: Vladk307 (small blind) folded before Flop
Seat 5: Pon4uk.ua (big blind) showed [5d Ac] and won ($31.34) with two pair, Aces and Fives



PokerStars Hand #254328009981:  Hold'em No Limit ($0.50/$1.00 USD) - 2025/01/12 9:16:59 WET [2025/01/12 4:16:59 ET]
Table 'Aisakos II' 6-max Seat #2 is the button
Seat 1: Ysiven ($100 in chips) 
Seat 2: Vladk307 ($108.05 in chips) 
Seat 5: Pon4uk.ua ($115.42 in chips) 
Pon4uk.ua: posts small blind $0.50
Ysiven: posts big blind $1
*** HOLE CARDS ***
Vladk307: raises $1.50 to $2.50
Pon4uk.ua: folds 
Ysiven: folds 
Uncalled bet ($1.50) returned to Vladk307
Vladk307 collected $2.50 from pot
Vladk307: doesn't show hand 
*** SUMMARY ***
Total pot $2.50 | Rake $0 
Seat 1: Ysiven (big blind) folded before Flop
Seat 2: Vladk307 (button) collected ($2.50)
Seat 5: Pon4uk.ua (small blind) folded before Flop



PokerStars Hand #254328011378:  Hold'em No Limit ($0.50/$1.00 USD) - 2025/01/12 9:17:12 WET [2025/01/12 4:17:12 ET]
Table 'Aisakos II' 6-max Seat #5 is the button
Seat 1: Ysiven ($100 in chips) 
Seat 2: Vladk307 ($109.55 in chips) 
Seat 5: Pon4uk.ua ($114.92 in chips) 
Ysiven: posts small blind $0.50
Vladk307: posts big blind $1
*** HOLE CARDS ***
Pon4uk.ua: raises $1.50 to $2.50
Ysiven: raises $9.50 to $12
Vladk307: folds 
Pon4uk.ua: folds 
Uncalled bet ($9.50) returned to Ysiven
Pon4uk.ua leaves the table
Ysiven collected $6 from pot
Ysiven: doesn't show hand 
*** SUMMARY ***
Total pot $6 | Rake $0 
Seat 1: Ysiven (small blind) collected ($6)
Seat 2: Vladk307 (big blind) folded before Flop
Seat 5: Pon4uk.ua (button) folded before Flop



PokerStars Hand #254328013753:  Hold'em No Limit ($0.50/$1.00 USD) - 2025/01/12 9:17:36 WET [2025/01/12 4:17:36 ET]
Table 'Aisakos II' 6-max Seat #2 is the button
Seat 1: Ysiven ($103.50 in chips) 
Seat 2: Vladk307 ($108.55 in chips) 
Vladk307: posts small blind $0.50
Ysiven: posts big blind $1
*** HOLE CARDS ***
Vladk307: raises $2 to $3
Ysiven: folds 
Uncalled bet ($2) returned to Vladk307
Vladk307 collected $2 from pot
Vladk307: doesn't show hand 
*** SUMMARY ***
Total pot $2 | Rake $0 
Seat 1: Ysiven (big blind) folded before Flop
Seat 2: Vladk307 (button) (small blind) collected ($2)



PokerStars Hand #254328014966:  Hold'em No Limit ($0.50/$1.00 USD) - 2025/01/12 9:17:47 WET [2025/01/12 4:17:47 ET]
Table 'Aisakos II' 6-max Seat #1 is the button
Seat 1: Ysiven ($102.50 in chips) 
Seat 2: Vladk307 ($109.55 in chips) 
Ysiven: posts small blind $0.50
Vladk307: posts big blind $1
*** HOLE CARDS ***
Ysiven: raises $1.50 to $2.50
Vladk307: raises $5.50 to $8
Ysiven: calls $5.50
*** FLOP *** [8s 7c Qc]
Vladk307: bets $7
Ysiven: folds 
Uncalled bet ($7) returned to Vladk307
Vladk307 collected $15.20 from pot
Vladk307: doesn't show hand 
*** SUMMARY ***
Total pot $16 | Rake $0.80 
Board [8s 7c Qc]
Seat 1: Ysiven (button) (small blind) folded on the Flop
Seat 2: Vladk307 (big blind) collected ($15.20)



PokerStars Hand #254328018365:  Hold'em No Limit ($0.50/$1.00 USD) - 2025/01/12 9:18:19 WET [2025/01/12 4:18:19 ET]
Table 'Aisakos II' 6-max Seat #2 is the button
Seat 1: Ysiven ($100 in chips) 
Seat 2: Vladk307 ($116.75 in chips) 
Vladk307: posts small blind $0.50
Ysiven: posts big blind $1
*** HOLE CARDS ***
Vladk307: folds 
Uncalled bet ($0.50) returned to Ysiven
Ysiven collected $1 from pot
Ysiven: doesn't show hand 
*** SUMMARY ***
Total pot $1 | Rake $0 
Seat 1: Ysiven (big blind) collected ($1)
Seat 2: Vladk307 (button) (small blind) folded before Flop



PokerStars Hand #254328019482:  Hold'em No Limit ($0.50/$1.00 USD) - 2025/01/12 9:18:30 WET [2025/01/12 4:18:30 ET]
Table 'Aisakos II' 6-max Seat #1 is the button
Seat 1: Ysiven ($100.50 in chips) 
Seat 2: Vladk307 ($116.25 in chips) 
Ysiven: posts small blind $0.50
Vladk307: posts big blind $1
*** HOLE CARDS ***
Ysiven: raises $1.50 to $2.50
Vladk307: folds 
Uncalled bet ($1.50) returned to Ysiven
Ysiven collected $2 from pot
Ysiven: doesn't show hand 
*** SUMMARY ***
Total pot $2 | Rake $0 
Seat 1: Ysiven (button) (small blind) collected ($2)
Seat 2: Vladk307 (big blind) folded before Flop



PokerStars Hand #254328020351:  Hold'em No Limit ($0.50/$1.00 USD) - 2025/01/12 9:18:38 WET [2025/01/12 4:18:38 ET]
Table 'Aisakos II' 6-max Seat #2 is the button
Seat 1: Ysiven ($101.50 in chips) 
Seat 2: Vladk307 ($115.25 in chips) 
Vladk307: posts small blind $0.50
Ysiven: posts big blind $1
*** HOLE CARDS ***
Vladk307: folds 
Uncalled bet ($0.50) returned to Ysiven
Ysiven collected $1 from pot
Ysiven: doesn't show hand 
*** SUMMARY ***
Total pot $1 | Rake $0 
Seat 1: Ysiven (big blind) collected ($1)
Seat 2: Vladk307 (button) (small blind) folded before Flop



PokerStars Hand #254328021863:  Hold'em No Limit ($0.50/$1.00 USD) - 2025/01/12 9:18:52 WET [2025/01/12 4:18:52 ET]
Table 'Aisakos II' 6-max Seat #1 is the button
Seat 1: Ysiven ($102 in chips) 
Seat 2: Vladk307 ($114.75 in chips) 
Ysiven: posts small blind $0.50
Vladk307: posts big blind $1
*** HOLE CARDS ***
Ysiven: raises $1.50 to $2.50
Vladk307: raises $5.50 to $8
Ysiven: calls $5.50
*** FLOP *** [7h 3s Kc]
Vladk307: bets $6
Ysiven: folds 
Uncalled bet ($6) returned to Vladk307
Vladk307 collected $15.20 from pot
Vladk307: doesn't show hand 
*** SUMMARY ***
Total pot $16 | Rake $0.80 
Board [7h 3s Kc]
Seat 1: Ysiven (button) (small blind) folded on the Flop
Seat 2: Vladk307 (big blind) collected ($15.20)



PokerStars Hand #254328025699:  Hold'em No Limit ($0.50/$1.00 USD) - 2025/01/12 9:19:28 WET [2025/01/12 4:19:28 ET]
Table 'Aisakos II' 6-max Seat #2 is the button
Seat 1: Ysiven ($100 in chips) 
Seat 2: Vladk307 ($121.95 in chips) 
Vladk307: posts small blind $0.50
Ysiven: posts big blind $1
*** HOLE CARDS ***
Vladk307: raises $2 to $3
Ysiven: folds 
Uncalled bet ($2) returned to Vladk307
Vladk307 collected $2 from pot
Vladk307: doesn't show hand 
*** SUMMARY ***
Total pot $2 | Rake $0 
Seat 1: Ysiven (big blind) folded before Flop
Seat 2: Vladk307 (button) (small blind) collected ($2)



PokerStars Hand #254328026565:  Hold'em No Limit ($0.50/$1.00 USD) - 2025/01/12 9:19:36 WET [2025/01/12 4:19:36 ET]
Table 'Aisakos II' 6-max Seat #1 is the button
Seat 1: Ysiven ($100 in chips) 
Seat 2: Vladk307 ($122.95 in chips) 
Ysiven: posts small blind $0.50
Vladk307: posts big blind $1
*** HOLE CARDS ***
Ysiven: raises $1.50 to $2.50
Vladk307: calls $1.50
*** FLOP *** [Th 3c Jh]
Vladk307: checks 
Ysiven: bets $2.85
Vladk307: calls $2.85
*** TURN *** [Th 3c Jh] [Js]
Vladk307: checks 
Ysiven: bets $6.10
Vladk307: folds 
Uncalled bet ($6.10) returned to Ysiven
Ysiven collected $10.16 from pot
Ysiven: doesn't show hand 
*** SUMMARY ***
Total pot $10.70 | Rake $0.54 
Board [Th 3c Jh Js]
Seat 1: Ysiven (button) (small blind) collected ($10.16)
Seat 2: Vladk307 (big blind) folded on the Turn



PokerStars Hand #254328031390:  Hold'em No Limit ($0.50/$1.00 USD) - 2025/01/12 9:20:22 WET [2025/01/12 4:20:22 ET]
Table 'Aisakos II' 6-max Seat #2 is the button
Seat 1: Ysiven ($104.81 in chips) 
Seat 2: Vladk307 ($117.60 in chips) 
Vladk307: posts small blind $0.50
Ysiven: posts big blind $1
*** HOLE CARDS ***
Vladk307: raises $2 to $3
Ysiven: calls $2
*** FLOP *** [3h 3c Qs]
Ysiven: checks 
Vladk307: checks 
*** TURN *** [3h 3c Qs] [Td]
Ysiven: checks 
Vladk307: bets $2
Ysiven: calls $2
*** RIVER *** [3h 3c Qs Td] [7d]
Ysiven: checks 
Vladk307: checks 
*** SHOW DOWN ***
Ysiven: shows [As 9c] (a pair of Threes)
Vladk307: mucks hand 
Ysiven collected $9.50 from pot
*** SUMMARY ***
Total pot $10 | Rake $0.50 
Board [3h 3c Qs Td 7d]
Seat 1: Ysiven (big blind) showed [As 9c] and won ($9.50) with a pair of Threes
Seat 2: Vladk307 (button) (small blind) mucked



PokerStars Hand #254328037086:  Hold'em No Limit ($0.50/$1.00 USD) - 2025/01/12 9:21:17 WET [2025/01/12 4:21:17 ET]
Table 'Aisakos II' 6-max Seat #1 is the button
Seat 1: Ysiven ($109.31 in chips) 
Seat 2: Vladk307 ($112.60 in chips) 
Ysiven: posts small blind $0.50
Vladk307: posts big blind $1
*** HOLE CARDS ***
Ysiven: folds 
Uncalled bet ($0.50) returned to Vladk307
Vladk307 collected $1 from pot
Vladk307: doesn't show hand 
*** SUMMARY ***
Total pot $1 | Rake $0 
Seat 1: Ysiven (button) (small blind) folded before Flop
Seat 2: Vladk307 (big blind) collected ($1)



PokerStars Hand #254328037831:  Hold'em No Limit ($0.50/$1.00 USD) - 2025/01/12 9:21:24 WET [2025/01/12 4:21:24 ET]
Table 'Aisakos II' 6-max Seat #2 is the button
Seat 1: Ysiven ($108.81 in chips) 
Seat 2: Vladk307 ($113.10 in chips) 
Vladk307: posts small blind $0.50
Ysiven: posts big blind $1
*** HOLE CARDS ***
Vladk307: raises $2 to $3
Ysiven: raises $8.50 to $11.50
Vladk307: folds 
Uncalled bet ($8.50) returned to Ysiven
Ysiven collected $6 from pot
Ysiven: doesn't show hand 
*** SUMMARY ***
Total pot $6 | Rake $0 
Seat 1: Ysiven (big blind) collected ($6)
Seat 2: Vladk307 (button) (small blind) folded before Flop



PokerStars Hand #254328039441:  Hold'em No Limit ($0.50/$1.00 USD) - 2025/01/12 9:21:39 WET [2025/01/12 4:21:39 ET]
Table 'Aisakos II' 6-max Seat #1 is the button
Seat 1: Ysiven ($111.81 in chips) 
Seat 2: Vladk307 ($110.10 in chips) 
Ysiven: posts small blind $0.50
Vladk307: posts big blind $1
*** HOLE CARDS ***
Ysiven: raises $1.50 to $2.50
Vladk307: folds 
Uncalled bet ($1.50) returned to Ysiven
Ysiven collected $2 from pot
Ysiven: doesn't show hand 
*** SUMMARY ***
Total pot $2 | Rake $0 
Seat 1: Ysiven (button) (small blind) collected ($2)
Seat 2: Vladk307 (big blind) folded before Flop



PokerStars Hand #254328040284:  Hold'em No Limit ($0.50/$1.00 USD) - 2025/01/12 9:21:48 WET [2025/01/12 4:21:48 ET]
Table 'Aisakos II' 6-max Seat #2 is the button
Seat 1: Ysiven ($112.81 in chips) 
Seat 2: Vladk307 ($109.10 in chips) 
Vladk307: posts small blind $0.50
Ysiven: posts big blind $1
*** HOLE CARDS ***
Vladk307: folds 
Uncalled bet ($0.50) returned to Ysiven
Ysiven collected $1 from pot
Ysiven: doesn't show hand 
*** SUMMARY ***
Total pot $1 | Rake $0 
Seat 1: Ysiven (big blind) collected ($1)
Seat 2: Vladk307 (button) (small blind) folded before Flop



PokerStars Hand #254328040821:  Hold'em No Limit ($0.50/$1.00 USD) - 2025/01/12 9:21:53 WET [2025/01/12 4:21:53 ET]
Table 'Aisakos II' 6-max Seat #1 is the button
Seat 1: Ysiven ($113.31 in chips) 
Seat 2: Vladk307 ($108.60 in chips) 
Ysiven: posts small blind $0.50
Vladk307: posts big blind $1
*** HOLE CARDS ***
Ysiven: raises $1.50 to $2.50
Vladk307: folds 
Uncalled bet ($1.50) returned to Ysiven
Ysiven collected $2 from pot
Ysiven: doesn't show hand 
*** SUMMARY ***
Total pot $2 | Rake $0 
Seat 1: Ysiven (button) (small blind) collected ($2)
Seat 2: Vladk307 (big blind) folded before Flop



PokerStars Hand #254328041649:  Hold'em No Limit ($0.50/$1.00 USD) - 2025/01/12 9:22:01 WET [2025/01/12 4:22:01 ET]
Table 'Aisakos II' 6-max Seat #2 is the button
Seat 1: Ysiven ($114.31 in chips) 
Seat 2: Vladk307 ($107.60 in chips) 
Vladk307: posts small blind $0.50
Ysiven: posts big blind $1
*** HOLE CARDS ***
Vladk307: folds 
Uncalled bet ($0.50) returned to Ysiven
Ysiven collected $1 from pot
Ysiven: doesn't show hand 
*** SUMMARY ***
Total pot $1 | Rake $0 
Seat 1: Ysiven (big blind) collected ($1)
Seat 2: Vladk307 (button) (small blind) folded before Flop



PokerStars Hand #254328042227:  Hold'em No Limit ($0.50/$1.00 USD) - 2025/01/12 9:22:06 WET [2025/01/12 4:22:06 ET]
Table 'Aisakos II' 6-max Seat #1 is the button
Seat 1: Ysiven ($114.81 in chips) 
Seat 2: Vladk307 ($107.10 in chips) 
Ysiven: posts small blind $0.50
Vladk307: posts big blind $1
*** HOLE CARDS ***
Ysiven: raises $1.50 to $2.50
Vladk307: calls $1.50
*** FLOP *** [Jc Kh 2s]
Vladk307: checks 
Ysiven: checks 
*** TURN *** [Jc Kh 2s] [9c]
Vladk307: bets $3
Ysiven: folds 
Uncalled bet ($3) returned to Vladk307
Vladk307 collected $4.75 from pot
Vladk307: doesn't show hand 
*** SUMMARY ***
Total pot $5 | Rake $0.25 
Board [Jc Kh 2s 9c]
Seat 1: Ysiven (button) (small blind) folded on the Turn
Seat 2: Vladk307 (big blind) collected ($4.75)



PokerStars Hand #254328045437:  Hold'em No Limit ($0.50/$1.00 USD) - 2025/01/12 9:22:37 WET [2025/01/12 4:22:37 ET]
Table 'Aisakos II' 6-max Seat #2 is the button
Seat 1: Ysiven ($112.31 in chips) 
Seat 2: Vladk307 ($109.35 in chips) 
Vladk307: posts small blind $0.50
Ysiven: posts big blind $1
*** HOLE CARDS ***
Vladk307: calls $0.50
Ysiven: checks 
*** FLOP *** [Ah Js 6h]
Ysiven: checks 
Vladk307: checks 
*** TURN *** [Ah Js 6h] [3h]
Ysiven: checks 
Vladk307: checks 
*** RIVER *** [Ah Js 6h 3h] [8d]
greggerlive joins the table at seat #4 
Ysiven: checks 
Emily_GetMan joins the table at seat #5 
Vladk307: checks 
*** SHOW DOWN ***
Ysiven: shows [2d 4s] (high card Ace)
Vladk307: shows [4d 3c] (a pair of Threes)
Vladk307 collected $1.90 from pot
*** SUMMARY ***
Total pot $2 | Rake $0.10 
Board [Ah Js 6h 3h 8d]
Seat 1: Ysiven (big blind) showed [2d 4s] and lost with high card Ace
Seat 2: Vladk307 (button) (small blind) showed [4d 3c] and won ($1.90) with a pair of Threes



PokerStars Hand #254328048391:  Hold'em No Limit ($0.50/$1.00 USD) - 2025/01/12 9:23:05 WET [2025/01/12 4:23:05 ET]
Table 'Aisakos II' 6-max Seat #1 is the button
Seat 5: Emily_GetMan ($100 in chips) is sitting out
Seat 1: Ysiven ($111.31 in chips) 
Seat 2: Vladk307 ($110.25 in chips) 
Seat 4: greggerlive ($100 in chips) 
Vladk307: posts small blind $0.50
greggerlive: posts big blind $1
Emily_GetMan: sits out 
*** HOLE CARDS ***
Ysiven: raises $1.50 to $2.50
Emily_GetMan leaves the table
Vladk307: folds 
Aescul@pius joins the table at seat #6 
greggerlive: raises $2.50 to $5
Ysiven: calls $2.50
*** FLOP *** [8h 8c 6s]
greggerlive: checks 
Ysiven: checks 
*** TURN *** [8h 8c 6s] [7h]
greggerlive: checks 
Ysiven: bets $5.99
greggerlive: folds 
Uncalled bet ($5.99) returned to Ysiven
Ysiven collected $9.98 from pot
Ysiven: doesn't show hand 
*** SUMMARY ***
Total pot $10.50 | Rake $0.52 
Board [8h 8c 6s 7h]
Seat 5: Emily_GetMan
Seat 1: Ysiven (button) collected ($9.98)
Seat 2: Vladk307 (small blind) folded before Flop
Seat 4: greggerlive (big blind) folded on the Turn



PokerStars Hand #254328053931:  Hold'em No Limit ($0.50/$1.00 USD) - 2025/01/12 9:23:59 WET [2025/01/12 4:23:59 ET]
Table 'Aisakos II' 6-max Seat #2 is the button
Seat 1: Ysiven ($116.29 in chips) 
Seat 2: Vladk307 ($109.75 in chips) 
Seat 4: greggerlive ($100 in chips) 
Seat 6: Aescul@pius ($109.75 in chips) 
greggerlive: posts small blind $0.50
Aescul@pius: posts big blind $1
*** HOLE CARDS ***
Ysiven: folds 
Vladk307: raises $2 to $3
greggerlive: calls $2.50
Aescul@pius: calls $2
*** FLOP *** [Jh 8d 6d]
greggerlive: checks 
Aescul@pius: checks 
Vladk307: checks 
*** TURN *** [Jh 8d 6d] [6h]
greggerlive: bets $8.55
Aescul@pius: calls $8.55
Vladk307: folds 
*** RIVER *** [Jh 8d 6d 6h] [8h]
greggerlive: checks 
Aescul@pius: checks 
*** SHOW DOWN ***
greggerlive: shows [Qd Tc] (two pair, Eights and Sixes)
Aescul@pius: shows [Qs Js] (two pair, Jacks and Eights)
Aescul@pius collected $25.10 from pot
*** SUMMARY ***
Total pot $26.10 | Rake $1 
Board [Jh 8d 6d 6h 8h]
Seat 1: Ysiven folded before Flop (didn't bet)
Seat 2: Vladk307 (button) folded on the Turn
Seat 4: greggerlive (small blind) showed [Qd Tc] and lost with two pair, Eights and Sixes
Seat 6: Aescul@pius (big blind) showed [Qs Js] and won ($25.10) with two pair, Jacks and Eights



PokerStars Hand #254328060148:  Hold'em No Limit ($0.50/$1.00 USD) - 2025/01/12 9:24:58 WET [2025/01/12 4:24:58 ET]
Table 'Aisakos II' 6-max Seat #4 is the button
Seat 1: Ysiven ($116.29 in chips) 
Seat 2: Vladk307 ($106.75 in chips) 
Seat 4: greggerlive ($88.45 in chips) 
Seat 6: Aescul@pius ($123.30 in chips) 
Aescul@pius: posts small blind $0.50
Ysiven: posts big blind $1
*** HOLE CARDS ***
Vladk307: folds 
greggerlive: folds 
Aescul@pius: folds 
Uncalled bet ($0.50) returned to Ysiven
Ysiven collected $1 from pot
Ysiven: doesn't show hand 
*** SUMMARY ***
Total pot $1 | Rake $0 
Seat 1: Ysiven (big blind) collected ($1)
Seat 2: Vladk307 folded before Flop (didn't bet)
Seat 4: greggerlive (button) folded before Flop (didn't bet)
Seat 6: Aescul@pius (small blind) folded before Flop



PokerStars Hand #254328061865:  Hold'em No Limit ($0.50/$1.00 USD) - 2025/01/12 9:25:14 WET [2025/01/12 4:25:14 ET]
Table 'Aisakos II' 6-max Seat #6 is the button
Seat 1: Ysiven ($116.79 in chips) 
Seat 2: Vladk307 ($106.75 in chips) 
Seat 4: greggerlive ($100 in chips) 
Seat 6: Aescul@pius ($122.80 in chips) 
Ysiven: posts small blind $0.50
Vladk307: posts big blind $1
*** HOLE CARDS ***
greggerlive: folds 
Aescul@pius: folds 
Ysiven: raises $2 to $3
Vladk307: raises $7 to $10
Ysiven: folds 
Uncalled bet ($7) returned to Vladk307
Vladk307 collected $6 from pot
Vladk307: doesn't show hand 
*** SUMMARY ***
Total pot $6 | Rake $0 
Seat 1: Ysiven (small blind) folded before Flop
Seat 2: Vladk307 (big blind) collected ($6)
Seat 4: greggerlive folded before Flop (didn't bet)
Seat 6: Aescul@pius (button) folded before Flop (didn't bet)



PokerStars Hand #254328065421:  Hold'em No Limit ($0.50/$1.00 USD) - 2025/01/12 9:25:48 WET [2025/01/12 4:25:48 ET]
Table 'Aisakos II' 6-max Seat #1 is the button
Seat 1: Ysiven ($113.79 in chips) 
Seat 2: Vladk307 ($109.75 in chips) 
Seat 4: greggerlive ($100 in chips) 
Seat 6: Aescul@pius ($122.80 in chips) 
Vladk307: posts small blind $0.50
greggerlive: posts big blind $1
*** HOLE CARDS ***
Aescul@pius: folds 
Ysiven: folds 
Vladk307: folds 
Uncalled bet ($0.50) returned to greggerlive
greggerlive collected $1 from pot
*** SUMMARY ***
Total pot $1 | Rake $0 
Seat 1: Ysiven (button) folded before Flop (didn't bet)
Seat 2: Vladk307 (small blind) folded before Flop
Seat 4: greggerlive (big blind) collected ($1)
Seat 6: Aescul@pius folded before Flop (didn't bet)



PokerStars Hand #254328066487:  Hold'em No Limit ($0.50/$1.00 USD) - 2025/01/12 9:25:57 WET [2025/01/12 4:25:57 ET]
Table 'Aisakos II' 6-max Seat #2 is the button
Seat 1: Ysiven ($113.79 in chips) 
Seat 2: Vladk307 ($109.25 in chips) 
Seat 4: greggerlive ($100.50 in chips) 
Seat 6: Aescul@pius ($122.80 in chips) 
greggerlive: posts small blind $0.50
Aescul@pius: posts big blind $1
*** HOLE CARDS ***
Ysiven: raises $1.30 to $2.30
Vladk307 has timed out
Vladk307: folds 
greggerlive: folds 
Dulejunge joins the table at seat #3 
Dulejunge is disconnected 
Aescul@pius: folds 
Uncalled bet ($1.30) returned to Ysiven
Ysiven collected $2.50 from pot
Ysiven: doesn't show hand 
*** SUMMARY ***
Total pot $2.50 | Rake $0 
Seat 1: Ysiven collected ($2.50)
Seat 2: Vladk307 (button) folded before Flop (didn't bet)
Seat 4: greggerlive (small blind) folded before Flop
Seat 6: Aescul@pius (big blind) folded before Flop



PokerStars Hand #254328069270:  Hold'em No Limit ($0.50/$1.00 USD) - 2025/01/12 9:26:24 WET [2025/01/12 4:26:24 ET]
Table 'Aisakos II' 6-max Seat #4 is the button
Seat 1: Ysiven ($115.29 in chips) 
Seat 2: Vladk307 ($109.25 in chips) 
Seat 3: Dulejunge ($100 in chips) 
Seat 4: greggerlive ($100 in chips) 
Seat 6: Aescul@pius ($121.80 in chips) 
Aescul@pius: posts small blind $0.50
Ysiven: posts big blind $1
Dulejunge: posts big blind $1
*** HOLE CARDS ***
Vladk307: folds 
Dulejunge: checks 
greggerlive: calls $1
Aescul@pius: folds 
LuckyShikari joins the table at seat #5 
Ysiven: checks 
*** FLOP *** [2c 9d 5s]
Ysiven: checks 
Dulejunge: checks 
greggerlive: bets $3.32
Ysiven: calls $3.32
Dulejunge: folds 
*** TURN *** [2c 9d 5s] [2d]
Ysiven: checks 
greggerlive: checks 
*** RIVER *** [2c 9d 5s 2d] [Ts]
Ysiven: bets $6
greggerlive: folds 
Uncalled bet ($6) returned to Ysiven
Ysiven collected $9.63 from pot
Ysiven: doesn't show hand 
*** SUMMARY ***
Total pot $10.14 | Rake $0.51 
Board [2c 9d 5s 2d Ts]
Seat 1: Ysiven (big blind) collected ($9.63)
Seat 2: Vladk307 folded before Flop (didn't bet)
Seat 3: Dulejunge folded on the Flop (didn't bet)
Seat 4: greggerlive (button) folded on the River
Seat 6: Aescul@pius (small blind) folded before Flop



PokerStars Hand #254328075857:  Hold'em No Limit ($0.50/$1.00 USD) - 2025/01/12 9:27:25 WET [2025/01/12 4:27:25 ET]
Table 'Aisakos II' 6-max Seat #6 is the button
Seat 5: LuckyShikari ($100 in chips) is sitting out
Seat 1: Ysiven ($120.60 in chips) 
Seat 2: Vladk307 ($109.25 in chips) 
Seat 3: Dulejunge ($99 in chips) 
Seat 4: greggerlive ($95.68 in chips) 
Seat 6: Aescul@pius ($121.30 in chips) 
Ysiven: posts small blind $0.50
Vladk307: posts big blind $1
LuckyShikari: sits out 
*** HOLE CARDS ***
Dulejunge: folds 
greggerlive: raises $2 to $3
Aescul@pius: folds 
Ysiven: folds 
Vladk307: folds 
Uncalled bet ($2) returned to greggerlive
greggerlive collected $2.50 from pot
*** SUMMARY ***
Total pot $2.50 | Rake $0 
Seat 5: LuckyShikari
Seat 1: Ysiven (small blind) folded before Flop
Seat 2: Vladk307 (big blind) folded before Flop
Seat 3: Dulejunge folded before Flop (didn't bet)
Seat 4: greggerlive collected ($2.50)
Seat 6: Aescul@pius (button) folded before Flop (didn't bet)



PokerStars Hand #254328077364:  Hold'em No Limit ($0.50/$1.00 USD) - 2025/01/12 9:27:39 WET [2025/01/12 4:27:39 ET]
Table 'Aisakos II' 6-max Seat #1 is the button
Seat 5: LuckyShikari ($100 in chips) is sitting out
Seat 1: Ysiven ($120.10 in chips) 
Seat 2: Vladk307 ($108.25 in chips) 
Seat 3: Dulejunge ($99 in chips) 
Seat 4: greggerlive ($100 in chips) 
Seat 6: Aescul@pius ($121.30 in chips) 
Vladk307: posts small blind $0.50
Dulejunge: posts big blind $1
LuckyShikari: sits out 
*** HOLE CARDS ***
greggerlive: folds 
Aescul@pius: folds 
Ysiven: raises $1.50 to $2.50
Vladk307: folds 
Dulejunge: folds 
Uncalled bet ($1.50) returned to Ysiven
Ysiven collected $2.50 from pot
Ysiven: doesn't show hand 
*** SUMMARY ***
Total pot $2.50 | Rake $0 
Seat 5: LuckyShikari
Seat 1: Ysiven (button) collected ($2.50)
Seat 2: Vladk307 (small blind) folded before Flop
Seat 3: Dulejunge (big blind) folded before Flop
Seat 4: greggerlive folded before Flop (didn't bet)
Seat 6: Aescul@pius folded before Flop (didn't bet)



PokerStars Hand #254328079136:  Hold'em No Limit ($0.50/$1.00 USD) - 2025/01/12 9:27:55 WET [2025/01/12 4:27:55 ET]
Table 'Aisakos II' 6-max Seat #2 is the button
Seat 5: LuckyShikari ($100 in chips) is sitting out
Seat 1: Ysiven ($121.60 in chips) 
Seat 2: Vladk307 ($107.75 in chips) 
Seat 3: Dulejunge ($98 in chips) 
Seat 4: greggerlive ($100 in chips) 
Seat 6: Aescul@pius ($121.30 in chips) 
Dulejunge: posts small blind $0.50
greggerlive: posts big blind $1
LuckyShikari: sits out 
*** HOLE CARDS ***
Aescul@pius: folds 
Ysiven: folds 
Vladk307: raises $2 to $3
Dulejunge: calls $2.50
greggerlive: folds 
*** FLOP *** [4h 9d 2c]
Dulejunge: bets $3
Vladk307: calls $3
*** TURN *** [4h 9d 2c] [6d]
Dulejunge: checks 
Vladk307: checks 
*** RIVER *** [4h 9d 2c 6d] [7d]
Dulejunge: bets $7
Vladk307: calls $7
*** SHOW DOWN ***
Dulejunge: shows [5s 5h] (a pair of Fives)
Vladk307: shows [Qs 9s] (a pair of Nines)
Vladk307 collected $25.65 from pot
*** SUMMARY ***
Total pot $27 | Rake $1.35 
Board [4h 9d 2c 6d 7d]
Seat 5: LuckyShikari
Seat 1: Ysiven folded before Flop (didn't bet)
Seat 2: Vladk307 (button) showed [Qs 9s] and won ($25.65) with a pair of Nines
Seat 3: Dulejunge (small blind) showed [5s 5h] and lost with a pair of Fives
Seat 4: greggerlive (big blind) folded before Flop
Seat 6: Aescul@pius folded before Flop (didn't bet)



PokerStars Hand #254328084203:  Hold'em No Limit ($0.50/$1.00 USD) - 2025/01/12 9:28:43 WET [2025/01/12 4:28:43 ET]
Table 'Aisakos II' 6-max Seat #3 is the button
Seat 1: Ysiven ($121.60 in chips) 
Seat 2: Vladk307 ($120.40 in chips) 
Seat 3: Dulejunge ($85 in chips) 
Seat 4: greggerlive ($99 in chips) 
Seat 5: LuckyShikari ($100 in chips) 
Seat 6: Aescul@pius ($121.30 in chips) 
greggerlive: posts small blind $0.50
LuckyShikari: posts big blind $1
*** HOLE CARDS ***
Aescul@pius: folds 
Ysiven: folds 
Vladk307: raises $1.50 to $2.50
Dulejunge: folds 
greggerlive: folds 
LuckyShikari: folds 
Uncalled bet ($1.50) returned to Vladk307
Vladk307 collected $2.50 from pot
Vladk307: doesn't show hand 
*** SUMMARY ***
Total pot $2.50 | Rake $0 
Seat 1: Ysiven folded before Flop (didn't bet)
Seat 2: Vladk307 collected ($2.50)
Seat 3: Dulejunge (button) folded before Flop (didn't bet)
Seat 4: greggerlive (small blind) folded before Flop
Seat 5: LuckyShikari (big blind) folded before Flop
Seat 6: Aescul@pius folded before Flop (didn't bet)



PokerStars Hand #254328096963:  Hold'em No Limit ($0.50/$1.00 USD) - 2025/01/12 9:30:42 WET [2025/01/12 4:30:42 ET]
Table 'Aisakos II' 6-max Seat #1 is the button
Seat 1: Ysiven ($119.60 in chips) 
Seat 2: Vladk307 ($120.90 in chips) 
Seat 3: Dulejunge ($88.50 in chips) 
Seat 4: greggerlive ($100 in chips) 
Seat 5: LuckyShikari ($110.50 in chips) 
Seat 6: Aescul@pius ($110.80 in chips) 
Vladk307: posts small blind $0.50
Dulejunge: posts big blind $1
*** HOLE CARDS ***
greggerlive: raises $2 to $3
LuckyShikari: folds 
Aescul@pius: folds 
Ysiven: folds 
Vladk307: folds 
Dulejunge: folds 
Uncalled bet ($2) returned to greggerlive
greggerlive collected $2.50 from pot
*** SUMMARY ***
Total pot $2.50 | Rake $0 
Seat 1: Ysiven (button) folded before Flop (didn't bet)
Seat 2: Vladk307 (small blind) folded before Flop
Seat 3: Dulejunge (big blind) folded before Flop
Seat 4: greggerlive collected ($2.50)
Seat 5: LuckyShikari folded before Flop (didn't bet)
Seat 6: Aescul@pius folded before Flop (didn't bet)



PokerStars Hand #254328098637:  Hold'em No Limit ($0.50/$1.00 USD) - 2025/01/12 9:30:57 WET [2025/01/12 4:30:57 ET]
Table 'Aisakos II' 6-max Seat #2 is the button
Seat 1: Ysiven ($119.60 in chips) 
Seat 2: Vladk307 ($120.40 in chips) 
Seat 3: Dulejunge ($87.50 in chips) 
Seat 4: greggerlive ($101.50 in chips) 
Seat 5: LuckyShikari ($110.50 in chips) 
Seat 6: Aescul@pius ($110.80 in chips) 
Dulejunge: posts small blind $0.50
greggerlive: posts big blind $1
*** HOLE CARDS ***
LuckyShikari: raises $1 to $2
Aescul@pius: folds 
Ysiven: folds 
Vladk307: folds 
Dulejunge: calls $1.50
greggerlive: calls $1
*** FLOP *** [2c 4h 7c]
Dulejunge: bets $2
greggerlive: folds 
LuckyShikari: calls $2
*** TURN *** [2c 4h 7c] [6d]
Dulejunge: bets $5
LuckyShikari: folds 
Uncalled bet ($5) returned to Dulejunge
Dulejunge collected $9.38 from pot
*** SUMMARY ***
Total pot $10 | Rake $0.62 
Board [2c 4h 7c 6d]
Seat 1: Ysiven folded before Flop (didn't bet)
Seat 2: Vladk307 (button) folded before Flop (didn't bet)
Seat 3: Dulejunge (small blind) collected ($9.38)
Seat 4: greggerlive (big blind) folded on the Flop
Seat 5: LuckyShikari folded on the Turn
Seat 6: Aescul@pius folded before Flop (didn't bet)



PokerStars Hand #254328248918:  Hold'em No Limit ($0.50/$1.00 USD) - 2025/01/12 9:52:35 WET [2025/01/12 4:52:35 ET]
Table 'Aisakos II' 6-max Seat #1 is the button
Seat 1: Ysiven ($211.70 in chips) 
Seat 2: Vladk307 ($91.91 in chips) 
Seat 3: Plutsch ($156.13 in chips) 
Seat 4: YoMastaRoman ($64.23 in chips) 
Seat 5: MaRKiToScoK ($133.33 in chips) 
Seat 6: janarr5 ($106.98 in chips) 
Vladk307: posts small blind $0.50
Plutsch: posts big blind $1
*** HOLE CARDS ***
YoMastaRoman: folds 
MaRKiToScoK: folds 
janarr5: folds 
Ysiven: raises $1.50 to $2.50
Vladk307: folds 
Plutsch: calls $1.50
*** FLOP *** [2c Js Ts]
Plutsch: checks 
Ysiven: bets $3.13
Plutsch: calls $3.13
*** TURN *** [2c Js Ts] [Jc]
Plutsch: bets $2.23
Ysiven: raises $20.79 to $23.02
Plutsch: folds 
Uncalled bet ($20.79) returned to Ysiven
Ysiven collected $15.41 from pot
Ysiven: doesn't show hand 
*** SUMMARY ***
Total pot $16.22 | Rake $0.81 
Board [2c Js Ts Jc]
Seat 1: Ysiven (button) collected ($15.41)
Seat 2: Vladk307 (small blind) folded before Flop
Seat 3: Plutsch (big blind) folded on the Turn
Seat 4: YoMastaRoman folded before Flop (didn't bet)
Seat 5: MaRKiToScoK folded before Flop (didn't bet)
Seat 6: janarr5 folded before Flop (didn't bet)



PokerStars Hand #254328260285:  Hold'em No Limit ($0.50/$1.00 USD) - 2025/01/12 9:54:09 WET [2025/01/12 4:54:09 ET]
Table 'Aisakos II' 6-max Seat #2 is the button
Seat 1: Ysiven ($219.25 in chips) 
Seat 2: Vladk307 ($100 in chips) 
Seat 3: Plutsch ($148.27 in chips) 
Seat 4: YoMastaRoman ($64.23 in chips) 
Seat 5: MaRKiToScoK ($133.33 in chips) 
Seat 6: janarr5 ($106.98 in chips) 
Plutsch: posts small blind $0.50
YoMastaRoman: posts big blind $1
*** HOLE CARDS ***
MaRKiToScoK: folds 
janarr5: raises $1.25 to $2.25
Ysiven: folds 
Vladk307: folds 
Plutsch: folds 
YoMastaRoman: folds 
Uncalled bet ($1.25) returned to janarr5
janarr5 collected $2.50 from pot
janarr5: doesn't show hand 
*** SUMMARY ***
Total pot $2.50 | Rake $0 
Seat 1: Ysiven folded before Flop (didn't bet)
Seat 2: Vladk307 (button) folded before Flop (didn't bet)
Seat 3: Plutsch (small blind) folded before Flop
Seat 4: YoMastaRoman (big blind) folded before Flop
Seat 5: MaRKiToScoK folded before Flop (didn't bet)
Seat 6: janarr5 collected ($2.50)



PokerStars Hand #254328262579:  Hold'em No Limit ($0.50/$1.00 USD) - 2025/01/12 9:54:29 WET [2025/01/12 4:54:29 ET]
Table 'Aisakos II' 6-max Seat #3 is the button
Seat 1: Ysiven ($219.25 in chips) 
Seat 2: Vladk307 ($100 in chips) 
Seat 3: Plutsch ($147.77 in chips) 
Seat 4: YoMastaRoman ($63.23 in chips) 
Seat 5: MaRKiToScoK ($133.33 in chips) 
Seat 6: janarr5 ($108.48 in chips) 
YoMastaRoman: posts small blind $0.50
MaRKiToScoK: posts big blind $1
*** HOLE CARDS ***
janarr5: folds 
Ysiven: folds 
Vladk307: raises $1.50 to $2.50
Plutsch: folds 
YoMastaRoman: folds 
MaRKiToScoK: calls $1.50
*** FLOP *** [Ah 4h 8c]
MaRKiToScoK: checks 
Vladk307: bets $2
MaRKiToScoK: folds 
Uncalled bet ($2) returned to Vladk307
Vladk307 collected $5.22 from pot
Vladk307: doesn't show hand 
*** SUMMARY ***
Total pot $5.50 | Rake $0.28 
Board [Ah 4h 8c]
Seat 1: Ysiven folded before Flop (didn't bet)
Seat 2: Vladk307 collected ($5.22)
Seat 3: Plutsch (button) folded before Flop (didn't bet)
Seat 4: YoMastaRoman (small blind) folded before Flop
Seat 5: MaRKiToScoK (big blind) folded on the Flop
Seat 6: janarr5 folded before Flop (didn't bet)



PokerStars Hand #254328266497:  Hold'em No Limit ($0.50/$1.00 USD) - 2025/01/12 9:55:02 WET [2025/01/12 4:55:02 ET]
Table 'Aisakos II' 6-max Seat #4 is the button
Seat 1: Ysiven ($219.25 in chips) 
Seat 2: Vladk307 ($102.72 in chips) 
Seat 3: Plutsch ($147.77 in chips) 
Seat 4: YoMastaRoman ($62.73 in chips) 
Seat 5: MaRKiToScoK ($130.83 in chips) 
Seat 6: janarr5 ($108.48 in chips) 
MaRKiToScoK: posts small blind $0.50
janarr5: posts big blind $1
*** HOLE CARDS ***
Ysiven: folds 
Vladk307: folds 
Plutsch: folds 
YoMastaRoman: raises $2.50 to $3.50
MaRKiToScoK: folds 
janarr5: folds 
Uncalled bet ($2.50) returned to YoMastaRoman
YoMastaRoman collected $2.50 from pot
YoMastaRoman: doesn't show hand 
*** SUMMARY ***
Total pot $2.50 | Rake $0 
Seat 1: Ysiven folded before Flop (didn't bet)
Seat 2: Vladk307 folded before Flop (didn't bet)
Seat 3: Plutsch folded before Flop (didn't bet)
Seat 4: YoMastaRoman (button) collected ($2.50)
Seat 5: MaRKiToScoK (small blind) folded before Flop
Seat 6: janarr5 (big blind) folded before Flop



PokerStars Hand #254328269203:  Hold'em No Limit ($0.50/$1.00 USD) - 2025/01/12 9:55:28 WET [2025/01/12 4:55:28 ET]
Table 'Aisakos II' 6-max Seat #5 is the button
Seat 1: Ysiven ($219.25 in chips) 
Seat 2: Vladk307 ($102.72 in chips) 
Seat 3: Plutsch ($147.77 in chips) 
Seat 4: YoMastaRoman ($64.23 in chips) 
Seat 5: MaRKiToScoK ($130.33 in chips) 
Seat 6: janarr5 ($107.48 in chips) 
janarr5: posts small blind $0.50
Ysiven: posts big blind $1
*** HOLE CARDS ***
Vladk307: folds 
Plutsch: raises $1.40 to $2.40
YoMastaRoman: calls $2.40
MaRKiToScoK: folds 
janarr5: folds 
Ysiven: folds 
*** FLOP *** [Kc Qs Tc]
Plutsch: checks 
YoMastaRoman: bets $5.98
Plutsch: calls $5.98
*** TURN *** [Kc Qs Tc] [8s]
Plutsch: checks 
YoMastaRoman: bets $17.35
Plutsch: folds 
Uncalled bet ($17.35) returned to YoMastaRoman
YoMastaRoman collected $17.35 from pot
YoMastaRoman: doesn't show hand 
*** SUMMARY ***
Total pot $18.26 | Rake $0.91 
Board [Kc Qs Tc 8s]
Seat 1: Ysiven (big blind) folded before Flop
Seat 2: Vladk307 folded before Flop (didn't bet)
Seat 3: Plutsch folded on the Turn
Seat 4: YoMastaRoman collected ($17.35)
Seat 5: MaRKiToScoK (button) folded before Flop (didn't bet)
Seat 6: janarr5 (small blind) folded before Flop



PokerStars Hand #254328274134:  Hold'em No Limit ($0.50/$1.00 USD) - 2025/01/12 9:56:16 WET [2025/01/12 4:56:16 ET]
Table 'Aisakos II' 6-max Seat #6 is the button
Seat 1: Ysiven ($218.25 in chips) 
Seat 2: Vladk307 ($102.72 in chips) 
Seat 3: Plutsch ($139.39 in chips) 
Seat 4: YoMastaRoman ($73.20 in chips) 
Seat 5: MaRKiToScoK ($130.33 in chips) 
Seat 6: janarr5 ($106.98 in chips) 
Ysiven: posts small blind $0.50
Vladk307: posts big blind $1
*** HOLE CARDS ***
Plutsch: folds 
YoMastaRoman: folds 
MaRKiToScoK: folds 
janarr5: raises $1.50 to $2.50
Ysiven: folds 
Vladk307: folds 
Uncalled bet ($1.50) returned to janarr5
janarr5 collected $2.50 from pot
janarr5: doesn't show hand 
*** SUMMARY ***
Total pot $2.50 | Rake $0 
Seat 1: Ysiven (small blind) folded before Flop
Seat 2: Vladk307 (big blind) folded before Flop
Seat 3: Plutsch folded before Flop (didn't bet)
Seat 4: YoMastaRoman folded before Flop (didn't bet)
Seat 5: MaRKiToScoK folded before Flop (didn't bet)
Seat 6: janarr5 (button) collected ($2.50)



PokerStars Hand #254328276668:  Hold'em No Limit ($0.50/$1.00 USD) - 2025/01/12 9:56:40 WET [2025/01/12 4:56:40 ET]
Table 'Aisakos II' 6-max Seat #1 is the button
Seat 1: Ysiven ($217.75 in chips) 
Seat 2: Vladk307 ($101.72 in chips) 
Seat 3: Plutsch ($139.39 in chips) 
Seat 4: YoMastaRoman ($73.20 in chips) 
Seat 5: MaRKiToScoK ($130.33 in chips) 
Seat 6: janarr5 ($108.48 in chips) 
Vladk307: posts small blind $0.50
Plutsch: posts big blind $1
*** HOLE CARDS ***
YoMastaRoman: folds 
MaRKiToScoK: folds 
janarr5: folds 
Ysiven: folds 
Vladk307: folds 
Uncalled bet ($0.50) returned to Plutsch
Plutsch collected $1 from pot
Plutsch: doesn't show hand 
*** SUMMARY ***
Total pot $1 | Rake $0 
Seat 1: Ysiven (button) folded before Flop (didn't bet)
Seat 2: Vladk307 (small blind) folded before Flop
Seat 3: Plutsch (big blind) collected ($1)
Seat 4: YoMastaRoman folded before Flop (didn't bet)
Seat 5: MaRKiToScoK folded before Flop (didn't bet)
Seat 6: janarr5 folded before Flop (didn't bet)



PokerStars Hand #254328278414:  Hold'em No Limit ($0.50/$1.00 USD) - 2025/01/12 9:56:56 WET [2025/01/12 4:56:56 ET]
Table 'Aisakos II' 6-max Seat #2 is the button
Seat 1: Ysiven ($217.75 in chips) 
Seat 2: Vladk307 ($101.22 in chips) 
Seat 3: Plutsch ($139.89 in chips) 
Seat 4: YoMastaRoman ($73.20 in chips) 
Seat 5: MaRKiToScoK ($130.33 in chips) 
Seat 6: janarr5 ($108.48 in chips) 
Plutsch: posts small blind $0.50
YoMastaRoman: posts big blind $1
*** HOLE CARDS ***
MaRKiToScoK: folds 
janarr5: folds 
Ysiven: folds 
Vladk307: folds 
Plutsch: raises $2 to $3
YoMastaRoman: calls $2
*** FLOP *** [6s 4d Jc]
Plutsch: bets $2.57
YoMastaRoman: folds 
Uncalled bet ($2.57) returned to Plutsch
Plutsch collected $5.62 from pot
Plutsch: doesn't show hand 
*** SUMMARY ***
Total pot $6 | Rake $0.38 
Board [6s 4d Jc]
Seat 1: Ysiven folded before Flop (didn't bet)
Seat 2: Vladk307 (button) folded before Flop (didn't bet)
Seat 3: Plutsch (small blind) collected ($5.62)
Seat 4: YoMastaRoman (big blind) folded on the Flop
Seat 5: MaRKiToScoK folded before Flop (didn't bet)
Seat 6: janarr5 folded before Flop (didn't bet)



PokerStars Hand #254328281075:  Hold'em No Limit ($0.50/$1.00 USD) - 2025/01/12 9:57:22 WET [2025/01/12 4:57:22 ET]
Table 'Aisakos II' 6-max Seat #3 is the button
Seat 1: Ysiven ($217.75 in chips) 
Seat 2: Vladk307 ($101.22 in chips) 
Seat 3: Plutsch ($142.51 in chips) 
Seat 4: YoMastaRoman ($70.20 in chips) 
Seat 5: MaRKiToScoK ($130.33 in chips) 
Seat 6: janarr5 ($108.48 in chips) 
YoMastaRoman: posts small blind $0.50
MaRKiToScoK: posts big blind $1
*** HOLE CARDS ***
janarr5: folds 
Ysiven: folds 
Vladk307: raises $1.50 to $2.50
Plutsch: folds 
YoMastaRoman: folds 
MaRKiToScoK: calls $1.50
*** FLOP *** [2d Qh 8d]
MaRKiToScoK: checks 
Vladk307: checks 
*** TURN *** [2d Qh 8d] [Js]
MaRKiToScoK: checks 
Vladk307: checks 
*** RIVER *** [2d Qh 8d Js] [9s]
MaRKiToScoK: checks 
Vladk307: checks 
*** SHOW DOWN ***
MaRKiToScoK: shows [4s Ac] (high card Ace)
Vladk307: shows [7c 7h] (a pair of Sevens)
Vladk307 collected $5.22 from pot
*** SUMMARY ***
Total pot $5.50 | Rake $0.28 
Board [2d Qh 8d Js 9s]
Seat 1: Ysiven folded before Flop (didn't bet)
Seat 2: Vladk307 showed [7c 7h] and won ($5.22) with a pair of Sevens
Seat 3: Plutsch (button) folded before Flop (didn't bet)
Seat 4: YoMastaRoman (small blind) folded before Flop
Seat 5: MaRKiToScoK (big blind) showed [4s Ac] and lost with high card Ace
Seat 6: janarr5 folded before Flop (didn't bet)



PokerStars Hand #254328284854:  Hold'em No Limit ($0.50/$1.00 USD) - 2025/01/12 9:57:58 WET [2025/01/12 4:57:58 ET]
Table 'Aisakos II' 6-max Seat #4 is the button
Seat 1: Ysiven ($217.75 in chips) 
Seat 2: Vladk307 ($103.94 in chips) 
Seat 3: Plutsch ($142.51 in chips) 
Seat 4: YoMastaRoman ($69.70 in chips) 
Seat 5: MaRKiToScoK ($127.83 in chips) 
Seat 6: janarr5 ($108.48 in chips) 
MaRKiToScoK: posts small blind $0.50
janarr5: posts big blind $1
*** HOLE CARDS ***
Ysiven: raises $1 to $2
Vladk307: folds 
Plutsch: folds 
YoMastaRoman: folds 
MaRKiToScoK: raises $8 to $10
janarr5: folds 
Ysiven: calls $8
*** FLOP *** [3h 8h 3s]
MaRKiToScoK: bets $9.98
Ysiven: folds 
Uncalled bet ($9.98) returned to MaRKiToScoK
MaRKiToScoK collected $19.95 from pot
*** SUMMARY ***
Total pot $21 | Rake $1.05 
Board [3h 8h 3s]
Seat 1: Ysiven folded on the Flop
Seat 2: Vladk307 folded before Flop (didn't bet)
Seat 3: Plutsch folded before Flop (didn't bet)
Seat 4: YoMastaRoman (button) folded before Flop (didn't bet)
Seat 5: MaRKiToScoK (small blind) collected ($19.95)
Seat 6: janarr5 (big blind) folded before Flop



PokerStars Hand #254328290386:  Hold'em No Limit ($0.50/$1.00 USD) - 2025/01/12 9:58:52 WET [2025/01/12 4:58:52 ET]
Table 'Aisakos II' 6-max Seat #5 is the button
Seat 1: Ysiven ($207.75 in chips) 
Seat 2: Vladk307 ($103.94 in chips) 
Seat 3: Plutsch ($142.51 in chips) 
Seat 4: YoMastaRoman ($69.70 in chips) 
Seat 5: MaRKiToScoK ($137.78 in chips) 
Seat 6: janarr5 ($107.48 in chips) 
janarr5: posts small blind $0.50
Ysiven: posts big blind $1
*** HOLE CARDS ***
Vladk307: folds 
Plutsch: folds 
YoMastaRoman: raises $2.50 to $3.50
MaRKiToScoK: folds 
janarr5: folds 
Ysiven: folds 
Uncalled bet ($2.50) returned to YoMastaRoman
YoMastaRoman collected $2.50 from pot
YoMastaRoman: doesn't show hand 
*** SUMMARY ***
Total pot $2.50 | Rake $0 
Seat 1: Ysiven (big blind) folded before Flop
Seat 2: Vladk307 folded before Flop (didn't bet)
Seat 3: Plutsch folded before Flop (didn't bet)
Seat 4: YoMastaRoman collected ($2.50)
Seat 5: MaRKiToScoK (button) folded before Flop (didn't bet)
Seat 6: janarr5 (small blind) folded before Flop



PokerStars Hand #254328292593:  Hold'em No Limit ($0.50/$1.00 USD) - 2025/01/12 9:59:13 WET [2025/01/12 4:59:13 ET]
Table 'Aisakos II' 6-max Seat #6 is the button
Seat 1: Ysiven ($206.75 in chips) 
Seat 2: Vladk307 ($103.94 in chips) 
Seat 3: Plutsch ($142.51 in chips) 
Seat 4: YoMastaRoman ($71.20 in chips) 
Seat 5: MaRKiToScoK ($137.78 in chips) 
Seat 6: janarr5 ($106.98 in chips) 
Ysiven: posts small blind $0.50
Vladk307: posts big blind $1
*** HOLE CARDS ***
Plutsch: folds 
YoMastaRoman: folds 
MaRKiToScoK has timed out
MaRKiToScoK: folds 
janarr5: folds 
Ysiven: raises $2 to $3
Vladk307: calls $2
*** FLOP *** [3d 5s Qc]
Ysiven: checks 
Vladk307: checks 
*** TURN *** [3d 5s Qc] [2c]
Ysiven: bets $1.50
Vladk307: folds 
Uncalled bet ($1.50) returned to Ysiven
Ysiven collected $5.70 from pot
Ysiven: doesn't show hand 
*** SUMMARY ***
Total pot $6 | Rake $0.30 
Board [3d 5s Qc 2c]
Seat 1: Ysiven (small blind) collected ($5.70)
Seat 2: Vladk307 (big blind) folded on the Turn
Seat 3: Plutsch folded before Flop (didn't bet)
Seat 4: YoMastaRoman folded before Flop (didn't bet)
Seat 5: MaRKiToScoK folded before Flop (didn't bet)
Seat 6: janarr5 (button) folded before Flop (didn't bet)



PokerStars Hand #254328298072:  Hold'em No Limit ($0.50/$1.00 USD) - 2025/01/12 10:00:05 WET [2025/01/12 5:00:05 ET]
Table 'Aisakos II' 6-max Seat #1 is the button
Seat 1: Ysiven ($209.45 in chips) 
Seat 2: Vladk307 ($100.94 in chips) 
Seat 3: Plutsch ($142.51 in chips) 
Seat 4: YoMastaRoman ($71.20 in chips) 
Seat 5: MaRKiToScoK ($137.78 in chips) 
Seat 6: janarr5 ($106.98 in chips) 
Vladk307: posts small blind $0.50
Plutsch: posts big blind $1
*** HOLE CARDS ***
YoMastaRoman: calls $1
MaRKiToScoK: raises $2.50 to $3.50
janarr5: folds 
Ysiven: folds 
Vladk307: folds 
Plutsch: folds 
YoMastaRoman: calls $2.50
*** FLOP *** [5s 4s 6s]
YoMastaRoman: checks 
MaRKiToScoK: bets $2.42
YoMastaRoman: raises $3.42 to $5.84
MaRKiToScoK: folds 
Uncalled bet ($3.42) returned to YoMastaRoman
YoMastaRoman collected $12.67 from pot
YoMastaRoman: doesn't show hand 
*** SUMMARY ***
Total pot $13.34 | Rake $0.67 
Board [5s 4s 6s]
Seat 1: Ysiven (button) folded before Flop (didn't bet)
Seat 2: Vladk307 (small blind) folded before Flop
Seat 3: Plutsch (big blind) folded before Flop
Seat 4: YoMastaRoman collected ($12.67)
Seat 5: MaRKiToScoK folded on the Flop
Seat 6: janarr5 folded before Flop (didn't bet)



PokerStars Hand #254328305081:  Hold'em No Limit ($0.50/$1.00 USD) - 2025/01/12 10:01:06 WET [2025/01/12 5:01:06 ET]
Table 'Aisakos II' 6-max Seat #2 is the button
Seat 1: Ysiven ($209.45 in chips) 
Seat 2: Vladk307 ($100.44 in chips) 
Seat 3: Plutsch ($141.51 in chips) 
Seat 4: YoMastaRoman ($77.95 in chips) 
Seat 5: MaRKiToScoK ($131.86 in chips) 
Seat 6: janarr5 ($106.98 in chips) 
Plutsch: posts small blind $0.50
YoMastaRoman: posts big blind $1
*** HOLE CARDS ***
MaRKiToScoK: folds 
janarr5: folds 
Ysiven: folds 
Vladk307: folds 
Plutsch: folds 
Uncalled bet ($0.50) returned to YoMastaRoman
YoMastaRoman collected $1 from pot
YoMastaRoman: doesn't show hand 
*** SUMMARY ***
Total pot $1 | Rake $0 
Seat 1: Ysiven folded before Flop (didn't bet)
Seat 2: Vladk307 (button) folded before Flop (didn't bet)
Seat 3: Plutsch (small blind) folded before Flop
Seat 4: YoMastaRoman (big blind) collected ($1)
Seat 5: MaRKiToScoK folded before Flop (didn't bet)
Seat 6: janarr5 folded before Flop (didn't bet)



PokerStars Hand #254328307267:  Hold'em No Limit ($0.50/$1.00 USD) - 2025/01/12 10:01:24 WET [2025/01/12 5:01:24 ET]
Table 'Aisakos II' 6-max Seat #3 is the button
Seat 1: Ysiven ($209.45 in chips) 
Seat 2: Vladk307 ($100.44 in chips) 
Seat 3: Plutsch ($141.01 in chips) 
Seat 4: YoMastaRoman ($78.45 in chips) 
Seat 5: MaRKiToScoK ($131.86 in chips) 
Seat 6: janarr5 ($106.98 in chips) 
YoMastaRoman: posts small blind $0.50
MaRKiToScoK: posts big blind $1
*** HOLE CARDS ***
janarr5: folds 
Ysiven: folds 
Vladk307: folds 
Plutsch: folds 
YoMastaRoman: folds 
Uncalled bet ($0.50) returned to MaRKiToScoK
MaRKiToScoK collected $1 from pot
*** SUMMARY ***
Total pot $1 | Rake $0 
Seat 1: Ysiven folded before Flop (didn't bet)
Seat 2: Vladk307 folded before Flop (didn't bet)
Seat 3: Plutsch (button) folded before Flop (didn't bet)
Seat 4: YoMastaRoman (small blind) folded before Flop
Seat 5: MaRKiToScoK (big blind) collected ($1)
Seat 6: janarr5 folded before Flop (didn't bet)



PokerStars Hand #254328309016:  Hold'em No Limit ($0.50/$1.00 USD) - 2025/01/12 10:01:39 WET [2025/01/12 5:01:39 ET]
Table 'Aisakos II' 6-max Seat #4 is the button
Seat 6: janarr5 ($106.98 in chips) is sitting out
Seat 1: Ysiven ($209.45 in chips) 
Seat 2: Vladk307 ($100.44 in chips) 
Seat 3: Plutsch ($141.01 in chips) 
Seat 4: YoMastaRoman ($77.95 in chips) 
Seat 5: MaRKiToScoK ($132.36 in chips) 
MaRKiToScoK: posts small blind $0.50
janarr5: is sitting out 
Ysiven: posts big blind $1
*** HOLE CARDS ***
Vladk307: folds 
Plutsch: folds 
YoMastaRoman: raises $2.50 to $3.50
janarr5 leaves the table
MaRKiToScoK: raises $4 to $7.50
Ysiven: folds 
YoMastaRoman: raises $10 to $17.50
MaRKiToScoK: folds 
Uncalled bet ($10) returned to YoMastaRoman
YoMastaRoman collected $16 from pot
YoMastaRoman: doesn't show hand 
*** SUMMARY ***
Total pot $16 | Rake $0 
Seat 6: janarr5
Seat 1: Ysiven (big blind) folded before Flop
Seat 2: Vladk307 folded before Flop (didn't bet)
Seat 3: Plutsch folded before Flop (didn't bet)
Seat 4: YoMastaRoman (button) collected ($16)
Seat 5: MaRKiToScoK (small blind) folded before Flop



PokerStars Hand #254328312369:  Hold'em No Limit ($0.50/$1.00 USD) - 2025/01/12 10:02:07 WET [2025/01/12 5:02:07 ET]
Table 'Aisakos II' 6-max Seat #5 is the button
Seat 1: Ysiven ($208.45 in chips) 
Seat 2: Vladk307 ($100.44 in chips) 
Seat 3: Plutsch ($141.01 in chips) 
Seat 4: YoMastaRoman ($86.45 in chips) 
Seat 5: MaRKiToScoK ($124.86 in chips) 
Ysiven: posts small blind $0.50
Vladk307: posts big blind $1
*** HOLE CARDS ***
JollyMac124 joins the table at seat #6 
Plutsch: folds 
YoMastaRoman: folds 
MaRKiToScoK: raises $1.33 to $2.33
Ysiven: folds 
Plutsch leaves the table
Vladk307: calls $1.33
*** FLOP *** [7d 6d As]
Vladk307: checks 
MaRKiToScoK: bets $1.47
nickreason17 joins the table at seat #3 
Vladk307: raises $3.53 to $5
MaRKiToScoK: calls $3.53
*** TURN *** [7d 6d As] [Qh]
Vladk307: checks 
MaRKiToScoK: checks 
*** RIVER *** [7d 6d As Qh] [3h]
Vladk307: checks 
MaRKiToScoK: checks 
*** SHOW DOWN ***
Vladk307: shows [8s Ah] (a pair of Aces)
MaRKiToScoK: mucks hand 
Vladk307 collected $14.40 from pot
*** SUMMARY ***
Total pot $15.16 | Rake $0.76 
Board [7d 6d As Qh 3h]
Seat 1: Ysiven (small blind) folded before Flop
Seat 2: Vladk307 (big blind) showed [8s Ah] and won ($14.40) with a pair of Aces
Seat 3: Plutsch folded before Flop (didn't bet)
Seat 4: YoMastaRoman folded before Flop (didn't bet)
Seat 5: MaRKiToScoK (button) mucked



PokerStars Hand #254328318949:  Hold'em No Limit ($0.50/$1.00 USD) - 2025/01/12 10:03:01 WET [2025/01/12 5:03:01 ET]
Table 'Aisakos II' 6-max Seat #1 is the button
Seat 1: Ysiven ($207.95 in chips) 
Seat 2: Vladk307 ($107.51 in chips) 
Seat 3: nickreason17 ($100 in chips) 
Seat 4: YoMastaRoman ($86.45 in chips) 
Seat 5: MaRKiToScoK ($117.53 in chips) 
Seat 6: JollyMac124 ($99.34 in chips) 
Vladk307: posts small blind $0.50
nickreason17: posts big blind $1
JollyMac124: posts big blind $1
*** HOLE CARDS ***
YoMastaRoman: folds 
MaRKiToScoK: folds 
JollyMac124: checks 
Ysiven: raises $3 to $4
Vladk307: folds 
nickreason17: folds 
JollyMac124: folds 
Uncalled bet ($3) returned to Ysiven
Ysiven collected $3.50 from pot
Ysiven: doesn't show hand 
*** SUMMARY ***
Total pot $3.50 | Rake $0 
Seat 1: Ysiven (button) collected ($3.50)
Seat 2: Vladk307 (small blind) folded before Flop
Seat 3: nickreason17 (big blind) folded before Flop
Seat 4: YoMastaRoman folded before Flop (didn't bet)
Seat 5: MaRKiToScoK folded before Flop (didn't bet)
Seat 6: JollyMac124 folded before Flop (didn't bet)



PokerStars Hand #254328322022:  Hold'em No Limit ($0.50/$1.00 USD) - 2025/01/12 10:03:27 WET [2025/01/12 5:03:27 ET]
Table 'Aisakos II' 6-max Seat #2 is the button
Seat 1: Ysiven ($210.45 in chips) 
Seat 2: Vladk307 ($107.01 in chips) 
Seat 3: nickreason17 ($100 in chips) 
Seat 4: YoMastaRoman ($86.45 in chips) 
Seat 5: MaRKiToScoK ($117.53 in chips) 
Seat 6: JollyMac124 ($98.34 in chips) 
nickreason17: posts small blind $0.50
YoMastaRoman: posts big blind $1
*** HOLE CARDS ***
MaRKiToScoK: folds 
JollyMac124: raises $2 to $3
Ysiven: folds 
Vladk307: folds 
nickreason17: folds 
YoMastaRoman: folds 
Uncalled bet ($2) returned to JollyMac124
JollyMac124 collected $2.50 from pot
*** SUMMARY ***
Total pot $2.50 | Rake $0 
Seat 1: Ysiven folded before Flop (didn't bet)
Seat 2: Vladk307 (button) folded before Flop (didn't bet)
Seat 3: nickreason17 (small blind) folded before Flop
Seat 4: YoMastaRoman (big blind) folded before Flop
Seat 5: MaRKiToScoK folded before Flop (didn't bet)
Seat 6: JollyMac124 collected ($2.50)



PokerStars Hand #254328324703:  Hold'em No Limit ($0.50/$1.00 USD) - 2025/01/12 10:03:48 WET [2025/01/12 5:03:48 ET]
Table 'Aisakos II' 6-max Seat #3 is the button
Seat 1: Ysiven ($210.45 in chips) 
Seat 2: Vladk307 ($107.01 in chips) 
Seat 3: nickreason17 ($100 in chips) 
Seat 4: YoMastaRoman ($85.45 in chips) 
Seat 5: MaRKiToScoK ($117.53 in chips) 
Seat 6: JollyMac124 ($99.84 in chips) 
YoMastaRoman: posts small blind $0.50
MaRKiToScoK: posts big blind $1
*** HOLE CARDS ***
JollyMac124: folds 
Ysiven: raises $1 to $2
Vladk307: folds 
nickreason17: folds 
YoMastaRoman: folds 
MaRKiToScoK: folds 
Uncalled bet ($1) returned to Ysiven
Ysiven collected $2.50 from pot
Ysiven: doesn't show hand 
*** SUMMARY ***
Total pot $2.50 | Rake $0 
Seat 1: Ysiven collected ($2.50)
Seat 2: Vladk307 folded before Flop (didn't bet)
Seat 3: nickreason17 (button) folded before Flop (didn't bet)
Seat 4: YoMastaRoman (small blind) folded before Flop
Seat 5: MaRKiToScoK (big blind) folded before Flop
Seat 6: JollyMac124 folded before Flop (didn't bet)



PokerStars Hand #254328327625:  Hold'em No Limit ($0.50/$1.00 USD) - 2025/01/12 10:04:12 WET [2025/01/12 5:04:12 ET]
Table 'Aisakos II' 6-max Seat #4 is the button
Seat 1: Ysiven ($211.95 in chips) 
Seat 2: Vladk307 ($107.01 in chips) 
Seat 3: nickreason17 ($100 in chips) 
Seat 4: YoMastaRoman ($84.95 in chips) 
Seat 5: MaRKiToScoK ($116.53 in chips) 
Seat 6: JollyMac124 ($99.84 in chips) 
MaRKiToScoK: posts small blind $0.50
JollyMac124: posts big blind $1
*** HOLE CARDS ***
Ysiven: raises $1 to $2
Vladk307: folds 
nickreason17: folds 
YoMastaRoman: folds 
MaRKiToScoK: folds 
JollyMac124: calls $1
*** FLOP *** [7h 9h 9s]
JollyMac124: checks 
Ysiven: bets $1.41
JollyMac124: calls $1.41
*** TURN *** [7h 9h 9s] [4h]
JollyMac124: checks 
Ysiven: bets $4.17
JollyMac124: folds 
Uncalled bet ($4.17) returned to Ysiven
Ysiven collected $6.95 from pot
Ysiven: doesn't show hand 
*** SUMMARY ***
Total pot $7.32 | Rake $0.37 
Board [7h 9h 9s 4h]
Seat 1: Ysiven collected ($6.95)
Seat 2: Vladk307 folded before Flop (didn't bet)
Seat 3: nickreason17 folded before Flop (didn't bet)
Seat 4: YoMastaRoman (button) folded before Flop (didn't bet)
Seat 5: MaRKiToScoK (small blind) folded before Flop
Seat 6: JollyMac124 (big blind) folded on the Turn



PokerStars Hand #254328332843:  Hold'em No Limit ($0.50/$1.00 USD) - 2025/01/12 10:04:54 WET [2025/01/12 5:04:54 ET]
Table 'Aisakos II' 6-max Seat #5 is the button
Seat 1: Ysiven ($215.49 in chips) 
Seat 2: Vladk307 ($107.01 in chips) 
Seat 3: nickreason17 ($100 in chips) 
Seat 4: YoMastaRoman ($84.95 in chips) 
Seat 5: MaRKiToScoK ($116.03 in chips) 
Seat 6: JollyMac124 ($96.43 in chips) 
JollyMac124: posts small blind $0.50
Ysiven: posts big blind $1
*** HOLE CARDS ***
Vladk307: folds 
nickreason17: folds 
YoMastaRoman: raises $2.50 to $3.50
MaRKiToScoK: folds 
JollyMac124: folds 
Ysiven: folds 
Uncalled bet ($2.50) returned to YoMastaRoman
YoMastaRoman collected $2.50 from pot
YoMastaRoman: doesn't show hand 
*** SUMMARY ***
Total pot $2.50 | Rake $0 
Seat 1: Ysiven (big blind) folded before Flop
Seat 2: Vladk307 folded before Flop (didn't bet)
Seat 3: nickreason17 folded before Flop (didn't bet)
Seat 4: YoMastaRoman collected ($2.50)
Seat 5: MaRKiToScoK (button) folded before Flop (didn't bet)
Seat 6: JollyMac124 (small blind) folded before Flop



PokerStars Hand #254328335398:  Hold'em No Limit ($0.50/$1.00 USD) - 2025/01/12 10:05:16 WET [2025/01/12 5:05:16 ET]
Table 'Aisakos II' 6-max Seat #6 is the button
Seat 1: Ysiven ($214.49 in chips) 
Seat 2: Vladk307 ($107.01 in chips) 
Seat 3: nickreason17 ($100 in chips) 
Seat 4: YoMastaRoman ($86.45 in chips) 
Seat 5: MaRKiToScoK ($116.03 in chips) 
Seat 6: JollyMac124 ($95.93 in chips) 
Ysiven: posts small blind $0.50
Vladk307: posts big blind $1
*** HOLE CARDS ***
nickreason17: folds 
YoMastaRoman: folds 
MaRKiToScoK: folds 
JollyMac124: raises $2 to $3
Ysiven: folds 
Vladk307: folds 
Uncalled bet ($2) returned to JollyMac124
JollyMac124 collected $2.50 from pot
*** SUMMARY ***
Total pot $2.50 | Rake $0 
Seat 1: Ysiven (small blind) folded before Flop
Seat 2: Vladk307 (big blind) folded before Flop
Seat 3: nickreason17 folded before Flop (didn't bet)
Seat 4: YoMastaRoman folded before Flop (didn't bet)
Seat 5: MaRKiToScoK folded before Flop (didn't bet)
Seat 6: JollyMac124 (button) collected ($2.50)



PokerStars Hand #254328337453:  Hold'em No Limit ($0.50/$1.00 USD) - 2025/01/12 10:05:33 WET [2025/01/12 5:05:33 ET]
Table 'Aisakos II' 6-max Seat #1 is the button
Seat 1: Ysiven ($213.99 in chips) 
Seat 2: Vladk307 ($106.01 in chips) 
Seat 3: nickreason17 ($100 in chips) 
Seat 4: YoMastaRoman ($86.45 in chips) 
Seat 5: MaRKiToScoK ($116.03 in chips) 
Seat 6: JollyMac124 ($97.43 in chips) 
Vladk307: posts small blind $0.50
nickreason17: posts big blind $1
*** HOLE CARDS ***
YoMastaRoman: folds 
MaRKiToScoK: folds 
JollyMac124: folds 
Ysiven: folds 
Vladk307: folds 
Uncalled bet ($0.50) returned to nickreason17
nickreason17 collected $1 from pot
nickreason17: doesn't show hand 
*** SUMMARY ***
Total pot $1 | Rake $0 
Seat 1: Ysiven (button) folded before Flop (didn't bet)
Seat 2: Vladk307 (small blind) folded before Flop
Seat 3: nickreason17 (big blind) collected ($1)
Seat 4: YoMastaRoman folded before Flop (didn't bet)
Seat 5: MaRKiToScoK folded before Flop (didn't bet)
Seat 6: JollyMac124 folded before Flop (didn't bet)



PokerStars Hand #254328339702:  Hold'em No Limit ($0.50/$1.00 USD) - 2025/01/12 10:05:51 WET [2025/01/12 5:05:51 ET]
Table 'Aisakos II' 6-max Seat #2 is the button
Seat 1: Ysiven ($213.99 in chips) 
Seat 2: Vladk307 ($105.51 in chips) 
Seat 3: nickreason17 ($100.50 in chips) 
Seat 4: YoMastaRoman ($86.45 in chips) 
Seat 5: MaRKiToScoK ($116.03 in chips) 
Seat 6: JollyMac124 ($97.43 in chips) 
nickreason17: posts small blind $0.50
YoMastaRoman: posts big blind $1
*** HOLE CARDS ***
MaRKiToScoK: folds 
JollyMac124: raises $1 to $2
Ysiven: folds 
Vladk307: folds 
nickreason17: folds 
YoMastaRoman: calls $1
*** FLOP *** [2d 9d 4c]
YoMastaRoman: checks 
JollyMac124: bets $3
YoMastaRoman: calls $3
*** TURN *** [2d 9d 4c] [Th]
YoMastaRoman: checks 
JollyMac124: bets $5.99
YoMastaRoman: folds 
Uncalled bet ($5.99) returned to JollyMac124
JollyMac124 collected $9.98 from pot
*** SUMMARY ***
Total pot $10.50 | Rake $0.52 
Board [2d 9d 4c Th]
Seat 1: Ysiven folded before Flop (didn't bet)
Seat 2: Vladk307 (button) folded before Flop (didn't bet)
Seat 3: nickreason17 (small blind) folded before Flop
Seat 4: YoMastaRoman (big blind) folded on the Turn
Seat 5: MaRKiToScoK folded before Flop (didn't bet)
Seat 6: JollyMac124 collected ($9.98)



PokerStars Hand #254328345860:  Hold'em No Limit ($0.50/$1.00 USD) - 2025/01/12 10:06:42 WET [2025/01/12 5:06:42 ET]
Table 'Aisakos II' 6-max Seat #3 is the button
Seat 1: Ysiven ($213.99 in chips) 
Seat 2: Vladk307 ($105.51 in chips) 
Seat 3: nickreason17 ($100 in chips) 
Seat 4: YoMastaRoman ($81.45 in chips) 
Seat 5: MaRKiToScoK ($116.03 in chips) 
Seat 6: JollyMac124 ($102.41 in chips) 
YoMastaRoman: posts small blind $0.50
MaRKiToScoK: posts big blind $1
*** HOLE CARDS ***
JollyMac124: folds 
Ysiven: raises $1 to $2
Vladk307: folds 
nickreason17: folds 
YoMastaRoman: folds 
MaRKiToScoK: calls $1
*** FLOP *** [Js 7c Tc]
MaRKiToScoK: checks 
Ysiven: checks 
*** TURN *** [Js 7c Tc] [9c]
MaRKiToScoK: checks 
Ysiven: bets $2.57
MaRKiToScoK has timed out
MaRKiToScoK: folds 
Uncalled bet ($2.57) returned to Ysiven
Ysiven collected $4.28 from pot
Ysiven: doesn't show hand 
*** SUMMARY ***
Total pot $4.50 | Rake $0.22 
Board [Js 7c Tc 9c]
Seat 1: Ysiven collected ($4.28)
Seat 2: Vladk307 folded before Flop (didn't bet)
Seat 3: nickreason17 (button) folded before Flop (didn't bet)
Seat 4: YoMastaRoman (small blind) folded before Flop
Seat 5: MaRKiToScoK (big blind) folded on the Turn
Seat 6: JollyMac124 folded before Flop (didn't bet)



PokerStars Hand #254328355158:  Hold'em No Limit ($0.50/$1.00 USD) - 2025/01/12 10:07:59 WET [2025/01/12 5:07:59 ET]
Table 'Aisakos II' 6-max Seat #4 is the button
Seat 1: Ysiven ($216.27 in chips) 
Seat 2: Vladk307 ($105.51 in chips) 
Seat 3: nickreason17 ($100 in chips) 
Seat 4: YoMastaRoman ($80.95 in chips) 
Seat 5: MaRKiToScoK ($114.03 in chips) 
Seat 6: JollyMac124 ($102.41 in chips) 
MaRKiToScoK: posts small blind $0.50
JollyMac124: posts big blind $1
*** HOLE CARDS ***
Ysiven: folds 
Vladk307: folds 
nickreason17: folds 
YoMastaRoman: raises $2.50 to $3.50
MaRKiToScoK: calls $3
JollyMac124: folds 
*** FLOP *** [7h Jc 7s]
MaRKiToScoK: checks 
YoMastaRoman: checks 
*** TURN *** [7h Jc 7s] [6c]
MaRKiToScoK has timed out
MaRKiToScoK: checks 
YoMastaRoman: bets $3
MaRKiToScoK: raises $10.50 to $13.50
YoMastaRoman: calls $10.50
*** RIVER *** [7h Jc 7s 6c] [Ad]
MaRKiToScoK: checks 
YoMastaRoman: bets $63.95 and is all-in
MaRKiToScoK: folds 
Uncalled bet ($63.95) returned to YoMastaRoman
YoMastaRoman collected $33.25 from pot
YoMastaRoman: doesn't show hand 
*** SUMMARY ***
Total pot $35 | Rake $1.75 
Board [7h Jc 7s 6c Ad]
Seat 1: Ysiven folded before Flop (didn't bet)
Seat 2: Vladk307 folded before Flop (didn't bet)
Seat 3: nickreason17 folded before Flop (didn't bet)
Seat 4: YoMastaRoman (button) collected ($33.25)
Seat 5: MaRKiToScoK (small blind) folded on the River
Seat 6: JollyMac124 (big blind) folded before Flop



PokerStars Hand #254328366249:  Hold'em No Limit ($0.50/$1.00 USD) - 2025/01/12 10:09:32 WET [2025/01/12 5:09:32 ET]
Table 'Aisakos II' 6-max Seat #5 is the button
Seat 1: Ysiven ($216.27 in chips) 
Seat 2: Vladk307 ($105.51 in chips) 
Seat 3: nickreason17 ($100 in chips) 
Seat 4: YoMastaRoman ($97.20 in chips) 
Seat 5: MaRKiToScoK ($100 in chips) 
Seat 6: JollyMac124 ($101.41 in chips) 
JollyMac124: posts small blind $0.50
Ysiven: posts big blind $1
*** HOLE CARDS ***
Vladk307: folds 
nickreason17: raises $1.25 to $2.25
YoMastaRoman: folds 
MaRKiToScoK: folds 
JollyMac124: folds 
Ysiven: calls $1.25
*** FLOP *** [5c 6c 5d]
Ysiven: checks 
nickreason17: bets $1.43
Ysiven: folds 
Uncalled bet ($1.43) returned to nickreason17
nickreason17 collected $4.75 from pot
nickreason17: doesn't show hand 
*** SUMMARY ***
Total pot $5 | Rake $0.25 
Board [5c 6c 5d]
Seat 1: Ysiven (big blind) folded on the Flop
Seat 2: Vladk307 folded before Flop (didn't bet)
Seat 3: nickreason17 collected ($4.75)
Seat 4: YoMastaRoman folded before Flop (didn't bet)
Seat 5: MaRKiToScoK (button) folded before Flop (didn't bet)
Seat 6: JollyMac124 (small blind) folded before Flop



PokerStars Hand #254328371415:  Hold'em No Limit ($0.50/$1.00 USD) - 2025/01/12 10:10:14 WET [2025/01/12 5:10:14 ET]
Table 'Aisakos II' 6-max Seat #6 is the button
Seat 1: Ysiven ($214.02 in chips) 
Seat 2: Vladk307 ($105.51 in chips) 
Seat 3: nickreason17 ($102.50 in chips) 
Seat 4: YoMastaRoman ($97.20 in chips) 
Seat 5: MaRKiToScoK ($100 in chips) 
Seat 6: JollyMac124 ($100.91 in chips) 
Ysiven: posts small blind $0.50
Vladk307: posts big blind $1
*** HOLE CARDS ***
nickreason17: folds 
YoMastaRoman: folds 
MaRKiToScoK: folds 
JollyMac124: folds 
Ysiven: folds 
Uncalled bet ($0.50) returned to Vladk307
Vladk307 collected $1 from pot
Vladk307: doesn't show hand 
*** SUMMARY ***
Total pot $1 | Rake $0 
Seat 1: Ysiven (small blind) folded before Flop
Seat 2: Vladk307 (big blind) collected ($1)
Seat 3: nickreason17 folded before Flop (didn't bet)
Seat 4: YoMastaRoman folded before Flop (didn't bet)
Seat 5: MaRKiToScoK folded before Flop (didn't bet)
Seat 6: JollyMac124 (button) folded before Flop (didn't bet)



PokerStars Hand #254328375016:  Hold'em No Limit ($0.50/$1.00 USD) - 2025/01/12 10:10:43 WET [2025/01/12 5:10:43 ET]
Table 'Aisakos II' 6-max Seat #1 is the button
Seat 1: Ysiven ($213.52 in chips) 
Seat 2: Vladk307 ($106.01 in chips) 
Seat 3: nickreason17 ($102.50 in chips) 
Seat 4: YoMastaRoman ($97.20 in chips) 
Seat 5: MaRKiToScoK ($100 in chips) 
Seat 6: JollyMac124 ($100.91 in chips) 
Vladk307: posts small blind $0.50
nickreason17: posts big blind $1
*** HOLE CARDS ***
YoMastaRoman: folds 
MaRKiToScoK has timed out
MaRKiToScoK: folds 
JollyMac124: folds 
Ysiven: folds 
Vladk307: folds 
Uncalled bet ($0.50) returned to nickreason17
nickreason17 collected $1 from pot
nickreason17: doesn't show hand 
*** SUMMARY ***
Total pot $1 | Rake $0 
Seat 1: Ysiven (button) folded before Flop (didn't bet)
Seat 2: Vladk307 (small blind) folded before Flop
Seat 3: nickreason17 (big blind) collected ($1)
Seat 4: YoMastaRoman folded before Flop (didn't bet)
Seat 5: MaRKiToScoK folded before Flop (didn't bet)
Seat 6: JollyMac124 folded before Flop (didn't bet)



PokerStars Hand #254328378921:  Hold'em No Limit ($0.50/$1.00 USD) - 2025/01/12 10:11:15 WET [2025/01/12 5:11:15 ET]
Table 'Aisakos II' 6-max Seat #2 is the button
Seat 1: Ysiven ($213.52 in chips) 
Seat 2: Vladk307 ($105.51 in chips) 
Seat 3: nickreason17 ($103 in chips) 
Seat 4: YoMastaRoman ($97.20 in chips) 
Seat 5: MaRKiToScoK ($100 in chips) 
Seat 6: JollyMac124 ($100.91 in chips) 
nickreason17: posts small blind $0.50
YoMastaRoman: posts big blind $1
*** HOLE CARDS ***
MaRKiToScoK: folds 
JollyMac124: raises $1 to $2
Ysiven: folds 
Vladk307: folds 
nickreason17: folds 
YoMastaRoman: folds 
Uncalled bet ($1) returned to JollyMac124
JollyMac124 collected $2.50 from pot
*** SUMMARY ***
Total pot $2.50 | Rake $0 
Seat 1: Ysiven folded before Flop (didn't bet)
Seat 2: Vladk307 (button) folded before Flop (didn't bet)
Seat 3: nickreason17 (small blind) folded before Flop
Seat 4: YoMastaRoman (big blind) folded before Flop
Seat 5: MaRKiToScoK folded before Flop (didn't bet)
Seat 6: JollyMac124 collected ($2.50)



PokerStars Hand #254328380330:  Hold'em No Limit ($0.50/$1.00 USD) - 2025/01/12 10:11:26 WET [2025/01/12 5:11:26 ET]
Table 'Aisakos II' 6-max Seat #3 is the button
Seat 1: Ysiven ($213.52 in chips) 
Seat 2: Vladk307 ($105.51 in chips) 
Seat 3: nickreason17 ($102.50 in chips) 
Seat 4: YoMastaRoman ($96.20 in chips) 
Seat 5: MaRKiToScoK ($100 in chips) 
Seat 6: JollyMac124 ($102.41 in chips) 
YoMastaRoman: posts small blind $0.50
MaRKiToScoK: posts big blind $1
*** HOLE CARDS ***
JollyMac124: folds 
Ysiven: folds 
Vladk307: folds 
nickreason17: folds 
YoMastaRoman: raises $2 to $3
MaRKiToScoK: raises $6 to $9
YoMastaRoman: calls $6
*** FLOP *** [9d 4c Td]
YoMastaRoman: checks 
MaRKiToScoK: bets $5.13
YoMastaRoman: calls $5.13
*** TURN *** [9d 4c Td] [7s]
YoMastaRoman: checks 
MaRKiToScoK: bets $19.50
YoMastaRoman: calls $19.50
*** RIVER *** [9d 4c Td 7s] [4s]
YoMastaRoman: bets $32.38
MaRKiToScoK: raises $33.99 to $66.37 and is all-in
YoMastaRoman: folds 
Uncalled bet ($33.99) returned to MaRKiToScoK
MaRKiToScoK collected $129.52 from pot
*** SUMMARY ***
Total pot $132.02 | Rake $2.50 
Board [9d 4c Td 7s 4s]
Seat 1: Ysiven folded before Flop (didn't bet)
Seat 2: Vladk307 folded before Flop (didn't bet)
Seat 3: nickreason17 (button) folded before Flop (didn't bet)
Seat 4: YoMastaRoman (small blind) folded on the River
Seat 5: MaRKiToScoK (big blind) collected ($129.52)
Seat 6: JollyMac124 folded before Flop (didn't bet)



PokerStars Hand #254328392930:  Hold'em No Limit ($0.50/$1.00 USD) - 2025/01/12 10:13:09 WET [2025/01/12 5:13:09 ET]
Table 'Aisakos II' 6-max Seat #4 is the button
Seat 1: Ysiven ($213.52 in chips) 
Seat 2: Vladk307 ($105.51 in chips) 
Seat 3: nickreason17 ($102.50 in chips) 
Seat 4: YoMastaRoman ($30.19 in chips) 
Seat 5: MaRKiToScoK ($163.51 in chips) 
Seat 6: JollyMac124 ($102.41 in chips) 
MaRKiToScoK: posts small blind $0.50
JollyMac124: posts big blind $1
*** HOLE CARDS ***
Ysiven: folds 
Vladk307: raises $1.50 to $2.50
nickreason17: raises $5 to $7.50
YoMastaRoman: folds 
MaRKiToScoK: folds 
JollyMac124: folds 
Vladk307: folds 
Uncalled bet ($5) returned to nickreason17
nickreason17 collected $6.50 from pot
nickreason17: doesn't show hand 
*** SUMMARY ***
Total pot $6.50 | Rake $0 
Seat 1: Ysiven folded before Flop (didn't bet)
Seat 2: Vladk307 folded before Flop
Seat 3: nickreason17 collected ($6.50)
Seat 4: YoMastaRoman (button) folded before Flop (didn't bet)
Seat 5: MaRKiToScoK (small blind) folded before Flop
Seat 6: JollyMac124 (big blind) folded before Flop



PokerStars Hand #254328396486:  Hold'em No Limit ($0.50/$1.00 USD) - 2025/01/12 10:13:38 WET [2025/01/12 5:13:38 ET]
Table 'Aisakos II' 6-max Seat #5 is the button
Seat 1: Ysiven ($213.52 in chips) 
Seat 2: Vladk307 ($103.01 in chips) 
Seat 3: nickreason17 ($106.50 in chips) 
Seat 4: YoMastaRoman ($30.19 in chips) 
Seat 5: MaRKiToScoK ($163.01 in chips) 
Seat 6: JollyMac124 ($101.41 in chips) 
JollyMac124: posts small blind $0.50
Ysiven: posts big blind $1
*** HOLE CARDS ***
Vladk307: folds 
nickreason17: folds 
YoMastaRoman: folds 
MaRKiToScoK: raises $1.33 to $2.33
JollyMac124: raises $5.66 to $7.99
Ysiven: folds 
MaRKiToScoK: raises $17.58 to $25.57
JollyMac124: calls $17.58
*** FLOP *** [7h 8h Qd]
JollyMac124: checks 
MaRKiToScoK: bets $14.89
JollyMac124: calls $14.89
*** TURN *** [7h 8h Qd] [8s]
JollyMac124: checks 
MaRKiToScoK: checks 
*** RIVER *** [7h 8h Qd 8s] [2c]
YoMastaRoman leaves the table
JollyMac124: bets $30
MaRKiToScoK: raises $92.55 to $122.55 and is all-in
JollyMac124: calls $30.95 and is all-in
Uncalled bet ($61.60) returned to MaRKiToScoK
coeeeelho joins the table at seat #4 
*** SHOW DOWN ***
MaRKiToScoK: shows [Ac As] (two pair, Aces and Eights)
JollyMac124: shows [Jc Js] (two pair, Jacks and Eights)
MaRKiToScoK collected $201.32 from pot
*** SUMMARY ***
Total pot $203.82 | Rake $2.50 
Board [7h 8h Qd 8s 2c]
Seat 1: Ysiven (big blind) folded before Flop
Seat 2: Vladk307 folded before Flop (didn't bet)
Seat 3: nickreason17 folded before Flop (didn't bet)
Seat 4: YoMastaRoman folded before Flop (didn't bet)
Seat 5: MaRKiToScoK (button) showed [Ac As] and won ($201.32) with two pair, Aces and Eights
Seat 6: JollyMac124 (small blind) showed [Jc Js] and lost with two pair, Jacks and Eights



PokerStars Hand #254328406653:  Hold'em No Limit ($0.50/$1.00 USD) - 2025/01/12 10:15:02 WET [2025/01/12 5:15:02 ET]
Table 'Aisakos II' 6-max Seat #1 is the button
Seat 4: coeeeelho ($100 in chips) is sitting out
Seat 6: JollyMac124 ($0 in chips) is sitting out
Seat 1: Ysiven ($212.52 in chips) 
Seat 2: Vladk307 ($103.01 in chips) 
Seat 3: nickreason17 ($106.50 in chips) 
Seat 5: MaRKiToScoK ($262.92 in chips) 
Vladk307: posts small blind $0.50
nickreason17: posts big blind $1
coeeeelho: sits out 
*** HOLE CARDS ***
MaRKiToScoK: folds 
Ysiven: folds 
coeeeelho leaves the table
Vladk307: raises $2 to $3
nickreason17: folds 
Uncalled bet ($2) returned to Vladk307
Vladk307 collected $2 from pot
Vladk307: doesn't show hand 
JollyMac124 leaves the table
*** SUMMARY ***
Total pot $2 | Rake $0 
Seat 4: coeeeelho
Seat 6: JollyMac124
Seat 1: Ysiven (button) folded before Flop (didn't bet)
Seat 2: Vladk307 (small blind) collected ($2)
Seat 3: nickreason17 (big blind) folded before Flop
Seat 5: MaRKiToScoK folded before Flop (didn't bet)



PokerStars Hand #254328408134:  Hold'em No Limit ($0.50/$1.00 USD) - 2025/01/12 10:15:14 WET [2025/01/12 5:15:14 ET]
Table 'Aisakos II' 6-max Seat #2 is the button
Seat 5: MaRKiToScoK ($262.92 in chips) is sitting out
Seat 1: Ysiven ($212.52 in chips) 
Seat 2: Vladk307 ($104.01 in chips) 
Seat 3: nickreason17 ($105.50 in chips) 
nickreason17: posts small blind $0.50
MaRKiToScoK: is sitting out 
Ysiven: posts big blind $1
*** HOLE CARDS ***
MaRKiToScoK leaves the table
Vladk307: folds 
nickreason17: raises $2 to $3
Ysiven: folds 
Uncalled bet ($2) returned to nickreason17
nickreason17 collected $2 from pot
nickreason17: doesn't show hand 
*** SUMMARY ***
Total pot $2 | Rake $0 
Seat 5: MaRKiToScoK
Seat 1: Ysiven (big blind) folded before Flop
Seat 2: Vladk307 (button) folded before Flop (didn't bet)
Seat 3: nickreason17 (small blind) collected ($2)



PokerStars Hand #254328409693:  Hold'em No Limit ($0.50/$1.00 USD) - 2025/01/12 10:15:27 WET [2025/01/12 5:15:27 ET]
Table 'Aisakos II' 6-max Seat #3 is the button
Seat 1: Ysiven ($211.52 in chips) 
Seat 2: Vladk307 ($104.01 in chips) 
Seat 3: nickreason17 ($106.50 in chips) 
Ysiven: posts small blind $0.50
Vladk307: posts big blind $1
*** HOLE CARDS ***
nickreason17: raises $1.50 to $2.50
Ysiven: raises $9.50 to $12
Kristo 914 joins the table at seat #5 
Vladk307: folds 
nickreason17: calls $9.50
*** FLOP *** [6s 7d 8d]
Ysiven: checks 
nickreason17: bets $6.20
Ysiven: calls $6.20
*** TURN *** [6s 7d 8d] [5s]
Ysiven: checks 
nickreason17: bets $10.92
Ysiven: calls $10.92
*** RIVER *** [6s 7d 8d 5s] [Th]
Ysiven: checks 
nickreason17: bets $77.38 and is all-in
Ysiven: folds 
Uncalled bet ($77.38) returned to nickreason17
nickreason17 collected $58.24 from pot
nickreason17: doesn't show hand 
*** SUMMARY ***
Total pot $59.24 | Rake $1 
Board [6s 7d 8d 5s Th]
Seat 1: Ysiven (small blind) folded on the River
Seat 2: Vladk307 (big blind) folded before Flop
Seat 3: nickreason17 (button) collected ($58.24)



PokerStars Hand #254328424037:  Hold'em No Limit ($0.50/$1.00 USD) - 2025/01/12 10:17:22 WET [2025/01/12 5:17:22 ET]
Table 'Aisakos II' 6-max Seat #1 is the button
Seat 3: nickreason17 ($135.62 in chips) is sitting out
Seat 1: Ysiven ($182.40 in chips) 
Seat 2: Vladk307 ($103.01 in chips) 
Seat 5: Kristo 914 ($100 in chips) 
Vladk307: posts small blind $0.50
Kristo 914: posts big blind $1
*** HOLE CARDS ***
nickreason17 leaves the table
Ysiven: folds 
Vladk307: folds 
Uncalled bet ($0.50) returned to Kristo 914
Kristo 914 collected $1 from pot
Kristo 914: doesn't show hand 
*** SUMMARY ***
Total pot $1 | Rake $0 
Seat 3: nickreason17
Seat 1: Ysiven (button) folded before Flop (didn't bet)
Seat 2: Vladk307 (small blind) folded before Flop
Seat 5: Kristo 914 (big blind) collected ($1)



PokerStars Hand #254328425391:  Hold'em No Limit ($0.50/$1.00 USD) - 2025/01/12 10:17:33 WET [2025/01/12 5:17:33 ET]
Table 'Aisakos II' 6-max Seat #2 is the button
Seat 1: Ysiven ($182.40 in chips) 
Seat 2: Vladk307 ($102.51 in chips) 
Seat 5: Kristo 914 ($100.50 in chips) 
Kristo 914: posts small blind $0.50
Ysiven: posts big blind $1
*** HOLE CARDS ***
Vladk307: folds 
Kristo 914: folds 
Uncalled bet ($0.50) returned to Ysiven
Ysiven collected $1 from pot
Ysiven: doesn't show hand 
*** SUMMARY ***
Total pot $1 | Rake $0 
Seat 1: Ysiven (big blind) collected ($1)
Seat 2: Vladk307 (button) folded before Flop (didn't bet)
Seat 5: Kristo 914 (small blind) folded before Flop



