PokerStars Hand #254344344531:  Hold'em No Limit ($0.50/$1.00 USD) - 2025/01/12 2:51:01 WET [2025/01/12 21:51:01 ET]
Table 'Kastalia II' 6-max Seat #1 is the button
Seat 5: Consig|iori ($100 in chips) is sitting out
Seat 6: AschabAv ($35.50 in chips) is sitting out
Seat 1: An1an1 ($100 in chips) 
Seat 2: Nicedaymybro ($100 in chips) 
Seat 3: skars07 ($104 in chips) 
Seat 4: Rysiff ($104.10 in chips) 
Nicedaymybro: posts small blind $0.50
skars07: posts big blind $1
Consig|iori: sits out 
*** HOLE CARDS ***
Rysiff: folds 
An1an1: folds 
Nicedaymybro: raises $2 to $3
skars07: calls $2
*** FLOP *** [Jh 6h 2s]
Nicedaymybro: bets $1.88
skars07: calls $1.88
*** TURN *** [Jh 6h 2s] [2h]
Nicedaymybro: bets $6.12
skars07: folds 
Uncalled bet ($6.12) returned to Nicedaymybro
Nicedaymybro collected $9.27 from pot
Nicedaymybro: doesn't show hand 
*** SUMMARY ***
Total pot $9.76 | Rake $0.49 
Board [Jh 6h 2s 2h]
Seat 5: Consig|iori
Seat 6: AschabAv
Seat 1: An1an1 (button) folded before Flop (didn't bet)
Seat 2: Nicedaymybro (small blind) collected ($9.27)
Seat 3: skars07 (big blind) folded on the Turn
Seat 4: Rysiff folded before Flop (didn't bet)



PokerStars Hand #254344352109:  Hold'em No Limit ($0.50/$1.00 USD) - 2025/01/12 2:51:55 WET [2025/01/12 21:51:55 ET]
Table 'Kastalia II' 6-max Seat #2 is the button
Seat 5: Consig|iori ($100 in chips) is sitting out
Seat 6: AschabAv ($35.50 in chips) is sitting out
Seat 1: An1an1 ($100 in chips) 
Seat 2: Nicedaymybro ($104.39 in chips) 
Seat 3: skars07 ($100 in chips) 
Seat 4: Rysiff ($104.10 in chips) 
skars07: posts small blind $0.50
Rysiff: posts big blind $1
Consig|iori: sits out 
*** HOLE CARDS ***
An1an1: raises $1 to $2
Nicedaymybro: folds 
skars07: folds 
Rysiff: folds 
Uncalled bet ($1) returned to An1an1
An1an1 collected $2.50 from pot
An1an1: doesn't show hand 
*** SUMMARY ***
Total pot $2.50 | Rake $0 
Seat 5: Consig|iori
Seat 6: AschabAv
Seat 1: An1an1 collected ($2.50)
Seat 2: Nicedaymybro (button) folded before Flop (didn't bet)
Seat 3: skars07 (small blind) folded before Flop
Seat 4: Rysiff (big blind) folded before Flop



PokerStars Hand #254344354111:  Hold'em No Limit ($0.50/$1.00 USD) - 2025/01/12 2:52:10 WET [2025/01/12 21:52:10 ET]
Table 'Kastalia II' 6-max Seat #3 is the button
Seat 6: AschabAv ($35.50 in chips) is sitting out
Seat 1: An1an1 ($101.50 in chips) 
Seat 2: Nicedaymybro ($104.39 in chips) 
Seat 3: skars07 ($100 in chips) 
Seat 4: Rysiff ($103.10 in chips) 
Seat 5: Consig|iori ($100 in chips) 
Rysiff: posts small blind $0.50
Consig|iori: posts big blind $1
*** HOLE CARDS ***
An1an1: folds 
Nicedaymybro: raises $1.50 to $2.50
skars07: folds 
Rysiff: folds 
Consig|iori: calls $1.50
*** FLOP *** [2d 6c 4c]
AschabAv is disconnected 
Consig|iori: bets $1.72
Nicedaymybro: calls $1.72
*** TURN *** [2d 6c 4c] [7c]
Consig|iori: bets $6.37
Nicedaymybro: folds 
Uncalled bet ($6.37) returned to Consig|iori
Consig|iori collected $8.49 from pot
Consig|iori: doesn't show hand 
*** SUMMARY ***
Total pot $8.94 | Rake $0.45 
Board [2d 6c 4c 7c]
Seat 6: AschabAv
Seat 1: An1an1 folded before Flop (didn't bet)
Seat 2: Nicedaymybro folded on the Turn
Seat 3: skars07 (button) folded before Flop (didn't bet)
Seat 4: Rysiff (small blind) folded before Flop
Seat 5: Consig|iori (big blind) collected ($8.49)



PokerStars Hand #254344365158:  Hold'em No Limit ($0.50/$1.00 USD) - 2025/01/12 2:53:30 WET [2025/01/12 21:53:30 ET]
Table 'Kastalia II' 6-max Seat #4 is the button
Seat 6: AschabAv ($35.50 in chips) is sitting out
Seat 1: An1an1 ($101.50 in chips) 
Seat 2: Nicedaymybro ($100.17 in chips) 
Seat 3: skars07 ($100 in chips) 
Seat 4: Rysiff ($102.60 in chips) 
Seat 5: Consig|iori ($104.27 in chips) 
Consig|iori: posts small blind $0.50
AschabAv has timed out while disconnected
AschabAv: is sitting out 
An1an1: posts big blind $1
*** HOLE CARDS ***
Nicedaymybro: folds 
skars07: folds 
Rysiff: raises $1.50 to $2.50
Consig|iori: folds 
An1an1: folds 
Uncalled bet ($1.50) returned to Rysiff
Rysiff collected $2.50 from pot
Rysiff: doesn't show hand 
*** SUMMARY ***
Total pot $2.50 | Rake $0 
Seat 6: AschabAv
Seat 1: An1an1 (big blind) folded before Flop
Seat 2: Nicedaymybro folded before Flop (didn't bet)
Seat 3: skars07 folded before Flop (didn't bet)
Seat 4: Rysiff (button) collected ($2.50)
Seat 5: Consig|iori (small blind) folded before Flop



PokerStars Hand #254344372445:  Hold'em No Limit ($0.50/$1.00 USD) - 2025/01/12 2:54:24 WET [2025/01/12 21:54:24 ET]
Table 'Kastalia II' 6-max Seat #5 is the button
Seat 6: AschabAv ($35.50 in chips) is sitting out
Seat 1: An1an1 ($100.50 in chips) 
Seat 2: Nicedaymybro ($100.17 in chips) 
Seat 3: skars07 ($100 in chips) 
Seat 4: Rysiff ($104.10 in chips) 
Seat 5: Consig|iori ($103.77 in chips) 
An1an1: posts small blind $0.50
Nicedaymybro: posts big blind $1
*** HOLE CARDS ***
skars07: folds 
Rysiff: folds 
Consig|iori: raises $1.40 to $2.40
An1an1: folds 
Nicedaymybro: calls $1.40
*** FLOP *** [6h 5c 7c]
Nicedaymybro: checks 
Consig|iori: checks 
*** TURN *** [6h 5c 7c] [As]
Nicedaymybro: checks 
Consig|iori: bets $3.78
Nicedaymybro: folds 
Uncalled bet ($3.78) returned to Consig|iori
Consig|iori collected $5.04 from pot
Consig|iori: doesn't show hand 
*** SUMMARY ***
Total pot $5.30 | Rake $0.26 
Board [6h 5c 7c As]
Seat 6: AschabAv
Seat 1: An1an1 (small blind) folded before Flop
Seat 2: Nicedaymybro (big blind) folded on the Turn
Seat 3: skars07 folded before Flop (didn't bet)
Seat 4: Rysiff folded before Flop (didn't bet)
Seat 5: Consig|iori (button) collected ($5.04)



PokerStars Hand #254344381607:  Hold'em No Limit ($0.50/$1.00 USD) - 2025/01/12 2:55:37 WET [2025/01/12 21:55:37 ET]
Table 'Kastalia II' 6-max Seat #1 is the button
Seat 6: AschabAv ($35.50 in chips) is sitting out
Seat 1: An1an1 ($100 in chips) 
Seat 2: Nicedaymybro ($100 in chips) 
Seat 3: skars07 ($100 in chips) 
Seat 4: Rysiff ($104.10 in chips) 
Seat 5: Consig|iori ($106.41 in chips) 
Nicedaymybro: posts small blind $0.50
skars07: posts big blind $1
*** HOLE CARDS ***
Rysiff: folds 
Consig|iori: folds 
An1an1: folds 
Nicedaymybro: raises $2 to $3
skars07: calls $2
*** FLOP *** [3c 3s 8s]
Nicedaymybro: bets $1.88
skars07: calls $1.88
*** TURN *** [3c 3s 8s] [4s]
Nicedaymybro: bets $6.12
skars07: calls $6.12
*** RIVER *** [3c 3s 8s 4s] [7s]
Nicedaymybro: checks 
skars07: checks 
*** SHOW DOWN ***
Nicedaymybro: shows [6s 9s] (a flush, Nine high)
skars07: mucks hand 
Nicedaymybro collected $20.90 from pot
*** SUMMARY ***
Total pot $22 | Rake $1.10 
Board [3c 3s 8s 4s 7s]
Seat 6: AschabAv
Seat 1: An1an1 (button) folded before Flop (didn't bet)
Seat 2: Nicedaymybro (small blind) showed [6s 9s] and won ($20.90) with a flush, Nine high
Seat 3: skars07 (big blind) mucked
Seat 4: Rysiff folded before Flop (didn't bet)
Seat 5: Consig|iori folded before Flop (didn't bet)



PokerStars Hand #254344390812:  Hold'em No Limit ($0.50/$1.00 USD) - 2025/01/12 2:57:05 WET [2025/01/12 21:57:05 ET]
Table 'Kastalia II' 6-max Seat #2 is the button
Seat 6: AschabAv ($35.50 in chips) is sitting out
Seat 1: An1an1 ($100 in chips) 
Seat 2: Nicedaymybro ($109.90 in chips) 
Seat 3: skars07 ($100 in chips) 
Seat 4: Rysiff ($104.10 in chips) 
Seat 5: Consig|iori ($106.41 in chips) 
skars07: posts small blind $0.50
Rysiff: posts big blind $1
*** HOLE CARDS ***
Consig|iori: folds 
An1an1: folds 
Nicedaymybro: raises $1.50 to $2.50
skars07: raises $9.50 to $12
Rysiff: folds 
Nicedaymybro: folds 
Uncalled bet ($9.50) returned to skars07
skars07 collected $6 from pot
skars07: doesn't show hand 
*** SUMMARY ***
Total pot $6 | Rake $0 
Seat 6: AschabAv
Seat 1: An1an1 folded before Flop (didn't bet)
Seat 2: Nicedaymybro (button) folded before Flop
Seat 3: skars07 (small blind) collected ($6)
Seat 4: Rysiff (big blind) folded before Flop
Seat 5: Consig|iori folded before Flop (didn't bet)



PokerStars Hand #254344393470:  Hold'em No Limit ($0.50/$1.00 USD) - 2025/01/12 2:57:31 WET [2025/01/12 21:57:31 ET]
Table 'Kastalia II' 6-max Seat #3 is the button
Seat 1: An1an1 ($100 in chips) is sitting out
Seat 5: Consig|iori ($106.41 in chips) is sitting out
Seat 6: AschabAv ($35.50 in chips) is sitting out
Seat 2: Nicedaymybro ($107.40 in chips) 
Seat 3: skars07 ($103.50 in chips) 
Seat 4: Rysiff ($103.10 in chips) 
Rysiff: posts small blind $0.50
Consig|iori: is sitting out 
An1an1: is sitting out 
Nicedaymybro: posts big blind $1
*** HOLE CARDS ***
skars07: raises $1.50 to $2.50
Rysiff: raises $8.50 to $11
Nicedaymybro: folds 
skars07: folds 
Uncalled bet ($8.50) returned to Rysiff
Rysiff collected $6 from pot
Rysiff: doesn't show hand 
*** SUMMARY ***
Total pot $6 | Rake $0 
Seat 1: An1an1
Seat 5: Consig|iori
Seat 6: AschabAv
Seat 2: Nicedaymybro (big blind) folded before Flop
Seat 3: skars07 (button) folded before Flop
Seat 4: Rysiff (small blind) collected ($6)



PokerStars Hand #254344395469:  Hold'em No Limit ($0.50/$1.00 USD) - 2025/01/12 2:57:50 WET [2025/01/12 21:57:50 ET]
Table 'Kastalia II' 6-max Seat #4 is the button
Seat 1: An1an1 ($100 in chips) is sitting out
Seat 5: Consig|iori ($106.41 in chips) is sitting out
Seat 6: AschabAv ($35.50 in chips) is sitting out
Seat 2: Nicedaymybro ($106.40 in chips) 
Seat 3: skars07 ($101 in chips) 
Seat 4: Rysiff ($106.60 in chips) 
Nicedaymybro: posts small blind $0.50
skars07: posts big blind $1
*** HOLE CARDS ***
Rysiff: folds 
Nicedaymybro: folds 
Uncalled bet ($0.50) returned to skars07
skars07 collected $1 from pot
skars07: doesn't show hand 
Consig|iori leaves the table
*** SUMMARY ***
Total pot $1 | Rake $0 
Seat 1: An1an1
Seat 5: Consig|iori
Seat 6: AschabAv
Seat 2: Nicedaymybro (small blind) folded before Flop
Seat 3: skars07 (big blind) collected ($1)
Seat 4: Rysiff (button) folded before Flop (didn't bet)



PokerStars Hand #254344396188:  Hold'em No Limit ($0.50/$1.00 USD) - 2025/01/12 2:57:57 WET [2025/01/12 21:57:57 ET]
Table 'Kastalia II' 6-max Seat #2 is the button
Seat 1: An1an1 ($100 in chips) is sitting out
Seat 6: AschabAv ($35.50 in chips) is sitting out
Seat 2: Nicedaymybro ($105.90 in chips) 
Seat 3: skars07 ($101.50 in chips) 
Seat 4: Rysiff ($106.60 in chips) 
skars07: posts small blind $0.50
Rysiff: posts big blind $1
*** HOLE CARDS ***
Nicedaymybro: raises $1.50 to $2.50
skars07: folds 
Rysiff: folds 
Uncalled bet ($1.50) returned to Nicedaymybro
Nicedaymybro collected $2.50 from pot
Nicedaymybro: doesn't show hand 
*** SUMMARY ***
Total pot $2.50 | Rake $0 
Seat 1: An1an1
Seat 6: AschabAv
Seat 2: Nicedaymybro (button) collected ($2.50)
Seat 3: skars07 (small blind) folded before Flop
Seat 4: Rysiff (big blind) folded before Flop



PokerStars Hand #254344397386:  Hold'em No Limit ($0.50/$1.00 USD) - 2025/01/12 2:58:08 WET [2025/01/12 21:58:08 ET]
Table 'Kastalia II' 6-max Seat #3 is the button
Seat 1: An1an1 ($100 in chips) is sitting out
Seat 6: AschabAv ($35.50 in chips) is sitting out
Seat 2: Nicedaymybro ($107.40 in chips) 
Seat 3: skars07 ($101 in chips) 
Seat 4: Rysiff ($105.60 in chips) 
Rysiff: posts small blind $0.50
Nicedaymybro: posts big blind $1
*** HOLE CARDS ***
skars07: folds 
Rysiff: raises $2 to $3
Nicedaymybro: folds 
Uncalled bet ($2) returned to Rysiff
Rysiff collected $2 from pot
Rysiff: doesn't show hand 
*** SUMMARY ***
Total pot $2 | Rake $0 
Seat 1: An1an1
Seat 6: AschabAv
Seat 2: Nicedaymybro (big blind) folded before Flop
Seat 3: skars07 (button) folded before Flop (didn't bet)
Seat 4: Rysiff (small blind) collected ($2)



PokerStars Hand #254344658683:  Hold'em No Limit ($0.50/$1.00 USD) - 2025/01/12 3:33:14 WET [2025/01/12 22:33:14 ET]
Table 'Kastalia II' 6-max Seat #5 is the button
Seat 3: steepfell ($100 in chips) 
Seat 5: Rysiff ($106.60 in chips) 
Seat 6: Manifestorr ($100 in chips) 
Manifestorr: posts small blind $0.50
steepfell: posts big blind $1
*** HOLE CARDS ***
Rysiff: raises $1.50 to $2.50
Manifestorr: folds 
steepfell: folds 
Uncalled bet ($1.50) returned to Rysiff
Rysiff collected $2.50 from pot
Rysiff: doesn't show hand 
*** SUMMARY ***
Total pot $2.50 | Rake $0 
Seat 3: steepfell (big blind) folded before Flop
Seat 5: Rysiff (button) collected ($2.50)
Seat 6: Manifestorr (small blind) folded before Flop



PokerStars Hand #254344660839:  Hold'em No Limit ($0.50/$1.00 USD) - 2025/01/12 3:33:32 WET [2025/01/12 22:33:32 ET]
Table 'Kastalia II' 6-max Seat #6 is the button
Seat 3: steepfell ($100 in chips) 
Seat 5: Rysiff ($108.10 in chips) 
Seat 6: Manifestorr ($100 in chips) 
steepfell: posts small blind $0.50
Rysiff: posts big blind $1
*** HOLE CARDS ***
Manifestorr: folds 
steepfell: raises $2 to $3
Rysiff: folds 
Uncalled bet ($2) returned to steepfell
steepfell collected $2 from pot
steepfell: doesn't show hand 
*** SUMMARY ***
Total pot $2 | Rake $0 
Seat 3: steepfell (small blind) collected ($2)
Seat 5: Rysiff (big blind) folded before Flop
Seat 6: Manifestorr (button) folded before Flop (didn't bet)



PokerStars Hand #254344662798:  Hold'em No Limit ($0.50/$1.00 USD) - 2025/01/12 3:33:50 WET [2025/01/12 22:33:50 ET]
Table 'Kastalia II' 6-max Seat #3 is the button
Seat 3: steepfell ($101 in chips) 
Seat 5: Rysiff ($107.10 in chips) 
Seat 6: Manifestorr ($100 in chips) 
Rysiff: posts small blind $0.50
Manifestorr: posts big blind $1
*** HOLE CARDS ***
steepfell: raises $1.50 to $2.50
Rysiff: folds 
Manifestorr: calls $1.50
*** FLOP *** [3c 8s 7s]
Manifestorr: checks 
steepfell: bets $2.61
Manifestorr: raises $5.39 to $8
steepfell: calls $5.39
*** TURN *** [3c 8s 7s] [7d]
Manifestorr: checks 
steepfell: bets $15.38
Manifestorr: calls $15.38
*** RIVER *** [3c 8s 7s 7d] [4d]
Manifestorr: checks 
steepfell: checks 
*** SHOW DOWN ***
Manifestorr: shows [As 5s] (a pair of Sevens)
steepfell: mucks hand 
Manifestorr collected $51.26 from pot
*** SUMMARY ***
Total pot $52.26 | Rake $1 
Board [3c 8s 7s 7d 4d]
Seat 3: steepfell (button) mucked
Seat 5: Rysiff (small blind) folded before Flop
Seat 6: Manifestorr (big blind) showed [As 5s] and won ($51.26) with a pair of Sevens



PokerStars Hand #254344669982:  Hold'em No Limit ($0.50/$1.00 USD) - 2025/01/12 3:34:51 WET [2025/01/12 22:34:51 ET]
Table 'Kastalia II' 6-max Seat #5 is the button
Seat 3: steepfell ($100 in chips) 
Seat 5: Rysiff ($106.60 in chips) 
Seat 6: Manifestorr ($125.38 in chips) 
Manifestorr: posts small blind $0.50
steepfell: posts big blind $1
*** HOLE CARDS ***
Rysiff: folds 
Manifestorr: raises $2 to $3
steepfell: calls $2
*** FLOP *** [4d 5h Ts]
Manifestorr: bets $2.85
steepfell: raises $6.15 to $9
Manifestorr: calls $6.15
*** TURN *** [4d 5h Ts] [4h]
Manifestorr: checks 
steepfell: checks 
*** RIVER *** [4d 5h Ts 4h] [9c]
Manifestorr: bets $7.59
steepfell: folds 
Uncalled bet ($7.59) returned to Manifestorr
Manifestorr collected $23 from pot
*** SUMMARY ***
Total pot $24 | Rake $1 
Board [4d 5h Ts 4h 9c]
Seat 3: steepfell (big blind) folded on the River
Seat 5: Rysiff (button) folded before Flop (didn't bet)
Seat 6: Manifestorr (small blind) collected ($23)



PokerStars Hand #254344703628:  Hold'em No Limit ($0.50/$1.00 USD) - 2025/01/12 3:39:40 WET [2025/01/12 22:39:40 ET]
Table 'Kastalia II' 6-max Seat #1 is the button
Seat 1: Nicedaymybro ($106.40 in chips) 
Seat 4: bebelinto ($59.51 in chips) 
Nicedaymybro: posts small blind $0.50
bebelinto: posts big blind $1
*** HOLE CARDS ***
m0nTTu joins the table at seat #5 
Nicedaymybro: raises $1.50 to $2.50
steepfell joins the table at seat #6 
bebelinto: folds 
Uncalled bet ($1.50) returned to Nicedaymybro
Nicedaymybro collected $2 from pot
Nicedaymybro: doesn't show hand 
*** SUMMARY ***
Total pot $2 | Rake $0 
Seat 1: Nicedaymybro (button) (small blind) collected ($2)
Seat 4: bebelinto (big blind) folded before Flop



PokerStars Hand #254344704853:  Hold'em No Limit ($0.50/$1.00 USD) - 2025/01/12 3:39:51 WET [2025/01/12 22:39:51 ET]
Table 'Kastalia II' 6-max Seat #1 is the button
Seat 6: steepfell ($100 in chips) is sitting out
Seat 1: Nicedaymybro ($107.40 in chips) 
Seat 4: bebelinto ($58.51 in chips) 
Seat 5: m0nTTu ($80 in chips) 
bebelinto: posts small blind $0.50
m0nTTu: posts big blind $1
steepfell: sits out 
*** HOLE CARDS ***
XneferX joins the table at seat #2 
Nicedaymybro: raises $1.50 to $2.50
bebelinto: calls $2
m0nTTu: folds 
*** FLOP *** [8h As 2c]
bebelinto: bets $2.85
Nicedaymybro: calls $2.85
*** TURN *** [8h As 2c] [Js]
bebelinto: checks 
Nicedaymybro: checks 
*** RIVER *** [8h As 2c Js] [3d]
bebelinto: checks 
Nicedaymybro: bets $5.55
bebelinto: calls $5.55
*** SHOW DOWN ***
Nicedaymybro: shows [4h Ah] (a pair of Aces)
bebelinto: mucks hand 
Nicedaymybro collected $21.80 from pot
*** SUMMARY ***
Total pot $22.80 | Rake $1 
Board [8h As 2c Js 3d]
Seat 6: steepfell
Seat 1: Nicedaymybro (button) showed [4h Ah] and won ($21.80) with a pair of Aces
Seat 4: bebelinto (small blind) mucked
Seat 5: m0nTTu (big blind) folded before Flop



PokerStars Hand #254344709572:  Hold'em No Limit ($0.50/$1.00 USD) - 2025/01/12 3:40:33 WET [2025/01/12 22:40:33 ET]
Table 'Kastalia II' 6-max Seat #4 is the button
Seat 2: XneferX ($100 in chips) is sitting out
Seat 1: Nicedaymybro ($118.30 in chips) 
Seat 4: bebelinto ($47.61 in chips) 
Seat 5: m0nTTu ($79 in chips) 
Seat 6: steepfell ($100 in chips) 
m0nTTu: posts small blind $0.50
steepfell: posts big blind $1
XneferX: sits out 
*** HOLE CARDS ***
Nicedaymybro: folds 
bebelinto: raises $1 to $2
m0nTTu: calls $1.50
steepfell: calls $1
*** FLOP *** [7c 9s Td]
m0nTTu: checks 
steepfell: checks 
bebelinto: bets $5.70
m0nTTu: calls $5.70
steepfell: folds 
*** TURN *** [7c 9s Td] [4d]
m0nTTu: checks 
bebelinto: bets $8.27
Fold Your Cats joins the table at seat #3 
m0nTTu: raises $33.07 to $41.34
bebelinto: folds 
Uncalled bet ($33.07) returned to m0nTTu
m0nTTu collected $32.94 from pot
m0nTTu: doesn't show hand 
*** SUMMARY ***
Total pot $33.94 | Rake $1 
Board [7c 9s Td 4d]
Seat 2: XneferX
Seat 1: Nicedaymybro folded before Flop (didn't bet)
Seat 4: bebelinto (button) folded on the Turn
Seat 5: m0nTTu (small blind) collected ($32.94)
Seat 6: steepfell (big blind) folded on the Flop



PokerStars Hand #254344718659:  Hold'em No Limit ($0.50/$1.00 USD) - 2025/01/12 3:41:54 WET [2025/01/12 22:41:54 ET]
Table 'Kastalia II' 6-max Seat #5 is the button
Seat 2: XneferX ($100 in chips) is sitting out
Seat 3: Fold Your Cats ($100 in chips) is sitting out
Seat 1: Nicedaymybro ($118.30 in chips) 
Seat 4: bebelinto ($31.64 in chips) 
Seat 5: m0nTTu ($95.97 in chips) 
Seat 6: steepfell ($98 in chips) 
steepfell: posts small blind $0.50
Nicedaymybro: posts big blind $1
XneferX: sits out 
Fold Your Cats: sits out 
*** HOLE CARDS ***
bebelinto: raises $1 to $2
m0nTTu: folds 
steepfell: folds 
Nicedaymybro: calls $1
*** FLOP *** [3d 6d 7d]
Nicedaymybro: checks 
bebelinto: bets $4.28
Nicedaymybro: folds 
Uncalled bet ($4.28) returned to bebelinto
bebelinto collected $4.28 from pot
*** SUMMARY ***
Total pot $4.50 | Rake $0.22 
Board [3d 6d 7d]
Seat 2: XneferX
Seat 3: Fold Your Cats
Seat 1: Nicedaymybro (big blind) folded on the Flop
Seat 4: bebelinto collected ($4.28)
Seat 5: m0nTTu (button) folded before Flop (didn't bet)
Seat 6: steepfell (small blind) folded before Flop



PokerStars Hand #254344720915:  Hold'em No Limit ($0.50/$1.00 USD) - 2025/01/12 3:42:13 WET [2025/01/12 22:42:13 ET]
Table 'Kastalia II' 6-max Seat #6 is the button
Seat 3: Fold Your Cats ($100 in chips) is sitting out
Seat 1: Nicedaymybro ($116.30 in chips) 
Seat 2: XneferX ($100 in chips) 
Seat 4: bebelinto ($33.92 in chips) 
Seat 5: m0nTTu ($95.97 in chips) 
Seat 6: steepfell ($97.50 in chips) 
Nicedaymybro: posts small blind $0.50
XneferX: posts big blind $1
Fold Your Cats: sits out 
*** HOLE CARDS ***
bebelinto: raises $2.50 to $3.50
m0nTTu: folds 
steepfell: folds 
Nicedaymybro: raises $7.50 to $11
XneferX: folds 
bebelinto: calls $7.50
*** FLOP *** [7h 5d 5s]
Nicedaymybro: bets $10.95
bebelinto: calls $10.95
*** TURN *** [7h 5d 5s] [9h]
Nicedaymybro: bets $14.09
bebelinto: calls $11.97 and is all-in
Uncalled bet ($2.12) returned to Nicedaymybro
*** RIVER *** [7h 5d 5s 9h] [8c]
*** SHOW DOWN ***
Nicedaymybro: shows [Jd Jc] (two pair, Jacks and Fives)
bebelinto: shows [Ks Js] (a pair of Fives)
Nicedaymybro collected $66.34 from pot
bebelinto cashed out the hand for $4.43 | Cash Out Fee $0.09
*** SUMMARY ***
Total pot $68.84 | Rake $2.50 
Board [7h 5d 5s 9h 8c]
Seat 3: Fold Your Cats
Seat 1: Nicedaymybro (small blind) showed [Jd Jc] and won ($66.34) with two pair, Jacks and Fives
Seat 2: XneferX (big blind) folded before Flop
Seat 4: bebelinto showed [Ks Js] and lost with a pair of Fives (cashed out).
Seat 5: m0nTTu folded before Flop (didn't bet)
Seat 6: steepfell (button) folded before Flop (didn't bet)



PokerStars Hand #254344727046:  Hold'em No Limit ($0.50/$1.00 USD) - 2025/01/12 3:43:08 WET [2025/01/12 22:43:08 ET]
Table 'Kastalia II' 6-max Seat #1 is the button
Seat 1: Nicedaymybro ($148.72 in chips) 
Seat 2: XneferX ($100 in chips) 
Seat 3: Fold Your Cats ($100 in chips) 
Seat 4: bebelinto ($4.43 in chips) 
Seat 5: m0nTTu ($95.97 in chips) 
Seat 6: steepfell ($97.50 in chips) 
XneferX: posts small blind $0.50
Fold Your Cats: posts big blind $1
*** HOLE CARDS ***
bebelinto: raises $2.50 to $3.50
m0nTTu: folds 
steepfell: folds 
Nicedaymybro: raises $2.50 to $6
XneferX: folds 
Fold Your Cats: folds 
bebelinto: calls $0.93 and is all-in
Uncalled bet ($1.57) returned to Nicedaymybro
*** FLOP *** [6c 9h 8h]
*** TURN *** [6c 9h 8h] [Ks]
*** RIVER *** [6c 9h 8h Ks] [Tc]
*** SHOW DOWN ***
bebelinto: shows [Kc 9d] (two pair, Kings and Nines)
Nicedaymybro: shows [Kh Qc] (a pair of Kings)
bebelinto cashed out the hand for $2.58 | Cash Out Fee $0.05
*** SUMMARY ***
Total pot $10.36 | Rake $0.52 
Board [6c 9h 8h Ks Tc]
Seat 1: Nicedaymybro (button) showed [Kh Qc] and lost with a pair of Kings
Seat 2: XneferX (small blind) folded before Flop
Seat 3: Fold Your Cats (big blind) folded before Flop
Seat 4: bebelinto showed [Kc 9d] and won ($9.84) with two pair, Kings and Nines (pot not awarded as player cashed out)
Seat 5: m0nTTu folded before Flop (didn't bet)
Seat 6: steepfell folded before Flop (didn't bet)



