PokerStars Hand #254344581490:  Hold'em No Limit ($0.50/$1.00 USD) - 2025/01/12 3:22:31 WET [2025/01/12 22:22:31 ET]
Table 'Lupus III' 6-max Seat #6 is the button
Seat 1: XneferX ($100 in chips) 
Seat 2: przemasek ($27.50 in chips) 
Seat 3: steepfell ($122.18 in chips) 
Seat 4: m0nTTu ($114.10 in chips) 
Seat 5: Rysiff ($100 in chips) 
Seat 6: Axoulabete ($98.50 in chips) 
XneferX: posts small blind $0.50
przemasek: posts big blind $1
*** HOLE CARDS ***
steepfell: folds 
m0nTTu: folds 
Rysiff: folds 
Axoulabete: folds 
XneferX: folds 
Uncalled bet ($0.50) returned to przemasek
przemasek collected $1 from pot
przemasek: doesn't show hand 
*** SUMMARY ***
Total pot $1 | Rake $0 
Seat 1: XneferX (small blind) folded before Flop
Seat 2: przemasek (big blind) collected ($1)
Seat 3: steepfell folded before Flop (didn't bet)
Seat 4: m0nTTu folded before Flop (didn't bet)
Seat 5: Rysiff folded before Flop (didn't bet)
Seat 6: Axoulabete (button) folded before Flop (didn't bet)



PokerStars Hand #254344583217:  Hold'em No Limit ($0.50/$1.00 USD) - 2025/01/12 3:22:44 WET [2025/01/12 22:22:44 ET]
Table 'Lupus III' 6-max Seat #1 is the button
Seat 1: XneferX ($100 in chips) 
Seat 2: przemasek ($28 in chips) 
Seat 3: steepfell ($122.18 in chips) 
Seat 4: m0nTTu ($114.10 in chips) 
Seat 5: Rysiff ($100 in chips) 
Seat 6: Axoulabete ($98.50 in chips) 
przemasek: posts small blind $0.50
steepfell: posts big blind $1
*** HOLE CARDS ***
m0nTTu: folds 
Rysiff: raises $1.50 to $2.50
Axoulabete: folds 
XneferX: folds 
przemasek: calls $2
steepfell: folds 
*** FLOP *** [3c 4h Jh]
przemasek: checks 
Rysiff: checks 
*** TURN *** [3c 4h Jh] [As]
przemasek: checks 
Rysiff: bets $4.56
przemasek: calls $4.56
*** RIVER *** [3c 4h Jh As] [5h]
przemasek: checks 
Rysiff: checks 
*** SHOW DOWN ***
przemasek: shows [Ks Tc] (high card Ace)
Rysiff: shows [Td Kd] (high card Ace)
przemasek collected $7.18 from pot
Rysiff collected $7.18 from pot
*** SUMMARY ***
Total pot $15.12 | Rake $0.76 
Board [3c 4h Jh As 5h]
Seat 1: XneferX (button) folded before Flop (didn't bet)
Seat 2: przemasek (small blind) showed [Ks Tc] and won ($7.18) with high card Ace
Seat 3: steepfell (big blind) folded before Flop
Seat 4: m0nTTu folded before Flop (didn't bet)
Seat 5: Rysiff showed [Td Kd] and won ($7.18) with high card Ace
Seat 6: Axoulabete folded before Flop (didn't bet)



PokerStars Hand #254344587599:  Hold'em No Limit ($0.50/$1.00 USD) - 2025/01/12 3:23:20 WET [2025/01/12 22:23:20 ET]
Table 'Lupus III' 6-max Seat #2 is the button
Seat 1: XneferX ($100 in chips) 
Seat 2: przemasek ($28.12 in chips) 
Seat 3: steepfell ($121.18 in chips) 
Seat 4: m0nTTu ($114.10 in chips) 
Seat 5: Rysiff ($100.12 in chips) 
Seat 6: Axoulabete ($98.50 in chips) 
steepfell: posts small blind $0.50
m0nTTu: posts big blind $1
*** HOLE CARDS ***
Rysiff: folds 
Axoulabete: folds 
XneferX: raises $1.20 to $2.20
przemasek: calls $2.20
steepfell: folds 
m0nTTu: raises $7.80 to $10
XneferX: folds 
przemasek: calls $7.80
*** FLOP *** [4h Qs 7c]
m0nTTu: bets $104.10 and is all-in
przemasek: calls $18.12 and is all-in
Uncalled bet ($85.98) returned to m0nTTu
*** TURN *** [4h Qs 7c] [9h]
*** RIVER *** [4h Qs 7c 9h] [7h]
*** SHOW DOWN ***
m0nTTu: shows [Js Ah] (a pair of Sevens)
przemasek: shows [Jh Kh] (a flush, King high)
przemasek collected $56.44 from pot
*** SUMMARY ***
Total pot $58.94 | Rake $2.50 
Board [4h Qs 7c 9h 7h]
Seat 1: XneferX folded before Flop
Seat 2: przemasek (button) showed [Jh Kh] and won ($56.44) with a flush, King high
Seat 3: steepfell (small blind) folded before Flop
Seat 4: m0nTTu (big blind) showed [Js Ah] and lost with a pair of Sevens
Seat 5: Rysiff folded before Flop (didn't bet)
Seat 6: Axoulabete folded before Flop (didn't bet)



PokerStars Hand #254344597669:  Hold'em No Limit ($0.50/$1.00 USD) - 2025/01/12 3:24:42 WET [2025/01/12 22:24:42 ET]
Table 'Lupus III' 6-max Seat #3 is the button
Seat 1: XneferX ($100 in chips) 
Seat 2: przemasek ($56.44 in chips) 
Seat 3: steepfell ($120.68 in chips) 
Seat 4: m0nTTu ($85.98 in chips) 
Seat 5: Rysiff ($100.12 in chips) 
Seat 6: Axoulabete ($98.50 in chips) 
m0nTTu: posts small blind $0.50
Rysiff: posts big blind $1
*** HOLE CARDS ***
Axoulabete: folds 
XneferX: folds 
przemasek: calls $1
steepfell: folds 
m0nTTu: folds 
Rysiff: checks 
*** FLOP *** [9d 5c 9s]
Rysiff: checks 
przemasek: checks 
*** TURN *** [9d 5c 9s] [Ah]
Rysiff: checks 
przemasek: bets $3.71
Rysiff: folds 
Uncalled bet ($3.71) returned to przemasek
przemasek collected $2.38 from pot
przemasek: doesn't show hand 
*** SUMMARY ***
Total pot $2.50 | Rake $0.12 
Board [9d 5c 9s Ah]
Seat 1: XneferX folded before Flop (didn't bet)
Seat 2: przemasek collected ($2.38)
Seat 3: steepfell (button) folded before Flop (didn't bet)
Seat 4: m0nTTu (small blind) folded before Flop
Seat 5: Rysiff (big blind) folded on the Turn
Seat 6: Axoulabete folded before Flop (didn't bet)



PokerStars Hand #254344602077:  Hold'em No Limit ($0.50/$1.00 USD) - 2025/01/12 3:25:19 WET [2025/01/12 22:25:19 ET]
Table 'Lupus III' 6-max Seat #4 is the button
Seat 1: XneferX ($100 in chips) 
Seat 2: przemasek ($57.82 in chips) 
Seat 3: steepfell ($120.68 in chips) 
Seat 4: m0nTTu ($85.48 in chips) 
Seat 5: Rysiff ($100 in chips) 
Seat 6: Axoulabete ($98.50 in chips) 
Rysiff: posts small blind $0.50
Axoulabete: posts big blind $1
*** HOLE CARDS ***
XneferX: folds 
przemasek: calls $1
steepfell: raises $3 to $4
m0nTTu: folds 
Rysiff: folds 
Axoulabete: folds 
przemasek: calls $3
*** FLOP *** [As Qh Qd]
przemasek: checks 
steepfell: bets $1.80
przemasek: calls $1.80
*** TURN *** [As Qh Qd] [4c]
przemasek: checks 
steepfell: checks 
*** RIVER *** [As Qh Qd 4c] [7h]
przemasek: checks 
steepfell: checks 
*** SHOW DOWN ***
przemasek: shows [2d Ad] (two pair, Aces and Queens)
steepfell: mucks hand 
przemasek collected $12.44 from pot
*** SUMMARY ***
Total pot $13.10 | Rake $0.66 
Board [As Qh Qd 4c 7h]
Seat 1: XneferX folded before Flop (didn't bet)
Seat 2: przemasek showed [2d Ad] and won ($12.44) with two pair, Aces and Queens
Seat 3: steepfell mucked
Seat 4: m0nTTu (button) folded before Flop (didn't bet)
Seat 5: Rysiff (small blind) folded before Flop
Seat 6: Axoulabete (big blind) folded before Flop



PokerStars Hand #254344605091:  Hold'em No Limit ($0.50/$1.00 USD) - 2025/01/12 3:25:44 WET [2025/01/12 22:25:44 ET]
Table 'Lupus III' 6-max Seat #5 is the button
Seat 1: XneferX ($100 in chips) 
Seat 2: przemasek ($64.46 in chips) 
Seat 3: steepfell ($114.88 in chips) 
Seat 4: m0nTTu ($85.48 in chips) 
Seat 5: Rysiff ($100 in chips) 
Seat 6: Axoulabete ($97.50 in chips) 
Axoulabete: posts small blind $0.50
XneferX: posts big blind $1
*** HOLE CARDS ***
przemasek: calls $1
steepfell: folds 
m0nTTu: folds 
Rysiff: raises $3 to $4
Axoulabete: folds 
XneferX: folds 
przemasek: calls $3
*** FLOP *** [Js 2d 7h]
przemasek: bets $1
Rysiff: calls $1
*** TURN *** [Js 2d 7h] [8d]
przemasek: bets $1
Rysiff: calls $1
*** RIVER *** [Js 2d 7h 8d] [Jc]
przemasek: bets $9.29
Rysiff: folds 
Uncalled bet ($9.29) returned to przemasek
przemasek collected $12.82 from pot
przemasek: doesn't show hand 
*** SUMMARY ***
Total pot $13.50 | Rake $0.68 
Board [Js 2d 7h 8d Jc]
Seat 1: XneferX (big blind) folded before Flop
Seat 2: przemasek collected ($12.82)
Seat 3: steepfell folded before Flop (didn't bet)
Seat 4: m0nTTu folded before Flop (didn't bet)
Seat 5: Rysiff (button) folded on the River
Seat 6: Axoulabete (small blind) folded before Flop



PokerStars Hand #254344610464:  Hold'em No Limit ($0.50/$1.00 USD) - 2025/01/12 3:26:28 WET [2025/01/12 22:26:28 ET]
Table 'Lupus III' 6-max Seat #6 is the button
Seat 1: XneferX ($100 in chips) 
Seat 2: przemasek ($71.28 in chips) 
Seat 3: steepfell ($114.88 in chips) 
Seat 4: m0nTTu ($85.48 in chips) 
Seat 5: Rysiff ($100 in chips) 
Seat 6: Axoulabete ($97 in chips) 
XneferX: posts small blind $0.50
przemasek: posts big blind $1
*** HOLE CARDS ***
steepfell: raises $1.50 to $2.50
m0nTTu: folds 
Rysiff: folds 
Axoulabete: folds 
XneferX: folds 
przemasek: calls $1.50
*** FLOP *** [4s 3c 8h]
przemasek: checks 
steepfell: bets $1.72
przemasek: calls $1.72
*** TURN *** [4s 3c 8h] [9s]
przemasek: checks 
steepfell: checks 
*** RIVER *** [4s 3c 8h 9s] [5s]
przemasek: bets $8.28
steepfell: folds 
Uncalled bet ($8.28) returned to przemasek
przemasek collected $8.49 from pot
przemasek: doesn't show hand 
*** SUMMARY ***
Total pot $8.94 | Rake $0.45 
Board [4s 3c 8h 9s 5s]
Seat 1: XneferX (small blind) folded before Flop
Seat 2: przemasek (big blind) collected ($8.49)
Seat 3: steepfell folded on the River
Seat 4: m0nTTu folded before Flop (didn't bet)
Seat 5: Rysiff folded before Flop (didn't bet)
Seat 6: Axoulabete (button) folded before Flop (didn't bet)



PokerStars Hand #254344614236:  Hold'em No Limit ($0.50/$1.00 USD) - 2025/01/12 3:26:59 WET [2025/01/12 22:26:59 ET]
Table 'Lupus III' 6-max Seat #1 is the button
Seat 1: XneferX ($100 in chips) 
Seat 2: przemasek ($75.55 in chips) 
Seat 3: steepfell ($110.66 in chips) 
Seat 4: m0nTTu ($85.48 in chips) 
Seat 5: Rysiff ($100 in chips) 
Seat 6: Axoulabete ($97 in chips) 
przemasek: posts small blind $0.50
steepfell: posts big blind $1
*** HOLE CARDS ***
m0nTTu: raises $1.50 to $2.50
Rysiff: folds 
Axoulabete: raises $6.50 to $9
XneferX: folds 
przemasek: calls $8.50
steepfell: folds 
m0nTTu: folds 
*** FLOP *** [Ah 5d 7s]
przemasek: checks 
Axoulabete: bets $6.74
przemasek: calls $6.74
*** TURN *** [Ah 5d 7s] [Th]
przemasek: checks 
Axoulabete: bets $10.97
przemasek: folds 
Uncalled bet ($10.97) returned to Axoulabete
Axoulabete collected $33.23 from pot
*** SUMMARY ***
Total pot $34.98 | Rake $1.75 
Board [Ah 5d 7s Th]
Seat 1: XneferX (button) folded before Flop (didn't bet)
Seat 2: przemasek (small blind) folded on the Turn
Seat 3: steepfell (big blind) folded before Flop
Seat 4: m0nTTu folded before Flop
Seat 5: Rysiff folded before Flop (didn't bet)
Seat 6: Axoulabete collected ($33.23)



PokerStars Hand #254344620788:  Hold'em No Limit ($0.50/$1.00 USD) - 2025/01/12 3:27:54 WET [2025/01/12 22:27:54 ET]
Table 'Lupus III' 6-max Seat #2 is the button
Seat 1: XneferX ($100 in chips) 
Seat 2: przemasek ($59.81 in chips) 
Seat 3: steepfell ($109.66 in chips) 
Seat 4: m0nTTu ($82.98 in chips) 
Seat 5: Rysiff ($100 in chips) 
Seat 6: Axoulabete ($114.49 in chips) 
steepfell: posts small blind $0.50
m0nTTu: posts big blind $1
*** HOLE CARDS ***
Rysiff: folds 
Axoulabete: folds 
XneferX: folds 
przemasek: raises $1 to $2
steepfell: folds 
m0nTTu: folds 
Uncalled bet ($1) returned to przemasek
przemasek collected $2.50 from pot
przemasek: doesn't show hand 
*** SUMMARY ***
Total pot $2.50 | Rake $0 
Seat 1: XneferX folded before Flop (didn't bet)
Seat 2: przemasek (button) collected ($2.50)
Seat 3: steepfell (small blind) folded before Flop
Seat 4: m0nTTu (big blind) folded before Flop
Seat 5: Rysiff folded before Flop (didn't bet)
Seat 6: Axoulabete folded before Flop (didn't bet)



PokerStars Hand #254344622837:  Hold'em No Limit ($0.50/$1.00 USD) - 2025/01/12 3:28:11 WET [2025/01/12 22:28:11 ET]
Table 'Lupus III' 6-max Seat #3 is the button
Seat 1: XneferX ($100 in chips) 
Seat 2: przemasek ($61.31 in chips) 
Seat 3: steepfell ($109.16 in chips) 
Seat 4: m0nTTu ($81.98 in chips) 
Seat 5: Rysiff ($100 in chips) 
Seat 6: Axoulabete ($114.49 in chips) 
m0nTTu: posts small blind $0.50
Rysiff: posts big blind $1
*** HOLE CARDS ***
Axoulabete: folds 
XneferX: folds 
przemasek: calls $1
steepfell: folds 
m0nTTu: folds 
Rysiff: checks 
*** FLOP *** [Ad 5c Ts]
Rysiff: checks 
przemasek: checks 
*** TURN *** [Ad 5c Ts] [Jd]
Rysiff: bets $3
przemasek: calls $3
*** RIVER *** [Ad 5c Ts Jd] [9c]
Rysiff: bets $6.46
przemasek: folds 
Uncalled bet ($6.46) returned to Rysiff
Rysiff collected $8.08 from pot
Rysiff: doesn't show hand 
*** SUMMARY ***
Total pot $8.50 | Rake $0.42 
Board [Ad 5c Ts Jd 9c]
Seat 1: XneferX folded before Flop (didn't bet)
Seat 2: przemasek folded on the River
Seat 3: steepfell (button) folded before Flop (didn't bet)
Seat 4: m0nTTu (small blind) folded before Flop
Seat 5: Rysiff (big blind) collected ($8.08)
Seat 6: Axoulabete folded before Flop (didn't bet)



PokerStars Hand #254344629308:  Hold'em No Limit ($0.50/$1.00 USD) - 2025/01/12 3:29:05 WET [2025/01/12 22:29:05 ET]
Table 'Lupus III' 6-max Seat #4 is the button
Seat 1: XneferX ($100 in chips) 
Seat 2: przemasek ($57.31 in chips) 
Seat 3: steepfell ($109.16 in chips) 
Seat 4: m0nTTu ($81.48 in chips) 
Seat 5: Rysiff ($104.08 in chips) 
Seat 6: Axoulabete ($114.49 in chips) 
Rysiff: posts small blind $0.50
Axoulabete: posts big blind $1
*** HOLE CARDS ***
XneferX: folds 
przemasek: folds 
steepfell: folds 
m0nTTu: folds 
Rysiff: folds 
Uncalled bet ($0.50) returned to Axoulabete
Axoulabete collected $1 from pot
*** SUMMARY ***
Total pot $1 | Rake $0 
Seat 1: XneferX folded before Flop (didn't bet)
Seat 2: przemasek folded before Flop (didn't bet)
Seat 3: steepfell folded before Flop (didn't bet)
Seat 4: m0nTTu (button) folded before Flop (didn't bet)
Seat 5: Rysiff (small blind) folded before Flop
Seat 6: Axoulabete (big blind) collected ($1)



PokerStars Hand #254344630957:  Hold'em No Limit ($0.50/$1.00 USD) - 2025/01/12 3:29:19 WET [2025/01/12 22:29:19 ET]
Table 'Lupus III' 6-max Seat #5 is the button
Seat 1: XneferX ($100 in chips) 
Seat 2: przemasek ($57.31 in chips) 
Seat 3: steepfell ($109.16 in chips) 
Seat 4: m0nTTu ($81.48 in chips) 
Seat 5: Rysiff ($103.58 in chips) 
Seat 6: Axoulabete ($114.99 in chips) 
Axoulabete: posts small blind $0.50
XneferX: posts big blind $1
*** HOLE CARDS ***
przemasek: folds 
steepfell: folds 
m0nTTu: folds 
Rysiff: folds 
Axoulabete: folds 
Uncalled bet ($0.50) returned to XneferX
XneferX collected $1 from pot
XneferX: doesn't show hand 
*** SUMMARY ***
Total pot $1 | Rake $0 
Seat 1: XneferX (big blind) collected ($1)
Seat 2: przemasek folded before Flop (didn't bet)
Seat 3: steepfell folded before Flop (didn't bet)
Seat 4: m0nTTu folded before Flop (didn't bet)
Seat 5: Rysiff (button) folded before Flop (didn't bet)
Seat 6: Axoulabete (small blind) folded before Flop



PokerStars Hand #254344631896:  Hold'em No Limit ($0.50/$1.00 USD) - 2025/01/12 3:29:27 WET [2025/01/12 22:29:27 ET]
Table 'Lupus III' 6-max Seat #6 is the button
Seat 1: XneferX ($100.50 in chips) 
Seat 2: przemasek ($57.31 in chips) 
Seat 3: steepfell ($109.16 in chips) 
Seat 4: m0nTTu ($81.48 in chips) 
Seat 5: Rysiff ($103.58 in chips) 
Seat 6: Axoulabete ($114.49 in chips) 
XneferX: posts small blind $0.50
przemasek: posts big blind $1
*** HOLE CARDS ***
steepfell: folds 
m0nTTu: folds 
Rysiff: folds 
Axoulabete: folds 
XneferX: folds 
Uncalled bet ($0.50) returned to przemasek
przemasek collected $1 from pot
przemasek: doesn't show hand 
*** SUMMARY ***
Total pot $1 | Rake $0 
Seat 1: XneferX (small blind) folded before Flop
Seat 2: przemasek (big blind) collected ($1)
Seat 3: steepfell folded before Flop (didn't bet)
Seat 4: m0nTTu folded before Flop (didn't bet)
Seat 5: Rysiff folded before Flop (didn't bet)
Seat 6: Axoulabete (button) folded before Flop (didn't bet)



PokerStars Hand #254344634093:  Hold'em No Limit ($0.50/$1.00 USD) - 2025/01/12 3:29:46 WET [2025/01/12 22:29:46 ET]
Table 'Lupus III' 6-max Seat #1 is the button
Seat 1: XneferX ($100 in chips) 
Seat 2: przemasek ($57.81 in chips) 
Seat 3: steepfell ($109.16 in chips) 
Seat 4: m0nTTu ($81.48 in chips) 
Seat 5: Rysiff ($103.58 in chips) 
Seat 6: Axoulabete ($114.49 in chips) 
przemasek: posts small blind $0.50
steepfell: posts big blind $1
*** HOLE CARDS ***
m0nTTu: folds 
Rysiff: folds 
Axoulabete: raises $1.60 to $2.60
XneferX: folds 
przemasek: folds 
steepfell: folds 
Uncalled bet ($1.60) returned to Axoulabete
Axoulabete collected $2.50 from pot
*** SUMMARY ***
Total pot $2.50 | Rake $0 
Seat 1: XneferX (button) folded before Flop (didn't bet)
Seat 2: przemasek (small blind) folded before Flop
Seat 3: steepfell (big blind) folded before Flop
Seat 4: m0nTTu folded before Flop (didn't bet)
Seat 5: Rysiff folded before Flop (didn't bet)
Seat 6: Axoulabete collected ($2.50)



PokerStars Hand #254344636544:  Hold'em No Limit ($0.50/$1.00 USD) - 2025/01/12 3:30:06 WET [2025/01/12 22:30:06 ET]
Table 'Lupus III' 6-max Seat #2 is the button
Seat 1: XneferX ($100 in chips) 
Seat 2: przemasek ($57.31 in chips) 
Seat 3: steepfell ($108.16 in chips) 
Seat 4: m0nTTu ($81.48 in chips) 
Seat 5: Rysiff ($103.58 in chips) 
Seat 6: Axoulabete ($115.99 in chips) 
steepfell: posts small blind $0.50
m0nTTu: posts big blind $1
*** HOLE CARDS ***
Rysiff: folds 
Axoulabete: folds 
XneferX: folds 
przemasek: folds 
steepfell: folds 
Uncalled bet ($0.50) returned to m0nTTu
m0nTTu collected $1 from pot
m0nTTu: doesn't show hand 
*** SUMMARY ***
Total pot $1 | Rake $0 
Seat 1: XneferX folded before Flop (didn't bet)
Seat 2: przemasek (button) folded before Flop (didn't bet)
Seat 3: steepfell (small blind) folded before Flop
Seat 4: m0nTTu (big blind) collected ($1)
Seat 5: Rysiff folded before Flop (didn't bet)
Seat 6: Axoulabete folded before Flop (didn't bet)



PokerStars Hand #254344638107:  Hold'em No Limit ($0.50/$1.00 USD) - 2025/01/12 3:30:19 WET [2025/01/12 22:30:19 ET]
Table 'Lupus III' 6-max Seat #3 is the button
Seat 1: XneferX ($100 in chips) 
Seat 2: przemasek ($57.31 in chips) 
Seat 3: steepfell ($107.66 in chips) 
Seat 4: m0nTTu ($81.98 in chips) 
Seat 5: Rysiff ($103.58 in chips) 
Seat 6: Axoulabete ($115.99 in chips) 
m0nTTu: posts small blind $0.50
Rysiff: posts big blind $1
*** HOLE CARDS ***
Axoulabete: folds 
XneferX: folds 
przemasek: folds 
steepfell: folds 
m0nTTu: folds 
Uncalled bet ($0.50) returned to Rysiff
Rysiff collected $1 from pot
Rysiff: doesn't show hand 
*** SUMMARY ***
Total pot $1 | Rake $0 
Seat 1: XneferX folded before Flop (didn't bet)
Seat 2: przemasek folded before Flop (didn't bet)
Seat 3: steepfell (button) folded before Flop (didn't bet)
Seat 4: m0nTTu (small blind) folded before Flop
Seat 5: Rysiff (big blind) collected ($1)
Seat 6: Axoulabete folded before Flop (didn't bet)



PokerStars Hand #254344640472:  Hold'em No Limit ($0.50/$1.00 USD) - 2025/01/12 3:30:38 WET [2025/01/12 22:30:38 ET]
Table 'Lupus III' 6-max Seat #4 is the button
Seat 1: XneferX ($100 in chips) 
Seat 2: przemasek ($57.31 in chips) 
Seat 3: steepfell ($107.66 in chips) 
Seat 4: m0nTTu ($81.48 in chips) 
Seat 5: Rysiff ($104.08 in chips) 
Seat 6: Axoulabete ($115.99 in chips) 
Rysiff: posts small blind $0.50
Axoulabete: posts big blind $1
*** HOLE CARDS ***
XneferX: folds 
przemasek: folds 
steepfell: raises $1.50 to $2.50
m0nTTu: folds 
Rysiff: folds 
Axoulabete: folds 
Uncalled bet ($1.50) returned to steepfell
steepfell collected $2.50 from pot
steepfell: doesn't show hand 
*** SUMMARY ***
Total pot $2.50 | Rake $0 
Seat 1: XneferX folded before Flop (didn't bet)
Seat 2: przemasek folded before Flop (didn't bet)
Seat 3: steepfell collected ($2.50)
Seat 4: m0nTTu (button) folded before Flop (didn't bet)
Seat 5: Rysiff (small blind) folded before Flop
Seat 6: Axoulabete (big blind) folded before Flop



PokerStars Hand #254344643204:  Hold'em No Limit ($0.50/$1.00 USD) - 2025/01/12 3:31:01 WET [2025/01/12 22:31:01 ET]
Table 'Lupus III' 6-max Seat #5 is the button
Seat 1: XneferX ($100 in chips) 
Seat 2: przemasek ($57.31 in chips) 
Seat 3: steepfell ($109.16 in chips) 
Seat 4: m0nTTu ($81.48 in chips) 
Seat 5: Rysiff ($103.58 in chips) 
Seat 6: Axoulabete ($114.99 in chips) 
Axoulabete: posts small blind $0.50
XneferX: posts big blind $1
*** HOLE CARDS ***
przemasek: raises $1 to $2
steepfell: raises $6 to $8
m0nTTu: folds 
Rysiff: folds 
Axoulabete: folds 
XneferX: folds 
przemasek: calls $6
*** FLOP *** [2s 4s 3c]
przemasek: checks 
steepfell: bets $5.48
przemasek: calls $5.48
*** TURN *** [2s 4s 3c] [Qh]
przemasek: checks 
steepfell: checks 
*** RIVER *** [2s 4s 3c Qh] [Ah]
przemasek: checks 
steepfell: bets $8.92
przemasek: calls $8.92
*** SHOW DOWN ***
steepfell: shows [Jd As] (a pair of Aces)
przemasek: mucks hand 
steepfell collected $43.98 from pot
*** SUMMARY ***
Total pot $46.30 | Rake $2.32 
Board [2s 4s 3c Qh Ah]
Seat 1: XneferX (big blind) folded before Flop
Seat 2: przemasek mucked
Seat 3: steepfell showed [Jd As] and won ($43.98) with a pair of Aces
Seat 4: m0nTTu folded before Flop (didn't bet)
Seat 5: Rysiff (button) folded before Flop (didn't bet)
Seat 6: Axoulabete (small blind) folded before Flop



PokerStars Hand #254344649194:  Hold'em No Limit ($0.50/$1.00 USD) - 2025/01/12 3:31:52 WET [2025/01/12 22:31:52 ET]
Table 'Lupus III' 6-max Seat #6 is the button
Seat 1: XneferX ($100 in chips) 
Seat 2: przemasek ($34.91 in chips) 
Seat 3: steepfell ($130.74 in chips) 
Seat 4: m0nTTu ($81.48 in chips) 
Seat 5: Rysiff ($103.58 in chips) 
Seat 6: Axoulabete ($114.49 in chips) 
XneferX: posts small blind $0.50
przemasek: posts big blind $1
*** HOLE CARDS ***
steepfell: folds 
m0nTTu: folds 
Rysiff: folds 
Axoulabete: raises $1.60 to $2.60
XneferX: folds 
przemasek: calls $1.60
*** FLOP *** [2c Ah 3s]
przemasek: checks 
Axoulabete: checks 
*** TURN *** [2c Ah 3s] [Qh]
przemasek: checks 
Axoulabete: bets $2.44
przemasek: calls $2.44
*** RIVER *** [2c Ah 3s Qh] [4h]
przemasek: checks 
Axoulabete: bets $14
przemasek: folds 
Uncalled bet ($14) returned to Axoulabete
Axoulabete collected $10.05 from pot
*** SUMMARY ***
Total pot $10.58 | Rake $0.53 
Board [2c Ah 3s Qh 4h]
Seat 1: XneferX (small blind) folded before Flop
Seat 2: przemasek (big blind) folded on the River
Seat 3: steepfell folded before Flop (didn't bet)
Seat 4: m0nTTu folded before Flop (didn't bet)
Seat 5: Rysiff folded before Flop (didn't bet)
Seat 6: Axoulabete (button) collected ($10.05)



PokerStars Hand #254344653636:  Hold'em No Limit ($0.50/$1.00 USD) - 2025/01/12 3:32:30 WET [2025/01/12 22:32:30 ET]
Table 'Lupus III' 6-max Seat #1 is the button
Seat 1: XneferX ($100 in chips) 
Seat 2: przemasek ($29.87 in chips) 
Seat 3: steepfell ($130.74 in chips) 
Seat 4: m0nTTu ($81.48 in chips) 
Seat 5: Rysiff ($103.58 in chips) 
Seat 6: Axoulabete ($119.50 in chips) 
przemasek: posts small blind $0.50
steepfell: posts big blind $1
*** HOLE CARDS ***
m0nTTu: raises $1.50 to $2.50
Rysiff: folds 
Axoulabete: calls $2.50
XneferX: folds 
przemasek: calls $2
steepfell: folds 
*** FLOP *** [6c Jh Td]
przemasek: checks 
m0nTTu: checks 
Axoulabete: bets $2.67
przemasek: folds 
m0nTTu: calls $2.67
*** TURN *** [6c Jh Td] [Jd]
m0nTTu: checks 
Axoulabete: checks 
*** RIVER *** [6c Jh Td Jd] [Ks]
m0nTTu: checks 
Axoulabete: checks 
*** SHOW DOWN ***
m0nTTu: shows [Qc Qh] (two pair, Queens and Jacks)
Axoulabete: mucks hand 
m0nTTu collected $13.15 from pot
*** SUMMARY ***
Total pot $13.84 | Rake $0.69 
Board [6c Jh Td Jd Ks]
Seat 1: XneferX (button) folded before Flop (didn't bet)
Seat 2: przemasek (small blind) folded on the Flop
Seat 3: steepfell (big blind) folded before Flop
Seat 4: m0nTTu showed [Qc Qh] and won ($13.15) with two pair, Queens and Jacks
Seat 5: Rysiff folded before Flop (didn't bet)
Seat 6: Axoulabete mucked



PokerStars Hand #254344659927:  Hold'em No Limit ($0.50/$1.00 USD) - 2025/01/12 3:33:24 WET [2025/01/12 22:33:24 ET]
Table 'Lupus III' 6-max Seat #2 is the button
Seat 1: XneferX ($100 in chips) 
Seat 2: przemasek ($27.37 in chips) 
Seat 3: steepfell ($129.74 in chips) 
Seat 4: m0nTTu ($89.46 in chips) 
Seat 5: Rysiff ($103.58 in chips) 
Seat 6: Axoulabete ($114.33 in chips) 
steepfell: posts small blind $0.50
m0nTTu: posts big blind $1
*** HOLE CARDS ***
Rysiff: raises $1.50 to $2.50
Axoulabete: folds 
XneferX: folds 
przemasek: calls $2.50
steepfell: raises $10.50 to $13
m0nTTu: folds 
Rysiff: folds 
przemasek: calls $10.50
*** FLOP *** [Qh 4s 7s]
steepfell: bets $14.50
przemasek: calls $14.37 and is all-in
Uncalled bet ($0.13) returned to steepfell
*** TURN *** [Qh 4s 7s] [3c]
*** RIVER *** [Qh 4s 7s 3c] [Th]
*** SHOW DOWN ***
steepfell: shows [Td Ts] (three of a kind, Tens)
przemasek: shows [Tc 9s] (a pair of Tens)
steepfell collected $55.74 from pot
*** SUMMARY ***
Total pot $58.24 | Rake $2.50 
Board [Qh 4s 7s 3c Th]
Seat 1: XneferX folded before Flop (didn't bet)
Seat 2: przemasek (button) showed [Tc 9s] and lost with a pair of Tens
Seat 3: steepfell (small blind) showed [Td Ts] and won ($55.74) with three of a kind, Tens
Seat 4: m0nTTu (big blind) folded before Flop
Seat 5: Rysiff folded before Flop
Seat 6: Axoulabete folded before Flop (didn't bet)



PokerStars Hand #254344664023:  Hold'em No Limit ($0.50/$1.00 USD) - 2025/01/12 3:34:00 WET [2025/01/12 22:34:00 ET]
Table 'Lupus III' 6-max Seat #3 is the button
Seat 2: przemasek ($0 in chips) is sitting out
Seat 1: XneferX ($100 in chips) 
Seat 3: steepfell ($158.11 in chips) 
Seat 4: m0nTTu ($88.46 in chips) 
Seat 5: Rysiff ($101.08 in chips) 
Seat 6: Axoulabete ($114.33 in chips) 
m0nTTu: posts small blind $0.50
Rysiff: posts big blind $1
*** HOLE CARDS ***
Axoulabete: raises $2.10 to $3.10
przemasek leaves the table
XneferX: folds 
steepfell: raises $5.90 to $9
m0nTTu: folds 
Rysiff: folds 
Axoulabete: calls $5.90
*** FLOP *** [9c 8h 5d]
Axoulabete: checks 
steepfell: bets $9.26
Axoulabete: calls $9.26
*** TURN *** [9c 8h 5d] [7c]
Axoulabete: checks 
steepfell: checks 
*** RIVER *** [9c 8h 5d 7c] [Kh]
Axoulabete: checks 
steepfell: checks 
*** SHOW DOWN ***
Axoulabete: shows [8d Td] (a pair of Eights)
steepfell: shows [Ac Ah] (a pair of Aces)
steepfell collected $36.12 from pot
*** SUMMARY ***
Total pot $38.02 | Rake $1.90 
Board [9c 8h 5d 7c Kh]
Seat 2: przemasek
Seat 1: XneferX folded before Flop (didn't bet)
Seat 3: steepfell (button) showed [Ac Ah] and won ($36.12) with a pair of Aces
Seat 4: m0nTTu (small blind) folded before Flop
Seat 5: Rysiff (big blind) folded before Flop
Seat 6: Axoulabete showed [8d Td] and lost with a pair of Eights



PokerStars Hand #254344671814:  Hold'em No Limit ($0.50/$1.00 USD) - 2025/01/12 3:35:07 WET [2025/01/12 22:35:07 ET]
Table 'Lupus III' 6-max Seat #4 is the button
Seat 1: XneferX ($100 in chips) 
Seat 3: steepfell ($175.97 in chips) 
Seat 4: m0nTTu ($87.96 in chips) 
Seat 5: Rysiff ($100.08 in chips) 
Seat 6: Axoulabete ($96.07 in chips) 
Rysiff: posts small blind $0.50
Axoulabete: posts big blind $1
*** HOLE CARDS ***
XneferX: folds 
steepfell: raises $1.50 to $2.50
XneferX leaves the table
m0nTTu: folds 
Rysiff: folds 
Axoulabete: calls $1.50
*** FLOP *** [8c 8h 6h]
Axoulabete: checks 
steepfell: bets $2.61
Axoulabete: calls $2.61
*** TURN *** [8c 8h 6h] [Tc]
Axoulabete: checks 
steepfell: bets $7.64
Dantepoke226 joins the table at seat #1 
Axoulabete: calls $7.64
*** RIVER *** [8c 8h 6h Tc] [As]
Axoulabete: checks 
steepfell: bets $18.53
Axoulabete: calls $18.53
*** SHOW DOWN ***
steepfell: shows [8d 9d] (three of a kind, Eights)
Axoulabete: mucks hand 
steepfell collected $60.56 from pot
*** SUMMARY ***
Total pot $63.06 | Rake $2.50 
Board [8c 8h 6h Tc As]
Seat 1: XneferX folded before Flop (didn't bet)
Seat 3: steepfell showed [8d 9d] and won ($60.56) with three of a kind, Eights
Seat 4: m0nTTu (button) folded before Flop (didn't bet)
Seat 5: Rysiff (small blind) folded before Flop
Seat 6: Axoulabete (big blind) mucked



PokerStars Hand #254344679253:  Hold'em No Limit ($0.50/$1.00 USD) - 2025/01/12 3:36:11 WET [2025/01/12 22:36:11 ET]
Table 'Lupus III' 6-max Seat #5 is the button
Seat 1: Dantepoke226 ($100 in chips) 
Seat 3: steepfell ($205.25 in chips) 
Seat 4: m0nTTu ($87.96 in chips) 
Seat 5: Rysiff ($100 in chips) 
Seat 6: Axoulabete ($64.79 in chips) 
Axoulabete: posts small blind $0.50
Dantepoke226: posts big blind $1
*** HOLE CARDS ***
steepfell: folds 
m0nTTu: folds 
Rysiff: raises $1.50 to $2.50
Axoulabete: raises $7 to $9.50
bebelinto joins the table at seat #2 
bebelinto is disconnected 
Dantepoke226: folds 
Rysiff: folds 
Uncalled bet ($7) returned to Axoulabete
Axoulabete collected $6 from pot
*** SUMMARY ***
Total pot $6 | Rake $0 
Seat 1: Dantepoke226 (big blind) folded before Flop
Seat 3: steepfell folded before Flop (didn't bet)
Seat 4: m0nTTu folded before Flop (didn't bet)
Seat 5: Rysiff (button) folded before Flop
Seat 6: Axoulabete (small blind) collected ($6)



PokerStars Hand #254344685725:  Hold'em No Limit ($0.50/$1.00 USD) - 2025/01/12 3:37:06 WET [2025/01/12 22:37:06 ET]
Table 'Lupus III' 6-max Seat #6 is the button
Seat 1: Dantepoke226 ($100 in chips) 
Seat 2: bebelinto ($63.41 in chips) 
Seat 3: steepfell ($205.25 in chips) 
Seat 4: m0nTTu ($87.96 in chips) 
Seat 5: Rysiff ($100 in chips) 
Seat 6: Axoulabete ($100 in chips) 
Dantepoke226: posts small blind $0.50
bebelinto: posts big blind $1
*** HOLE CARDS ***
steepfell: folds 
m0nTTu: folds 
Rysiff: raises $1.50 to $2.50
Axoulabete: raises $7.50 to $10
Dantepoke226: folds 
bebelinto: folds 
Rysiff: folds 
Uncalled bet ($7.50) returned to Axoulabete
Axoulabete collected $6.50 from pot
*** SUMMARY ***
Total pot $6.50 | Rake $0 
Seat 1: Dantepoke226 (small blind) folded before Flop
Seat 2: bebelinto (big blind) folded before Flop
Seat 3: steepfell folded before Flop (didn't bet)
Seat 4: m0nTTu folded before Flop (didn't bet)
Seat 5: Rysiff folded before Flop
Seat 6: Axoulabete (button) collected ($6.50)



PokerStars Hand #254344688963:  Hold'em No Limit ($0.50/$1.00 USD) - 2025/01/12 3:37:34 WET [2025/01/12 22:37:34 ET]
Table 'Lupus III' 6-max Seat #1 is the button
Seat 1: Dantepoke226 ($100 in chips) 
Seat 2: bebelinto ($62.41 in chips) 
Seat 3: steepfell ($205.25 in chips) 
Seat 4: m0nTTu ($87.96 in chips) 
Seat 5: Rysiff ($100 in chips) 
Seat 6: Axoulabete ($104 in chips) 
bebelinto: posts small blind $0.50
steepfell: posts big blind $1
*** HOLE CARDS ***
m0nTTu: folds 
Rysiff: folds 
Axoulabete: folds 
Dantepoke226: folds 
bebelinto: calls $0.50
steepfell: checks 
*** FLOP *** [4h Kh 3c]
bebelinto: bets $1.90
steepfell: calls $1.90
*** TURN *** [4h Kh 3c] [4s]
bebelinto: checks 
steepfell: bets $4.13
bebelinto: folds 
Uncalled bet ($4.13) returned to steepfell
steepfell collected $5.51 from pot
steepfell: doesn't show hand 
*** SUMMARY ***
Total pot $5.80 | Rake $0.29 
Board [4h Kh 3c 4s]
Seat 1: Dantepoke226 (button) folded before Flop (didn't bet)
Seat 2: bebelinto (small blind) folded on the Turn
Seat 3: steepfell (big blind) collected ($5.51)
Seat 4: m0nTTu folded before Flop (didn't bet)
Seat 5: Rysiff folded before Flop (didn't bet)
Seat 6: Axoulabete folded before Flop (didn't bet)



PokerStars Hand #254344694287:  Hold'em No Limit ($0.50/$1.00 USD) - 2025/01/12 3:38:20 WET [2025/01/12 22:38:20 ET]
Table 'Lupus III' 6-max Seat #2 is the button
Seat 1: Dantepoke226 ($100 in chips) 
Seat 2: bebelinto ($59.51 in chips) 
Seat 3: steepfell ($207.86 in chips) 
Seat 4: m0nTTu ($87.96 in chips) 
Seat 5: Rysiff ($100 in chips) 
Seat 6: Axoulabete ($104 in chips) 
steepfell: posts small blind $0.50
m0nTTu: posts big blind $1
*** HOLE CARDS ***
Rysiff: folds 
Axoulabete: folds 
Dantepoke226: folds 
bebelinto: folds 
steepfell: raises $2 to $3
m0nTTu: folds 
Uncalled bet ($2) returned to steepfell
steepfell collected $2 from pot
steepfell: doesn't show hand 
bebelinto leaves the table
*** SUMMARY ***
Total pot $2 | Rake $0 
Seat 1: Dantepoke226 folded before Flop (didn't bet)
Seat 2: bebelinto (button) folded before Flop (didn't bet)
Seat 3: steepfell (small blind) collected ($2)
Seat 4: m0nTTu (big blind) folded before Flop
Seat 5: Rysiff folded before Flop (didn't bet)
Seat 6: Axoulabete folded before Flop (didn't bet)



PokerStars Hand #254344697023:  Hold'em No Limit ($0.50/$1.00 USD) - 2025/01/12 3:38:43 WET [2025/01/12 22:38:43 ET]
Table 'Lupus III' 6-max Seat #3 is the button
Seat 5: Rysiff ($100 in chips) is sitting out
Seat 1: Dantepoke226 ($100 in chips) 
Seat 3: steepfell ($208.86 in chips) 
Seat 4: m0nTTu ($86.96 in chips) 
Seat 6: Axoulabete ($104 in chips) 
m0nTTu: posts small blind $0.50
Rysiff: is sitting out 
Axoulabete: posts big blind $1
*** HOLE CARDS ***
Dantepoke226: folds 
steepfell: folds 
Rysiff leaves the table
m0nTTu: folds 
Uncalled bet ($0.50) returned to Axoulabete
Axoulabete collected $1 from pot
*** SUMMARY ***
Total pot $1 | Rake $0 
Seat 5: Rysiff
Seat 1: Dantepoke226 folded before Flop (didn't bet)
Seat 3: steepfell (button) folded before Flop (didn't bet)
Seat 4: m0nTTu (small blind) folded before Flop
Seat 6: Axoulabete (big blind) collected ($1)



PokerStars Hand #254344699470:  Hold'em No Limit ($0.50/$1.00 USD) - 2025/01/12 3:39:05 WET [2025/01/12 22:39:05 ET]
Table 'Lupus III' 6-max Seat #4 is the button
Seat 1: Dantepoke226 ($100 in chips) 
Seat 3: steepfell ($208.86 in chips) 
Seat 4: m0nTTu ($86.46 in chips) 
Seat 6: Axoulabete ($104.50 in chips) 
Axoulabete: posts small blind $0.50
Dantepoke226: posts big blind $1
*** HOLE CARDS ***
steepfell: raises $1.50 to $2.50
m0nTTu: folds 
Axoulabete: folds 
Dantepoke226: folds 
Uncalled bet ($1.50) returned to steepfell
steepfell collected $2.50 from pot
steepfell: doesn't show hand 
*** SUMMARY ***
Total pot $2.50 | Rake $0 
Seat 1: Dantepoke226 (big blind) folded before Flop
Seat 3: steepfell collected ($2.50)
Seat 4: m0nTTu (button) folded before Flop (didn't bet)
Seat 6: Axoulabete (small blind) folded before Flop



PokerStars Hand #254344702191:  Hold'em No Limit ($0.50/$1.00 USD) - 2025/01/12 3:39:28 WET [2025/01/12 22:39:28 ET]
Table 'Lupus III' 6-max Seat #6 is the button
Seat 1: Dantepoke226 ($100 in chips) 
Seat 3: steepfell ($210.36 in chips) 
Seat 4: m0nTTu ($86.46 in chips) 
Seat 6: Axoulabete ($104 in chips) 
Dantepoke226: posts small blind $0.50
steepfell: posts big blind $1
*** HOLE CARDS ***
m0nTTu: folds 
Axoulabete: raises $1.60 to $2.60
m0nTTu leaves the table
Dantepoke226: folds 
steepfell: calls $1.60
*** FLOP *** [8c 3c Jh]
steepfell: checks 
Axoulabete: bets $2
steepfell: raises $4 to $6
Axoulabete: calls $4
*** TURN *** [8c 3c Jh] [Ah]
steepfell: checks 
Axoulabete: checks 
*** RIVER *** [8c 3c Jh Ah] [3s]
steepfell: bets $12.62
Axoulabete: folds 
Uncalled bet ($12.62) returned to steepfell
steepfell collected $16.82 from pot
steepfell: doesn't show hand 
*** SUMMARY ***
Total pot $17.70 | Rake $0.88 
Board [8c 3c Jh Ah 3s]
Seat 1: Dantepoke226 (small blind) folded before Flop
Seat 3: steepfell (big blind) collected ($16.82)
Seat 4: m0nTTu folded before Flop (didn't bet)
Seat 6: Axoulabete (button) folded on the River



PokerStars Hand #254344707907:  Hold'em No Limit ($0.50/$1.00 USD) - 2025/01/12 3:40:18 WET [2025/01/12 22:40:18 ET]
Table 'Lupus III' 6-max Seat #1 is the button
Seat 1: Dantepoke226 ($100 in chips) 
Seat 3: steepfell ($218.58 in chips) 
Seat 6: Axoulabete ($95.40 in chips) 
steepfell: posts small blind $0.50
Axoulabete: posts big blind $1
*** HOLE CARDS ***
Dantepoke226: raises $1.50 to $2.50
steepfell: folds 
Axoulabete: raises $8.50 to $11
Dantepoke226: folds 
Uncalled bet ($8.50) returned to Axoulabete
Axoulabete collected $5.50 from pot
*** SUMMARY ***
Total pot $5.50 | Rake $0 
Seat 1: Dantepoke226 (button) folded before Flop
Seat 3: steepfell (small blind) folded before Flop
Seat 6: Axoulabete (big blind) collected ($5.50)



PokerStars Hand #254344710116:  Hold'em No Limit ($0.50/$1.00 USD) - 2025/01/12 3:40:38 WET [2025/01/12 22:40:38 ET]
Table 'Lupus III' 6-max Seat #3 is the button
Seat 1: Dantepoke226 ($100 in chips) 
Seat 3: steepfell ($218.08 in chips) 
Seat 6: Axoulabete ($98.40 in chips) 
Axoulabete: posts small blind $0.50
Dantepoke226: posts big blind $1
*** HOLE CARDS ***
steepfell: raises $1.50 to $2.50
Axoulabete: folds 
Dantepoke226: folds 
Uncalled bet ($1.50) returned to steepfell
steepfell collected $2.50 from pot
steepfell: doesn't show hand 
*** SUMMARY ***
Total pot $2.50 | Rake $0 
Seat 1: Dantepoke226 (big blind) folded before Flop
Seat 3: steepfell (button) collected ($2.50)
Seat 6: Axoulabete (small blind) folded before Flop



PokerStars Hand #254344712109:  Hold'em No Limit ($0.50/$1.00 USD) - 2025/01/12 3:40:56 WET [2025/01/12 22:40:56 ET]
Table 'Lupus III' 6-max Seat #6 is the button
Seat 1: Dantepoke226 ($100 in chips) 
Seat 3: steepfell ($219.58 in chips) 
Seat 6: Axoulabete ($97.90 in chips) 
Dantepoke226: posts small blind $0.50
steepfell: posts big blind $1
*** HOLE CARDS ***
Axoulabete: folds 
Dantepoke226: raises $2 to $3
Nicedaymybro joins the table at seat #2 
steepfell: calls $2
*** FLOP *** [2d 4s 3s]
Dantepoke226: checks 
steepfell: bets $2.85
Dantepoke226: folds 
Uncalled bet ($2.85) returned to steepfell
steepfell collected $5.70 from pot
steepfell: doesn't show hand 
*** SUMMARY ***
Total pot $6 | Rake $0.30 
Board [2d 4s 3s]
Seat 1: Dantepoke226 (small blind) folded on the Flop
Seat 3: steepfell (big blind) collected ($5.70)
Seat 6: Axoulabete (button) folded before Flop (didn't bet)



PokerStars Hand #254344717973:  Hold'em No Limit ($0.50/$1.00 USD) - 2025/01/12 3:41:48 WET [2025/01/12 22:41:48 ET]
Table 'Lupus III' 6-max Seat #1 is the button
Seat 2: Nicedaymybro ($100 in chips) is sitting out
Seat 1: Dantepoke226 ($100 in chips) 
Seat 3: steepfell ($222.28 in chips) 
Seat 6: Axoulabete ($97.90 in chips) 
steepfell: posts small blind $0.50
Axoulabete: posts big blind $1
*** HOLE CARDS ***
Dantepoke226: folds 
steepfell: folds 
Uncalled bet ($0.50) returned to Axoulabete
Axoulabete collected $1 from pot
*** SUMMARY ***
Total pot $1 | Rake $0 
Seat 2: Nicedaymybro
Seat 1: Dantepoke226 (button) folded before Flop (didn't bet)
Seat 3: steepfell (small blind) folded before Flop
Seat 6: Axoulabete (big blind) collected ($1)



PokerStars Hand #254344719201:  Hold'em No Limit ($0.50/$1.00 USD) - 2025/01/12 3:41:59 WET [2025/01/12 22:41:59 ET]
Table 'Lupus III' 6-max Seat #3 is the button
Seat 2: Nicedaymybro ($100 in chips) is sitting out
Seat 1: Dantepoke226 ($100 in chips) 
Seat 3: steepfell ($221.78 in chips) 
Seat 6: Axoulabete ($98.40 in chips) 
Axoulabete: posts small blind $0.50
Dantepoke226: posts big blind $1
Nicedaymybro: sits out 
*** HOLE CARDS ***
steepfell: folds 
Axoulabete: raises $1.60 to $2.60
Dantepoke226: folds 
Uncalled bet ($1.60) returned to Axoulabete
Axoulabete collected $2 from pot
*** SUMMARY ***
Total pot $2 | Rake $0 
Seat 2: Nicedaymybro
Seat 1: Dantepoke226 (big blind) folded before Flop
Seat 3: steepfell (button) folded before Flop (didn't bet)
Seat 6: Axoulabete (small blind) collected ($2)



PokerStars Hand #254344720761:  Hold'em No Limit ($0.50/$1.00 USD) - 2025/01/12 3:42:12 WET [2025/01/12 22:42:12 ET]
Table 'Lupus III' 6-max Seat #6 is the button
Seat 1: Dantepoke226 ($100 in chips) 
Seat 2: Nicedaymybro ($100 in chips) 
Seat 3: steepfell ($221.78 in chips) 
Seat 6: Axoulabete ($99.40 in chips) 
Dantepoke226: posts small blind $0.50
Nicedaymybro: posts big blind $1
*** HOLE CARDS ***
steepfell: folds 
Axoulabete: raises $1.60 to $2.60
Dantepoke226: folds 
Nicedaymybro: folds 
Uncalled bet ($1.60) returned to Axoulabete
Axoulabete collected $2.50 from pot
*** SUMMARY ***
Total pot $2.50 | Rake $0 
Seat 1: Dantepoke226 (small blind) folded before Flop
Seat 2: Nicedaymybro (big blind) folded before Flop
Seat 3: steepfell folded before Flop (didn't bet)
Seat 6: Axoulabete (button) collected ($2.50)



PokerStars Hand #254344721919:  Hold'em No Limit ($0.50/$1.00 USD) - 2025/01/12 3:42:22 WET [2025/01/12 22:42:22 ET]
Table 'Lupus III' 6-max Seat #1 is the button
Seat 3: steepfell ($221.78 in chips) is sitting out
Seat 1: Dantepoke226 ($100 in chips) 
Seat 2: Nicedaymybro ($100 in chips) 
Seat 6: Axoulabete ($100.90 in chips) 
Nicedaymybro: posts small blind $0.50
steepfell: is sitting out 
Axoulabete: posts big blind $1
*** HOLE CARDS ***
steepfell leaves the table
Dantepoke226: raises $1.50 to $2.50
Nicedaymybro: folds 
Axoulabete: calls $1.50
*** FLOP *** [6d Qs 8h]
Axoulabete: checks 
Dantepoke226: bets $1.72
Axoulabete: folds 
Uncalled bet ($1.72) returned to Dantepoke226
Dantepoke226 collected $5.22 from pot
Dantepoke226: doesn't show hand 
*** SUMMARY ***
Total pot $5.50 | Rake $0.28 
Board [6d Qs 8h]
Seat 3: steepfell
Seat 1: Dantepoke226 (button) collected ($5.22)
Seat 2: Nicedaymybro (small blind) folded before Flop
Seat 6: Axoulabete (big blind) folded on the Flop



PokerStars Hand #254344725609:  Hold'em No Limit ($0.50/$1.00 USD) - 2025/01/12 3:42:55 WET [2025/01/12 22:42:55 ET]
Table 'Lupus III' 6-max Seat #2 is the button
Seat 1: Dantepoke226 ($102.72 in chips) 
Seat 2: Nicedaymybro ($100 in chips) 
Seat 6: Axoulabete ($98.40 in chips) 
Axoulabete: posts small blind $0.50
Dantepoke226: posts big blind $1
*** HOLE CARDS ***
Nicedaymybro: folds 
Axoulabete: folds 
Uncalled bet ($0.50) returned to Dantepoke226
Dantepoke226 collected $1 from pot
Dantepoke226: doesn't show hand 
*** SUMMARY ***
Total pot $1 | Rake $0 
Seat 1: Dantepoke226 (big blind) collected ($1)
Seat 2: Nicedaymybro (button) folded before Flop (didn't bet)
Seat 6: Axoulabete (small blind) folded before Flop



