PokerStars Hand #254330547007:  Hold'em No Limit ($0.50/$1.00 USD) - 2025/01/12 14:02:14 WET [2025/01/12 9:02:14 ET]
Table 'Caliban III' 6-max Seat #4 is the button
Seat 2: ligeti lajos ($50 in chips) 
Seat 3: Aescul@pius ($100 in chips) 
Seat 4: easy_sarcasm ($100 in chips) 
Seat 5: vpetriu ($100 in chips) 
Seat 6: urlichnew ($100 in chips) 
vpetriu: posts small blind $0.50
urlichnew: posts big blind $1
*** HOLE CARDS ***
whlzor joins the table at seat #1 
ligeti lajos: calls $1
Aescul@pius: folds 
easy_sarcasm: folds 
vpetriu: folds 
urlichnew: raises $3 to $4
ligeti lajos: folds 
Uncalled bet ($3) returned to urlichnew
urlichnew collected $2.50 from pot
urlichnew: doesn't show hand 
*** SUMMARY ***
Total pot $2.50 | Rake $0 
Seat 2: ligeti lajos folded before Flop
Seat 3: Aescul@pius folded before Flop (didn't bet)
Seat 4: easy_sarcasm (button) folded before Flop (didn't bet)
Seat 5: vpetriu (small blind) folded before Flop
Seat 6: urlichnew (big blind) collected ($2.50)



PokerStars Hand #254330552140:  Hold'em No Limit ($0.50/$1.00 USD) - 2025/01/12 14:02:39 WET [2025/01/12 9:02:39 ET]
Table 'Caliban III' 6-max Seat #5 is the button
Seat 1: whlzor ($100 in chips) 
Seat 2: ligeti lajos ($49 in chips) 
Seat 3: Aescul@pius ($100 in chips) 
Seat 4: easy_sarcasm ($100 in chips) 
Seat 5: vpetriu ($100 in chips) 
Seat 6: urlichnew ($101.50 in chips) 
urlichnew: posts small blind $0.50
whlzor: posts big blind $1
*** HOLE CARDS ***
ligeti lajos: folds 
Aescul@pius: raises $1.20 to $2.20
easy_sarcasm: folds 
vpetriu: folds 
urlichnew: folds 
whlzor: calls $1.20
*** FLOP *** [4d Kd 2h]
whlzor: checks 
Aescul@pius: bets $1.54
whlzor: raises $6.16 to $7.70
Aescul@pius: folds 
Uncalled bet ($6.16) returned to whlzor
whlzor collected $7.58 from pot
whlzor: doesn't show hand 
*** SUMMARY ***
Total pot $7.98 | Rake $0.40 
Board [4d Kd 2h]
Seat 1: whlzor (big blind) collected ($7.58)
Seat 2: ligeti lajos folded before Flop (didn't bet)
Seat 3: Aescul@pius folded on the Flop
Seat 4: easy_sarcasm folded before Flop (didn't bet)
Seat 5: vpetriu (button) folded before Flop (didn't bet)
Seat 6: urlichnew (small blind) folded before Flop



PokerStars Hand #254330565922:  Hold'em No Limit ($0.50/$1.00 USD) - 2025/01/12 14:03:45 WET [2025/01/12 9:03:45 ET]
Table 'Caliban III' 6-max Seat #6 is the button
Seat 1: whlzor ($103.84 in chips) 
Seat 2: ligeti lajos ($49 in chips) 
Seat 3: Aescul@pius ($100 in chips) 
Seat 4: easy_sarcasm ($100 in chips) 
Seat 5: vpetriu ($100 in chips) 
Seat 6: urlichnew ($101 in chips) 
whlzor: posts small blind $0.50
ligeti lajos: posts big blind $1
*** HOLE CARDS ***
Aescul@pius: folds 
easy_sarcasm: folds 
vpetriu has timed out
vpetriu: folds 
urlichnew: folds 
whlzor: folds 
Uncalled bet ($0.50) returned to ligeti lajos
ligeti lajos collected $1 from pot
ligeti lajos: doesn't show hand 
*** SUMMARY ***
Total pot $1 | Rake $0 
Seat 1: whlzor (small blind) folded before Flop
Seat 2: ligeti lajos (big blind) collected ($1)
Seat 3: Aescul@pius folded before Flop (didn't bet)
Seat 4: easy_sarcasm folded before Flop (didn't bet)
Seat 5: vpetriu folded before Flop (didn't bet)
Seat 6: urlichnew (button) folded before Flop (didn't bet)



PokerStars Hand #254330570680:  Hold'em No Limit ($0.50/$1.00 USD) - 2025/01/12 14:04:08 WET [2025/01/12 9:04:08 ET]
Table 'Caliban III' 6-max Seat #1 is the button
Seat 1: whlzor ($103.34 in chips) 
Seat 2: ligeti lajos ($49.50 in chips) 
Seat 3: Aescul@pius ($100 in chips) 
Seat 4: easy_sarcasm ($100 in chips) 
Seat 5: vpetriu ($100 in chips) 
Seat 6: urlichnew ($101 in chips) 
ligeti lajos: posts small blind $0.50
Aescul@pius: posts big blind $1
*** HOLE CARDS ***
easy_sarcasm: folds 
vpetriu: folds 
urlichnew: folds 
whlzor: raises $2 to $3
ligeti lajos: folds 
Aescul@pius: raises $9 to $12
whlzor: calls $9
*** FLOP *** [9c Qh 8d]
Aescul@pius: checks 
whlzor: checks 
*** TURN *** [9c Qh 8d] [6s]
Aescul@pius: bets $12.62
whlzor: calls $12.62
*** RIVER *** [9c Qh 8d 6s] [2d]
Aescul@pius: checks 
whlzor: bets $31.19
Aescul@pius: folds 
Uncalled bet ($31.19) returned to whlzor
whlzor collected $47.25 from pot
whlzor: doesn't show hand 
*** SUMMARY ***
Total pot $49.74 | Rake $2.49 
Board [9c Qh 8d 6s 2d]
Seat 1: whlzor (button) collected ($47.25)
Seat 2: ligeti lajos (small blind) folded before Flop
Seat 3: Aescul@pius (big blind) folded on the River
Seat 4: easy_sarcasm folded before Flop (didn't bet)
Seat 5: vpetriu folded before Flop (didn't bet)
Seat 6: urlichnew folded before Flop (didn't bet)



PokerStars Hand #254330597917:  Hold'em No Limit ($0.50/$1.00 USD) - 2025/01/12 14:06:17 WET [2025/01/12 9:06:17 ET]
Table 'Caliban III' 6-max Seat #2 is the button
Seat 4: easy_sarcasm ($100 in chips) is sitting out
Seat 1: whlzor ($125.97 in chips) 
Seat 2: ligeti lajos ($49 in chips) 
Seat 3: Aescul@pius ($100 in chips) 
Seat 5: vpetriu ($100 in chips) 
Seat 6: urlichnew ($101 in chips) 
Aescul@pius: posts small blind $0.50
vpetriu: posts big blind $1
*** HOLE CARDS ***
urlichnew: folds 
whlzor: folds 
ligeti lajos: folds 
Aescul@pius: folds 
Uncalled bet ($0.50) returned to vpetriu
vpetriu collected $1 from pot
vpetriu: doesn't show hand 
*** SUMMARY ***
Total pot $1 | Rake $0 
Seat 4: easy_sarcasm
Seat 1: whlzor folded before Flop (didn't bet)
Seat 2: ligeti lajos (button) folded before Flop (didn't bet)
Seat 3: Aescul@pius (small blind) folded before Flop
Seat 5: vpetriu (big blind) collected ($1)
Seat 6: urlichnew folded before Flop (didn't bet)



PokerStars Hand #254330599857:  Hold'em No Limit ($0.50/$1.00 USD) - 2025/01/12 14:06:27 WET [2025/01/12 9:06:27 ET]
Table 'Caliban III' 6-max Seat #3 is the button
Seat 4: easy_sarcasm ($100 in chips) is sitting out
Seat 1: whlzor ($125.97 in chips) 
Seat 2: ligeti lajos ($49 in chips) 
Seat 3: Aescul@pius ($100 in chips) 
Seat 5: vpetriu ($100.50 in chips) 
Seat 6: urlichnew ($101 in chips) 
vpetriu: posts small blind $0.50
urlichnew: posts big blind $1
*** HOLE CARDS ***
whlzor: folds 
ligeti lajos: folds 
Aescul@pius: folds 
vpetriu: folds 
Uncalled bet ($0.50) returned to urlichnew
urlichnew collected $1 from pot
urlichnew: doesn't show hand 
*** SUMMARY ***
Total pot $1 | Rake $0 
Seat 4: easy_sarcasm
Seat 1: whlzor folded before Flop (didn't bet)
Seat 2: ligeti lajos folded before Flop (didn't bet)
Seat 3: Aescul@pius (button) folded before Flop (didn't bet)
Seat 5: vpetriu (small blind) folded before Flop
Seat 6: urlichnew (big blind) collected ($1)



PokerStars Hand #254330604572:  Hold'em No Limit ($0.50/$1.00 USD) - 2025/01/12 14:06:49 WET [2025/01/12 9:06:49 ET]
Table 'Caliban III' 6-max Seat #5 is the button
Seat 4: easy_sarcasm ($100 in chips) is sitting out
Seat 1: whlzor ($125.97 in chips) 
Seat 2: ligeti lajos ($49 in chips) 
Seat 3: Aescul@pius ($100 in chips) 
Seat 5: vpetriu ($100 in chips) 
Seat 6: urlichnew ($101.50 in chips) 
urlichnew: posts small blind $0.50
whlzor: posts big blind $1
*** HOLE CARDS ***
ligeti lajos: calls $1
Aescul@pius: folds 
vpetriu: folds 
urlichnew: folds 
whlzor: checks 
*** FLOP *** [6d Jd 4h]
whlzor: checks 
ligeti lajos: checks 
*** TURN *** [6d Jd 4h] [6s]
whlzor: checks 
ligeti lajos: checks 
*** RIVER *** [6d Jd 4h 6s] [Ad]
whlzor: checks 
ligeti lajos: bets $2.38
whlzor: folds 
Uncalled bet ($2.38) returned to ligeti lajos
ligeti lajos collected $2.38 from pot
ligeti lajos: doesn't show hand 
*** SUMMARY ***
Total pot $2.50 | Rake $0.12 
Board [6d Jd 4h 6s Ad]
Seat 4: easy_sarcasm
Seat 1: whlzor (big blind) folded on the River
Seat 2: ligeti lajos collected ($2.38)
Seat 3: Aescul@pius folded before Flop (didn't bet)
Seat 5: vpetriu (button) folded before Flop (didn't bet)
Seat 6: urlichnew (small blind) folded before Flop



PokerStars Hand #254330613245:  Hold'em No Limit ($0.50/$1.00 USD) - 2025/01/12 14:07:30 WET [2025/01/12 9:07:30 ET]
Table 'Caliban III' 6-max Seat #6 is the button
Seat 4: easy_sarcasm ($100 in chips) is sitting out
Seat 1: whlzor ($124.97 in chips) 
Seat 2: ligeti lajos ($50.38 in chips) 
Seat 3: Aescul@pius ($100 in chips) 
Seat 5: vpetriu ($100 in chips) 
Seat 6: urlichnew ($101 in chips) 
whlzor: posts small blind $0.50
ligeti lajos: posts big blind $1
*** HOLE CARDS ***
Aescul@pius: folds 
vpetriu: folds 
urlichnew: folds 
whlzor: raises $2 to $3
ligeti lajos: calls $2
*** FLOP *** [Ts 4c Kc]
whlzor: bets $2.85
ligeti lajos: calls $2.85
*** TURN *** [Ts 4c Kc] [7s]
whlzor: checks 
ligeti lajos: bets $5.56
whlzor: folds 
Uncalled bet ($5.56) returned to ligeti lajos
ligeti lajos collected $11.12 from pot
ligeti lajos: doesn't show hand 
*** SUMMARY ***
Total pot $11.70 | Rake $0.58 
Board [Ts 4c Kc 7s]
Seat 4: easy_sarcasm
Seat 1: whlzor (small blind) folded on the Turn
Seat 2: ligeti lajos (big blind) collected ($11.12)
Seat 3: Aescul@pius folded before Flop (didn't bet)
Seat 5: vpetriu folded before Flop (didn't bet)
Seat 6: urlichnew (button) folded before Flop (didn't bet)



PokerStars Hand #254330621379:  Hold'em No Limit ($0.50/$1.00 USD) - 2025/01/12 14:08:09 WET [2025/01/12 9:08:09 ET]
Table 'Caliban III' 6-max Seat #1 is the button
Seat 4: easy_sarcasm ($100 in chips) is sitting out
Seat 1: whlzor ($119.12 in chips) 
Seat 2: ligeti lajos ($55.65 in chips) 
Seat 3: Aescul@pius ($100 in chips) 
Seat 5: vpetriu ($100 in chips) 
Seat 6: urlichnew ($101 in chips) 
ligeti lajos: posts small blind $0.50
Aescul@pius: posts big blind $1
*** HOLE CARDS ***
vpetriu: folds 
urlichnew: folds 
whlzor: raises $2 to $3
ligeti lajos: calls $2.50
Aescul@pius: folds 
*** FLOP *** [Qs 3h Ac]
ligeti lajos: checks 
whlzor: checks 
*** TURN *** [Qs 3h Ac] [Js]
ligeti lajos: checks 
whlzor: bets $3.33
ligeti lajos: calls $3.33
*** RIVER *** [Qs 3h Ac Js] [8c]
ligeti lajos: checks 
whlzor: bets $6.49
ligeti lajos: folds 
Uncalled bet ($6.49) returned to whlzor
whlzor collected $12.98 from pot
whlzor: doesn't show hand 
*** SUMMARY ***
Total pot $13.66 | Rake $0.68 
Board [Qs 3h Ac Js 8c]
Seat 4: easy_sarcasm
Seat 1: whlzor (button) collected ($12.98)
Seat 2: ligeti lajos (small blind) folded on the River
Seat 3: Aescul@pius (big blind) folded before Flop
Seat 5: vpetriu folded before Flop (didn't bet)
Seat 6: urlichnew folded before Flop (didn't bet)



PokerStars Hand #254330630149:  Hold'em No Limit ($0.50/$1.00 USD) - 2025/01/12 14:08:51 WET [2025/01/12 9:08:51 ET]
Table 'Caliban III' 6-max Seat #2 is the button
Seat 1: whlzor ($125.77 in chips) 
Seat 2: ligeti lajos ($49.32 in chips) 
Seat 3: Aescul@pius ($100 in chips) 
Seat 4: easy_sarcasm ($100 in chips) 
Seat 5: vpetriu ($100 in chips) 
Seat 6: urlichnew ($101 in chips) 
Aescul@pius: posts small blind $0.50
easy_sarcasm: posts big blind $1
*** HOLE CARDS ***
vpetriu: folds 
urlichnew: folds 
whlzor: folds 
ligeti lajos: folds 
Aescul@pius: folds 
Uncalled bet ($0.50) returned to easy_sarcasm
easy_sarcasm collected $1 from pot
*** SUMMARY ***
Total pot $1 | Rake $0 
Seat 1: whlzor folded before Flop (didn't bet)
Seat 2: ligeti lajos (button) folded before Flop (didn't bet)
Seat 3: Aescul@pius (small blind) folded before Flop
Seat 4: easy_sarcasm (big blind) collected ($1)
Seat 5: vpetriu folded before Flop (didn't bet)
Seat 6: urlichnew folded before Flop (didn't bet)



PokerStars Hand #254330633699:  Hold'em No Limit ($0.50/$1.00 USD) - 2025/01/12 14:09:08 WET [2025/01/12 9:09:08 ET]
Table 'Caliban III' 6-max Seat #3 is the button
Seat 1: whlzor ($125.77 in chips) 
Seat 2: ligeti lajos ($49.32 in chips) 
Seat 3: Aescul@pius ($100 in chips) 
Seat 4: easy_sarcasm ($100.50 in chips) 
Seat 5: vpetriu ($100 in chips) 
Seat 6: urlichnew ($101 in chips) 
easy_sarcasm: posts small blind $0.50
vpetriu: posts big blind $1
*** HOLE CARDS ***
urlichnew: folds 
whlzor: folds 
ligeti lajos: calls $1
Aescul@pius: folds 
easy_sarcasm: raises $3.50 to $4.50
vpetriu: folds 
ligeti lajos: calls $3.50
*** FLOP *** [3h 5d 3d]
easy_sarcasm: checks 
ligeti lajos: bets $4.75
easy_sarcasm: folds 
Uncalled bet ($4.75) returned to ligeti lajos
ligeti lajos collected $9.50 from pot
ligeti lajos: doesn't show hand 
*** SUMMARY ***
Total pot $10 | Rake $0.50 
Board [3h 5d 3d]
Seat 1: whlzor folded before Flop (didn't bet)
Seat 2: ligeti lajos collected ($9.50)
Seat 3: Aescul@pius (button) folded before Flop (didn't bet)
Seat 4: easy_sarcasm (small blind) folded on the Flop
Seat 5: vpetriu (big blind) folded before Flop
Seat 6: urlichnew folded before Flop (didn't bet)



PokerStars Hand #254330641626:  Hold'em No Limit ($0.50/$1.00 USD) - 2025/01/12 14:09:45 WET [2025/01/12 9:09:45 ET]
Table 'Caliban III' 6-max Seat #4 is the button
Seat 1: whlzor ($125.77 in chips) 
Seat 2: ligeti lajos ($54.32 in chips) 
Seat 3: Aescul@pius ($100 in chips) 
Seat 4: easy_sarcasm ($100 in chips) 
Seat 5: vpetriu ($100 in chips) 
Seat 6: urlichnew ($101 in chips) 
vpetriu: posts small blind $0.50
urlichnew: posts big blind $1
*** HOLE CARDS ***
whlzor: folds 
ligeti lajos: folds 
Aescul@pius: raises $1.20 to $2.20
easy_sarcasm: folds 
vpetriu: folds 
urlichnew: calls $1.20
*** FLOP *** [Jc Kd Ts]
urlichnew: checks 
Aescul@pius: checks 
*** TURN *** [Jc Kd Ts] [7h]
urlichnew: bets $5.59
Aescul@pius: calls $5.59
*** RIVER *** [Jc Kd Ts 7h] [5c]
urlichnew: bets $5.04
Aescul@pius: raises $20.04 to $25.08
urlichnew: calls $20.04
*** SHOW DOWN ***
Aescul@pius: shows [Th Kh] (two pair, Kings and Tens)
urlichnew: mucks hand 
Aescul@pius collected $63.74 from pot
*** SUMMARY ***
Total pot $66.24 | Rake $2.50 
Board [Jc Kd Ts 7h 5c]
Seat 1: whlzor folded before Flop (didn't bet)
Seat 2: ligeti lajos folded before Flop (didn't bet)
Seat 3: Aescul@pius showed [Th Kh] and won ($63.74) with two pair, Kings and Tens
Seat 4: easy_sarcasm (button) folded before Flop (didn't bet)
Seat 5: vpetriu (small blind) folded before Flop
Seat 6: urlichnew (big blind) mucked



PokerStars Hand #254330664529:  Hold'em No Limit ($0.50/$1.00 USD) - 2025/01/12 14:11:34 WET [2025/01/12 9:11:34 ET]
Table 'Caliban III' 6-max Seat #5 is the button
Seat 1: whlzor ($125.77 in chips) 
Seat 2: ligeti lajos ($54.32 in chips) 
Seat 3: Aescul@pius ($130.87 in chips) 
Seat 4: easy_sarcasm ($100 in chips) 
Seat 5: vpetriu ($100 in chips) 
Seat 6: urlichnew ($100 in chips) 
urlichnew: posts small blind $0.50
whlzor: posts big blind $1
*** HOLE CARDS ***
ligeti lajos: folds 
Aescul@pius: folds 
easy_sarcasm: folds 
vpetriu: raises $1.50 to $2.50
urlichnew: raises $9.50 to $12
whlzor: raises $113.77 to $125.77 and is all-in
vpetriu: folds 
urlichnew: folds 
Uncalled bet ($113.77) returned to whlzor
whlzor collected $26.50 from pot
whlzor: doesn't show hand 
*** SUMMARY ***
Total pot $26.50 | Rake $0 
Seat 1: whlzor (big blind) collected ($26.50)
Seat 2: ligeti lajos folded before Flop (didn't bet)
Seat 3: Aescul@pius folded before Flop (didn't bet)
Seat 4: easy_sarcasm folded before Flop (didn't bet)
Seat 5: vpetriu (button) folded before Flop
Seat 6: urlichnew (small blind) folded before Flop



PokerStars Hand #254330671409:  Hold'em No Limit ($0.50/$1.00 USD) - 2025/01/12 14:12:07 WET [2025/01/12 9:12:07 ET]
Table 'Caliban III' 6-max Seat #6 is the button
Seat 1: whlzor ($140.27 in chips) 
Seat 2: ligeti lajos ($54.32 in chips) 
Seat 3: Aescul@pius ($130.87 in chips) 
Seat 4: easy_sarcasm ($100 in chips) 
Seat 5: vpetriu ($100 in chips) 
Seat 6: urlichnew ($100 in chips) 
whlzor: posts small blind $0.50
ligeti lajos: posts big blind $1
*** HOLE CARDS ***
Aescul@pius: folds 
easy_sarcasm: folds 
vpetriu: folds 
urlichnew: folds 
whlzor: calls $0.50
ligeti lajos: checks 
*** FLOP *** [2s Qc Ah]
whlzor: bets $1.25
ligeti lajos: calls $1.25
*** TURN *** [2s Qc Ah] [4h]
whlzor: checks 
ligeti lajos: bets $4.28
whlzor: folds 
Uncalled bet ($4.28) returned to ligeti lajos
ligeti lajos collected $4.28 from pot
ligeti lajos: doesn't show hand 
*** SUMMARY ***
Total pot $4.50 | Rake $0.22 
Board [2s Qc Ah 4h]
Seat 1: whlzor (small blind) folded on the Turn
Seat 2: ligeti lajos (big blind) collected ($4.28)
Seat 3: Aescul@pius folded before Flop (didn't bet)
Seat 4: easy_sarcasm folded before Flop (didn't bet)
Seat 5: vpetriu folded before Flop (didn't bet)
Seat 6: urlichnew (button) folded before Flop (didn't bet)



PokerStars Hand #254330680061:  Hold'em No Limit ($0.50/$1.00 USD) - 2025/01/12 14:12:48 WET [2025/01/12 9:12:48 ET]
Table 'Caliban III' 6-max Seat #1 is the button
Seat 1: whlzor ($138.02 in chips) 
Seat 2: ligeti lajos ($56.35 in chips) 
Seat 3: Aescul@pius ($130.87 in chips) 
Seat 4: easy_sarcasm ($100 in chips) 
Seat 5: vpetriu ($100 in chips) 
Seat 6: urlichnew ($100 in chips) 
ligeti lajos: posts small blind $0.50
Aescul@pius: posts big blind $1
*** HOLE CARDS ***
easy_sarcasm: folds 
vpetriu has timed out
vpetriu: folds 
urlichnew: folds 
whlzor: raises $2 to $3
ligeti lajos: calls $2.50
Aescul@pius: folds 
*** FLOP *** [Js 8d Qc]
ligeti lajos: checks 
whlzor: checks 
*** TURN *** [Js 8d Qc] [Tc]
ligeti lajos: checks 
whlzor: checks 
*** RIVER *** [Js 8d Qc Tc] [6s]
ligeti lajos: bets $3.33
whlzor: folds 
Uncalled bet ($3.33) returned to ligeti lajos
ligeti lajos collected $6.65 from pot
ligeti lajos: doesn't show hand 
*** SUMMARY ***
Total pot $7 | Rake $0.35 
Board [Js 8d Qc Tc 6s]
Seat 1: whlzor (button) folded on the River
Seat 2: ligeti lajos (small blind) collected ($6.65)
Seat 3: Aescul@pius (big blind) folded before Flop
Seat 4: easy_sarcasm folded before Flop (didn't bet)
Seat 5: vpetriu folded before Flop (didn't bet)
Seat 6: urlichnew folded before Flop (didn't bet)



PokerStars Hand #254330691256:  Hold'em No Limit ($0.50/$1.00 USD) - 2025/01/12 14:13:41 WET [2025/01/12 9:13:41 ET]
Table 'Caliban III' 6-max Seat #2 is the button
Seat 1: whlzor ($135.02 in chips) 
Seat 2: ligeti lajos ($60 in chips) 
Seat 3: Aescul@pius ($129.87 in chips) 
Seat 4: easy_sarcasm ($100 in chips) 
Seat 5: vpetriu ($100 in chips) 
Seat 6: urlichnew ($100 in chips) 
Aescul@pius: posts small blind $0.50
easy_sarcasm: posts big blind $1
*** HOLE CARDS ***
vpetriu: folds 
urlichnew: folds 
whlzor: folds 
ligeti lajos: calls $1
Aescul@pius: folds 
easy_sarcasm: raises $3.50 to $4.50
ligeti lajos: folds 
Uncalled bet ($3.50) returned to easy_sarcasm
easy_sarcasm collected $2.50 from pot
*** SUMMARY ***
Total pot $2.50 | Rake $0 
Seat 1: whlzor folded before Flop (didn't bet)
Seat 2: ligeti lajos (button) folded before Flop
Seat 3: Aescul@pius (small blind) folded before Flop
Seat 4: easy_sarcasm (big blind) collected ($2.50)
Seat 5: vpetriu folded before Flop (didn't bet)
Seat 6: urlichnew folded before Flop (didn't bet)



PokerStars Hand #254330696756:  Hold'em No Limit ($0.50/$1.00 USD) - 2025/01/12 14:14:08 WET [2025/01/12 9:14:08 ET]
Table 'Caliban III' 6-max Seat #3 is the button
Seat 1: whlzor ($135.02 in chips) 
Seat 2: ligeti lajos ($59 in chips) 
Seat 3: Aescul@pius ($129.37 in chips) 
Seat 4: easy_sarcasm ($101.50 in chips) 
Seat 5: vpetriu ($100 in chips) 
Seat 6: urlichnew ($100 in chips) 
easy_sarcasm: posts small blind $0.50
vpetriu: posts big blind $1
*** HOLE CARDS ***
urlichnew: folds 
whlzor: raises $1.50 to $2.50
ligeti lajos: folds 
Aescul@pius: folds 
easy_sarcasm: folds 
vpetriu: calls $1.50
*** FLOP *** [Jh Qd Ah]
vpetriu: checks 
whlzor: bets $2.61
vpetriu: folds 
Uncalled bet ($2.61) returned to whlzor
whlzor collected $5.22 from pot
whlzor: doesn't show hand 
*** SUMMARY ***
Total pot $5.50 | Rake $0.28 
Board [Jh Qd Ah]
Seat 1: whlzor collected ($5.22)
Seat 2: ligeti lajos folded before Flop (didn't bet)
Seat 3: Aescul@pius (button) folded before Flop (didn't bet)
Seat 4: easy_sarcasm (small blind) folded before Flop
Seat 5: vpetriu (big blind) folded on the Flop
Seat 6: urlichnew folded before Flop (didn't bet)



PokerStars Hand #254330703629:  Hold'em No Limit ($0.50/$1.00 USD) - 2025/01/12 14:14:40 WET [2025/01/12 9:14:40 ET]
Table 'Caliban III' 6-max Seat #4 is the button
Seat 1: whlzor ($137.74 in chips) 
Seat 2: ligeti lajos ($59 in chips) 
Seat 3: Aescul@pius ($129.37 in chips) 
Seat 4: easy_sarcasm ($101 in chips) 
Seat 5: vpetriu ($100 in chips) 
Seat 6: urlichnew ($100 in chips) 
vpetriu: posts small blind $0.50
urlichnew: posts big blind $1
*** HOLE CARDS ***
whlzor: folds 
ligeti lajos: folds 
Aescul@pius: folds 
easy_sarcasm: raises $1.20 to $2.20
vpetriu: folds 
urlichnew: folds 
Uncalled bet ($1.20) returned to easy_sarcasm
easy_sarcasm collected $2.50 from pot
*** SUMMARY ***
Total pot $2.50 | Rake $0 
Seat 1: whlzor folded before Flop (didn't bet)
Seat 2: ligeti lajos folded before Flop (didn't bet)
Seat 3: Aescul@pius folded before Flop (didn't bet)
Seat 4: easy_sarcasm (button) collected ($2.50)
Seat 5: vpetriu (small blind) folded before Flop
Seat 6: urlichnew (big blind) folded before Flop



PokerStars Hand #254330707356:  Hold'em No Limit ($0.50/$1.00 USD) - 2025/01/12 14:14:58 WET [2025/01/12 9:14:58 ET]
Table 'Caliban III' 6-max Seat #5 is the button
Seat 1: whlzor ($137.74 in chips) 
Seat 2: ligeti lajos ($59 in chips) 
Seat 3: Aescul@pius ($129.37 in chips) 
Seat 4: easy_sarcasm ($102.50 in chips) 
Seat 5: vpetriu ($100 in chips) 
Seat 6: urlichnew ($100 in chips) 
urlichnew: posts small blind $0.50
whlzor: posts big blind $1
*** HOLE CARDS ***
ligeti lajos: calls $1
Aescul@pius: raises $2.50 to $3.50
easy_sarcasm: folds 
vpetriu: calls $3.50
urlichnew: folds 
whlzor: folds 
ligeti lajos: calls $2.50
*** FLOP *** [Ah Js Th]
ligeti lajos: checks 
Aescul@pius: bets $5.70
vpetriu: folds 
ligeti lajos: folds 
Uncalled bet ($5.70) returned to Aescul@pius
Aescul@pius collected $11.40 from pot
Aescul@pius: doesn't show hand 
*** SUMMARY ***
Total pot $12 | Rake $0.60 
Board [Ah Js Th]
Seat 1: whlzor (big blind) folded before Flop
Seat 2: ligeti lajos folded on the Flop
Seat 3: Aescul@pius collected ($11.40)
Seat 4: easy_sarcasm folded before Flop (didn't bet)
Seat 5: vpetriu (button) folded on the Flop
Seat 6: urlichnew (small blind) folded before Flop



PokerStars Hand #254330719907:  Hold'em No Limit ($0.50/$1.00 USD) - 2025/01/12 14:15:58 WET [2025/01/12 9:15:58 ET]
Table 'Caliban III' 6-max Seat #6 is the button
Seat 1: whlzor ($136.74 in chips) 
Seat 2: ligeti lajos ($55.50 in chips) 
Seat 3: Aescul@pius ($137.27 in chips) 
Seat 4: easy_sarcasm ($102.50 in chips) 
Seat 5: vpetriu ($100 in chips) 
Seat 6: urlichnew ($100 in chips) 
whlzor: posts small blind $0.50
ligeti lajos: posts big blind $1
*** HOLE CARDS ***
Aescul@pius: folds 
easy_sarcasm: raises $2 to $3
vpetriu: folds 
urlichnew: folds 
whlzor: folds 
ligeti lajos: calls $2
*** FLOP *** [7d Ks 8c]
ligeti lajos: checks 
easy_sarcasm: bets $3.09
ligeti lajos: calls $3.09
*** TURN *** [7d Ks 8c] [7s]
ligeti lajos: checks 
easy_sarcasm: bets $8.50
ligeti lajos: calls $8.50
*** RIVER *** [7d Ks 8c 7s] [4s]
ligeti lajos: checks 
easy_sarcasm: bets $22.50
ligeti lajos: calls $22.50
*** SHOW DOWN ***
easy_sarcasm: shows [9s Js] (a flush, King high)
ligeti lajos: mucks hand 
easy_sarcasm collected $72.18 from pot
*** SUMMARY ***
Total pot $74.68 | Rake $2.50 
Board [7d Ks 8c 7s 4s]
Seat 1: whlzor (small blind) folded before Flop
Seat 2: ligeti lajos (big blind) mucked
Seat 3: Aescul@pius folded before Flop (didn't bet)
Seat 4: easy_sarcasm showed [9s Js] and won ($72.18) with a flush, King high
Seat 5: vpetriu folded before Flop (didn't bet)
Seat 6: urlichnew (button) folded before Flop (didn't bet)



PokerStars Hand #254330732319:  Hold'em No Limit ($0.50/$1.00 USD) - 2025/01/12 14:16:56 WET [2025/01/12 9:16:56 ET]
Table 'Caliban III' 6-max Seat #1 is the button
Seat 1: whlzor ($136.24 in chips) 
Seat 2: ligeti lajos ($18.41 in chips) 
Seat 3: Aescul@pius ($137.27 in chips) 
Seat 4: easy_sarcasm ($137.59 in chips) 
Seat 5: vpetriu ($100 in chips) 
Seat 6: urlichnew ($100 in chips) 
ligeti lajos: posts small blind $0.50
Aescul@pius: posts big blind $1
*** HOLE CARDS ***
easy_sarcasm: folds 
vpetriu: folds 
urlichnew: raises $1.20 to $2.20
whlzor: folds 
ligeti lajos: folds 
Aescul@pius: folds 
Uncalled bet ($1.20) returned to urlichnew
urlichnew collected $2.50 from pot
urlichnew: doesn't show hand 
*** SUMMARY ***
Total pot $2.50 | Rake $0 
Seat 1: whlzor (button) folded before Flop (didn't bet)
Seat 2: ligeti lajos (small blind) folded before Flop
Seat 3: Aescul@pius (big blind) folded before Flop
Seat 4: easy_sarcasm folded before Flop (didn't bet)
Seat 5: vpetriu folded before Flop (didn't bet)
Seat 6: urlichnew collected ($2.50)



PokerStars Hand #254330735644:  Hold'em No Limit ($0.50/$1.00 USD) - 2025/01/12 14:17:11 WET [2025/01/12 9:17:11 ET]
Table 'Caliban III' 6-max Seat #2 is the button
Seat 1: whlzor ($136.24 in chips) 
Seat 2: ligeti lajos ($17.91 in chips) 
Seat 3: Aescul@pius ($136.27 in chips) 
Seat 4: easy_sarcasm ($137.59 in chips) 
Seat 5: vpetriu ($100 in chips) 
Seat 6: urlichnew ($101.50 in chips) 
Aescul@pius: posts small blind $0.50
easy_sarcasm: posts big blind $1
*** HOLE CARDS ***
vpetriu has timed out
vpetriu: folds 
urlichnew: folds 
whlzor: folds 
ligeti lajos: folds 
Aescul@pius: folds 
Uncalled bet ($0.50) returned to easy_sarcasm
easy_sarcasm collected $1 from pot
*** SUMMARY ***
Total pot $1 | Rake $0 
Seat 1: whlzor folded before Flop (didn't bet)
Seat 2: ligeti lajos (button) folded before Flop (didn't bet)
Seat 3: Aescul@pius (small blind) folded before Flop
Seat 4: easy_sarcasm (big blind) collected ($1)
Seat 5: vpetriu folded before Flop (didn't bet)
Seat 6: urlichnew folded before Flop (didn't bet)



PokerStars Hand #254330740495:  Hold'em No Limit ($0.50/$1.00 USD) - 2025/01/12 14:17:34 WET [2025/01/12 9:17:34 ET]
Table 'Caliban III' 6-max Seat #3 is the button
Seat 1: whlzor ($136.24 in chips) 
Seat 2: ligeti lajos ($17.91 in chips) 
Seat 3: Aescul@pius ($135.77 in chips) 
Seat 4: easy_sarcasm ($138.09 in chips) 
Seat 5: vpetriu ($100 in chips) 
Seat 6: urlichnew ($101.50 in chips) 
easy_sarcasm: posts small blind $0.50
vpetriu: posts big blind $1
*** HOLE CARDS ***
urlichnew: folds 
whlzor: raises $1.50 to $2.50
ligeti lajos: folds 
Aescul@pius: folds 
easy_sarcasm: folds 
vpetriu: raises $9.50 to $12
whlzor: calls $9.50
*** FLOP *** [6d 5c 4c]
vpetriu: checks 
whlzor: checks 
*** TURN *** [6d 5c 4c] [Qh]
vpetriu: bets $7.69
whlzor: folds 
Uncalled bet ($7.69) returned to vpetriu
vpetriu collected $23.28 from pot
vpetriu: doesn't show hand 
*** SUMMARY ***
Total pot $24.50 | Rake $1.22 
Board [6d 5c 4c Qh]
Seat 1: whlzor folded on the Turn
Seat 2: ligeti lajos folded before Flop (didn't bet)
Seat 3: Aescul@pius (button) folded before Flop (didn't bet)
Seat 4: easy_sarcasm (small blind) folded before Flop
Seat 5: vpetriu (big blind) collected ($23.28)
Seat 6: urlichnew folded before Flop (didn't bet)



PokerStars Hand #254330757108:  Hold'em No Limit ($0.50/$1.00 USD) - 2025/01/12 14:18:53 WET [2025/01/12 9:18:53 ET]
Table 'Caliban III' 6-max Seat #4 is the button
Seat 1: whlzor ($124.24 in chips) 
Seat 2: ligeti lajos ($17.91 in chips) 
Seat 3: Aescul@pius ($135.77 in chips) 
Seat 4: easy_sarcasm ($137.59 in chips) 
Seat 5: vpetriu ($111.28 in chips) 
Seat 6: urlichnew ($101.50 in chips) 
vpetriu: posts small blind $0.50
urlichnew: posts big blind $1
*** HOLE CARDS ***
whlzor: folds 
ligeti lajos: calls $1
Aescul@pius: folds 
easy_sarcasm: raises $3.50 to $4.50
vpetriu: folds 
urlichnew: folds 
ligeti lajos: folds 
Uncalled bet ($3.50) returned to easy_sarcasm
easy_sarcasm collected $3.50 from pot
*** SUMMARY ***
Total pot $3.50 | Rake $0 
Seat 1: whlzor folded before Flop (didn't bet)
Seat 2: ligeti lajos folded before Flop
Seat 3: Aescul@pius folded before Flop (didn't bet)
Seat 4: easy_sarcasm (button) collected ($3.50)
Seat 5: vpetriu (small blind) folded before Flop
Seat 6: urlichnew (big blind) folded before Flop



PokerStars Hand #254330761264:  Hold'em No Limit ($0.50/$1.00 USD) - 2025/01/12 14:19:12 WET [2025/01/12 9:19:12 ET]
Table 'Caliban III' 6-max Seat #5 is the button
Seat 1: whlzor ($124.24 in chips) 
Seat 2: ligeti lajos ($16.91 in chips) 
Seat 3: Aescul@pius ($135.77 in chips) 
Seat 4: easy_sarcasm ($140.09 in chips) 
Seat 5: vpetriu ($110.78 in chips) 
Seat 6: urlichnew ($100.50 in chips) 
urlichnew: posts small blind $0.50
whlzor: posts big blind $1
*** HOLE CARDS ***
ligeti lajos: calls $1
Aescul@pius: folds 
easy_sarcasm: folds 
vpetriu: folds 
urlichnew: raises $4 to $5
whlzor: folds 
ligeti lajos: calls $4
*** FLOP *** [5s 4d As]
urlichnew: checks 
ligeti lajos: bets $11.91 and is all-in
urlichnew: calls $11.91
*** TURN *** [5s 4d As] [9c]
*** RIVER *** [5s 4d As 9c] [Tc]
*** SHOW DOWN ***
urlichnew: shows [Kh Ks] (a pair of Kings)
ligeti lajos: shows [Jc Ac] (a pair of Aces)
ligeti lajos cashed out the hand for $27.84 | Cash Out Fee $0.57
*** SUMMARY ***
Total pot $34.82 | Rake $1.74 
Board [5s 4d As 9c Tc]
Seat 1: whlzor (big blind) folded before Flop
Seat 2: ligeti lajos showed [Jc Ac] and won ($33.08) with a pair of Aces (pot not awarded as player cashed out)
Seat 3: Aescul@pius folded before Flop (didn't bet)
Seat 4: easy_sarcasm folded before Flop (didn't bet)
Seat 5: vpetriu (button) folded before Flop (didn't bet)
Seat 6: urlichnew (small blind) showed [Kh Ks] and lost with a pair of Kings



PokerStars Hand #254330770663:  Hold'em No Limit ($0.50/$1.00 USD) - 2025/01/12 14:19:56 WET [2025/01/12 9:19:56 ET]
Table 'Caliban III' 6-max Seat #6 is the button
Seat 1: whlzor ($123.24 in chips) 
Seat 2: ligeti lajos ($27.84 in chips) 
Seat 3: Aescul@pius ($135.77 in chips) 
Seat 4: easy_sarcasm ($140.09 in chips) 
Seat 5: vpetriu ($110.78 in chips) 
Seat 6: urlichnew ($100 in chips) 
whlzor: posts small blind $0.50
ligeti lajos: posts big blind $1
*** HOLE CARDS ***
Aescul@pius: folds 
easy_sarcasm: folds 
vpetriu: folds 
urlichnew: raises $1.20 to $2.20
whlzor: folds 
ligeti lajos: folds 
Uncalled bet ($1.20) returned to urlichnew
urlichnew collected $2.50 from pot
urlichnew: doesn't show hand 
*** SUMMARY ***
Total pot $2.50 | Rake $0 
Seat 1: whlzor (small blind) folded before Flop
Seat 2: ligeti lajos (big blind) folded before Flop
Seat 3: Aescul@pius folded before Flop (didn't bet)
Seat 4: easy_sarcasm folded before Flop (didn't bet)
Seat 5: vpetriu folded before Flop (didn't bet)
Seat 6: urlichnew (button) collected ($2.50)



PokerStars Hand #254330774906:  Hold'em No Limit ($0.50/$1.00 USD) - 2025/01/12 14:20:16 WET [2025/01/12 9:20:16 ET]
Table 'Caliban III' 6-max Seat #1 is the button
Seat 1: whlzor ($122.74 in chips) 
Seat 2: ligeti lajos ($26.84 in chips) 
Seat 3: Aescul@pius ($135.77 in chips) 
Seat 4: easy_sarcasm ($140.09 in chips) 
Seat 5: vpetriu ($110.78 in chips) 
Seat 6: urlichnew ($101.50 in chips) 
ligeti lajos: posts small blind $0.50
Aescul@pius: posts big blind $1
*** HOLE CARDS ***
easy_sarcasm: folds 
vpetriu: folds 
urlichnew: folds 
whlzor: raises $1.50 to $2.50
ligeti lajos: calls $2
Aescul@pius: calls $1.50
*** FLOP *** [6d Qs Jc]
ligeti lajos: checks 
Aescul@pius: checks 
whlzor: checks 
*** TURN *** [6d Qs Jc] [Jh]
ligeti lajos: checks 
Aescul@pius: checks 
whlzor: checks 
*** RIVER *** [6d Qs Jc Jh] [3c]
ligeti lajos: checks 
Aescul@pius: checks 
whlzor: checks 
*** SHOW DOWN ***
ligeti lajos: shows [Ad Th] (a pair of Jacks)
Aescul@pius: mucks hand 
whlzor: mucks hand 
ligeti lajos collected $7.12 from pot
*** SUMMARY ***
Total pot $7.50 | Rake $0.38 
Board [6d Qs Jc Jh 3c]
Seat 1: whlzor (button) mucked
Seat 2: ligeti lajos (small blind) showed [Ad Th] and won ($7.12) with a pair of Jacks
Seat 3: Aescul@pius (big blind) mucked
Seat 4: easy_sarcasm folded before Flop (didn't bet)
Seat 5: vpetriu folded before Flop (didn't bet)
Seat 6: urlichnew folded before Flop (didn't bet)



PokerStars Hand #254330786585:  Hold'em No Limit ($0.50/$1.00 USD) - 2025/01/12 14:21:11 WET [2025/01/12 9:21:11 ET]
Table 'Caliban III' 6-max Seat #2 is the button
Seat 1: whlzor ($120.24 in chips) 
Seat 2: ligeti lajos ($31.46 in chips) 
Seat 3: Aescul@pius ($133.27 in chips) 
Seat 4: easy_sarcasm ($140.09 in chips) 
Seat 5: vpetriu ($110.78 in chips) 
Seat 6: urlichnew ($101.50 in chips) 
Aescul@pius: posts small blind $0.50
easy_sarcasm: posts big blind $1
*** HOLE CARDS ***
vpetriu has timed out
vpetriu: folds 
urlichnew: folds 
whlzor: folds 
ligeti lajos: calls $1
Aescul@pius: folds 
easy_sarcasm: raises $4.50 to $5.50
ligeti lajos: calls $4.50
*** FLOP *** [3s 6c Tc]
easy_sarcasm: checks 
ligeti lajos: checks 
*** TURN *** [3s 6c Tc] [As]
easy_sarcasm: checks 
ligeti lajos: checks 
*** RIVER *** [3s 6c Tc As] [7h]
easy_sarcasm: bets $7.50
ligeti lajos: calls $7.50
*** SHOW DOWN ***
easy_sarcasm: shows [Ks Ac] (a pair of Aces)
ligeti lajos: mucks hand 
easy_sarcasm collected $25.18 from pot
*** SUMMARY ***
Total pot $26.50 | Rake $1.32 
Board [3s 6c Tc As 7h]
Seat 1: whlzor folded before Flop (didn't bet)
Seat 2: ligeti lajos (button) mucked
Seat 3: Aescul@pius (small blind) folded before Flop
Seat 4: easy_sarcasm (big blind) showed [Ks Ac] and won ($25.18) with a pair of Aces
Seat 5: vpetriu folded before Flop (didn't bet)
Seat 6: urlichnew folded before Flop (didn't bet)



PokerStars Hand #254330795634:  Hold'em No Limit ($0.50/$1.00 USD) - 2025/01/12 14:21:53 WET [2025/01/12 9:21:53 ET]
Table 'Caliban III' 6-max Seat #3 is the button
Seat 1: whlzor ($120.24 in chips) 
Seat 2: ligeti lajos ($18.46 in chips) 
Seat 3: Aescul@pius ($132.77 in chips) 
Seat 4: easy_sarcasm ($152.27 in chips) 
Seat 5: vpetriu ($110.78 in chips) 
Seat 6: urlichnew ($101.50 in chips) 
easy_sarcasm: posts small blind $0.50
vpetriu: posts big blind $1
*** HOLE CARDS ***
urlichnew: folds 
whlzor: folds 
ligeti lajos: folds 
Aescul@pius: folds 
easy_sarcasm: raises $2 to $3
vpetriu: folds 
Uncalled bet ($2) returned to easy_sarcasm
easy_sarcasm collected $2 from pot
*** SUMMARY ***
Total pot $2 | Rake $0 
Seat 1: whlzor folded before Flop (didn't bet)
Seat 2: ligeti lajos folded before Flop (didn't bet)
Seat 3: Aescul@pius (button) folded before Flop (didn't bet)
Seat 4: easy_sarcasm (small blind) collected ($2)
Seat 5: vpetriu (big blind) folded before Flop
Seat 6: urlichnew folded before Flop (didn't bet)



PokerStars Hand #254330800111:  Hold'em No Limit ($0.50/$1.00 USD) - 2025/01/12 14:22:14 WET [2025/01/12 9:22:14 ET]
Table 'Caliban III' 6-max Seat #4 is the button
Seat 1: whlzor ($120.24 in chips) 
Seat 2: ligeti lajos ($18.46 in chips) 
Seat 3: Aescul@pius ($132.77 in chips) 
Seat 4: easy_sarcasm ($153.27 in chips) 
Seat 5: vpetriu ($109.78 in chips) 
Seat 6: urlichnew ($101.50 in chips) 
vpetriu: posts small blind $0.50
urlichnew: posts big blind $1
*** HOLE CARDS ***
whlzor: folds 
ligeti lajos: folds 
Aescul@pius: folds 
easy_sarcasm: raises $1.20 to $2.20
vpetriu: raises $8.80 to $11
urlichnew: folds 
easy_sarcasm: folds 
Uncalled bet ($8.80) returned to vpetriu
vpetriu collected $5.40 from pot
vpetriu: doesn't show hand 
*** SUMMARY ***
Total pot $5.40 | Rake $0 
Seat 1: whlzor folded before Flop (didn't bet)
Seat 2: ligeti lajos folded before Flop (didn't bet)
Seat 3: Aescul@pius folded before Flop (didn't bet)
Seat 4: easy_sarcasm (button) folded before Flop
Seat 5: vpetriu (small blind) collected ($5.40)
Seat 6: urlichnew (big blind) folded before Flop



PokerStars Hand #254330805224:  Hold'em No Limit ($0.50/$1.00 USD) - 2025/01/12 14:22:38 WET [2025/01/12 9:22:38 ET]
Table 'Caliban III' 6-max Seat #5 is the button
Seat 1: whlzor ($120.24 in chips) is sitting out
Seat 2: ligeti lajos ($18.46 in chips) 
Seat 3: Aescul@pius ($132.77 in chips) 
Seat 4: easy_sarcasm ($151.07 in chips) 
Seat 5: vpetriu ($112.98 in chips) 
Seat 6: urlichnew ($100.50 in chips) 
urlichnew: posts small blind $0.50
whlzor: is sitting out 
ligeti lajos: posts big blind $1
*** HOLE CARDS ***
Aescul@pius: folds 
easy_sarcasm: folds 
vpetriu: raises $1.50 to $2.50
whlzor leaves the table
urlichnew: raises $9.50 to $12
ligeti lajos: calls $11
kars0n joins the table at seat #1 
vpetriu: folds 
*** FLOP *** [6h 2s 5h]
urlichnew: bets $7
ligeti lajos: calls $6.46 and is all-in
Uncalled bet ($0.54) returned to urlichnew
*** TURN *** [6h 2s 5h] [6s]
*** RIVER *** [6h 2s 5h 6s] [2c]
*** SHOW DOWN ***
urlichnew: shows [Jc Ks] (two pair, Sixes and Deuces)
ligeti lajos: shows [Ac 5c] (two pair, Sixes and Fives)
ligeti lajos cashed out the hand for $28.28 | Cash Out Fee $0.58
*** SUMMARY ***
Total pot $39.42 | Rake $1.97 
Board [6h 2s 5h 6s 2c]
Seat 1: whlzor
Seat 2: ligeti lajos (big blind) showed [Ac 5c] and won ($37.45) with two pair, Sixes and Fives (pot not awarded as player cashed out)
Seat 3: Aescul@pius folded before Flop (didn't bet)
Seat 4: easy_sarcasm folded before Flop (didn't bet)
Seat 5: vpetriu (button) folded before Flop
Seat 6: urlichnew (small blind) showed [Jc Ks] and lost with two pair, Sixes and Deuces



PokerStars Hand #254330814597:  Hold'em No Limit ($0.50/$1.00 USD) - 2025/01/12 14:23:22 WET [2025/01/12 9:23:22 ET]
Table 'Caliban III' 6-max Seat #6 is the button
Seat 1: kars0n ($100 in chips) is sitting out
Seat 2: ligeti lajos ($28.28 in chips) 
Seat 3: Aescul@pius ($132.77 in chips) 
Seat 4: easy_sarcasm ($151.07 in chips) 
Seat 5: vpetriu ($110.48 in chips) 
Seat 6: urlichnew ($100 in chips) 
ligeti lajos: posts small blind $0.50
Aescul@pius: posts big blind $1
*** HOLE CARDS ***
easy_sarcasm: folds 
vpetriu: folds 
urlichnew: folds 
ligeti lajos: calls $0.50
Aescul@pius: checks 
*** FLOP *** [Qc 3c 8d]
ligeti lajos: checks 
Aescul@pius: checks 
*** TURN *** [Qc 3c 8d] [2d]
ligeti lajos: checks 
Aescul@pius: checks 
*** RIVER *** [Qc 3c 8d 2d] [Th]
ligeti lajos: checks 
Aescul@pius: checks 
*** SHOW DOWN ***
ligeti lajos: shows [Kc Jd] (high card King)
Aescul@pius: mucks hand 
ligeti lajos collected $1.90 from pot
*** SUMMARY ***
Total pot $2 | Rake $0.10 
Board [Qc 3c 8d 2d Th]
Seat 1: kars0n
Seat 2: ligeti lajos (small blind) showed [Kc Jd] and won ($1.90) with high card King
Seat 3: Aescul@pius (big blind) mucked
Seat 4: easy_sarcasm folded before Flop (didn't bet)
Seat 5: vpetriu folded before Flop (didn't bet)
Seat 6: urlichnew (button) folded before Flop (didn't bet)



PokerStars Hand #254330822576:  Hold'em No Limit ($0.50/$1.00 USD) - 2025/01/12 14:23:59 WET [2025/01/12 9:23:59 ET]
Table 'Caliban III' 6-max Seat #2 is the button
Seat 1: kars0n ($100 in chips) is sitting out
Seat 2: ligeti lajos ($29.18 in chips) 
Seat 3: Aescul@pius ($131.77 in chips) 
Seat 4: easy_sarcasm ($151.07 in chips) 
Seat 5: vpetriu ($110.48 in chips) 
Seat 6: urlichnew ($100 in chips) 
Aescul@pius: posts small blind $0.50
easy_sarcasm: posts big blind $1
kars0n: sits out 
*** HOLE CARDS ***
vpetriu: folds 
urlichnew: folds 
ligeti lajos: calls $1
Aescul@pius: folds 
easy_sarcasm: checks 
*** FLOP *** [Kh Jc 7d]
easy_sarcasm: checks 
ligeti lajos: bets $2.38
easy_sarcasm: folds 
Uncalled bet ($2.38) returned to ligeti lajos
ligeti lajos collected $2.38 from pot
ligeti lajos: doesn't show hand 
*** SUMMARY ***
Total pot $2.50 | Rake $0.12 
Board [Kh Jc 7d]
Seat 1: kars0n
Seat 2: ligeti lajos (button) collected ($2.38)
Seat 3: Aescul@pius (small blind) folded before Flop
Seat 4: easy_sarcasm (big blind) folded on the Flop
Seat 5: vpetriu folded before Flop (didn't bet)
Seat 6: urlichnew folded before Flop (didn't bet)



PokerStars Hand #254330826704:  Hold'em No Limit ($0.50/$1.00 USD) - 2025/01/12 14:24:18 WET [2025/01/12 9:24:18 ET]
Table 'Caliban III' 6-max Seat #3 is the button
Seat 1: kars0n ($100 in chips) is sitting out
Seat 2: ligeti lajos ($30.56 in chips) 
Seat 3: Aescul@pius ($131.27 in chips) 
Seat 4: easy_sarcasm ($150.07 in chips) 
Seat 5: vpetriu ($110.48 in chips) 
Seat 6: urlichnew ($100 in chips) 
easy_sarcasm: posts small blind $0.50
vpetriu: posts big blind $1
kars0n: sits out 
*** HOLE CARDS ***
urlichnew: folds 
ligeti lajos: folds 
Aescul@pius: folds 
easy_sarcasm: raises $2 to $3
vpetriu: folds 
Uncalled bet ($2) returned to easy_sarcasm
easy_sarcasm collected $2 from pot
*** SUMMARY ***
Total pot $2 | Rake $0 
Seat 1: kars0n
Seat 2: ligeti lajos folded before Flop (didn't bet)
Seat 3: Aescul@pius (button) folded before Flop (didn't bet)
Seat 4: easy_sarcasm (small blind) collected ($2)
Seat 5: vpetriu (big blind) folded before Flop
Seat 6: urlichnew folded before Flop (didn't bet)



PokerStars Hand #254330830075:  Hold'em No Limit ($0.50/$1.00 USD) - 2025/01/12 14:24:34 WET [2025/01/12 9:24:34 ET]
Table 'Caliban III' 6-max Seat #4 is the button
Seat 1: kars0n ($100 in chips) is sitting out
Seat 2: ligeti lajos ($30.56 in chips) 
Seat 3: Aescul@pius ($131.27 in chips) 
Seat 4: easy_sarcasm ($151.07 in chips) 
Seat 5: vpetriu ($109.48 in chips) 
Seat 6: urlichnew ($100 in chips) 
vpetriu: posts small blind $0.50
urlichnew: posts big blind $1
kars0n: sits out 
*** HOLE CARDS ***
ligeti lajos: folds 
Aescul@pius: folds 
easy_sarcasm: folds 
vpetriu: raises $2 to $3
urlichnew: folds 
Uncalled bet ($2) returned to vpetriu
vpetriu collected $2 from pot
vpetriu: doesn't show hand 
*** SUMMARY ***
Total pot $2 | Rake $0 
Seat 1: kars0n
Seat 2: ligeti lajos folded before Flop (didn't bet)
Seat 3: Aescul@pius folded before Flop (didn't bet)
Seat 4: easy_sarcasm (button) folded before Flop (didn't bet)
Seat 5: vpetriu (small blind) collected ($2)
Seat 6: urlichnew (big blind) folded before Flop



PokerStars Hand #254330834792:  Hold'em No Limit ($0.50/$1.00 USD) - 2025/01/12 14:24:56 WET [2025/01/12 9:24:56 ET]
Table 'Caliban III' 6-max Seat #5 is the button
Seat 1: kars0n ($100 in chips) 
Seat 2: ligeti lajos ($30.56 in chips) 
Seat 3: Aescul@pius ($131.27 in chips) 
Seat 4: easy_sarcasm ($151.07 in chips) 
Seat 5: vpetriu ($110.48 in chips) 
Seat 6: urlichnew ($100 in chips) 
urlichnew: posts small blind $0.50
kars0n: posts big blind $1
*** HOLE CARDS ***
ligeti lajos: calls $1
Aescul@pius: folds 
easy_sarcasm: folds 
vpetriu: folds 
urlichnew: folds 
kars0n: checks 
*** FLOP *** [3d Ks Ac]
kars0n: checks 
ligeti lajos: bets $2.38
kars0n: folds 
Uncalled bet ($2.38) returned to ligeti lajos
ligeti lajos collected $2.38 from pot
ligeti lajos: doesn't show hand 
*** SUMMARY ***
Total pot $2.50 | Rake $0.12 
Board [3d Ks Ac]
Seat 1: kars0n (big blind) folded on the Flop
Seat 2: ligeti lajos collected ($2.38)
Seat 3: Aescul@pius folded before Flop (didn't bet)
Seat 4: easy_sarcasm folded before Flop (didn't bet)
Seat 5: vpetriu (button) folded before Flop (didn't bet)
Seat 6: urlichnew (small blind) folded before Flop



PokerStars Hand #254330841650:  Hold'em No Limit ($0.50/$1.00 USD) - 2025/01/12 14:25:28 WET [2025/01/12 9:25:28 ET]
Table 'Caliban III' 6-max Seat #6 is the button
Seat 1: kars0n ($100 in chips) 
Seat 2: ligeti lajos ($31.94 in chips) 
Seat 3: Aescul@pius ($131.27 in chips) 
Seat 4: easy_sarcasm ($151.07 in chips) 
Seat 5: vpetriu ($110.48 in chips) 
Seat 6: urlichnew ($100 in chips) 
kars0n: posts small blind $0.50
ligeti lajos: posts big blind $1
*** HOLE CARDS ***
Aescul@pius: folds 
easy_sarcasm: raises $2 to $3
vpetriu: folds 
urlichnew: folds 
kars0n: folds 
ligeti lajos: folds 
Uncalled bet ($2) returned to easy_sarcasm
easy_sarcasm collected $2.50 from pot
*** SUMMARY ***
Total pot $2.50 | Rake $0 
Seat 1: kars0n (small blind) folded before Flop
Seat 2: ligeti lajos (big blind) folded before Flop
Seat 3: Aescul@pius folded before Flop (didn't bet)
Seat 4: easy_sarcasm collected ($2.50)
Seat 5: vpetriu folded before Flop (didn't bet)
Seat 6: urlichnew (button) folded before Flop (didn't bet)



PokerStars Hand #254330846018:  Hold'em No Limit ($0.50/$1.00 USD) - 2025/01/12 14:25:48 WET [2025/01/12 9:25:48 ET]
Table 'Caliban III' 6-max Seat #1 is the button
Seat 1: kars0n ($100 in chips) 
Seat 2: ligeti lajos ($30.94 in chips) 
Seat 3: Aescul@pius ($131.27 in chips) 
Seat 4: easy_sarcasm ($152.57 in chips) 
Seat 5: vpetriu ($110.48 in chips) 
Seat 6: urlichnew ($100 in chips) 
ligeti lajos: posts small blind $0.50
Aescul@pius: posts big blind $1
*** HOLE CARDS ***
easy_sarcasm: folds 
vpetriu: folds 
urlichnew: folds 
kars0n: folds 
ligeti lajos: raises $2 to $3
Aescul@pius: folds 
Uncalled bet ($2) returned to ligeti lajos
ligeti lajos collected $2 from pot
ligeti lajos: doesn't show hand 
*** SUMMARY ***
Total pot $2 | Rake $0 
Seat 1: kars0n (button) folded before Flop (didn't bet)
Seat 2: ligeti lajos (small blind) collected ($2)
Seat 3: Aescul@pius (big blind) folded before Flop
Seat 4: easy_sarcasm folded before Flop (didn't bet)
Seat 5: vpetriu folded before Flop (didn't bet)
Seat 6: urlichnew folded before Flop (didn't bet)



PokerStars Hand #254330850032:  Hold'em No Limit ($0.50/$1.00 USD) - 2025/01/12 14:26:06 WET [2025/01/12 9:26:06 ET]
Table 'Caliban III' 6-max Seat #2 is the button
Seat 1: kars0n ($100 in chips) 
Seat 2: ligeti lajos ($31.94 in chips) 
Seat 3: Aescul@pius ($130.27 in chips) 
Seat 4: easy_sarcasm ($152.57 in chips) 
Seat 5: vpetriu ($110.48 in chips) 
Seat 6: urlichnew ($100 in chips) 
Aescul@pius: posts small blind $0.50
easy_sarcasm: posts big blind $1
*** HOLE CARDS ***
vpetriu: folds 
urlichnew: folds 
kars0n: folds 
kars0n leaves the table
ligeti lajos: raises $2.50 to $3.50
Aescul@pius: folds 
easy_sarcasm: folds 
Uncalled bet ($2.50) returned to ligeti lajos
ligeti lajos collected $2.50 from pot
ligeti lajos: doesn't show hand 
*** SUMMARY ***
Total pot $2.50 | Rake $0 
Seat 1: kars0n folded before Flop (didn't bet)
Seat 2: ligeti lajos (button) collected ($2.50)
Seat 3: Aescul@pius (small blind) folded before Flop
Seat 4: easy_sarcasm (big blind) folded before Flop
Seat 5: vpetriu folded before Flop (didn't bet)
Seat 6: urlichnew folded before Flop (didn't bet)



PokerStars Hand #254330854271:  Hold'em No Limit ($0.50/$1.00 USD) - 2025/01/12 14:26:26 WET [2025/01/12 9:26:26 ET]
Table 'Caliban III' 6-max Seat #3 is the button
Seat 2: ligeti lajos ($33.44 in chips) 
Seat 3: Aescul@pius ($129.77 in chips) 
Seat 4: easy_sarcasm ($151.57 in chips) 
Seat 5: vpetriu ($110.48 in chips) 
Seat 6: urlichnew ($100 in chips) 
easy_sarcasm: posts small blind $0.50
vpetriu: posts big blind $1
*** HOLE CARDS ***
urlichnew: folds 
ligeti lajos: calls $1
Aescul@pius: folds 
easy_sarcasm: raises $3.50 to $4.50
vpetriu: folds 
ligeti lajos: folds 
Uncalled bet ($3.50) returned to easy_sarcasm
easy_sarcasm collected $3 from pot
*** SUMMARY ***
Total pot $3 | Rake $0 
Seat 2: ligeti lajos folded before Flop
Seat 3: Aescul@pius (button) folded before Flop (didn't bet)
Seat 4: easy_sarcasm (small blind) collected ($3)
Seat 5: vpetriu (big blind) folded before Flop
Seat 6: urlichnew folded before Flop (didn't bet)



PokerStars Hand #254330857822:  Hold'em No Limit ($0.50/$1.00 USD) - 2025/01/12 14:26:42 WET [2025/01/12 9:26:42 ET]
Table 'Caliban III' 6-max Seat #4 is the button
Seat 2: ligeti lajos ($32.44 in chips) 
Seat 3: Aescul@pius ($129.77 in chips) 
Seat 4: easy_sarcasm ($153.57 in chips) 
Seat 5: vpetriu ($109.48 in chips) 
Seat 6: urlichnew ($100 in chips) 
vpetriu: posts small blind $0.50
urlichnew: posts big blind $1
*** HOLE CARDS ***
ligeti lajos: calls $1
Aescul@pius: folds 
easy_sarcasm: folds 
socito joins the table at seat #1 
vpetriu: folds 
urlichnew: checks 
*** FLOP *** [Kd Ts 9s]
urlichnew: checks 
ligeti lajos: bets $2.38
urlichnew: folds 
Uncalled bet ($2.38) returned to ligeti lajos
ligeti lajos collected $2.38 from pot
ligeti lajos: doesn't show hand 
*** SUMMARY ***
Total pot $2.50 | Rake $0.12 
Board [Kd Ts 9s]
Seat 2: ligeti lajos collected ($2.38)
Seat 3: Aescul@pius folded before Flop (didn't bet)
Seat 4: easy_sarcasm (button) folded before Flop (didn't bet)
Seat 5: vpetriu (small blind) folded before Flop
Seat 6: urlichnew (big blind) folded on the Flop



PokerStars Hand #254330866538:  Hold'em No Limit ($0.50/$1.00 USD) - 2025/01/12 14:27:23 WET [2025/01/12 9:27:23 ET]
Table 'Caliban III' 6-max Seat #5 is the button
Seat 1: socito ($100 in chips) 
Seat 2: ligeti lajos ($33.82 in chips) 
Seat 3: Aescul@pius ($129.77 in chips) 
Seat 4: easy_sarcasm ($153.57 in chips) 
Seat 5: vpetriu ($108.98 in chips) 
Seat 6: urlichnew ($100 in chips) 
urlichnew: posts small blind $0.50
socito: posts big blind $1
*** HOLE CARDS ***
ligeti lajos: folds 
Aescul@pius: folds 
easy_sarcasm: raises $2 to $3
vpetriu: folds 
urlichnew: raises $9.50 to $12.50
socito: folds 
easy_sarcasm: folds 
Uncalled bet ($9.50) returned to urlichnew
urlichnew collected $7 from pot
urlichnew: doesn't show hand 
*** SUMMARY ***
Total pot $7 | Rake $0 
Seat 1: socito (big blind) folded before Flop
Seat 2: ligeti lajos folded before Flop (didn't bet)
Seat 3: Aescul@pius folded before Flop (didn't bet)
Seat 4: easy_sarcasm folded before Flop
Seat 5: vpetriu (button) folded before Flop (didn't bet)
Seat 6: urlichnew (small blind) collected ($7)



PokerStars Hand #254330873678:  Hold'em No Limit ($0.50/$1.00 USD) - 2025/01/12 14:27:56 WET [2025/01/12 9:27:56 ET]
Table 'Caliban III' 6-max Seat #6 is the button
Seat 1: socito ($100 in chips) 
Seat 2: ligeti lajos ($33.82 in chips) 
Seat 3: Aescul@pius ($129.77 in chips) 
Seat 4: easy_sarcasm ($150.57 in chips) 
Seat 5: vpetriu ($108.98 in chips) 
Seat 6: urlichnew ($104 in chips) 
socito: posts small blind $0.50
ligeti lajos: posts big blind $1
*** HOLE CARDS ***
Aescul@pius: folds 
easy_sarcasm: folds 
vpetriu has timed out
vpetriu: folds 
urlichnew: folds 
socito: raises $2 to $3
ligeti lajos: calls $2
*** FLOP *** [9d Th 7d]
socito: checks 
ligeti lajos: bets $30.82 and is all-in
socito: folds 
Uncalled bet ($30.82) returned to ligeti lajos
ligeti lajos collected $5.70 from pot
ligeti lajos: doesn't show hand 
*** SUMMARY ***
Total pot $6 | Rake $0.30 
Board [9d Th 7d]
Seat 1: socito (small blind) folded on the Flop
Seat 2: ligeti lajos (big blind) collected ($5.70)
Seat 3: Aescul@pius folded before Flop (didn't bet)
Seat 4: easy_sarcasm folded before Flop (didn't bet)
Seat 5: vpetriu folded before Flop (didn't bet)
Seat 6: urlichnew (button) folded before Flop (didn't bet)



PokerStars Hand #254330884525:  Hold'em No Limit ($0.50/$1.00 USD) - 2025/01/12 14:28:47 WET [2025/01/12 9:28:47 ET]
Table 'Caliban III' 6-max Seat #1 is the button
Seat 1: socito ($100 in chips) 
Seat 2: ligeti lajos ($36.52 in chips) 
Seat 3: Aescul@pius ($129.77 in chips) 
Seat 4: easy_sarcasm ($150.57 in chips) 
Seat 5: vpetriu ($108.98 in chips) 
Seat 6: urlichnew ($104 in chips) 
ligeti lajos: posts small blind $0.50
Aescul@pius: posts big blind $1
*** HOLE CARDS ***
easy_sarcasm: raises $2 to $3
vpetriu: folds 
urlichnew: folds 
socito: folds 
ligeti lajos: calls $2.50
Aescul@pius: folds 
*** FLOP *** [Kd Qc 4d]
ligeti lajos: checks 
easy_sarcasm: bets $3.39
ligeti lajos: calls $3.39
*** TURN *** [Kd Qc 4d] [Kh]
ligeti lajos: checks 
easy_sarcasm: bets $6.54
ligeti lajos: calls $6.54
*** RIVER *** [Kd Qc 4d Kh] [Js]
ligeti lajos: checks 
easy_sarcasm: bets $25.52
ligeti lajos: calls $23.59 and is all-in
Uncalled bet ($1.93) returned to easy_sarcasm
*** SHOW DOWN ***
easy_sarcasm: shows [Jh Kc] (a full house, Kings full of Jacks)
ligeti lajos: shows [As Td] (a straight, Ten to Ace)
easy_sarcasm collected $71.54 from pot
*** SUMMARY ***
Total pot $74.04 | Rake $2.50 
Board [Kd Qc 4d Kh Js]
Seat 1: socito (button) folded before Flop (didn't bet)
Seat 2: ligeti lajos (small blind) showed [As Td] and lost with a straight, Ten to Ace
Seat 3: Aescul@pius (big blind) folded before Flop
Seat 4: easy_sarcasm showed [Jh Kc] and won ($71.54) with a full house, Kings full of Jacks
Seat 5: vpetriu folded before Flop (didn't bet)
Seat 6: urlichnew folded before Flop (didn't bet)



PokerStars Hand #254330894396:  Hold'em No Limit ($0.50/$1.00 USD) - 2025/01/12 14:29:33 WET [2025/01/12 9:29:33 ET]
Table 'Caliban III' 6-max Seat #3 is the button
Seat 2: ligeti lajos ($0 in chips) is sitting out
Seat 1: socito ($100 in chips) 
Seat 3: Aescul@pius ($128.77 in chips) 
Seat 4: easy_sarcasm ($185.59 in chips) 
Seat 5: vpetriu ($108.98 in chips) 
Seat 6: urlichnew ($104 in chips) 
easy_sarcasm: posts small blind $0.50
vpetriu: posts big blind $1
*** HOLE CARDS ***
urlichnew: folds 
ligeti lajos leaves the table
socito: folds 
Aescul@pius: folds 
easy_sarcasm: folds 
Uncalled bet ($0.50) returned to vpetriu
vpetriu collected $1 from pot
vpetriu: doesn't show hand 
*** SUMMARY ***
Total pot $1 | Rake $0 
Seat 2: ligeti lajos
Seat 1: socito folded before Flop (didn't bet)
Seat 3: Aescul@pius (button) folded before Flop (didn't bet)
Seat 4: easy_sarcasm (small blind) folded before Flop
Seat 5: vpetriu (big blind) collected ($1)
Seat 6: urlichnew folded before Flop (didn't bet)



PokerStars Hand #254330898654:  Hold'em No Limit ($0.50/$1.00 USD) - 2025/01/12 14:29:52 WET [2025/01/12 9:29:52 ET]
Table 'Caliban III' 6-max Seat #4 is the button
Seat 1: socito ($100 in chips) 
Seat 3: Aescul@pius ($128.77 in chips) 
Seat 4: easy_sarcasm ($185.09 in chips) 
Seat 5: vpetriu ($109.48 in chips) 
Seat 6: urlichnew ($104 in chips) 
vpetriu: posts small blind $0.50
urlichnew: posts big blind $1
*** HOLE CARDS ***
socito: folds 
Aescul@pius: raises $1.20 to $2.20
easy_sarcasm: folds 
vpetriu: folds 
urlichnew: calls $1.20
*** FLOP *** [Ks 3d 6s]
urlichnew: checks 
Aescul@pius: bets $1.54
urlichnew: folds 
Uncalled bet ($1.54) returned to Aescul@pius
Aescul@pius collected $4.66 from pot
Aescul@pius: doesn't show hand 
*** SUMMARY ***
Total pot $4.90 | Rake $0.24 
Board [Ks 3d 6s]
Seat 1: socito folded before Flop (didn't bet)
Seat 3: Aescul@pius collected ($4.66)
Seat 4: easy_sarcasm (button) folded before Flop (didn't bet)
Seat 5: vpetriu (small blind) folded before Flop
Seat 6: urlichnew (big blind) folded on the Flop



PokerStars Hand #254330905385:  Hold'em No Limit ($0.50/$1.00 USD) - 2025/01/12 14:30:23 WET [2025/01/12 9:30:23 ET]
Table 'Caliban III' 6-max Seat #5 is the button
Seat 1: socito ($100 in chips) 
Seat 3: Aescul@pius ($131.23 in chips) 
Seat 4: easy_sarcasm ($185.09 in chips) 
Seat 5: vpetriu ($108.98 in chips) 
Seat 6: urlichnew ($101.80 in chips) 
urlichnew: posts small blind $0.50
socito: posts big blind $1
*** HOLE CARDS ***
Aescul@pius: raises $1.20 to $2.20
easy_sarcasm: folds 
vpetriu: folds 
urlichnew: folds 
socito: folds 
Uncalled bet ($1.20) returned to Aescul@pius
Aescul@pius collected $2.50 from pot
Aescul@pius: doesn't show hand 
*** SUMMARY ***
Total pot $2.50 | Rake $0 
Seat 1: socito (big blind) folded before Flop
Seat 3: Aescul@pius collected ($2.50)
Seat 4: easy_sarcasm folded before Flop (didn't bet)
Seat 5: vpetriu (button) folded before Flop (didn't bet)
Seat 6: urlichnew (small blind) folded before Flop



PokerStars Hand #254330911052:  Hold'em No Limit ($0.50/$1.00 USD) - 2025/01/12 14:30:48 WET [2025/01/12 9:30:48 ET]
Table 'Caliban III' 6-max Seat #6 is the button
Seat 1: socito ($100 in chips) 
Seat 3: Aescul@pius ($132.73 in chips) 
Seat 4: easy_sarcasm ($185.09 in chips) 
Seat 5: vpetriu ($108.98 in chips) 
Seat 6: urlichnew ($101.30 in chips) 
socito: posts small blind $0.50
Aescul@pius: posts big blind $1
*** HOLE CARDS ***
easy_sarcasm: folds 
vpetriu has timed out
vpetriu: folds 
urlichnew: folds 
vpetriu leaves the table
socito: folds 
Uncalled bet ($0.50) returned to Aescul@pius
Aescul@pius collected $1 from pot
Aescul@pius: doesn't show hand 
*** SUMMARY ***
Total pot $1 | Rake $0 
Seat 1: socito (small blind) folded before Flop
Seat 3: Aescul@pius (big blind) collected ($1)
Seat 4: easy_sarcasm folded before Flop (didn't bet)
Seat 5: vpetriu folded before Flop (didn't bet)
Seat 6: urlichnew (button) folded before Flop (didn't bet)



PokerStars Hand #254330919580:  Hold'em No Limit ($0.50/$1.00 USD) - 2025/01/12 14:31:26 WET [2025/01/12 9:31:26 ET]
Table 'Caliban III' 6-max Seat #3 is the button
Seat 4: easy_sarcasm ($185.09 in chips) is sitting out
Seat 6: urlichnew ($101.30 in chips) is sitting out
Seat 1: socito ($100 in chips) 
Seat 3: Aescul@pius ($133.23 in chips) 
Aescul@pius: posts small blind $0.50
easy_sarcasm: is sitting out 
urlichnew: is sitting out 
socito: posts big blind $1
*** HOLE CARDS ***
easy_sarcasm leaves the table
Aescul@pius: raises $1.50 to $2.50
socito: calls $1.50
*** FLOP *** [Jd 6c Th]
urlichnew leaves the table
socito: checks 
Aescul@pius: checks 
*** TURN *** [Jd 6c Th] [7d]
socito: bets $3.14
Gburch14 joins the table at seat #2 
Gburch14 is disconnected 
Aescul@pius: calls $3.14
*** RIVER *** [Jd 6c Th 7d] [Ad]
socito: bets $8.04
Aescul@pius: calls $8.04
*** SHOW DOWN ***
socito: shows [8d 5d] (a flush, Ace high)
Aescul@pius: mucks hand 
whlzor joins the table at seat #4 
socito collected $26.36 from pot
*** SUMMARY ***
Total pot $27.36 | Rake $1 
Board [Jd 6c Th 7d Ad]
Seat 4: easy_sarcasm
Seat 6: urlichnew
Seat 1: socito (big blind) showed [8d 5d] and won ($26.36) with a flush, Ace high
Seat 3: Aescul@pius (button) (small blind) mucked



PokerStars Hand #254330926739:  Hold'em No Limit ($0.50/$1.00 USD) - 2025/01/12 14:31:58 WET [2025/01/12 9:31:58 ET]
Table 'Caliban III' 6-max Seat #1 is the button
Seat 2: Gburch14 ($80 in chips) is sitting out
Seat 1: socito ($112.68 in chips) 
Seat 3: Aescul@pius ($119.55 in chips) 
Seat 4: whlzor ($120.24 in chips) 
Aescul@pius: posts small blind $0.50
whlzor: posts big blind $1
*** HOLE CARDS ***
socito: folds 
Aescul@pius: folds 
Uncalled bet ($0.50) returned to whlzor
socito leaves the table
whlzor collected $1 from pot
whlzor: doesn't show hand 
*** SUMMARY ***
Total pot $1 | Rake $0 
Seat 2: Gburch14
Seat 1: socito (button) folded before Flop (didn't bet)
Seat 3: Aescul@pius (small blind) folded before Flop
Seat 4: whlzor (big blind) collected ($1)



PokerStars Hand #254330928291:  Hold'em No Limit ($0.50/$1.00 USD) - 2025/01/12 14:32:05 WET [2025/01/12 9:32:05 ET]
Table 'Caliban III' 6-max Seat #3 is the button
Seat 2: Gburch14 ($80 in chips) 
Seat 3: Aescul@pius ($119.05 in chips) 
Seat 4: whlzor ($120.74 in chips) 
whlzor: posts small blind $0.50
Gburch14: posts big blind $1
*** HOLE CARDS ***
socito joins the table at seat #6 
Aescul@pius: folds 
whlzor: raises $2 to $3
AlexPinsk1 joins the table at seat #5 
Gburch14: calls $2
*** FLOP *** [7h 4h 2c]
whlzor: checks 
Gburch14: checks 
*** TURN *** [7h 4h 2c] [Kc]
whlzor: bets $2.85
b2k-Snick joins the table at seat #1 
Gburch14: folds 
Uncalled bet ($2.85) returned to whlzor
whlzor collected $5.70 from pot
whlzor: doesn't show hand 
Gburch14 leaves the table
*** SUMMARY ***
Total pot $6 | Rake $0.30 
Board [7h 4h 2c Kc]
Seat 2: Gburch14 (big blind) folded on the Turn
Seat 3: Aescul@pius (button) folded before Flop (didn't bet)
Seat 4: whlzor (small blind) collected ($5.70)



PokerStars Hand #254330937173:  Hold'em No Limit ($0.50/$1.00 USD) - 2025/01/12 14:32:45 WET [2025/01/12 9:32:45 ET]
Table 'Caliban III' 6-max Seat #4 is the button
Seat 1: b2k-Snick ($100 in chips) is sitting out
Seat 5: AlexPinsk1 ($100 in chips) is sitting out
Seat 6: socito ($112.68 in chips) is sitting out
Seat 3: Aescul@pius ($119.05 in chips) 
Seat 4: whlzor ($123.44 in chips) 
whlzor: posts small blind $0.50
Aescul@pius: posts big blind $1
*** HOLE CARDS ***
whlzor: raises $1 to $2
b2k-Snick leaves the table
Aescul@pius: folds 
Uncalled bet ($1) returned to whlzor
whlzor collected $2 from pot
whlzor: doesn't show hand 
*** SUMMARY ***
Total pot $2 | Rake $0 
Seat 1: b2k-Snick
Seat 5: AlexPinsk1
Seat 6: socito
Seat 3: Aescul@pius (big blind) folded before Flop
Seat 4: whlzor (button) (small blind) collected ($2)



PokerStars Hand #254330938932:  Hold'em No Limit ($0.50/$1.00 USD) - 2025/01/12 14:32:53 WET [2025/01/12 9:32:53 ET]
Table 'Caliban III' 6-max Seat #3 is the button
Seat 6: socito ($112.68 in chips) is sitting out
Seat 3: Aescul@pius ($118.05 in chips) 
Seat 4: whlzor ($124.44 in chips) 
Seat 5: AlexPinsk1 ($100 in chips) 
whlzor: posts small blind $0.50
AlexPinsk1: posts big blind $1
socito: sits out 
*** HOLE CARDS ***
Aescul@pius: raises $1.20 to $2.20
whlzor: raises $8.30 to $10.50
AlexPinsk1: folds 
Aescul@pius: folds 
Uncalled bet ($8.30) returned to whlzor
whlzor collected $5.40 from pot
whlzor: doesn't show hand 
*** SUMMARY ***
Total pot $5.40 | Rake $0 
Seat 6: socito
Seat 3: Aescul@pius (button) folded before Flop
Seat 4: whlzor (small blind) collected ($5.40)
Seat 5: AlexPinsk1 (big blind) folded before Flop



PokerStars Hand #254330943216:  Hold'em No Limit ($0.50/$1.00 USD) - 2025/01/12 14:33:12 WET [2025/01/12 9:33:12 ET]
Table 'Caliban III' 6-max Seat #4 is the button
Seat 3: Aescul@pius ($115.85 in chips) 
Seat 4: whlzor ($127.64 in chips) 
Seat 5: AlexPinsk1 ($100 in chips) 
Seat 6: socito ($112.68 in chips) 
AlexPinsk1: posts small blind $0.50
socito: posts big blind $1
*** HOLE CARDS ***
Aescul@pius: folds 
whlzor: folds 
AlexPinsk1: folds 
Uncalled bet ($0.50) returned to socito
socito collected $1 from pot
socito: doesn't show hand 
*** SUMMARY ***
Total pot $1 | Rake $0 
Seat 3: Aescul@pius folded before Flop (didn't bet)
Seat 4: whlzor (button) folded before Flop (didn't bet)
Seat 5: AlexPinsk1 (small blind) folded before Flop
Seat 6: socito (big blind) collected ($1)



