PokerStars Hand #254338706766:  Hold'em No Limit ($0.50/$1.00 USD) - 2025/01/12 20:51:09 WET [2025/01/12 15:51:09 ET]
Table 'Hormuthia III' 6-max Seat #5 is the button
Seat 6: MarciMarc1984 ($100 in chips) is sitting out
Seat 1: EvilReality ($100 in chips) 
Seat 2: Zvst ($100 in chips) 
Seat 3: kekoccc ($100 in chips) 
Seat 5: [FB]Voodoo ($100 in chips) 
EvilReality is connected 
EvilReality: posts small blind $0.50
Zvst: posts big blind $1
*** HOLE CARDS ***
kekoccc: raises $1.50 to $2.50
[FB]Voodoo: raises $5.50 to $8
EvilReality: folds 
Zvst: folds 
BumHuntKing joins the table at seat #4 
kekoccc: calls $5.50
*** FLOP *** [Ts 3h 9d]
kekoccc: checks 
[FB]Voodoo: bets $5.48
kekoccc: raises $10.96 to $16.44
[FB]Voodoo: calls $10.96
*** TURN *** [Ts 3h 9d] [Ah]
kekoccc: bets $24.70
[FB]Voodoo: raises $50.86 to $75.56 and is all-in
kekoccc has timed out
kekoccc: folds 
Uncalled bet ($50.86) returned to [FB]Voodoo
[FB]Voodoo collected $98.78 from pot
[FB]Voodoo: doesn't show hand 
*** SUMMARY ***
Total pot $99.78 | Rake $1 
Board [Ts 3h 9d Ah]
Seat 6: MarciMarc1984
Seat 1: EvilReality (small blind) folded before Flop
Seat 2: Zvst (big blind) folded before Flop
Seat 3: kekoccc folded on the Turn
Seat 5: [FB]Voodoo (button) collected ($98.78)



PokerStars Hand #254338757943:  Hold'em No Limit ($0.50/$1.00 USD) - 2025/01/12 20:53:18 WET [2025/01/12 15:53:18 ET]
Table 'Hormuthia III' 6-max Seat #1 is the button
Seat 4: BumHuntKing ($100 in chips) is sitting out
Seat 1: EvilReality ($100 in chips) 
Seat 2: Zvst ($100 in chips) 
Seat 3: kekoccc ($100 in chips) 
Seat 5: [FB]Voodoo ($149.64 in chips) 
Seat 6: MarciMarc1984 ($100 in chips) 
Zvst: posts small blind $0.50
kekoccc: posts big blind $1
BumHuntKing: sits out 
MarciMarc1984: posts big blind $1
*** HOLE CARDS ***
[FB]Voodoo: folds 
MarciMarc1984: checks 
EvilReality: raises $3 to $4
Zvst: folds 
kekoccc: folds 
MarciMarc1984: folds 
Uncalled bet ($3) returned to EvilReality
EvilReality collected $3.50 from pot
EvilReality: doesn't show hand 
*** SUMMARY ***
Total pot $3.50 | Rake $0 
Seat 4: BumHuntKing
Seat 1: EvilReality (button) collected ($3.50)
Seat 2: Zvst (small blind) folded before Flop
Seat 3: kekoccc (big blind) folded before Flop
Seat 5: [FB]Voodoo folded before Flop (didn't bet)
Seat 6: MarciMarc1984 folded before Flop (didn't bet)



PokerStars Hand #254338767548:  Hold'em No Limit ($0.50/$1.00 USD) - 2025/01/12 20:53:43 WET [2025/01/12 15:53:43 ET]
Table 'Hormuthia III' 6-max Seat #2 is the button
Seat 1: EvilReality ($102.50 in chips) 
Seat 2: Zvst ($100 in chips) 
Seat 3: kekoccc ($100 in chips) 
Seat 4: BumHuntKing ($100 in chips) 
Seat 5: [FB]Voodoo ($149.64 in chips) 
Seat 6: MarciMarc1984 ($99 in chips) 
kekoccc: posts small blind $0.50
BumHuntKing: posts big blind $1
*** HOLE CARDS ***
[FB]Voodoo: folds 
MarciMarc1984: calls $1
EvilReality: raises $3 to $4
Zvst: folds 
kekoccc: folds 
BumHuntKing: folds 
MarciMarc1984: calls $3
*** FLOP *** [8d Tc 7h]
MarciMarc1984: checks 
EvilReality: checks 
*** TURN *** [8d Tc 7h] [9s]
MarciMarc1984: checks 
EvilReality: checks 
*** RIVER *** [8d Tc 7h 9s] [2d]
kekoccc leaves the table
MarciMarc1984: checks 
EvilReality: checks 
*** SHOW DOWN ***
MarciMarc1984: shows [Kh Qs] (high card King)
EvilReality: shows [Ac 7c] (a pair of Sevens)
EvilReality collected $9.02 from pot
*** SUMMARY ***
Total pot $9.50 | Rake $0.48 
Board [8d Tc 7h 9s 2d]
Seat 1: EvilReality showed [Ac 7c] and won ($9.02) with a pair of Sevens
Seat 2: Zvst (button) folded before Flop (didn't bet)
Seat 3: kekoccc (small blind) folded before Flop
Seat 4: BumHuntKing (big blind) folded before Flop
Seat 5: [FB]Voodoo folded before Flop (didn't bet)
Seat 6: MarciMarc1984 showed [Kh Qs] and lost with high card King



PokerStars Hand #254338791308:  Hold'em No Limit ($0.50/$1.00 USD) - 2025/01/12 20:54:44 WET [2025/01/12 15:54:44 ET]
Table 'Hormuthia III' 6-max Seat #4 is the button
Seat 1: EvilReality ($107.52 in chips) 
Seat 2: Zvst ($100 in chips) 
Seat 4: BumHuntKing ($100 in chips) 
Seat 5: [FB]Voodoo ($149.64 in chips) 
Seat 6: MarciMarc1984 ($95 in chips) 
[FB]Voodoo: posts small blind $0.50
MarciMarc1984: posts big blind $1
*** HOLE CARDS ***
EvilReality: raises $1.50 to $2.50
Timonessb joins the table at seat #3 
Zvst: folds 
BumHuntKing: folds 
[FB]Voodoo: folds 
MarciMarc1984: calls $1.50
*** FLOP *** [6h 2c 8c]
MarciMarc1984: bets $2
EvilReality: calls $2
*** TURN *** [6h 2c 8c] [Jd]
MarciMarc1984: checks 
EvilReality: bets $6.76
MarciMarc1984: folds 
Uncalled bet ($6.76) returned to EvilReality
EvilReality collected $9.02 from pot
EvilReality: doesn't show hand 
*** SUMMARY ***
Total pot $9.50 | Rake $0.48 
Board [6h 2c 8c Jd]
Seat 1: EvilReality collected ($9.02)
Seat 2: Zvst folded before Flop (didn't bet)
Seat 4: BumHuntKing (button) folded before Flop (didn't bet)
Seat 5: [FB]Voodoo (small blind) folded before Flop
Seat 6: MarciMarc1984 (big blind) folded on the Turn



PokerStars Hand #254338802472:  Hold'em No Limit ($0.50/$1.00 USD) - 2025/01/12 20:55:21 WET [2025/01/12 15:55:21 ET]
Table 'Hormuthia III' 6-max Seat #5 is the button
Seat 3: Timonessb ($100 in chips) is sitting out
Seat 1: EvilReality ($112.04 in chips) 
Seat 2: Zvst ($100 in chips) 
Seat 4: BumHuntKing ($100 in chips) 
Seat 5: [FB]Voodoo ($149.14 in chips) 
Seat 6: MarciMarc1984 ($90.50 in chips) 
MarciMarc1984: posts small blind $0.50
EvilReality: posts big blind $1
Timonessb: sits out 
*** HOLE CARDS ***
Zvst: folds 
Zvst leaves the table
BumHuntKing: folds 
[FB]Voodoo: raises $1.20 to $2.20
MarciMarc1984: folds 
EvilReality: calls $1.20
*** FLOP *** [As Jd Ks]
EvilReality: checks 
[FB]Voodoo: checks 
*** TURN *** [As Jd Ks] [4c]
EvilReality: checks 
[FB]Voodoo: checks 
*** RIVER *** [As Jd Ks 4c] [Jh]
EvilReality: bets $3.49
[FB]Voodoo: folds 
Uncalled bet ($3.49) returned to EvilReality
EvilReality collected $4.66 from pot
EvilReality: doesn't show hand 
*** SUMMARY ***
Total pot $4.90 | Rake $0.24 
Board [As Jd Ks 4c Jh]
Seat 3: Timonessb
Seat 1: EvilReality (big blind) collected ($4.66)
Seat 2: Zvst folded before Flop (didn't bet)
Seat 4: BumHuntKing folded before Flop (didn't bet)
Seat 5: [FB]Voodoo (button) folded on the River
Seat 6: MarciMarc1984 (small blind) folded before Flop



PokerStars Hand #254338811921:  Hold'em No Limit ($0.50/$1.00 USD) - 2025/01/12 20:56:04 WET [2025/01/12 15:56:04 ET]
Table 'Hormuthia III' 6-max Seat #6 is the button
Seat 3: Timonessb ($100 in chips) is sitting out
Seat 1: EvilReality ($114.50 in chips) 
Seat 4: BumHuntKing ($100 in chips) 
Seat 5: [FB]Voodoo ($146.94 in chips) 
Seat 6: MarciMarc1984 ($90 in chips) 
EvilReality: posts small blind $0.50
BumHuntKing: posts big blind $1
*** HOLE CARDS ***
[FB]Voodoo: folds 
MarciMarc1984: folds 
[FB]Voodoo leaves the table
EvilReality: folds 
Uncalled bet ($0.50) returned to BumHuntKing
BumHuntKing collected $1 from pot
BumHuntKing: doesn't show hand 
*** SUMMARY ***
Total pot $1 | Rake $0 
Seat 3: Timonessb
Seat 1: EvilReality (small blind) folded before Flop
Seat 4: BumHuntKing (big blind) collected ($1)
Seat 5: [FB]Voodoo folded before Flop (didn't bet)
Seat 6: MarciMarc1984 (button) folded before Flop (didn't bet)



PokerStars Hand #254338814024:  Hold'em No Limit ($0.50/$1.00 USD) - 2025/01/12 20:56:13 WET [2025/01/12 15:56:13 ET]
Table 'Hormuthia III' 6-max Seat #1 is the button
Seat 3: Timonessb ($100 in chips) is sitting out
Seat 1: EvilReality ($114 in chips) 
Seat 4: BumHuntKing ($100.50 in chips) 
Seat 6: MarciMarc1984 ($90 in chips) 
BumHuntKing: posts small blind $0.50
MarciMarc1984: posts big blind $1
*** HOLE CARDS ***
EvilReality: raises $1.50 to $2.50
BumHuntKing: raises $9 to $11.50
MarciMarc1984: folds 
EvilReality: folds 
Uncalled bet ($9) returned to BumHuntKing
BumHuntKing collected $6 from pot
BumHuntKing: doesn't show hand 
*** SUMMARY ***
Total pot $6 | Rake $0 
Seat 3: Timonessb
Seat 1: EvilReality (button) folded before Flop
Seat 4: BumHuntKing (small blind) collected ($6)
Seat 6: MarciMarc1984 (big blind) folded before Flop



