PokerStars Hand #254328682739:  Hold'em No Limit ($0.50/$1.00 USD) - 2025/01/12 10:50:35 WET [2025/01/12 5:50:35 ET]
Table 'Kitalpha III' 6-max Seat #3 is the button
Seat 3: fobot21 ($100 in chips) 
Seat 6: erpaye ($101 in chips) 
fobot21: posts small blind $0.50
erpaye: posts big blind $1
*** HOLE CARDS ***
fobot21: folds 
Uncalled bet ($0.50) returned to erpaye
erpaye collected $1 from pot
erpaye: doesn't show hand 
*** SUMMARY ***
Total pot $1 | Rake $0 
Seat 3: fobot21 (button) (small blind) folded before Flop
Seat 6: erpaye (big blind) collected ($1)



PokerStars Hand #254328683809:  Hold'em No Limit ($0.50/$1.00 USD) - 2025/01/12 10:50:43 WET [2025/01/12 5:50:43 ET]
Table 'Kitalpha III' 6-max Seat #6 is the button
Seat 3: fobot21 ($100 in chips) 
Seat 6: erpaye ($101.50 in chips) 
erpaye: posts small blind $0.50
fobot21: posts big blind $1
*** HOLE CARDS ***
erpaye: raises $1.20 to $2.20
fobot21: folds 
Uncalled bet ($1.20) returned to erpaye
erpaye collected $2 from pot
erpaye: doesn't show hand 
*** SUMMARY ***
Total pot $2 | Rake $0 
Seat 3: fobot21 (big blind) folded before Flop
Seat 6: erpaye (button) (small blind) collected ($2)



PokerStars Hand #254328685657:  Hold'em No Limit ($0.50/$1.00 USD) - 2025/01/12 10:50:56 WET [2025/01/12 5:50:56 ET]
Table 'Kitalpha III' 6-max Seat #3 is the button
Seat 3: fobot21 ($100 in chips) 
Seat 6: erpaye ($102.50 in chips) 
fobot21: posts small blind $0.50
erpaye: posts big blind $1
*** HOLE CARDS ***
fobot21: raises $1.90 to $2.90
erpaye: raises $7.70 to $10.60
fobot21: calls $7.70
*** FLOP *** [5c 4c 8h]
erpaye: checks 
fobot21: checks 
*** TURN *** [5c 4c 8h] [7d]
erpaye: checks 
fobot21: bets $6.87
erpaye: folds 
Uncalled bet ($6.87) returned to fobot21
fobot21 collected $20.20 from pot
fobot21: doesn't show hand 
*** SUMMARY ***
Total pot $21.20 | Rake $1 
Board [5c 4c 8h 7d]
Seat 3: fobot21 (button) (small blind) collected ($20.20)
Seat 6: erpaye (big blind) folded on the Turn



PokerStars Hand #254328698394:  Hold'em No Limit ($0.50/$1.00 USD) - 2025/01/12 10:52:29 WET [2025/01/12 5:52:29 ET]
Table 'Kitalpha III' 6-max Seat #6 is the button
Seat 3: fobot21 ($109.60 in chips) 
Seat 6: erpaye ($100 in chips) 
erpaye: posts small blind $0.50
fobot21: posts big blind $1
*** HOLE CARDS ***
erpaye: raises $1.20 to $2.20
fobot21: folds 
Uncalled bet ($1.20) returned to erpaye
erpaye collected $2 from pot
erpaye: doesn't show hand 
*** SUMMARY ***
Total pot $2 | Rake $0 
Seat 3: fobot21 (big blind) folded before Flop
Seat 6: erpaye (button) (small blind) collected ($2)



PokerStars Hand #254328700840:  Hold'em No Limit ($0.50/$1.00 USD) - 2025/01/12 10:52:47 WET [2025/01/12 5:52:47 ET]
Table 'Kitalpha III' 6-max Seat #3 is the button
Seat 3: fobot21 ($108.60 in chips) 
Seat 6: erpaye ($101 in chips) 
fobot21: posts small blind $0.50
erpaye: posts big blind $1
*** HOLE CARDS ***
fobot21: folds 
Uncalled bet ($0.50) returned to erpaye
erpaye collected $1 from pot
erpaye: doesn't show hand 
*** SUMMARY ***
Total pot $1 | Rake $0 
Seat 3: fobot21 (button) (small blind) folded before Flop
Seat 6: erpaye (big blind) collected ($1)



