PokerStars Hand #254334452109:  Hold'em No Limit ($0.50/$1.00 USD) - 2025/01/12 17:59:08 WET [2025/01/12 12:59:08 ET]
Table 'Scania III' 6-max Seat #6 is the button
Seat 1: Dulejunge ($74.12 in chips) 
Seat 2: blistein ($100 in chips) 
Seat 3: worker0k ($100 in chips) 
Seat 4: MAO_DZEDYN_S ($101.50 in chips) 
Seat 5: EasyGamerrr ($100 in chips) 
Seat 6: Pippa83 ($128.22 in chips) 
Dulejunge: posts small blind $0.50
blistein: posts big blind $1
*** HOLE CARDS ***
worker0k: folds 
MAO_DZEDYN_S: folds 
EasyGamerrr: folds 
Pippa83: folds 
Dulejunge: folds 
Uncalled bet ($0.50) returned to blistein
blistein collected $1 from pot
blistein: doesn't show hand 
*** SUMMARY ***
Total pot $1 | Rake $0 
Seat 1: Dulejunge (small blind) folded before Flop
Seat 2: blistein (big blind) collected ($1)
Seat 3: worker0k folded before Flop (didn't bet)
Seat 4: MAO_DZEDYN_S folded before Flop (didn't bet)
Seat 5: EasyGamerrr folded before Flop (didn't bet)
Seat 6: Pippa83 (button) folded before Flop (didn't bet)



PokerStars Hand #254334455104:  Hold'em No Limit ($0.50/$1.00 USD) - 2025/01/12 17:59:23 WET [2025/01/12 12:59:23 ET]
Table 'Scania III' 6-max Seat #1 is the button
Seat 1: Dulejunge ($73.62 in chips) 
Seat 2: blistein ($100.50 in chips) 
Seat 3: worker0k ($100 in chips) 
Seat 4: MAO_DZEDYN_S ($101.50 in chips) 
Seat 5: EasyGamerrr ($100 in chips) 
Seat 6: Pippa83 ($128.22 in chips) 
blistein: posts small blind $0.50
worker0k: posts big blind $1
*** HOLE CARDS ***
MAO_DZEDYN_S: folds 
EasyGamerrr: folds 
Pippa83: folds 
Dulejunge: raises $1.50 to $2.50
blistein: folds 
worker0k: folds 
Uncalled bet ($1.50) returned to Dulejunge
Dulejunge collected $2.50 from pot
*** SUMMARY ***
Total pot $2.50 | Rake $0 
Seat 1: Dulejunge (button) collected ($2.50)
Seat 2: blistein (small blind) folded before Flop
Seat 3: worker0k (big blind) folded before Flop
Seat 4: MAO_DZEDYN_S folded before Flop (didn't bet)
Seat 5: EasyGamerrr folded before Flop (didn't bet)
Seat 6: Pippa83 folded before Flop (didn't bet)



PokerStars Hand #254334458923:  Hold'em No Limit ($0.50/$1.00 USD) - 2025/01/12 17:59:40 WET [2025/01/12 12:59:40 ET]
Table 'Scania III' 6-max Seat #2 is the button
Seat 1: Dulejunge ($75.12 in chips) 
Seat 2: blistein ($100 in chips) 
Seat 3: worker0k ($100 in chips) 
Seat 4: MAO_DZEDYN_S ($101.50 in chips) 
Seat 5: EasyGamerrr ($100 in chips) 
Seat 6: Pippa83 ($128.22 in chips) 
worker0k: posts small blind $0.50
MAO_DZEDYN_S: posts big blind $1
*** HOLE CARDS ***
EasyGamerrr: folds 
Pippa83: folds 
Dulejunge: raises $1.50 to $2.50
blistein: folds 
worker0k: folds 
MAO_DZEDYN_S: folds 
Uncalled bet ($1.50) returned to Dulejunge
Dulejunge collected $2.50 from pot
*** SUMMARY ***
Total pot $2.50 | Rake $0 
Seat 1: Dulejunge collected ($2.50)
Seat 2: blistein (button) folded before Flop (didn't bet)
Seat 3: worker0k (small blind) folded before Flop
Seat 4: MAO_DZEDYN_S (big blind) folded before Flop
Seat 5: EasyGamerrr folded before Flop (didn't bet)
Seat 6: Pippa83 folded before Flop (didn't bet)



PokerStars Hand #254334464009:  Hold'em No Limit ($0.50/$1.00 USD) - 2025/01/12 17:59:59 WET [2025/01/12 12:59:59 ET]
Table 'Scania III' 6-max Seat #3 is the button
Seat 1: Dulejunge ($76.62 in chips) 
Seat 2: blistein ($100 in chips) 
Seat 3: worker0k ($100 in chips) 
Seat 4: MAO_DZEDYN_S ($100.50 in chips) 
Seat 5: EasyGamerrr ($100 in chips) 
Seat 6: Pippa83 ($128.22 in chips) 
MAO_DZEDYN_S: posts small blind $0.50
EasyGamerrr: posts big blind $1
*** HOLE CARDS ***
Pippa83: folds 
Dulejunge: folds 
blistein: folds 
worker0k: folds 
MAO_DZEDYN_S: folds 
Uncalled bet ($0.50) returned to EasyGamerrr
EasyGamerrr collected $1 from pot
EasyGamerrr: doesn't show hand 
*** SUMMARY ***
Total pot $1 | Rake $0 
Seat 1: Dulejunge folded before Flop (didn't bet)
Seat 2: blistein folded before Flop (didn't bet)
Seat 3: worker0k (button) folded before Flop (didn't bet)
Seat 4: MAO_DZEDYN_S (small blind) folded before Flop
Seat 5: EasyGamerrr (big blind) collected ($1)
Seat 6: Pippa83 folded before Flop (didn't bet)



PokerStars Hand #254334466168:  Hold'em No Limit ($0.50/$1.00 USD) - 2025/01/12 18:00:08 WET [2025/01/12 13:00:08 ET]
Table 'Scania III' 6-max Seat #4 is the button
Seat 1: Dulejunge ($76.62 in chips) 
Seat 2: blistein ($100 in chips) 
Seat 3: worker0k ($100 in chips) 
Seat 4: MAO_DZEDYN_S ($100 in chips) 
Seat 5: EasyGamerrr ($100.50 in chips) 
Seat 6: Pippa83 ($128.22 in chips) 
EasyGamerrr: posts small blind $0.50
Pippa83: posts big blind $1
*** HOLE CARDS ***
Dulejunge: folds 
blistein: folds 
worker0k: folds 
MAO_DZEDYN_S: folds 
EasyGamerrr: folds 
Uncalled bet ($0.50) returned to Pippa83
Pippa83 collected $1 from pot
Pippa83: doesn't show hand 
*** SUMMARY ***
Total pot $1 | Rake $0 
Seat 1: Dulejunge folded before Flop (didn't bet)
Seat 2: blistein folded before Flop (didn't bet)
Seat 3: worker0k folded before Flop (didn't bet)
Seat 4: MAO_DZEDYN_S (button) folded before Flop (didn't bet)
Seat 5: EasyGamerrr (small blind) folded before Flop
Seat 6: Pippa83 (big blind) collected ($1)



PokerStars Hand #254334471882:  Hold'em No Limit ($0.50/$1.00 USD) - 2025/01/12 18:00:32 WET [2025/01/12 13:00:32 ET]
Table 'Scania III' 6-max Seat #5 is the button
Seat 1: Dulejunge ($76.62 in chips) 
Seat 2: blistein ($100 in chips) 
Seat 3: worker0k ($100 in chips) 
Seat 4: MAO_DZEDYN_S ($100 in chips) 
Seat 5: EasyGamerrr ($100 in chips) 
Seat 6: Pippa83 ($128.72 in chips) 
Pippa83: posts small blind $0.50
Dulejunge: posts big blind $1
*** HOLE CARDS ***
blistein: raises $1.20 to $2.20
worker0k: folds 
MAO_DZEDYN_S: folds 
EasyGamerrr: folds 
Pippa83: folds 
Dulejunge: folds 
Uncalled bet ($1.20) returned to blistein
blistein collected $2.50 from pot
blistein: doesn't show hand 
*** SUMMARY ***
Total pot $2.50 | Rake $0 
Seat 1: Dulejunge (big blind) folded before Flop
Seat 2: blistein collected ($2.50)
Seat 3: worker0k folded before Flop (didn't bet)
Seat 4: MAO_DZEDYN_S folded before Flop (didn't bet)
Seat 5: EasyGamerrr (button) folded before Flop (didn't bet)
Seat 6: Pippa83 (small blind) folded before Flop



PokerStars Hand #254334477655:  Hold'em No Limit ($0.50/$1.00 USD) - 2025/01/12 18:00:53 WET [2025/01/12 13:00:53 ET]
Table 'Scania III' 6-max Seat #6 is the button
Seat 1: Dulejunge ($99 in chips) 
Seat 2: blistein ($101.50 in chips) 
Seat 3: worker0k ($100 in chips) 
Seat 4: MAO_DZEDYN_S ($100 in chips) 
Seat 5: EasyGamerrr ($100 in chips) 
Seat 6: Pippa83 ($128.22 in chips) 
Dulejunge: posts small blind $0.50
blistein: posts big blind $1
*** HOLE CARDS ***
worker0k: folds 
MAO_DZEDYN_S: folds 
EasyGamerrr: raises $1.50 to $2.50
Pippa83: folds 
Dulejunge: folds 
blistein: calls $1.50
*** FLOP *** [5d 6c 5h]
blistein: checks 
EasyGamerrr: checks 
*** TURN *** [5d 6c 5h] [3c]
blistein: bets $1.77
EasyGamerrr: raises $4.23 to $6
blistein: calls $4.23
*** RIVER *** [5d 6c 5h 3c] [7s]
blistein: bets $5.65
EasyGamerrr: folds 
Uncalled bet ($5.65) returned to blistein
blistein collected $16.62 from pot
blistein: doesn't show hand 
*** SUMMARY ***
Total pot $17.50 | Rake $0.88 
Board [5d 6c 5h 3c 7s]
Seat 1: Dulejunge (small blind) folded before Flop
Seat 2: blistein (big blind) collected ($16.62)
Seat 3: worker0k folded before Flop (didn't bet)
Seat 4: MAO_DZEDYN_S folded before Flop (didn't bet)
Seat 5: EasyGamerrr folded on the River
Seat 6: Pippa83 (button) folded before Flop (didn't bet)



PokerStars Hand #254334500885:  Hold'em No Limit ($0.50/$1.00 USD) - 2025/01/12 18:02:12 WET [2025/01/12 13:02:12 ET]
Table 'Scania III' 6-max Seat #1 is the button
Seat 1: Dulejunge ($98.50 in chips) 
Seat 2: blistein ($109.62 in chips) 
Seat 3: worker0k ($100 in chips) 
Seat 4: MAO_DZEDYN_S ($100 in chips) 
Seat 5: EasyGamerrr ($100 in chips) 
Seat 6: Pippa83 ($128.22 in chips) 
blistein: posts small blind $0.50
worker0k: posts big blind $1
*** HOLE CARDS ***
MAO_DZEDYN_S: folds 
EasyGamerrr: folds 
Pippa83: folds 
Dulejunge: folds 
blistein: raises $2 to $3
worker0k: calls $2
*** FLOP *** [Qh 8s 9h]
blistein: checks 
worker0k: checks 
*** TURN *** [Qh 8s 9h] [8c]
blistein: checks 
worker0k: bets $1.88
blistein: calls $1.88
*** RIVER *** [Qh 8s 9h 8c] [7c]
blistein: checks 
worker0k: checks 
*** SHOW DOWN ***
blistein: shows [Ad Tc] (a pair of Eights)
worker0k: shows [7d 5d] (two pair, Eights and Sevens)
worker0k collected $9.27 from pot
*** SUMMARY ***
Total pot $9.76 | Rake $0.49 
Board [Qh 8s 9h 8c 7c]
Seat 1: Dulejunge (button) folded before Flop (didn't bet)
Seat 2: blistein (small blind) showed [Ad Tc] and lost with a pair of Eights
Seat 3: worker0k (big blind) showed [7d 5d] and won ($9.27) with two pair, Eights and Sevens
Seat 4: MAO_DZEDYN_S folded before Flop (didn't bet)
Seat 5: EasyGamerrr folded before Flop (didn't bet)
Seat 6: Pippa83 folded before Flop (didn't bet)



PokerStars Hand #254334527244:  Hold'em No Limit ($0.50/$1.00 USD) - 2025/01/12 18:03:29 WET [2025/01/12 13:03:29 ET]
Table 'Scania III' 6-max Seat #2 is the button
Seat 1: Dulejunge ($98.50 in chips) 
Seat 2: blistein ($104.74 in chips) 
Seat 3: worker0k ($104.39 in chips) 
Seat 4: MAO_DZEDYN_S ($100 in chips) 
Seat 5: EasyGamerrr ($100 in chips) 
Seat 6: Pippa83 ($128.22 in chips) 
worker0k: posts small blind $0.50
MAO_DZEDYN_S: posts big blind $1
*** HOLE CARDS ***
EasyGamerrr: folds 
Pippa83: folds 
Dulejunge: raises $1.50 to $2.50
blistein: folds 
worker0k: folds 
MAO_DZEDYN_S: calls $1.50
*** FLOP *** [Qd 6c 5c]
MAO_DZEDYN_S: checks 
Dulejunge: bets $2
MAO_DZEDYN_S: raises $5.40 to $7.40
Dulejunge: calls $5.40
*** TURN *** [Qd 6c 5c] [Th]
MAO_DZEDYN_S: bets $19.13
Dulejunge: folds 
Uncalled bet ($19.13) returned to MAO_DZEDYN_S
MAO_DZEDYN_S collected $19.28 from pot
MAO_DZEDYN_S: doesn't show hand 
*** SUMMARY ***
Total pot $20.30 | Rake $1.02 
Board [Qd 6c 5c Th]
Seat 1: Dulejunge folded on the Turn
Seat 2: blistein (button) folded before Flop (didn't bet)
Seat 3: worker0k (small blind) folded before Flop
Seat 4: MAO_DZEDYN_S (big blind) collected ($19.28)
Seat 5: EasyGamerrr folded before Flop (didn't bet)
Seat 6: Pippa83 folded before Flop (didn't bet)



PokerStars Hand #254334559671:  Hold'em No Limit ($0.50/$1.00 USD) - 2025/01/12 18:05:02 WET [2025/01/12 13:05:02 ET]
Table 'Scania III' 6-max Seat #3 is the button
Seat 1: Dulejunge ($88.60 in chips) 
Seat 2: blistein ($104.74 in chips) 
Seat 3: worker0k ($103.89 in chips) 
Seat 4: MAO_DZEDYN_S ($109.38 in chips) 
Seat 5: EasyGamerrr ($100 in chips) 
Seat 6: Pippa83 ($128.22 in chips) 
MAO_DZEDYN_S: posts small blind $0.50
EasyGamerrr: posts big blind $1
*** HOLE CARDS ***
Pippa83: folds 
Dulejunge: folds 
blistein: folds 
worker0k: raises $1.30 to $2.30
MAO_DZEDYN_S: folds 
EasyGamerrr: calls $1.30
*** FLOP *** [3h 9s Qs]
EasyGamerrr: checks 
worker0k: bets $1.60
EasyGamerrr: raises $5.40 to $7
worker0k: folds 
Uncalled bet ($5.40) returned to EasyGamerrr
EasyGamerrr collected $7.88 from pot
EasyGamerrr: doesn't show hand 
*** SUMMARY ***
Total pot $8.30 | Rake $0.42 
Board [3h 9s Qs]
Seat 1: Dulejunge folded before Flop (didn't bet)
Seat 2: blistein folded before Flop (didn't bet)
Seat 3: worker0k (button) folded on the Flop
Seat 4: MAO_DZEDYN_S (small blind) folded before Flop
Seat 5: EasyGamerrr (big blind) collected ($7.88)
Seat 6: Pippa83 folded before Flop (didn't bet)



PokerStars Hand #254334572795:  Hold'em No Limit ($0.50/$1.00 USD) - 2025/01/12 18:05:40 WET [2025/01/12 13:05:40 ET]
Table 'Scania III' 6-max Seat #4 is the button
Seat 1: Dulejunge ($100 in chips) 
Seat 2: blistein ($104.74 in chips) 
Seat 3: worker0k ($100 in chips) 
Seat 4: MAO_DZEDYN_S ($108.88 in chips) 
Seat 5: EasyGamerrr ($103.98 in chips) 
Seat 6: Pippa83 ($128.22 in chips) 
EasyGamerrr: posts small blind $0.50
Pippa83: posts big blind $1
*** HOLE CARDS ***
Dulejunge: raises $1.50 to $2.50
blistein: raises $4.50 to $7
worker0k: folds 
MAO_DZEDYN_S: folds 
EasyGamerrr: folds 
Pippa83: folds 
Dulejunge: raises $12.50 to $19.50
blistein: folds 
Uncalled bet ($12.50) returned to Dulejunge
Dulejunge collected $15.50 from pot
*** SUMMARY ***
Total pot $15.50 | Rake $0 
Seat 1: Dulejunge collected ($15.50)
Seat 2: blistein folded before Flop
Seat 3: worker0k folded before Flop (didn't bet)
Seat 4: MAO_DZEDYN_S (button) folded before Flop (didn't bet)
Seat 5: EasyGamerrr (small blind) folded before Flop
Seat 6: Pippa83 (big blind) folded before Flop



PokerStars Hand #254334583228:  Hold'em No Limit ($0.50/$1.00 USD) - 2025/01/12 18:06:10 WET [2025/01/12 13:06:10 ET]
Table 'Scania III' 6-max Seat #5 is the button
Seat 1: Dulejunge ($108.50 in chips) 
Seat 2: blistein ($100 in chips) 
Seat 3: worker0k ($100 in chips) 
Seat 4: MAO_DZEDYN_S ($108.88 in chips) 
Seat 5: EasyGamerrr ($103.48 in chips) 
Seat 6: Pippa83 ($127.22 in chips) 
Pippa83: posts small blind $0.50
Dulejunge: posts big blind $1
*** HOLE CARDS ***
blistein: folds 
worker0k: folds 
MAO_DZEDYN_S: raises $1.25 to $2.25
EasyGamerrr: calls $2.25
Pippa83: folds 
Dulejunge: folds 
*** FLOP *** [2s Qc 3h]
MAO_DZEDYN_S: bets $4.28
EasyGamerrr: folds 
Uncalled bet ($4.28) returned to MAO_DZEDYN_S
MAO_DZEDYN_S collected $5.70 from pot
MAO_DZEDYN_S: doesn't show hand 
*** SUMMARY ***
Total pot $6 | Rake $0.30 
Board [2s Qc 3h]
Seat 1: Dulejunge (big blind) folded before Flop
Seat 2: blistein folded before Flop (didn't bet)
Seat 3: worker0k folded before Flop (didn't bet)
Seat 4: MAO_DZEDYN_S collected ($5.70)
Seat 5: EasyGamerrr (button) folded on the Flop
Seat 6: Pippa83 (small blind) folded before Flop



PokerStars Hand #254334599877:  Hold'em No Limit ($0.50/$1.00 USD) - 2025/01/12 18:06:56 WET [2025/01/12 13:06:56 ET]
Table 'Scania III' 6-max Seat #6 is the button
Seat 1: Dulejunge ($107.50 in chips) 
Seat 2: blistein ($100 in chips) 
Seat 3: worker0k ($100 in chips) 
Seat 4: MAO_DZEDYN_S ($112.33 in chips) 
Seat 5: EasyGamerrr ($101.23 in chips) 
Seat 6: Pippa83 ($126.72 in chips) 
Dulejunge: posts small blind $0.50
blistein: posts big blind $1
*** HOLE CARDS ***
worker0k: folds 
MAO_DZEDYN_S: folds 
EasyGamerrr: folds 
Pippa83: raises $1.50 to $2.50
Dulejunge: folds 
blistein: folds 
Uncalled bet ($1.50) returned to Pippa83
Pippa83 collected $2.50 from pot
Pippa83: doesn't show hand 
*** SUMMARY ***
Total pot $2.50 | Rake $0 
Seat 1: Dulejunge (small blind) folded before Flop
Seat 2: blistein (big blind) folded before Flop
Seat 3: worker0k folded before Flop (didn't bet)
Seat 4: MAO_DZEDYN_S folded before Flop (didn't bet)
Seat 5: EasyGamerrr folded before Flop (didn't bet)
Seat 6: Pippa83 (button) collected ($2.50)



PokerStars Hand #254334610142:  Hold'em No Limit ($0.50/$1.00 USD) - 2025/01/12 18:07:26 WET [2025/01/12 13:07:26 ET]
Table 'Scania III' 6-max Seat #1 is the button
Seat 1: Dulejunge ($107 in chips) 
Seat 2: blistein ($100 in chips) 
Seat 3: worker0k ($100 in chips) 
Seat 4: MAO_DZEDYN_S ($112.33 in chips) 
Seat 5: EasyGamerrr ($101.23 in chips) 
Seat 6: Pippa83 ($128.22 in chips) 
blistein: posts small blind $0.50
worker0k: posts big blind $1
*** HOLE CARDS ***
MAO_DZEDYN_S: raises $1.25 to $2.25
EasyGamerrr: folds 
Pippa83: raises $4.75 to $7
Dulejunge: folds 
blistein: folds 
worker0k: folds 
MAO_DZEDYN_S: folds 
Uncalled bet ($4.75) returned to Pippa83
Pippa83 collected $6 from pot
Pippa83: doesn't show hand 
*** SUMMARY ***
Total pot $6 | Rake $0 
Seat 1: Dulejunge (button) folded before Flop (didn't bet)
Seat 2: blistein (small blind) folded before Flop
Seat 3: worker0k (big blind) folded before Flop
Seat 4: MAO_DZEDYN_S folded before Flop
Seat 5: EasyGamerrr folded before Flop (didn't bet)
Seat 6: Pippa83 collected ($6)



PokerStars Hand #254334617668:  Hold'em No Limit ($0.50/$1.00 USD) - 2025/01/12 18:07:47 WET [2025/01/12 13:07:47 ET]
Table 'Scania III' 6-max Seat #2 is the button
Seat 1: Dulejunge ($107 in chips) 
Seat 2: blistein ($100 in chips) 
Seat 3: worker0k ($100 in chips) 
Seat 4: MAO_DZEDYN_S ($110.08 in chips) 
Seat 5: EasyGamerrr ($101.23 in chips) 
Seat 6: Pippa83 ($131.97 in chips) 
worker0k: posts small blind $0.50
MAO_DZEDYN_S: posts big blind $1
*** HOLE CARDS ***
EasyGamerrr: folds 
Pippa83: folds 
Dulejunge: folds 
blistein: raises $1.50 to $2.50
worker0k: folds 
MAO_DZEDYN_S: folds 
Uncalled bet ($1.50) returned to blistein
blistein collected $2.50 from pot
blistein: doesn't show hand 
*** SUMMARY ***
Total pot $2.50 | Rake $0 
Seat 1: Dulejunge folded before Flop (didn't bet)
Seat 2: blistein (button) collected ($2.50)
Seat 3: worker0k (small blind) folded before Flop
Seat 4: MAO_DZEDYN_S (big blind) folded before Flop
Seat 5: EasyGamerrr folded before Flop (didn't bet)
Seat 6: Pippa83 folded before Flop (didn't bet)



PokerStars Hand #254334625267:  Hold'em No Limit ($0.50/$1.00 USD) - 2025/01/12 18:08:08 WET [2025/01/12 13:08:08 ET]
Table 'Scania III' 6-max Seat #3 is the button
Seat 1: Dulejunge ($107 in chips) 
Seat 2: blistein ($101.50 in chips) 
Seat 3: worker0k ($100 in chips) 
Seat 4: MAO_DZEDYN_S ($109.08 in chips) 
Seat 5: EasyGamerrr ($101.23 in chips) 
Seat 6: Pippa83 ($131.97 in chips) 
MAO_DZEDYN_S: posts small blind $0.50
EasyGamerrr: posts big blind $1
*** HOLE CARDS ***
Pippa83: folds 
Dulejunge: folds 
blistein: folds 
worker0k: folds 
MAO_DZEDYN_S: folds 
Uncalled bet ($0.50) returned to EasyGamerrr
EasyGamerrr collected $1 from pot
EasyGamerrr: doesn't show hand 
*** SUMMARY ***
Total pot $1 | Rake $0 
Seat 1: Dulejunge folded before Flop (didn't bet)
Seat 2: blistein folded before Flop (didn't bet)
Seat 3: worker0k (button) folded before Flop (didn't bet)
Seat 4: MAO_DZEDYN_S (small blind) folded before Flop
Seat 5: EasyGamerrr (big blind) collected ($1)
Seat 6: Pippa83 folded before Flop (didn't bet)



PokerStars Hand #254334631387:  Hold'em No Limit ($0.50/$1.00 USD) - 2025/01/12 18:08:26 WET [2025/01/12 13:08:26 ET]
Table 'Scania III' 6-max Seat #4 is the button
Seat 1: Dulejunge ($107 in chips) 
Seat 2: blistein ($101.50 in chips) 
Seat 3: worker0k ($100 in chips) 
Seat 4: MAO_DZEDYN_S ($108.58 in chips) 
Seat 5: EasyGamerrr ($101.73 in chips) 
Seat 6: Pippa83 ($131.97 in chips) 
EasyGamerrr: posts small blind $0.50
Pippa83: posts big blind $1
*** HOLE CARDS ***
Dulejunge: folds 
blistein: folds 
worker0k: folds 
MAO_DZEDYN_S: raises $1.50 to $2.50
EasyGamerrr: folds 
Pippa83: folds 
Uncalled bet ($1.50) returned to MAO_DZEDYN_S
MAO_DZEDYN_S collected $2.50 from pot
MAO_DZEDYN_S: doesn't show hand 
*** SUMMARY ***
Total pot $2.50 | Rake $0 
Seat 1: Dulejunge folded before Flop (didn't bet)
Seat 2: blistein folded before Flop (didn't bet)
Seat 3: worker0k folded before Flop (didn't bet)
Seat 4: MAO_DZEDYN_S (button) collected ($2.50)
Seat 5: EasyGamerrr (small blind) folded before Flop
Seat 6: Pippa83 (big blind) folded before Flop



PokerStars Hand #254334638431:  Hold'em No Limit ($0.50/$1.00 USD) - 2025/01/12 18:08:45 WET [2025/01/12 13:08:45 ET]
Table 'Scania III' 6-max Seat #5 is the button
Seat 1: Dulejunge ($107 in chips) 
Seat 2: blistein ($101.50 in chips) 
Seat 3: worker0k ($100 in chips) 
Seat 4: MAO_DZEDYN_S ($110.08 in chips) 
Seat 5: EasyGamerrr ($101.23 in chips) 
Seat 6: Pippa83 ($130.97 in chips) 
Pippa83: posts small blind $0.50
Dulejunge: posts big blind $1
*** HOLE CARDS ***
blistein: folds 
worker0k: folds 
MAO_DZEDYN_S: raises $1.25 to $2.25
EasyGamerrr: raises $4.75 to $7
Pippa83: folds 
Dulejunge: raises $11.75 to $18.75
MAO_DZEDYN_S: folds 
EasyGamerrr: raises $82.48 to $101.23 and is all-in
Dulejunge: calls $82.48
*** FLOP *** [Qc 5d Qs]
*** TURN *** [Qc 5d Qs] [3d]
*** RIVER *** [Qc 5d Qs 3d] [Th]
*** SHOW DOWN ***
Dulejunge: shows [5c Tc] (two pair, Queens and Tens)
EasyGamerrr: shows [6h 6d] (two pair, Queens and Sixes)
Dulejunge collected $202.09 from pot
*** SUMMARY ***
Total pot $205.21 | Rake $3.12 
Board [Qc 5d Qs 3d Th]
Seat 1: Dulejunge (big blind) showed [5c Tc] and won ($202.09) with two pair, Queens and Tens
Seat 2: blistein folded before Flop (didn't bet)
Seat 3: worker0k folded before Flop (didn't bet)
Seat 4: MAO_DZEDYN_S folded before Flop
Seat 5: EasyGamerrr (button) showed [6h 6d] and lost with two pair, Queens and Sixes
Seat 6: Pippa83 (small blind) folded before Flop



PokerStars Hand #254334660492:  Hold'em No Limit ($0.50/$1.00 USD) - 2025/01/12 18:09:48 WET [2025/01/12 13:09:48 ET]
Table 'Scania III' 6-max Seat #6 is the button
Seat 1: Dulejunge ($207.86 in chips) 
Seat 2: blistein ($101.50 in chips) 
Seat 3: worker0k ($100 in chips) 
Seat 4: MAO_DZEDYN_S ($107.83 in chips) 
Seat 5: EasyGamerrr ($100 in chips) 
Seat 6: Pippa83 ($130.47 in chips) 
Dulejunge: posts small blind $0.50
blistein: posts big blind $1
*** HOLE CARDS ***
worker0k: raises $1.30 to $2.30
MAO_DZEDYN_S: folds 
EasyGamerrr: raises $4.70 to $7
Pippa83: folds 
Dulejunge: folds 
blistein: folds 
worker0k: folds 
Uncalled bet ($4.70) returned to EasyGamerrr
EasyGamerrr collected $6.10 from pot
EasyGamerrr: doesn't show hand 
*** SUMMARY ***
Total pot $6.10 | Rake $0 
Seat 1: Dulejunge (small blind) folded before Flop
Seat 2: blistein (big blind) folded before Flop
Seat 3: worker0k folded before Flop
Seat 4: MAO_DZEDYN_S folded before Flop (didn't bet)
Seat 5: EasyGamerrr collected ($6.10)
Seat 6: Pippa83 (button) folded before Flop (didn't bet)



PokerStars Hand #254334666798:  Hold'em No Limit ($0.50/$1.00 USD) - 2025/01/12 18:10:06 WET [2025/01/12 13:10:06 ET]
Table 'Scania III' 6-max Seat #1 is the button
Seat 1: Dulejunge ($207.36 in chips) 
Seat 2: blistein ($100.50 in chips) 
Seat 3: worker0k ($100 in chips) 
Seat 4: MAO_DZEDYN_S ($107.83 in chips) 
Seat 5: EasyGamerrr ($103.80 in chips) 
Seat 6: Pippa83 ($130.47 in chips) 
blistein: posts small blind $0.50
worker0k: posts big blind $1
*** HOLE CARDS ***
MAO_DZEDYN_S: folds 
EasyGamerrr: raises $1 to $2
Pippa83: folds 
Dulejunge: folds 
blistein: folds 
worker0k: calls $1
*** FLOP *** [8h 8s Qc]
worker0k: checks 
EasyGamerrr: bets $1.41
worker0k: folds 
Uncalled bet ($1.41) returned to EasyGamerrr
EasyGamerrr collected $4.28 from pot
EasyGamerrr: doesn't show hand 
*** SUMMARY ***
Total pot $4.50 | Rake $0.22 
Board [8h 8s Qc]
Seat 1: Dulejunge (button) folded before Flop (didn't bet)
Seat 2: blistein (small blind) folded before Flop
Seat 3: worker0k (big blind) folded on the Flop
Seat 4: MAO_DZEDYN_S folded before Flop (didn't bet)
Seat 5: EasyGamerrr collected ($4.28)
Seat 6: Pippa83 folded before Flop (didn't bet)



PokerStars Hand #254334674229:  Hold'em No Limit ($0.50/$1.00 USD) - 2025/01/12 18:10:27 WET [2025/01/12 13:10:27 ET]
Table 'Scania III' 6-max Seat #2 is the button
Seat 1: Dulejunge ($207.36 in chips) 
Seat 2: blistein ($100 in chips) 
Seat 3: worker0k ($100 in chips) 
Seat 4: MAO_DZEDYN_S ($107.83 in chips) 
Seat 5: EasyGamerrr ($106.08 in chips) 
Seat 6: Pippa83 ($130.47 in chips) 
worker0k: posts small blind $0.50
MAO_DZEDYN_S: posts big blind $1
*** HOLE CARDS ***
EasyGamerrr: raises $1 to $2
Pippa83: folds 
Dulejunge: folds 
blistein: folds 
worker0k: folds 
MAO_DZEDYN_S: folds 
Uncalled bet ($1) returned to EasyGamerrr
EasyGamerrr collected $2.50 from pot
EasyGamerrr: doesn't show hand 
*** SUMMARY ***
Total pot $2.50 | Rake $0 
Seat 1: Dulejunge folded before Flop (didn't bet)
Seat 2: blistein (button) folded before Flop (didn't bet)
Seat 3: worker0k (small blind) folded before Flop
Seat 4: MAO_DZEDYN_S (big blind) folded before Flop
Seat 5: EasyGamerrr collected ($2.50)
Seat 6: Pippa83 folded before Flop (didn't bet)



PokerStars Hand #254334677577:  Hold'em No Limit ($0.50/$1.00 USD) - 2025/01/12 18:10:37 WET [2025/01/12 13:10:37 ET]
Table 'Scania III' 6-max Seat #3 is the button
Seat 1: Dulejunge ($207.36 in chips) 
Seat 2: blistein ($100 in chips) 
Seat 3: worker0k ($100 in chips) 
Seat 4: MAO_DZEDYN_S ($106.83 in chips) 
Seat 5: EasyGamerrr ($107.58 in chips) 
Seat 6: Pippa83 ($130.47 in chips) 
MAO_DZEDYN_S: posts small blind $0.50
EasyGamerrr: posts big blind $1
*** HOLE CARDS ***
Pippa83: folds 
Dulejunge: raises $1.50 to $2.50
blistein: folds 
worker0k: folds 
MAO_DZEDYN_S: raises $6 to $8.50
EasyGamerrr: folds 
Dulejunge: folds 
Uncalled bet ($6) returned to MAO_DZEDYN_S
MAO_DZEDYN_S collected $6 from pot
MAO_DZEDYN_S: doesn't show hand 
*** SUMMARY ***
Total pot $6 | Rake $0 
Seat 1: Dulejunge folded before Flop
Seat 2: blistein folded before Flop (didn't bet)
Seat 3: worker0k (button) folded before Flop (didn't bet)
Seat 4: MAO_DZEDYN_S (small blind) collected ($6)
Seat 5: EasyGamerrr (big blind) folded before Flop
Seat 6: Pippa83 folded before Flop (didn't bet)



PokerStars Hand #254334689827:  Hold'em No Limit ($0.50/$1.00 USD) - 2025/01/12 18:11:11 WET [2025/01/12 13:11:11 ET]
Table 'Scania III' 6-max Seat #4 is the button
Seat 1: Dulejunge ($204.86 in chips) 
Seat 2: blistein ($100 in chips) 
Seat 3: worker0k ($100 in chips) 
Seat 4: MAO_DZEDYN_S ($110.33 in chips) 
Seat 5: EasyGamerrr ($106.58 in chips) 
Seat 6: Pippa83 ($130.47 in chips) 
EasyGamerrr: posts small blind $0.50
Pippa83: posts big blind $1
*** HOLE CARDS ***
Dulejunge: folds 
blistein: folds 
worker0k: folds 
Dulejunge leaves the table
MAO_DZEDYN_S: raises $1.50 to $2.50
worker0k leaves the table
blistein leaves the table
Mr_Dick666 joins the table at seat #3 
michasia joins the table at seat #2 
EasyGamerrr: folds 
Pippa83: raises $9.50 to $12
MAO_DZEDYN_S: calls $9.50
*** FLOP *** [6c Jc 4d]
Pippa83: bets $7.68
MAO_DZEDYN_S: raises $15.36 to $23.04
Pippa83: folds 
Uncalled bet ($15.36) returned to MAO_DZEDYN_S
MAO_DZEDYN_S collected $37.87 from pot
MAO_DZEDYN_S: doesn't show hand 
*** SUMMARY ***
Total pot $39.86 | Rake $1.99 
Board [6c Jc 4d]
Seat 1: Dulejunge folded before Flop (didn't bet)
Seat 2: blistein folded before Flop (didn't bet)
Seat 3: worker0k folded before Flop (didn't bet)
Seat 4: MAO_DZEDYN_S (button) collected ($37.87)
Seat 5: EasyGamerrr (small blind) folded before Flop
Seat 6: Pippa83 (big blind) folded on the Flop



PokerStars Hand #254334717784:  Hold'em No Limit ($0.50/$1.00 USD) - 2025/01/12 18:12:30 WET [2025/01/12 13:12:30 ET]
Table 'Scania III' 6-max Seat #5 is the button
Seat 3: Mr_Dick666 ($100 in chips) is sitting out
Seat 2: michasia ($100 in chips) 
Seat 4: MAO_DZEDYN_S ($128.52 in chips) 
Seat 5: EasyGamerrr ($106.08 in chips) 
Seat 6: Pippa83 ($110.79 in chips) 
Pippa83: posts small blind $0.50
michasia: posts big blind $1
Mr_Dick666: sits out 
*** HOLE CARDS ***
MAO_DZEDYN_S: folds 
EasyGamerrr: raises $1.50 to $2.50
Pippa83: raises $9 to $11.50
michasia: folds 
EasyGamerrr: folds 
Uncalled bet ($9) returned to Pippa83
Pippa83 collected $6 from pot
Pippa83: doesn't show hand 
*** SUMMARY ***
Total pot $6 | Rake $0 
Seat 3: Mr_Dick666
Seat 2: michasia (big blind) folded before Flop
Seat 4: MAO_DZEDYN_S folded before Flop (didn't bet)
Seat 5: EasyGamerrr (button) folded before Flop
Seat 6: Pippa83 (small blind) collected ($6)



PokerStars Hand #254334726916:  Hold'em No Limit ($0.50/$1.00 USD) - 2025/01/12 18:12:55 WET [2025/01/12 13:12:55 ET]
Table 'Scania III' 6-max Seat #6 is the button
Seat 2: michasia ($100 in chips) 
Seat 3: Mr_Dick666 ($100 in chips) 
Seat 4: MAO_DZEDYN_S ($128.52 in chips) 
Seat 5: EasyGamerrr ($103.58 in chips) 
Seat 6: Pippa83 ($114.29 in chips) 
michasia: posts small blind $0.50
Mr_Dick666: posts big blind $1
*** HOLE CARDS ***
MAO_DZEDYN_S: folds 
EasyGamerrr: folds 
Pippa83: raises $1.50 to $2.50
MAO_DZEDYN_S leaves the table
michasia: raises $9.50 to $12
Mr_Dick666: folds 
blistein joins the table at seat #4 
NicB78 joins the table at seat #1 
NicB78 is disconnected 
Pippa83: raises $102.29 to $114.29 and is all-in
michasia: calls $88 and is all-in
Uncalled bet ($14.29) returned to Pippa83
*** FIRST FLOP *** [8d 9d 3s]
*** FIRST TURN *** [8d 9d 3s] [9s]
*** FIRST RIVER *** [8d 9d 3s 9s] [8c]
*** SECOND FLOP *** [Qd 3d 7h]
*** SECOND TURN *** [Qd 3d 7h] [As]
*** SECOND RIVER *** [Qd 3d 7h As] [9c]
*** FIRST SHOW DOWN ***
michasia: shows [Tc Ts] (two pair, Tens and Nines)
Pippa83: shows [Th Td] (two pair, Tens and Nines)
michasia collected $49.63 from pot
Pippa83 collected $49.62 from pot
*** SECOND SHOW DOWN ***
michasia: shows [Tc Ts] (a pair of Tens)
Pippa83: shows [Th Td] (a pair of Tens)
michasia collected $49.63 from pot
Pippa83 collected $49.62 from pot
*** SUMMARY ***
Total pot $201 | Rake $2.50 
Hand was run twice
FIRST Board [8d 9d 3s 9s 8c]
SECOND Board [Qd 3d 7h As 9c]
Seat 2: michasia (small blind) showed [Tc Ts] and won ($49.63) with two pair, Tens and Nines, and won ($49.63) with a pair of Tens
Seat 3: Mr_Dick666 (big blind) folded before Flop
Seat 4: MAO_DZEDYN_S folded before Flop (didn't bet)
Seat 5: EasyGamerrr folded before Flop (didn't bet)
Seat 6: Pippa83 (button) showed [Th Td] and won ($49.62) with two pair, Tens and Nines, and won ($49.62) with a pair of Tens



PokerStars Hand #254335414356:  Hold'em No Limit ($0.50/$1.00 USD) - 2025/01/12 18:21:41 WET [2025/01/12 13:21:41 ET]
Table 'Scania III' 6-max Seat #5 is the button
Seat 2: michasia ($144.74 in chips) 
Seat 3: Mr_Dick666 ($114.78 in chips) 
Seat 4: blistein ($100 in chips) 
Seat 5: EasyGamerrr ($100.58 in chips) 
Seat 6: Pippa83 ($118.90 in chips) 
Pippa83: posts small blind $0.50
michasia: posts big blind $1
*** HOLE CARDS ***
Mr_Dick666: folds 
crist_89870 joins the table at seat #1 
blistein: raises $1.30 to $2.30
EasyGamerrr: folds 
Pippa83: folds 
michasia: folds 
Uncalled bet ($1.30) returned to blistein
blistein collected $2.50 from pot
blistein: doesn't show hand 
*** SUMMARY ***
Total pot $2.50 | Rake $0 
Seat 2: michasia (big blind) folded before Flop
Seat 3: Mr_Dick666 folded before Flop (didn't bet)
Seat 4: blistein collected ($2.50)
Seat 5: EasyGamerrr (button) folded before Flop (didn't bet)
Seat 6: Pippa83 (small blind) folded before Flop



