PokerStars Hand #254336687230:  Hold'em No Limit ($0.50/$1.00 USD) - 2025/01/12 19:22:12 WET [2025/01/12 14:22:12 ET]
Table 'Otila III' 6-max Seat #2 is the button
Seat 2: Seavus10 ($100 in chips) 
Seat 5: I TAKE IT 85 ($100 in chips) 
Seavus10: posts small blind $0.50
raketkasix leaves the table
I TAKE IT 85: posts big blind $1
*** HOLE CARDS ***
Seavus10: raises $1.50 to $2.50
Ondrej181 joins the table at seat #1 
I TAKE IT 85: folds 
Uncalled bet ($1.50) returned to Seavus10
michasia joins the table at seat #3 
Seavus10 collected $2 from pot
Seavus10: doesn't show hand 
*** SUMMARY ***
Total pot $2 | Rake $0 
Seat 2: Seavus10 (button) (small blind) collected ($2)
Seat 5: I TAKE IT 85 (big blind) folded before Flop



PokerStars Hand #254336690859:  Hold'em No Limit ($0.50/$1.00 USD) - 2025/01/12 19:22:22 WET [2025/01/12 14:22:22 ET]
Table 'Otila III' 6-max Seat #5 is the button
Seat 1: Ondrej181 ($51.66 in chips) is sitting out
Seat 2: Seavus10 ($101 in chips) 
Seat 3: michasia ($100 in chips) 
Seat 5: I TAKE IT 85 ($100 in chips) 
Seavus10: posts small blind $0.50
michasia: posts big blind $1
*** HOLE CARDS ***
I TAKE IT 85: raises $1.05 to $2.05
Seavus10: folds 
michasia: folds 
Uncalled bet ($1.05) returned to I TAKE IT 85
I TAKE IT 85 collected $2.50 from pot
I TAKE IT 85: doesn't show hand 
*** SUMMARY ***
Total pot $2.50 | Rake $0 
Seat 1: Ondrej181
Seat 2: Seavus10 (small blind) folded before Flop
Seat 3: michasia (big blind) folded before Flop
Seat 5: I TAKE IT 85 (button) collected ($2.50)



PokerStars Hand #254336695899:  Hold'em No Limit ($0.50/$1.00 USD) - 2025/01/12 19:22:35 WET [2025/01/12 14:22:35 ET]
Table 'Otila III' 6-max Seat #2 is the button
Seat 1: Ondrej181 ($51.66 in chips) is sitting out
Seat 2: Seavus10 ($100.50 in chips) 
Seat 3: michasia ($100 in chips) 
Seat 5: I TAKE IT 85 ($101.50 in chips) 
michasia: posts small blind $0.50
I TAKE IT 85: posts big blind $1
Ondrej181: sits out 
*** HOLE CARDS ***
Seavus10: folds 
michasia: folds 
Uncalled bet ($0.50) returned to I TAKE IT 85
DL1B joins the table at seat #4 
I TAKE IT 85 collected $1 from pot
I TAKE IT 85: doesn't show hand 
*** SUMMARY ***
Total pot $1 | Rake $0 
Seat 1: Ondrej181
Seat 2: Seavus10 (button) folded before Flop (didn't bet)
Seat 3: michasia (small blind) folded before Flop
Seat 5: I TAKE IT 85 (big blind) collected ($1)



PokerStars Hand #254336699369:  Hold'em No Limit ($0.50/$1.00 USD) - 2025/01/12 19:22:45 WET [2025/01/12 14:22:45 ET]
Table 'Otila III' 6-max Seat #3 is the button
Seat 4: DL1B ($100 in chips) is sitting out
Seat 1: Ondrej181 ($51.66 in chips) 
Seat 2: Seavus10 ($100.50 in chips) 
Seat 3: michasia ($100 in chips) 
Seat 5: I TAKE IT 85 ($102 in chips) 
I TAKE IT 85: posts small blind $0.50
Ondrej181: posts big blind $1
*** HOLE CARDS ***
Lucastitos joins the table at seat #6 
Seavus10: folds 
michasia: folds 
I TAKE IT 85: folds 
Uncalled bet ($0.50) returned to Ondrej181
Ondrej181 collected $1 from pot
Ondrej181: doesn't show hand 
*** SUMMARY ***
Total pot $1 | Rake $0 
Seat 4: DL1B
Seat 1: Ondrej181 (big blind) collected ($1)
Seat 2: Seavus10 folded before Flop (didn't bet)
Seat 3: michasia (button) folded before Flop (didn't bet)
Seat 5: I TAKE IT 85 (small blind) folded before Flop



PokerStars Hand #254336703418:  Hold'em No Limit ($0.50/$1.00 USD) - 2025/01/12 19:22:55 WET [2025/01/12 14:22:55 ET]
Table 'Otila III' 6-max Seat #5 is the button
Seat 4: DL1B ($100 in chips) is sitting out
Seat 6: Lucastitos ($100 in chips) is sitting out
Seat 1: Ondrej181 ($52.16 in chips) 
Seat 2: Seavus10 ($100.50 in chips) 
Seat 3: michasia ($100 in chips) 
Seat 5: I TAKE IT 85 ($101.50 in chips) 
Ondrej181: posts small blind $0.50
Seavus10: posts big blind $1
DL1B: sits out 
*** HOLE CARDS ***
michasia: folds 
I TAKE IT 85: folds 
Ondrej181: raises $1 to $2
Seavus10: raises $4.50 to $6.50
Ondrej181: calls $4.50
*** FLOP *** [2h 9d 6h]
Ondrej181: checks 
Seavus10: bets $4.11
Ondrej181: calls $4.11
*** TURN *** [2h 9d 6h] [9h]
Ondrej181: checks 
Seavus10: checks 
*** RIVER *** [2h 9d 6h 9h] [Qh]
Ondrej181: bets $5
Seavus10: calls $5
*** SHOW DOWN ***
Ondrej181: shows [Th Kc] (a flush, Queen high)
Seavus10: mucks hand 
Ondrej181 collected $30.22 from pot
*** SUMMARY ***
Total pot $31.22 | Rake $1 
Board [2h 9d 6h 9h Qh]
Seat 4: DL1B
Seat 6: Lucastitos
Seat 1: Ondrej181 (small blind) showed [Th Kc] and won ($30.22) with a flush, Queen high
Seat 2: Seavus10 (big blind) mucked
Seat 3: michasia folded before Flop (didn't bet)
Seat 5: I TAKE IT 85 (button) folded before Flop (didn't bet)



PokerStars Hand #254336732654:  Hold'em No Limit ($0.50/$1.00 USD) - 2025/01/12 19:24:14 WET [2025/01/12 14:24:14 ET]
Table 'Otila III' 6-max Seat #1 is the button
Seat 4: DL1B ($100 in chips) is sitting out
Seat 6: Lucastitos ($100 in chips) is sitting out
Seat 1: Ondrej181 ($66.77 in chips) 
Seat 2: Seavus10 ($100 in chips) 
Seat 3: michasia ($100 in chips) 
Seat 5: I TAKE IT 85 ($101.50 in chips) 
Seavus10: posts small blind $0.50
michasia: posts big blind $1
DL1B: sits out 
Lucastitos: sits out 
*** HOLE CARDS ***
I TAKE IT 85: folds 
Ondrej181: folds 
Seavus10: folds 
Uncalled bet ($0.50) returned to michasia
michasia collected $1 from pot
michasia: doesn't show hand 
*** SUMMARY ***
Total pot $1 | Rake $0 
Seat 4: DL1B
Seat 6: Lucastitos
Seat 1: Ondrej181 (button) folded before Flop (didn't bet)
Seat 2: Seavus10 (small blind) folded before Flop
Seat 3: michasia (big blind) collected ($1)
Seat 5: I TAKE IT 85 folded before Flop (didn't bet)



PokerStars Hand #254336736294:  Hold'em No Limit ($0.50/$1.00 USD) - 2025/01/12 19:24:24 WET [2025/01/12 14:24:24 ET]
Table 'Otila III' 6-max Seat #2 is the button
Seat 6: Lucastitos ($100 in chips) is sitting out
Seat 1: Ondrej181 ($66.77 in chips) 
Seat 2: Seavus10 ($100 in chips) 
Seat 3: michasia ($100.50 in chips) 
Seat 4: DL1B ($100 in chips) 
Seat 5: I TAKE IT 85 ($101.50 in chips) 
michasia: posts small blind $0.50
DL1B: posts big blind $1
Lucastitos: sits out 
*** HOLE CARDS ***
I TAKE IT 85: folds 
Ondrej181: folds 
Seavus10: folds 
michasia: folds 
Uncalled bet ($0.50) returned to DL1B
DL1B collected $1 from pot
DL1B: doesn't show hand 
*** SUMMARY ***
Total pot $1 | Rake $0 
Seat 6: Lucastitos
Seat 1: Ondrej181 folded before Flop (didn't bet)
Seat 2: Seavus10 (button) folded before Flop (didn't bet)
Seat 3: michasia (small blind) folded before Flop
Seat 4: DL1B (big blind) collected ($1)
Seat 5: I TAKE IT 85 folded before Flop (didn't bet)



PokerStars Hand #254336739255:  Hold'em No Limit ($0.50/$1.00 USD) - 2025/01/12 19:24:32 WET [2025/01/12 14:24:32 ET]
Table 'Otila III' 6-max Seat #3 is the button
Seat 6: Lucastitos ($100 in chips) is sitting out
Seat 1: Ondrej181 ($66.77 in chips) 
Seat 2: Seavus10 ($100 in chips) 
Seat 3: michasia ($100 in chips) 
Seat 4: DL1B ($100.50 in chips) 
Seat 5: I TAKE IT 85 ($101.50 in chips) 
DL1B: posts small blind $0.50
I TAKE IT 85: posts big blind $1
Lucastitos: sits out 
*** HOLE CARDS ***
Ondrej181: raises $1 to $2
Seavus10: folds 
michasia: folds 
DL1B: folds 
I TAKE IT 85: calls $1
*** FLOP *** [2d 8d 8s]
I TAKE IT 85: checks 
Ondrej181: checks 
*** TURN *** [2d 8d 8s] [Js]
I TAKE IT 85: checks 
Ondrej181: checks 
*** RIVER *** [2d 8d 8s Js] [7d]
I TAKE IT 85: checks 
Ondrej181: bets $2
I TAKE IT 85: calls $2
*** SHOW DOWN ***
Ondrej181: shows [6h 7h] (two pair, Eights and Sevens)
I TAKE IT 85: mucks hand 
Ondrej181 collected $8.08 from pot
*** SUMMARY ***
Total pot $8.50 | Rake $0.42 
Board [2d 8d 8s Js 7d]
Seat 6: Lucastitos
Seat 1: Ondrej181 showed [6h 7h] and won ($8.08) with two pair, Eights and Sevens
Seat 2: Seavus10 folded before Flop (didn't bet)
Seat 3: michasia (button) folded before Flop (didn't bet)
Seat 4: DL1B (small blind) folded before Flop
Seat 5: I TAKE IT 85 (big blind) mucked



PokerStars Hand #254336755722:  Hold'em No Limit ($0.50/$1.00 USD) - 2025/01/12 19:25:17 WET [2025/01/12 14:25:17 ET]
Table 'Otila III' 6-max Seat #4 is the button
Seat 1: Ondrej181 ($70.85 in chips) 
Seat 2: Seavus10 ($100 in chips) 
Seat 3: michasia ($100 in chips) 
Seat 4: DL1B ($100 in chips) 
Seat 5: I TAKE IT 85 ($100 in chips) 
Seat 6: Lucastitos ($100 in chips) 
I TAKE IT 85: posts small blind $0.50
Lucastitos: posts big blind $1
*** HOLE CARDS ***
Ondrej181: folds 
Seavus10: folds 
michasia: folds 
DL1B: folds 
I TAKE IT 85: folds 
Uncalled bet ($0.50) returned to Lucastitos
Lucastitos collected $1 from pot
Lucastitos: doesn't show hand 
*** SUMMARY ***
Total pot $1 | Rake $0 
Seat 1: Ondrej181 folded before Flop (didn't bet)
Seat 2: Seavus10 folded before Flop (didn't bet)
Seat 3: michasia folded before Flop (didn't bet)
Seat 4: DL1B (button) folded before Flop (didn't bet)
Seat 5: I TAKE IT 85 (small blind) folded before Flop
Seat 6: Lucastitos (big blind) collected ($1)



PokerStars Hand #254336762405:  Hold'em No Limit ($0.50/$1.00 USD) - 2025/01/12 19:25:35 WET [2025/01/12 14:25:35 ET]
Table 'Otila III' 6-max Seat #5 is the button
Seat 1: Ondrej181 ($70.85 in chips) 
Seat 2: Seavus10 ($100 in chips) 
Seat 3: michasia ($100 in chips) 
Seat 4: DL1B ($100 in chips) 
Seat 5: I TAKE IT 85 ($100 in chips) 
Seat 6: Lucastitos ($100.50 in chips) 
Lucastitos: posts small blind $0.50
Ondrej181: posts big blind $1
*** HOLE CARDS ***
Seavus10: raises $1.50 to $2.50
michasia: folds 
DL1B: folds 
I TAKE IT 85: folds 
Lucastitos: folds 
Ondrej181: calls $1.50
*** FLOP *** [9c 7h 6d]
Ondrej181: bets $3
Seavus10: calls $3
*** TURN *** [9c 7h 6d] [5h]
Ondrej181: bets $5
Seavus10: calls $5
*** RIVER *** [9c 7h 6d 5h] [2c]
Ondrej181: bets $11
Seavus10: raises $78.50 to $89.50 and is all-in
Ondrej181: calls $49.35 and is all-in
Uncalled bet ($29.15) returned to Seavus10
*** SHOW DOWN ***
Seavus10: shows [8s Ks] (a straight, Five to Nine)
Ondrej181: shows [8d 5c] (a straight, Five to Nine)
Ondrej181 collected $69.85 from pot
Seavus10 collected $69.85 from pot
*** SUMMARY ***
Total pot $142.20 | Rake $2.50 
Board [9c 7h 6d 5h 2c]
Seat 1: Ondrej181 (big blind) showed [8d 5c] and won ($69.85) with a straight, Five to Nine
Seat 2: Seavus10 showed [8s Ks] and won ($69.85) with a straight, Five to Nine
Seat 3: michasia folded before Flop (didn't bet)
Seat 4: DL1B folded before Flop (didn't bet)
Seat 5: I TAKE IT 85 (button) folded before Flop (didn't bet)
Seat 6: Lucastitos (small blind) folded before Flop



PokerStars Hand #254336785171:  Hold'em No Limit ($0.50/$1.00 USD) - 2025/01/12 19:26:36 WET [2025/01/12 14:26:36 ET]
Table 'Otila III' 6-max Seat #6 is the button
Seat 1: Ondrej181 ($69.85 in chips) 
Seat 2: Seavus10 ($100 in chips) 
Seat 3: michasia ($100 in chips) 
Seat 4: DL1B ($100 in chips) 
Seat 5: I TAKE IT 85 ($100 in chips) 
Seat 6: Lucastitos ($100 in chips) 
Ondrej181: posts small blind $0.50
Seavus10: posts big blind $1
*** HOLE CARDS ***
michasia: folds 
DL1B: folds 
I TAKE IT 85: folds 
Lucastitos: folds 
Ondrej181: calls $0.50
Seavus10: raises $4 to $5
Ondrej181: calls $4
*** FLOP *** [7d 2h Jd]
Ondrej181: checks 
Seavus10: bets $2.38
Ondrej181: folds 
Uncalled bet ($2.38) returned to Seavus10
Seavus10 collected $9.50 from pot
Seavus10: doesn't show hand 
*** SUMMARY ***
Total pot $10 | Rake $0.50 
Board [7d 2h Jd]
Seat 1: Ondrej181 (small blind) folded on the Flop
Seat 2: Seavus10 (big blind) collected ($9.50)
Seat 3: michasia folded before Flop (didn't bet)
Seat 4: DL1B folded before Flop (didn't bet)
Seat 5: I TAKE IT 85 folded before Flop (didn't bet)
Seat 6: Lucastitos (button) folded before Flop (didn't bet)



PokerStars Hand #254336798582:  Hold'em No Limit ($0.50/$1.00 USD) - 2025/01/12 19:27:12 WET [2025/01/12 14:27:12 ET]
Table 'Otila III' 6-max Seat #1 is the button
Seat 1: Ondrej181 ($64.85 in chips) 
Seat 2: Seavus10 ($104.50 in chips) 
Seat 3: michasia ($100 in chips) 
Seat 4: DL1B ($100 in chips) 
Seat 5: I TAKE IT 85 ($100 in chips) 
Seat 6: Lucastitos ($100 in chips) 
Seavus10: posts small blind $0.50
michasia: posts big blind $1
*** HOLE CARDS ***
DL1B: folds 
I TAKE IT 85: folds 
Lucastitos: folds 
Ondrej181: folds 
Seavus10: raises $2 to $3
michasia: calls $2
*** FLOP *** [6d As Ac]
Seavus10: bets $1.43
michasia: calls $1.43
*** TURN *** [6d As Ac] [7d]
Seavus10: bets $4.21
michasia: calls $4.21
*** RIVER *** [6d As Ac 7d] [8s]
Seavus10: checks 
michasia: bets $10.95
Seavus10: folds 
Uncalled bet ($10.95) returned to michasia
michasia collected $16.42 from pot
michasia: doesn't show hand 
*** SUMMARY ***
Total pot $17.28 | Rake $0.86 
Board [6d As Ac 7d 8s]
Seat 1: Ondrej181 (button) folded before Flop (didn't bet)
Seat 2: Seavus10 (small blind) folded on the River
Seat 3: michasia (big blind) collected ($16.42)
Seat 4: DL1B folded before Flop (didn't bet)
Seat 5: I TAKE IT 85 folded before Flop (didn't bet)
Seat 6: Lucastitos folded before Flop (didn't bet)



PokerStars Hand #254336825039:  Hold'em No Limit ($0.50/$1.00 USD) - 2025/01/12 19:28:23 WET [2025/01/12 14:28:23 ET]
Table 'Otila III' 6-max Seat #2 is the button
Seat 1: Ondrej181 ($64.85 in chips) 
Seat 2: Seavus10 ($100 in chips) 
Seat 3: michasia ($107.78 in chips) 
Seat 4: DL1B ($100 in chips) 
Seat 5: I TAKE IT 85 ($100 in chips) 
Seat 6: Lucastitos ($100 in chips) 
michasia: posts small blind $0.50
DL1B: posts big blind $1
*** HOLE CARDS ***
I TAKE IT 85: folds 
Lucastitos: folds 
Ondrej181: raises $1 to $2
Seavus10: folds 
michasia: folds 
DL1B: calls $1
*** FLOP *** [8h Jc Ah]
DL1B: checks 
Ondrej181: bets $3
DL1B: folds 
Uncalled bet ($3) returned to Ondrej181
Ondrej181 collected $4.28 from pot
Ondrej181: doesn't show hand 
*** SUMMARY ***
Total pot $4.50 | Rake $0.22 
Board [8h Jc Ah]
Seat 1: Ondrej181 collected ($4.28)
Seat 2: Seavus10 (button) folded before Flop (didn't bet)
Seat 3: michasia (small blind) folded before Flop
Seat 4: DL1B (big blind) folded on the Flop
Seat 5: I TAKE IT 85 folded before Flop (didn't bet)
Seat 6: Lucastitos folded before Flop (didn't bet)



PokerStars Hand #254336835005:  Hold'em No Limit ($0.50/$1.00 USD) - 2025/01/12 19:28:49 WET [2025/01/12 14:28:49 ET]
Table 'Otila III' 6-max Seat #3 is the button
Seat 1: Ondrej181 ($67.13 in chips) 
Seat 2: Seavus10 ($100 in chips) 
Seat 3: michasia ($107.28 in chips) 
Seat 4: DL1B ($100 in chips) 
Seat 5: I TAKE IT 85 ($100 in chips) 
Seat 6: Lucastitos ($100 in chips) 
DL1B: posts small blind $0.50
I TAKE IT 85: posts big blind $1
*** HOLE CARDS ***
Lucastitos: folds 
Ondrej181: folds 
Seavus10: raises $1.20 to $2.20
michasia: folds 
DL1B: raises $9.80 to $12
I TAKE IT 85: folds 
Seavus10: folds 
Uncalled bet ($9.80) returned to DL1B
DL1B collected $5.40 from pot
DL1B: doesn't show hand 
*** SUMMARY ***
Total pot $5.40 | Rake $0 
Seat 1: Ondrej181 folded before Flop (didn't bet)
Seat 2: Seavus10 folded before Flop
Seat 3: michasia (button) folded before Flop (didn't bet)
Seat 4: DL1B (small blind) collected ($5.40)
Seat 5: I TAKE IT 85 (big blind) folded before Flop
Seat 6: Lucastitos folded before Flop (didn't bet)



PokerStars Hand #254336841871:  Hold'em No Limit ($0.50/$1.00 USD) - 2025/01/12 19:29:08 WET [2025/01/12 14:29:08 ET]
Table 'Otila III' 6-max Seat #4 is the button
Seat 1: Ondrej181 ($67.13 in chips) 
Seat 2: Seavus10 ($100 in chips) 
Seat 3: michasia ($107.28 in chips) 
Seat 4: DL1B ($103.20 in chips) 
Seat 5: I TAKE IT 85 ($100 in chips) 
Seat 6: Lucastitos ($100 in chips) 
I TAKE IT 85: posts small blind $0.50
Lucastitos: posts big blind $1
*** HOLE CARDS ***
Ondrej181: folds 
Seavus10: folds 
michasia: folds 
DL1B: folds 
I TAKE IT 85: folds 
Uncalled bet ($0.50) returned to Lucastitos
Lucastitos collected $1 from pot
Lucastitos: doesn't show hand 
*** SUMMARY ***
Total pot $1 | Rake $0 
Seat 1: Ondrej181 folded before Flop (didn't bet)
Seat 2: Seavus10 folded before Flop (didn't bet)
Seat 3: michasia folded before Flop (didn't bet)
Seat 4: DL1B (button) folded before Flop (didn't bet)
Seat 5: I TAKE IT 85 (small blind) folded before Flop
Seat 6: Lucastitos (big blind) collected ($1)



PokerStars Hand #254336847860:  Hold'em No Limit ($0.50/$1.00 USD) - 2025/01/12 19:29:23 WET [2025/01/12 14:29:23 ET]
Table 'Otila III' 6-max Seat #5 is the button
Seat 1: Ondrej181 ($67.13 in chips) 
Seat 2: Seavus10 ($100 in chips) 
Seat 3: michasia ($107.28 in chips) 
Seat 4: DL1B ($103.20 in chips) 
Seat 5: I TAKE IT 85 ($100 in chips) 
Seat 6: Lucastitos ($100.50 in chips) 
Lucastitos: posts small blind $0.50
Ondrej181: posts big blind $1
*** HOLE CARDS ***
Seavus10: folds 
michasia: folds 
DL1B: raises $1.50 to $2.50
I TAKE IT 85: folds 
Lucastitos: folds 
Ondrej181: calls $1.50
*** FLOP *** [6h Td 6s]
Ondrej181: checks 
DL1B: bets $1.72
Ondrej181: folds 
Uncalled bet ($1.72) returned to DL1B
DL1B collected $5.22 from pot
DL1B: doesn't show hand 
*** SUMMARY ***
Total pot $5.50 | Rake $0.28 
Board [6h Td 6s]
Seat 1: Ondrej181 (big blind) folded on the Flop
Seat 2: Seavus10 folded before Flop (didn't bet)
Seat 3: michasia folded before Flop (didn't bet)
Seat 4: DL1B collected ($5.22)
Seat 5: I TAKE IT 85 (button) folded before Flop (didn't bet)
Seat 6: Lucastitos (small blind) folded before Flop



PokerStars Hand #254336856489:  Hold'em No Limit ($0.50/$1.00 USD) - 2025/01/12 19:29:46 WET [2025/01/12 14:29:46 ET]
Table 'Otila III' 6-max Seat #6 is the button
Seat 1: Ondrej181 ($64.63 in chips) 
Seat 2: Seavus10 ($100 in chips) 
Seat 3: michasia ($107.28 in chips) 
Seat 4: DL1B ($105.92 in chips) 
Seat 5: I TAKE IT 85 ($100 in chips) 
Seat 6: Lucastitos ($100 in chips) 
Ondrej181: posts small blind $0.50
Seavus10: posts big blind $1
*** HOLE CARDS ***
michasia: folds 
DL1B: folds 
I TAKE IT 85: folds 
Lucastitos: folds 
Ondrej181: calls $0.50
Seavus10: raises $3.50 to $4.50
Ondrej181: calls $3.50
*** FLOP *** [5d 3c 5h]
Ondrej181: checks 
Seavus10: bets $5.85
Ondrej181: calls $5.85
*** TURN *** [5d 3c 5h] [Jh]
Ondrej181: checks 
Seavus10: bets $9.25
Ondrej181: folds 
Uncalled bet ($9.25) returned to Seavus10
Seavus10 collected $19.66 from pot
Seavus10: doesn't show hand 
*** SUMMARY ***
Total pot $20.70 | Rake $1.04 
Board [5d 3c 5h Jh]
Seat 1: Ondrej181 (small blind) folded on the Turn
Seat 2: Seavus10 (big blind) collected ($19.66)
Seat 3: michasia folded before Flop (didn't bet)
Seat 4: DL1B folded before Flop (didn't bet)
Seat 5: I TAKE IT 85 folded before Flop (didn't bet)
Seat 6: Lucastitos (button) folded before Flop (didn't bet)



PokerStars Hand #254336885938:  Hold'em No Limit ($0.50/$1.00 USD) - 2025/01/12 19:31:05 WET [2025/01/12 14:31:05 ET]
Table 'Otila III' 6-max Seat #1 is the button
Seat 1: Ondrej181 ($54.28 in chips) 
Seat 2: Seavus10 ($109.31 in chips) 
Seat 3: michasia ($107.28 in chips) 
Seat 4: DL1B ($105.92 in chips) 
Seat 5: I TAKE IT 85 ($100 in chips) 
Seat 6: Lucastitos ($100 in chips) 
Seavus10: posts small blind $0.50
michasia: posts big blind $1
*** HOLE CARDS ***
DL1B: folds 
I TAKE IT 85: raises $1.05 to $2.05
Lucastitos: folds 
Ondrej181: folds 
Seavus10: folds 
michasia: folds 
Uncalled bet ($1.05) returned to I TAKE IT 85
I TAKE IT 85 collected $2.50 from pot
I TAKE IT 85: doesn't show hand 
*** SUMMARY ***
Total pot $2.50 | Rake $0 
Seat 1: Ondrej181 (button) folded before Flop (didn't bet)
Seat 2: Seavus10 (small blind) folded before Flop
Seat 3: michasia (big blind) folded before Flop
Seat 4: DL1B folded before Flop (didn't bet)
Seat 5: I TAKE IT 85 collected ($2.50)
Seat 6: Lucastitos folded before Flop (didn't bet)



PokerStars Hand #254336892750:  Hold'em No Limit ($0.50/$1.00 USD) - 2025/01/12 19:31:23 WET [2025/01/12 14:31:23 ET]
Table 'Otila III' 6-max Seat #2 is the button
Seat 1: Ondrej181 ($54.28 in chips) 
Seat 2: Seavus10 ($108.81 in chips) 
Seat 3: michasia ($106.28 in chips) 
Seat 4: DL1B ($105.92 in chips) 
Seat 5: I TAKE IT 85 ($101.50 in chips) 
Seat 6: Lucastitos ($100 in chips) 
michasia: posts small blind $0.50
DL1B: posts big blind $1
*** HOLE CARDS ***
I TAKE IT 85: folds 
Lucastitos: raises $1.10 to $2.10
Ondrej181: folds 
Seavus10: folds 
michasia: folds 
DL1B: folds 
Uncalled bet ($1.10) returned to Lucastitos
Lucastitos collected $2.50 from pot
Lucastitos: doesn't show hand 
*** SUMMARY ***
Total pot $2.50 | Rake $0 
Seat 1: Ondrej181 folded before Flop (didn't bet)
Seat 2: Seavus10 (button) folded before Flop (didn't bet)
Seat 3: michasia (small blind) folded before Flop
Seat 4: DL1B (big blind) folded before Flop
Seat 5: I TAKE IT 85 folded before Flop (didn't bet)
Seat 6: Lucastitos collected ($2.50)



PokerStars Hand #254336901881:  Hold'em No Limit ($0.50/$1.00 USD) - 2025/01/12 19:31:47 WET [2025/01/12 14:31:47 ET]
Table 'Otila III' 6-max Seat #3 is the button
Seat 1: Ondrej181 ($54.28 in chips) 
Seat 2: Seavus10 ($108.81 in chips) 
Seat 3: michasia ($105.78 in chips) 
Seat 4: DL1B ($104.92 in chips) 
Seat 5: I TAKE IT 85 ($101.50 in chips) 
Seat 6: Lucastitos ($101.50 in chips) 
DL1B: posts small blind $0.50
I TAKE IT 85: posts big blind $1
*** HOLE CARDS ***
Lucastitos: folds 
Ondrej181: folds 
Seavus10: folds 
michasia: folds 
DL1B: folds 
Uncalled bet ($0.50) returned to I TAKE IT 85
I TAKE IT 85 collected $1 from pot
I TAKE IT 85: doesn't show hand 
*** SUMMARY ***
Total pot $1 | Rake $0 
Seat 1: Ondrej181 folded before Flop (didn't bet)
Seat 2: Seavus10 folded before Flop (didn't bet)
Seat 3: michasia (button) folded before Flop (didn't bet)
Seat 4: DL1B (small blind) folded before Flop
Seat 5: I TAKE IT 85 (big blind) collected ($1)
Seat 6: Lucastitos folded before Flop (didn't bet)



PokerStars Hand #254336907424:  Hold'em No Limit ($0.50/$1.00 USD) - 2025/01/12 19:32:02 WET [2025/01/12 14:32:02 ET]
Table 'Otila III' 6-max Seat #4 is the button
Seat 1: Ondrej181 ($54.28 in chips) 
Seat 2: Seavus10 ($108.81 in chips) 
Seat 3: michasia ($105.78 in chips) 
Seat 4: DL1B ($104.42 in chips) 
Seat 5: I TAKE IT 85 ($102 in chips) 
Seat 6: Lucastitos ($101.50 in chips) 
I TAKE IT 85: posts small blind $0.50
Lucastitos: posts big blind $1
*** HOLE CARDS ***
Ondrej181: raises $1 to $2
Seavus10: folds 
michasia: raises $4 to $6
DL1B: folds 
I TAKE IT 85: folds 
Lucastitos: folds 
Ondrej181: calls $4
*** FLOP *** [9d 4c 6s]
Ondrej181: checks 
michasia: bets $4.23
Ondrej181: calls $4.23
*** TURN *** [9d 4c 6s] [Kc]
Ondrej181: checks 
michasia: checks 
*** RIVER *** [9d 4c 6s Kc] [Jd]
Ondrej181: bets $20.86
michasia: folds 
Uncalled bet ($20.86) returned to Ondrej181
Ondrej181 collected $20.86 from pot
Ondrej181: doesn't show hand 
*** SUMMARY ***
Total pot $21.96 | Rake $1.10 
Board [9d 4c 6s Kc Jd]
Seat 1: Ondrej181 collected ($20.86)
Seat 2: Seavus10 folded before Flop (didn't bet)
Seat 3: michasia folded on the River
Seat 4: DL1B (button) folded before Flop (didn't bet)
Seat 5: I TAKE IT 85 (small blind) folded before Flop
Seat 6: Lucastitos (big blind) folded before Flop



PokerStars Hand #254336923454:  Hold'em No Limit ($0.50/$1.00 USD) - 2025/01/12 19:32:44 WET [2025/01/12 14:32:44 ET]
Table 'Otila III' 6-max Seat #5 is the button
Seat 1: Ondrej181 ($64.91 in chips) 
Seat 2: Seavus10 ($108.81 in chips) 
Seat 3: michasia ($100 in chips) 
Seat 4: DL1B ($104.42 in chips) 
Seat 5: I TAKE IT 85 ($101.50 in chips) 
Seat 6: Lucastitos ($100.50 in chips) 
Lucastitos: posts small blind $0.50
Ondrej181: posts big blind $1
*** HOLE CARDS ***
Seavus10: folds 
michasia: folds 
DL1B: folds 
I TAKE IT 85: raises $1.05 to $2.05
Lucastitos: folds 
Ondrej181: calls $1.05
*** FLOP *** [3s 9c 8c]
Ondrej181: checks 
I TAKE IT 85: checks 
*** TURN *** [3s 9c 8c] [Kd]
Ondrej181: checks 
I TAKE IT 85: bets $3.45
Ondrej181: folds 
Uncalled bet ($3.45) returned to I TAKE IT 85
I TAKE IT 85 collected $4.37 from pot
I TAKE IT 85: doesn't show hand 
*** SUMMARY ***
Total pot $4.60 | Rake $0.23 
Board [3s 9c 8c Kd]
Seat 1: Ondrej181 (big blind) folded on the Turn
Seat 2: Seavus10 folded before Flop (didn't bet)
Seat 3: michasia folded before Flop (didn't bet)
Seat 4: DL1B folded before Flop (didn't bet)
Seat 5: I TAKE IT 85 (button) collected ($4.37)
Seat 6: Lucastitos (small blind) folded before Flop



PokerStars Hand #254336947909:  Hold'em No Limit ($0.50/$1.00 USD) - 2025/01/12 19:33:49 WET [2025/01/12 14:33:49 ET]
Table 'Otila III' 6-max Seat #6 is the button
Seat 1: Ondrej181 ($62.86 in chips) 
Seat 2: Seavus10 ($108.81 in chips) 
Seat 3: michasia ($100 in chips) 
Seat 4: DL1B ($104.42 in chips) 
Seat 5: I TAKE IT 85 ($103.82 in chips) 
Seat 6: Lucastitos ($100 in chips) 
Ondrej181: posts small blind $0.50
Seavus10: posts big blind $1
*** HOLE CARDS ***
michasia: folds 
DL1B: folds 
I TAKE IT 85: folds 
Lucastitos: raises $1.40 to $2.40
Ondrej181: calls $1.90
Seavus10: folds 
*** FLOP *** [7c 6d 6c]
Ondrej181: checks 
Lucastitos: bets $1.38
Ondrej181: calls $1.38
*** TURN *** [7c 6d 6c] [8c]
Ondrej181: checks 
Lucastitos: bets $4.07
Ondrej181: calls $4.07
*** RIVER *** [7c 6d 6c 8c] [4h]
Ondrej181: checks 
Lucastitos: checks 
*** SHOW DOWN ***
Ondrej181: shows [6h 2h] (three of a kind, Sixes)
Lucastitos: mucks hand 
Ondrej181 collected $15.86 from pot
*** SUMMARY ***
Total pot $16.70 | Rake $0.84 
Board [7c 6d 6c 8c 4h]
Seat 1: Ondrej181 (small blind) showed [6h 2h] and won ($15.86) with three of a kind, Sixes
Seat 2: Seavus10 (big blind) folded before Flop
Seat 3: michasia folded before Flop (didn't bet)
Seat 4: DL1B folded before Flop (didn't bet)
Seat 5: I TAKE IT 85 folded before Flop (didn't bet)
Seat 6: Lucastitos (button) mucked



PokerStars Hand #254336965581:  Hold'em No Limit ($0.50/$1.00 USD) - 2025/01/12 19:34:36 WET [2025/01/12 14:34:36 ET]
Table 'Otila III' 6-max Seat #1 is the button
Seat 1: Ondrej181 ($70.87 in chips) 
Seat 2: Seavus10 ($107.81 in chips) 
Seat 3: michasia ($100 in chips) 
Seat 4: DL1B ($104.42 in chips) 
Seat 5: I TAKE IT 85 ($103.82 in chips) 
Seat 6: Lucastitos ($100 in chips) 
Seavus10: posts small blind $0.50
michasia: posts big blind $1
*** HOLE CARDS ***
DL1B: folds 
I TAKE IT 85: folds 
Lucastitos: folds 
Ondrej181: raises $1 to $2
Seavus10: raises $9.50 to $11.50
michasia: folds 
Ondrej181: calls $9.50
*** FLOP *** [Jh 6c Js]
Seavus10: bets $7.59
Ondrej181: raises $15.41 to $23
Seavus10: calls $15.41
*** TURN *** [Jh 6c Js] [4h]
Seavus10: checks 
Ondrej181: bets $36.37 and is all-in
Seavus10: calls $36.37
*** RIVER *** [Jh 6c Js 4h] [6h]
*** SHOW DOWN ***
Seavus10: shows [Qc Qh] (two pair, Queens and Jacks)
Ondrej181: shows [7c 7s] (two pair, Jacks and Sevens)
Seavus10 collected $140.24 from pot
*** SUMMARY ***
Total pot $142.74 | Rake $2.50 
Board [Jh 6c Js 4h 6h]
Seat 1: Ondrej181 (button) showed [7c 7s] and lost with two pair, Jacks and Sevens
Seat 2: Seavus10 (small blind) showed [Qc Qh] and won ($140.24) with two pair, Queens and Jacks
Seat 3: michasia (big blind) folded before Flop
Seat 4: DL1B folded before Flop (didn't bet)
Seat 5: I TAKE IT 85 folded before Flop (didn't bet)
Seat 6: Lucastitos folded before Flop (didn't bet)



PokerStars Hand #254336995104:  Hold'em No Limit ($0.50/$1.00 USD) - 2025/01/12 19:35:55 WET [2025/01/12 14:35:55 ET]
Table 'Otila III' 6-max Seat #2 is the button
Seat 1: Ondrej181 ($0 in chips) is sitting out
Seat 2: Seavus10 ($177.18 in chips) 
Seat 3: michasia ($100 in chips) 
Seat 4: DL1B ($104.42 in chips) 
Seat 5: I TAKE IT 85 ($103.82 in chips) 
Seat 6: Lucastitos ($100 in chips) 
michasia: posts small blind $0.50
DL1B: posts big blind $1
*** HOLE CARDS ***
I TAKE IT 85: folds 
Lucastitos: folds 
Seavus10: folds 
michasia: raises $2 to $3
DL1B: calls $2
*** FLOP *** [9c Qs 4s]
Ondrej181 leaves the table
michasia: checks 
DL1B: checks 
*** TURN *** [9c Qs 4s] [6c]
michasia: checks 
DL1B: checks 
*** RIVER *** [9c Qs 4s 6c] [9d]
michasia: checks 
DL1B: checks 
*** SHOW DOWN ***
michasia: shows [5d Ad] (a pair of Nines)
DL1B: shows [Jd As] (a pair of Nines - Ace+Queen+Jack kicker)
DL1B collected $5.70 from pot
*** SUMMARY ***
Total pot $6 | Rake $0.30 
Board [9c Qs 4s 6c 9d]
Seat 1: Ondrej181
Seat 2: Seavus10 (button) folded before Flop (didn't bet)
Seat 3: michasia (small blind) showed [5d Ad] and lost with a pair of Nines
Seat 4: DL1B (big blind) showed [Jd As] and won ($5.70) with a pair of Nines
Seat 5: I TAKE IT 85 folded before Flop (didn't bet)
Seat 6: Lucastitos folded before Flop (didn't bet)



PokerStars Hand #254337008270:  Hold'em No Limit ($0.50/$1.00 USD) - 2025/01/12 19:36:30 WET [2025/01/12 14:36:30 ET]
Table 'Otila III' 6-max Seat #3 is the button
Seat 2: Seavus10 ($177.18 in chips) 
Seat 3: michasia ($100 in chips) 
Seat 4: DL1B ($107.12 in chips) 
Seat 5: I TAKE IT 85 ($103.82 in chips) 
Seat 6: Lucastitos ($100 in chips) 
DL1B: posts small blind $0.50
I TAKE IT 85: posts big blind $1
*** HOLE CARDS ***
Lucastitos: raises $1.10 to $2.10
Seavus10: folds 
michasia: folds 
DL1B: raises $9.90 to $12
I TAKE IT 85: folds 
Lucastitos: raises $12 to $24
DL1B: raises $83.12 to $107.12 and is all-in
Lucastitos: folds 
Uncalled bet ($83.12) returned to DL1B
DL1B collected $49 from pot
DL1B: doesn't show hand 
*** SUMMARY ***
Total pot $49 | Rake $0 
Seat 2: Seavus10 folded before Flop (didn't bet)
Seat 3: michasia (button) folded before Flop (didn't bet)
Seat 4: DL1B (small blind) collected ($49)
Seat 5: I TAKE IT 85 (big blind) folded before Flop
Seat 6: Lucastitos folded before Flop



PokerStars Hand #254337022064:  Hold'em No Limit ($0.50/$1.00 USD) - 2025/01/12 19:37:06 WET [2025/01/12 14:37:06 ET]
Table 'Otila III' 6-max Seat #4 is the button
Seat 6: Lucastitos ($100 in chips) is sitting out
Seat 2: Seavus10 ($177.18 in chips) 
Seat 3: michasia ($100 in chips) 
Seat 4: DL1B ($132.12 in chips) 
Seat 5: I TAKE IT 85 ($102.82 in chips) 
I TAKE IT 85: posts small blind $0.50
Lucastitos: is sitting out 
Seavus10: posts big blind $1
*** HOLE CARDS ***
Lucastitos leaves the table
michasia: folds 
DL1B: raises $1.50 to $2.50
I TAKE IT 85: raises $7.50 to $10
Seavus10: folds 
DL1B: folds 
Uncalled bet ($7.50) returned to I TAKE IT 85
I TAKE IT 85 collected $6 from pot
I TAKE IT 85: doesn't show hand 
*** SUMMARY ***
Total pot $6 | Rake $0 
Seat 6: Lucastitos
Seat 2: Seavus10 (big blind) folded before Flop
Seat 3: michasia folded before Flop (didn't bet)
Seat 4: DL1B (button) folded before Flop
Seat 5: I TAKE IT 85 (small blind) collected ($6)



PokerStars Hand #254337029430:  Hold'em No Limit ($0.50/$1.00 USD) - 2025/01/12 19:37:26 WET [2025/01/12 14:37:26 ET]
Table 'Otila III' 6-max Seat #5 is the button
Seat 3: michasia ($100 in chips) is sitting out
Seat 2: Seavus10 ($176.18 in chips) 
Seat 4: DL1B ($129.62 in chips) 
Seat 5: I TAKE IT 85 ($106.32 in chips) 
Seavus10: posts small blind $0.50
michasia: is sitting out 
DL1B: posts big blind $1
*** HOLE CARDS ***
I TAKE IT 85: raises $1.05 to $2.05
michasia leaves the table
GuigaMan joins the table at seat #6 
Seavus10: raises $9.45 to $11.50
DL1B: folds 
I TAKE IT 85: folds 
Uncalled bet ($9.45) returned to Seavus10
Seavus10 collected $5.10 from pot
Seavus10: doesn't show hand 
*** SUMMARY ***
Total pot $5.10 | Rake $0 
Seat 3: michasia
Seat 2: Seavus10 (small blind) collected ($5.10)
Seat 4: DL1B (big blind) folded before Flop
Seat 5: I TAKE IT 85 (button) folded before Flop



PokerStars Hand #254337036358:  Hold'em No Limit ($0.50/$1.00 USD) - 2025/01/12 19:37:44 WET [2025/01/12 14:37:44 ET]
Table 'Otila III' 6-max Seat #2 is the button
Seat 6: GuigaMan ($100 in chips) is sitting out
Seat 2: Seavus10 ($179.23 in chips) 
Seat 4: DL1B ($128.62 in chips) 
Seat 5: I TAKE IT 85 ($104.27 in chips) 
DL1B: posts small blind $0.50
I TAKE IT 85: posts big blind $1
GuigaMan: sits out 
*** HOLE CARDS ***
Seavus10: raises $1.50 to $2.50
DL1B: raises $9.50 to $12
I TAKE IT 85: folds 
Seavus10: folds 
Uncalled bet ($9.50) returned to DL1B
DL1B collected $6 from pot
DL1B: doesn't show hand 
*** SUMMARY ***
Total pot $6 | Rake $0 
Seat 6: GuigaMan
Seat 2: Seavus10 (button) folded before Flop
Seat 4: DL1B (small blind) collected ($6)
Seat 5: I TAKE IT 85 (big blind) folded before Flop



PokerStars Hand #254337042971:  Hold'em No Limit ($0.50/$1.00 USD) - 2025/01/12 19:38:02 WET [2025/01/12 14:38:02 ET]
Table 'Otila III' 6-max Seat #4 is the button
Seat 2: Seavus10 ($176.73 in chips) 
Seat 4: DL1B ($132.12 in chips) 
Seat 5: I TAKE IT 85 ($103.27 in chips) 
Seat 6: GuigaMan ($100 in chips) 
I TAKE IT 85: posts small blind $0.50
GuigaMan: posts big blind $1
*** HOLE CARDS ***
Seavus10: folds 
DL1B: raises $1.50 to $2.50
I TAKE IT 85: folds 
GuigaMan: folds 
Uncalled bet ($1.50) returned to DL1B
DL1B collected $2.50 from pot
DL1B: doesn't show hand 
*** SUMMARY ***
Total pot $2.50 | Rake $0 
Seat 2: Seavus10 folded before Flop (didn't bet)
Seat 4: DL1B (button) collected ($2.50)
Seat 5: I TAKE IT 85 (small blind) folded before Flop
Seat 6: GuigaMan (big blind) folded before Flop



PokerStars Hand #254337047691:  Hold'em No Limit ($0.50/$1.00 USD) - 2025/01/12 19:38:14 WET [2025/01/12 14:38:14 ET]
Table 'Otila III' 6-max Seat #5 is the button
Seat 2: Seavus10 ($176.73 in chips) 
Seat 4: DL1B ($133.62 in chips) 
Seat 5: I TAKE IT 85 ($102.77 in chips) 
Seat 6: GuigaMan ($100 in chips) 
GuigaMan: posts small blind $0.50
Seavus10: posts big blind $1
*** HOLE CARDS ***
DL1B: folds 
I TAKE IT 85: raises $1.05 to $2.05
GuigaMan: folds 
Seavus10: calls $1.05
*** FLOP *** [Ah 3h 9h]
Seavus10: checks 
I TAKE IT 85: checks 
*** TURN *** [Ah 3h 9h] [Th]
Seavus10: checks 
I TAKE IT 85: checks 
*** RIVER *** [Ah 3h 9h Th] [8s]
Moscardos joins the table at seat #1 
Moscardos is disconnected 
IREQO joins the table at seat #3 
Seavus10: checks 
I TAKE IT 85: checks 
*** SHOW DOWN ***
Seavus10: shows [9d Qs] (a pair of Nines)
I TAKE IT 85: shows [9s Ts] (two pair, Tens and Nines)
I TAKE IT 85 collected $4.37 from pot
*** SUMMARY ***
Total pot $4.60 | Rake $0.23 
Board [Ah 3h 9h Th 8s]
Seat 2: Seavus10 (big blind) showed [9d Qs] and lost with a pair of Nines
Seat 4: DL1B folded before Flop (didn't bet)
Seat 5: I TAKE IT 85 (button) showed [9s Ts] and won ($4.37) with two pair, Tens and Nines
Seat 6: GuigaMan (small blind) folded before Flop



PokerStars Hand #254337073425:  Hold'em No Limit ($0.50/$1.00 USD) - 2025/01/12 19:39:23 WET [2025/01/12 14:39:23 ET]
Table 'Otila III' 6-max Seat #6 is the button
Seat 1: Moscardos ($40 in chips) is sitting out
Seat 2: Seavus10 ($174.68 in chips) 
Seat 3: IREQO ($100 in chips) 
Seat 4: DL1B ($133.62 in chips) 
Seat 5: I TAKE IT 85 ($105.09 in chips) 
Seat 6: GuigaMan ($100 in chips) 
Seavus10: posts small blind $0.50
IREQO: posts big blind $1
*** HOLE CARDS ***
DL1B: folds 
I TAKE IT 85: folds 
GuigaMan: folds 
Seavus10: folds 
Uncalled bet ($0.50) returned to IREQO
IREQO collected $1 from pot
IREQO: doesn't show hand 
*** SUMMARY ***
Total pot $1 | Rake $0 
Seat 1: Moscardos
Seat 2: Seavus10 (small blind) folded before Flop
Seat 3: IREQO (big blind) collected ($1)
Seat 4: DL1B folded before Flop (didn't bet)
Seat 5: I TAKE IT 85 folded before Flop (didn't bet)
Seat 6: GuigaMan (button) folded before Flop (didn't bet)



PokerStars Hand #254337078186:  Hold'em No Limit ($0.50/$1.00 USD) - 2025/01/12 19:39:36 WET [2025/01/12 14:39:36 ET]
Table 'Otila III' 6-max Seat #2 is the button
Seat 1: Moscardos ($40 in chips) is sitting out
Seat 2: Seavus10 ($174.18 in chips) 
Seat 3: IREQO ($100.50 in chips) 
Seat 4: DL1B ($133.62 in chips) 
Seat 5: I TAKE IT 85 ($105.09 in chips) 
Seat 6: GuigaMan ($100 in chips) 
IREQO: posts small blind $0.50
DL1B: posts big blind $1
Moscardos: sits out 
*** HOLE CARDS ***
I TAKE IT 85: folds 
GuigaMan: folds 
I TAKE IT 85 leaves the table
Seavus10: folds 
IREQO: folds 
Uncalled bet ($0.50) returned to DL1B
DL1B collected $1 from pot
DL1B: doesn't show hand 
*** SUMMARY ***
Total pot $1 | Rake $0 
Seat 1: Moscardos
Seat 2: Seavus10 (button) folded before Flop (didn't bet)
Seat 3: IREQO (small blind) folded before Flop
Seat 4: DL1B (big blind) collected ($1)
Seat 5: I TAKE IT 85 folded before Flop (didn't bet)
Seat 6: GuigaMan folded before Flop (didn't bet)



PokerStars Hand #254337082888:  Hold'em No Limit ($0.50/$1.00 USD) - 2025/01/12 19:39:48 WET [2025/01/12 14:39:48 ET]
Table 'Otila III' 6-max Seat #3 is the button
Seat 1: Moscardos ($40 in chips) is sitting out
Seat 2: Seavus10 ($174.18 in chips) 
Seat 3: IREQO ($100 in chips) 
Seat 4: DL1B ($134.12 in chips) 
Seat 6: GuigaMan ($100 in chips) 
DL1B: posts small blind $0.50
GuigaMan: posts big blind $1
Moscardos: sits out 
*** HOLE CARDS ***
Seavus10: raises $1.20 to $2.20
IREQO: folds 
DL1B: folds 
GuigaMan: calls $1.20
*** FLOP *** [9d 5d Qd]
GuigaMan: checks 
Christianzt1 joins the table at seat #5 
Seavus10: bets $1.55
GuigaMan: calls $1.55
*** TURN *** [9d 5d Qd] [4s]
GuigaMan: checks 
Seavus10: checks 
*** RIVER *** [9d 5d Qd 4s] [9c]
GuigaMan: checks 
Seavus10: bets $4.57
GuigaMan: calls $4.57
*** SHOW DOWN ***
Seavus10: shows [Tc Qs] (two pair, Queens and Nines)
GuigaMan: shows [Kc Qc] (two pair, Queens and Nines - King kicker)
GuigaMan collected $16.28 from pot
*** SUMMARY ***
Total pot $17.14 | Rake $0.86 
Board [9d 5d Qd 4s 9c]
Seat 1: Moscardos
Seat 2: Seavus10 showed [Tc Qs] and lost with two pair, Queens and Nines
Seat 3: IREQO (button) folded before Flop (didn't bet)
Seat 4: DL1B (small blind) folded before Flop
Seat 6: GuigaMan (big blind) showed [Kc Qc] and won ($16.28) with two pair, Queens and Nines



PokerStars Hand #254337105001:  Hold'em No Limit ($0.50/$1.00 USD) - 2025/01/12 19:40:47 WET [2025/01/12 14:40:47 ET]
Table 'Otila III' 6-max Seat #4 is the button
Seat 5: Christianzt1 ($100 in chips) is sitting out
Seat 1: Moscardos ($40 in chips) 
Seat 2: Seavus10 ($165.86 in chips) 
Seat 3: IREQO ($100 in chips) 
Seat 4: DL1B ($133.62 in chips) 
Seat 6: GuigaMan ($107.96 in chips) 
GuigaMan: posts small blind $0.50
Moscardos: posts big blind $1
*** HOLE CARDS ***
Seavus10: folds 
IREQO: folds 
DL1B: raises $1.50 to $2.50
GuigaMan: folds 
Moscardos: folds 
Uncalled bet ($1.50) returned to DL1B
DL1B collected $2.50 from pot
DL1B: doesn't show hand 
*** SUMMARY ***
Total pot $2.50 | Rake $0 
Seat 5: Christianzt1
Seat 1: Moscardos (big blind) folded before Flop
Seat 2: Seavus10 folded before Flop (didn't bet)
Seat 3: IREQO folded before Flop (didn't bet)
Seat 4: DL1B (button) collected ($2.50)
Seat 6: GuigaMan (small blind) folded before Flop



PokerStars Hand #254337110911:  Hold'em No Limit ($0.50/$1.00 USD) - 2025/01/12 19:41:03 WET [2025/01/12 14:41:03 ET]
Table 'Otila III' 6-max Seat #6 is the button
Seat 5: Christianzt1 ($100 in chips) is sitting out
Seat 1: Moscardos ($39 in chips) 
Seat 2: Seavus10 ($165.86 in chips) 
Seat 3: IREQO ($100 in chips) 
Seat 4: DL1B ($135.12 in chips) 
Seat 6: GuigaMan ($107.46 in chips) 
Moscardos: posts small blind $0.50
Seavus10: posts big blind $1
Christianzt1: sits out 
*** HOLE CARDS ***
IREQO has timed out
IREQO: folds 
DL1B: folds 
GuigaMan: raises $1.10 to $2.10
Moscardos: folds 
Seavus10: folds 
Uncalled bet ($1.10) returned to GuigaMan
GuigaMan collected $2.50 from pot
GuigaMan: doesn't show hand 
*** SUMMARY ***
Total pot $2.50 | Rake $0 
Seat 5: Christianzt1
Seat 1: Moscardos (small blind) folded before Flop
Seat 2: Seavus10 (big blind) folded before Flop
Seat 3: IREQO folded before Flop (didn't bet)
Seat 4: DL1B folded before Flop (didn't bet)
Seat 6: GuigaMan (button) collected ($2.50)



PokerStars Hand #254337119092:  Hold'em No Limit ($0.50/$1.00 USD) - 2025/01/12 19:41:25 WET [2025/01/12 14:41:25 ET]
Table 'Otila III' 6-max Seat #1 is the button
Seat 5: Christianzt1 ($100 in chips) is sitting out
Seat 1: Moscardos ($38.50 in chips) 
Seat 2: Seavus10 ($164.86 in chips) 
Seat 3: IREQO ($100 in chips) 
Seat 4: DL1B ($135.12 in chips) 
Seat 6: GuigaMan ($108.96 in chips) 
Seavus10: posts small blind $0.50
IREQO: posts big blind $1
Christianzt1: sits out 
*** HOLE CARDS ***
DL1B: folds 
GuigaMan: folds 
Moscardos: folds 
Seavus10: raises $2 to $3
IREQO: folds 
Uncalled bet ($2) returned to Seavus10
Seavus10 collected $2 from pot
Seavus10: doesn't show hand 
*** SUMMARY ***
Total pot $2 | Rake $0 
Seat 5: Christianzt1
Seat 1: Moscardos (button) folded before Flop (didn't bet)
Seat 2: Seavus10 (small blind) collected ($2)
Seat 3: IREQO (big blind) folded before Flop
Seat 4: DL1B folded before Flop (didn't bet)
Seat 6: GuigaMan folded before Flop (didn't bet)



PokerStars Hand #254337123817:  Hold'em No Limit ($0.50/$1.00 USD) - 2025/01/12 19:41:37 WET [2025/01/12 14:41:37 ET]
Table 'Otila III' 6-max Seat #2 is the button
Seat 5: Christianzt1 ($100 in chips) is sitting out
Seat 1: Moscardos ($38.50 in chips) 
Seat 2: Seavus10 ($165.86 in chips) 
Seat 3: IREQO ($100 in chips) 
Seat 4: DL1B ($135.12 in chips) 
Seat 6: GuigaMan ($108.96 in chips) 
IREQO: posts small blind $0.50
DL1B: posts big blind $1
Christianzt1: sits out 
*** HOLE CARDS ***
GuigaMan: raises $1.10 to $2.10
Moscardos: folds 
Seavus10: folds 
IREQO: raises $8.90 to $11
DL1B: folds 
GuigaMan: folds 
Uncalled bet ($8.90) returned to IREQO
IREQO collected $5.20 from pot
IREQO: doesn't show hand 
*** SUMMARY ***
Total pot $5.20 | Rake $0 
Seat 5: Christianzt1
Seat 1: Moscardos folded before Flop (didn't bet)
Seat 2: Seavus10 (button) folded before Flop (didn't bet)
Seat 3: IREQO (small blind) collected ($5.20)
Seat 4: DL1B (big blind) folded before Flop
Seat 6: GuigaMan folded before Flop



PokerStars Hand #254337133873:  Hold'em No Limit ($0.50/$1.00 USD) - 2025/01/12 19:42:04 WET [2025/01/12 14:42:04 ET]
Table 'Otila III' 6-max Seat #3 is the button
Seat 1: Moscardos ($38.50 in chips) 
Seat 2: Seavus10 ($165.86 in chips) 
Seat 3: IREQO ($103.10 in chips) 
Seat 4: DL1B ($134.12 in chips) 
Seat 5: Christianzt1 ($100 in chips) 
Seat 6: GuigaMan ($106.86 in chips) 
DL1B: posts small blind $0.50
Christianzt1: posts big blind $1
*** HOLE CARDS ***
GuigaMan: folds 
Moscardos: folds 
Seavus10: folds 
IREQO: folds 
DL1B: raises $2 to $3
Christianzt1: raises $6 to $9
DL1B: folds 
Uncalled bet ($6) returned to Christianzt1
Christianzt1 collected $6 from pot
*** SUMMARY ***
Total pot $6 | Rake $0 
Seat 1: Moscardos folded before Flop (didn't bet)
Seat 2: Seavus10 folded before Flop (didn't bet)
Seat 3: IREQO (button) folded before Flop (didn't bet)
Seat 4: DL1B (small blind) folded before Flop
Seat 5: Christianzt1 (big blind) collected ($6)
Seat 6: GuigaMan folded before Flop (didn't bet)



PokerStars Hand #254337143378:  Hold'em No Limit ($0.50/$1.00 USD) - 2025/01/12 19:42:29 WET [2025/01/12 14:42:29 ET]
Table 'Otila III' 6-max Seat #4 is the button
Seat 1: Moscardos ($38.50 in chips) 
Seat 2: Seavus10 ($165.86 in chips) 
Seat 3: IREQO ($103.10 in chips) 
Seat 4: DL1B ($131.12 in chips) 
Seat 5: Christianzt1 ($103 in chips) 
Seat 6: GuigaMan ($106.86 in chips) 
Christianzt1: posts small blind $0.50
GuigaMan: posts big blind $1
*** HOLE CARDS ***
Moscardos: folds 
Seavus10: folds 
IREQO: folds 
DL1B: raises $1.50 to $2.50
Christianzt1: folds 
GuigaMan: folds 
Uncalled bet ($1.50) returned to DL1B
DL1B collected $2.50 from pot
DL1B: doesn't show hand 
*** SUMMARY ***
Total pot $2.50 | Rake $0 
Seat 1: Moscardos folded before Flop (didn't bet)
Seat 2: Seavus10 folded before Flop (didn't bet)
Seat 3: IREQO folded before Flop (didn't bet)
Seat 4: DL1B (button) collected ($2.50)
Seat 5: Christianzt1 (small blind) folded before Flop
Seat 6: GuigaMan (big blind) folded before Flop



PokerStars Hand #254337149306:  Hold'em No Limit ($0.50/$1.00 USD) - 2025/01/12 19:42:45 WET [2025/01/12 14:42:45 ET]
Table 'Otila III' 6-max Seat #5 is the button
Seat 1: Moscardos ($38.50 in chips) 
Seat 2: Seavus10 ($165.86 in chips) 
Seat 3: IREQO ($103.10 in chips) 
Seat 4: DL1B ($132.62 in chips) 
Seat 5: Christianzt1 ($102.50 in chips) 
Seat 6: GuigaMan ($105.86 in chips) 
GuigaMan: posts small blind $0.50
Moscardos: posts big blind $1
*** HOLE CARDS ***
Seavus10: folds 
IREQO: raises $1.50 to $2.50
DL1B: raises $5 to $7.50
Christianzt1: folds 
GuigaMan: folds 
Moscardos: folds 
IREQO: folds 
Uncalled bet ($5) returned to DL1B
DL1B collected $6.50 from pot
DL1B: doesn't show hand 
*** SUMMARY ***
Total pot $6.50 | Rake $0 
Seat 1: Moscardos (big blind) folded before Flop
Seat 2: Seavus10 folded before Flop (didn't bet)
Seat 3: IREQO folded before Flop
Seat 4: DL1B collected ($6.50)
Seat 5: Christianzt1 (button) folded before Flop (didn't bet)
Seat 6: GuigaMan (small blind) folded before Flop



PokerStars Hand #254337160957:  Hold'em No Limit ($0.50/$1.00 USD) - 2025/01/12 19:43:15 WET [2025/01/12 14:43:15 ET]
Table 'Otila III' 6-max Seat #6 is the button
Seat 1: Moscardos ($37.50 in chips) 
Seat 2: Seavus10 ($165.86 in chips) 
Seat 3: IREQO ($100.60 in chips) 
Seat 4: DL1B ($136.62 in chips) 
Seat 5: Christianzt1 ($102.50 in chips) 
Seat 6: GuigaMan ($105.36 in chips) 
Moscardos: posts small blind $0.50
Seavus10: posts big blind $1
*** HOLE CARDS ***
IREQO: folds 
DL1B: folds 
Christianzt1: folds 
GuigaMan: raises $1.10 to $2.10
Moscardos: folds 
Seavus10: folds 
Uncalled bet ($1.10) returned to GuigaMan
GuigaMan collected $2.50 from pot
GuigaMan: doesn't show hand 
*** SUMMARY ***
Total pot $2.50 | Rake $0 
Seat 1: Moscardos (small blind) folded before Flop
Seat 2: Seavus10 (big blind) folded before Flop
Seat 3: IREQO folded before Flop (didn't bet)
Seat 4: DL1B folded before Flop (didn't bet)
Seat 5: Christianzt1 folded before Flop (didn't bet)
Seat 6: GuigaMan (button) collected ($2.50)



PokerStars Hand #254337165586:  Hold'em No Limit ($0.50/$1.00 USD) - 2025/01/12 19:43:28 WET [2025/01/12 14:43:28 ET]
Table 'Otila III' 6-max Seat #1 is the button
Seat 1: Moscardos ($37 in chips) 
Seat 2: Seavus10 ($164.86 in chips) 
Seat 3: IREQO ($100.60 in chips) 
Seat 4: DL1B ($136.62 in chips) 
Seat 5: Christianzt1 ($102.50 in chips) 
Seat 6: GuigaMan ($106.86 in chips) 
Seavus10: posts small blind $0.50
IREQO: posts big blind $1
*** HOLE CARDS ***
DL1B: folds 
Christianzt1: folds 
GuigaMan: folds 
Moscardos: calls $1
Seavus10: folds 
IREQO: checks 
*** FLOP *** [8s 7d 6c]
IREQO: checks 
Moscardos: bets $2
IREQO: calls $2
*** TURN *** [8s 7d 6c] [4h]
IREQO: checks 
Moscardos: checks 
*** RIVER *** [8s 7d 6c 4h] [Ts]
IREQO: bets $6
Moscardos: folds 
Uncalled bet ($6) returned to IREQO
IREQO collected $6.18 from pot
IREQO: doesn't show hand 
*** SUMMARY ***
Total pot $6.50 | Rake $0.32 
Board [8s 7d 6c 4h Ts]
Seat 1: Moscardos (button) folded on the River
Seat 2: Seavus10 (small blind) folded before Flop
Seat 3: IREQO (big blind) collected ($6.18)
Seat 4: DL1B folded before Flop (didn't bet)
Seat 5: Christianzt1 folded before Flop (didn't bet)
Seat 6: GuigaMan folded before Flop (didn't bet)



PokerStars Hand #254337190567:  Hold'em No Limit ($0.50/$1.00 USD) - 2025/01/12 19:44:33 WET [2025/01/12 14:44:33 ET]
Table 'Otila III' 6-max Seat #2 is the button
Seat 1: Moscardos ($34 in chips) 
Seat 2: Seavus10 ($164.36 in chips) 
Seat 3: IREQO ($103.78 in chips) 
Seat 4: DL1B ($136.62 in chips) 
Seat 5: Christianzt1 ($102.50 in chips) 
Seat 6: GuigaMan ($106.86 in chips) 
IREQO: posts small blind $0.50
DL1B: posts big blind $1
*** HOLE CARDS ***
Christianzt1: folds 
GuigaMan: folds 
Moscardos: calls $1
Seavus10: folds 
IREQO: folds 
DL1B: checks 
*** FLOP *** [Jh Jc 4d]
DL1B: bets $1.54
Moscardos: calls $1.54
*** TURN *** [Jh Jc 4d] [5s]
DL1B: checks 
Moscardos: bets $5.30
DL1B: calls $5.30
*** RIVER *** [Jh Jc 4d 5s] [4h]
DL1B: checks 
Moscardos: bets $26.16 and is all-in
DL1B: calls $26.16
*** SHOW DOWN ***
Moscardos: shows [6s 6d] (two pair, Jacks and Sixes)
DL1B: shows [5h Js] (a full house, Jacks full of Fives)
DL1B collected $66 from pot
*** SUMMARY ***
Total pot $68.50 | Rake $2.50 
Board [Jh Jc 4d 5s 4h]
Seat 1: Moscardos showed [6s 6d] and lost with two pair, Jacks and Sixes
Seat 2: Seavus10 (button) folded before Flop (didn't bet)
Seat 3: IREQO (small blind) folded before Flop
Seat 4: DL1B (big blind) showed [5h Js] and won ($66) with a full house, Jacks full of Fives
Seat 5: Christianzt1 folded before Flop (didn't bet)
Seat 6: GuigaMan folded before Flop (didn't bet)



PokerStars Hand #254337205426:  Hold'em No Limit ($0.50/$1.00 USD) - 2025/01/12 19:45:12 WET [2025/01/12 14:45:12 ET]
Table 'Otila III' 6-max Seat #3 is the button
Seat 1: Moscardos ($0 in chips) is sitting out
Seat 2: Seavus10 ($164.36 in chips) 
Seat 3: IREQO ($103.28 in chips) 
Seat 4: DL1B ($168.62 in chips) 
Seat 5: Christianzt1 ($102.50 in chips) 
Seat 6: GuigaMan ($106.86 in chips) 
DL1B: posts small blind $0.50
Christianzt1: posts big blind $1
*** HOLE CARDS ***
GuigaMan: folds 
Moscardos leaves the table
Seavus10: folds 
IREQO: folds 
DL1B: raises $2 to $3
Christianzt1: calls $2
*** FLOP *** [Ks 2d 6c]
DL1B: checks 
Christianzt1: checks 
*** TURN *** [Ks 2d 6c] [3d]
DL1B: bets $1.88
Christianzt1: calls $1.88
*** RIVER *** [Ks 2d 6c 3d] [3c]
DL1B: bets $7.05
IREQO leaves the table
Christianzt1: calls $7.05
*** SHOW DOWN ***
DL1B: shows [Qh Kc] (two pair, Kings and Threes)
Christianzt1: mucks hand 
DL1B collected $22.67 from pot
*** SUMMARY ***
Total pot $23.86 | Rake $1.19 
Board [Ks 2d 6c 3d 3c]
Seat 1: Moscardos
Seat 2: Seavus10 folded before Flop (didn't bet)
Seat 3: IREQO (button) folded before Flop (didn't bet)
Seat 4: DL1B (small blind) showed [Qh Kc] and won ($22.67) with two pair, Kings and Threes
Seat 5: Christianzt1 (big blind) mucked
Seat 6: GuigaMan folded before Flop (didn't bet)



PokerStars Hand #254337233384:  Hold'em No Limit ($0.50/$1.00 USD) - 2025/01/12 19:46:25 WET [2025/01/12 14:46:25 ET]
Table 'Otila III' 6-max Seat #4 is the button
Seat 2: Seavus10 ($164.36 in chips) 
Seat 4: DL1B ($179.36 in chips) 
Seat 5: Christianzt1 ($100 in chips) 
Seat 6: GuigaMan ($106.86 in chips) 
Christianzt1: posts small blind $0.50
GuigaMan: posts big blind $1
*** HOLE CARDS ***
Seavus10: raises $1.20 to $2.20
DL1B: raises $5.30 to $7.50
Christianzt1: folds 
GuigaMan: folds 
Seavus10: calls $5.30
*** FLOP *** [Jc 7c Kh]
blistein joins the table at seat #3 
Mikita0304 joins the table at seat #1 
Seavus10: checks 
DL1B: bets $5.17
Seavus10: folds 
Uncalled bet ($5.17) returned to DL1B
DL1B collected $15.68 from pot
DL1B: doesn't show hand 
*** SUMMARY ***
Total pot $16.50 | Rake $0.82 
Board [Jc 7c Kh]
Seat 2: Seavus10 folded on the Flop
Seat 4: DL1B (button) collected ($15.68)
Seat 5: Christianzt1 (small blind) folded before Flop
Seat 6: GuigaMan (big blind) folded before Flop



PokerStars Hand #254337260902:  Hold'em No Limit ($0.50/$1.00 USD) - 2025/01/12 19:47:38 WET [2025/01/12 14:47:38 ET]
Table 'Otila III' 6-max Seat #5 is the button
Seat 3: blistein ($100 in chips) is sitting out
Seat 1: Mikita0304 ($100 in chips) 
Seat 2: Seavus10 ($156.86 in chips) 
Seat 4: DL1B ($187.54 in chips) 
Seat 5: Christianzt1 ($100 in chips) 
Seat 6: GuigaMan ($105.86 in chips) 
GuigaMan: posts small blind $0.50
Mikita0304: posts big blind $1
blistein: sits out 
*** HOLE CARDS ***
Seavus10: raises $1.20 to $2.20
DL1B: folds 
Christianzt1: folds 
GuigaMan: raises $8.80 to $11
DL1B leaves the table
Mikita0304: folds 
Seavus10: folds 
Uncalled bet ($8.80) returned to GuigaMan
GuigaMan collected $5.40 from pot
GuigaMan: doesn't show hand 
*** SUMMARY ***
Total pot $5.40 | Rake $0 
Seat 3: blistein
Seat 1: Mikita0304 (big blind) folded before Flop
Seat 2: Seavus10 folded before Flop
Seat 4: DL1B folded before Flop (didn't bet)
Seat 5: Christianzt1 (button) folded before Flop (didn't bet)
Seat 6: GuigaMan (small blind) collected ($5.40)



PokerStars Hand #254337268540:  Hold'em No Limit ($0.50/$1.00 USD) - 2025/01/12 19:47:58 WET [2025/01/12 14:47:58 ET]
Table 'Otila III' 6-max Seat #6 is the button
Seat 3: blistein ($100 in chips) is sitting out
Seat 1: Mikita0304 ($99 in chips) 
Seat 2: Seavus10 ($154.66 in chips) 
Seat 5: Christianzt1 ($100 in chips) 
Seat 6: GuigaMan ($109.06 in chips) 
Mikita0304: posts small blind $0.50
Seavus10: posts big blind $1
blistein: sits out 
*** HOLE CARDS ***
Christianzt1: folds 
GuigaMan: raises $1.10 to $2.10
Mikita0304: calls $1.60
Seavus10: folds 
*** FLOP *** [8c 5h 9s]
Mikita0304: checks 
GuigaMan: checks 
*** TURN *** [8c 5h 9s] [Td]
Mikita0304: bets $2.47
GuigaMan: folds 
Uncalled bet ($2.47) returned to Mikita0304
Mikita0304 collected $4.94 from pot
Mikita0304: doesn't show hand 
*** SUMMARY ***
Total pot $5.20 | Rake $0.26 
Board [8c 5h 9s Td]
Seat 3: blistein
Seat 1: Mikita0304 (small blind) collected ($4.94)
Seat 2: Seavus10 (big blind) folded before Flop
Seat 5: Christianzt1 folded before Flop (didn't bet)
Seat 6: GuigaMan (button) folded on the Turn



PokerStars Hand #254337287030:  Hold'em No Limit ($0.50/$1.00 USD) - 2025/01/12 19:48:47 WET [2025/01/12 14:48:47 ET]
Table 'Otila III' 6-max Seat #1 is the button
Seat 1: Mikita0304 ($101.84 in chips) 
Seat 2: Seavus10 ($153.66 in chips) 
Seat 3: blistein ($100 in chips) 
Seat 5: Christianzt1 ($100 in chips) 
Seat 6: GuigaMan ($106.96 in chips) 
Seavus10: posts small blind $0.50
blistein: posts big blind $1
*** HOLE CARDS ***
Christianzt1: raises $1.40 to $2.40
GuigaMan: folds 
Mikita0304: folds 
crist_89870 joins the table at seat #4 
Seavus10: raises $9.10 to $11.50
blistein: folds 
Christianzt1: folds 
Uncalled bet ($9.10) returned to Seavus10
Seavus10 collected $5.80 from pot
Seavus10: doesn't show hand 
*** SUMMARY ***
Total pot $5.80 | Rake $0 
Seat 1: Mikita0304 (button) folded before Flop (didn't bet)
Seat 2: Seavus10 (small blind) collected ($5.80)
Seat 3: blistein (big blind) folded before Flop
Seat 5: Christianzt1 folded before Flop
Seat 6: GuigaMan folded before Flop (didn't bet)



PokerStars Hand #254337297754:  Hold'em No Limit ($0.50/$1.00 USD) - 2025/01/12 19:49:16 WET [2025/01/12 14:49:16 ET]
Table 'Otila III' 6-max Seat #2 is the button
Seat 1: Mikita0304 ($101.84 in chips) 
Seat 2: Seavus10 ($157.06 in chips) 
Seat 3: blistein ($100 in chips) 
Seat 4: crist_89870 ($100 in chips) 
Seat 5: Christianzt1 ($100 in chips) 
Seat 6: GuigaMan ($106.96 in chips) 
blistein: posts small blind $0.50
crist_89870: posts big blind $1
*** HOLE CARDS ***
Christianzt1: folds 
GuigaMan: folds 
Mikita0304: folds 
Seavus10: folds 
blistein: folds 
Uncalled bet ($0.50) returned to crist_89870
crist_89870 collected $1 from pot
crist_89870: doesn't show hand 
*** SUMMARY ***
Total pot $1 | Rake $0 
Seat 1: Mikita0304 folded before Flop (didn't bet)
Seat 2: Seavus10 (button) folded before Flop (didn't bet)
Seat 3: blistein (small blind) folded before Flop
Seat 4: crist_89870 (big blind) collected ($1)
Seat 5: Christianzt1 folded before Flop (didn't bet)
Seat 6: GuigaMan folded before Flop (didn't bet)



PokerStars Hand #254337303536:  Hold'em No Limit ($0.50/$1.00 USD) - 2025/01/12 19:49:31 WET [2025/01/12 14:49:31 ET]
Table 'Otila III' 6-max Seat #3 is the button
Seat 5: Christianzt1 ($100 in chips) is sitting out
Seat 1: Mikita0304 ($101.84 in chips) 
Seat 2: Seavus10 ($157.06 in chips) 
Seat 3: blistein ($100 in chips) 
Seat 4: crist_89870 ($100.50 in chips) 
Seat 6: GuigaMan ($106.96 in chips) 
crist_89870: posts small blind $0.50
Christianzt1: is sitting out 
GuigaMan: posts big blind $1
*** HOLE CARDS ***
Christianzt1 leaves the table
Mikita0304: raises $1 to $2
Seavus10: raises $5.50 to $7.50
blistein: folds 
crist_89870: folds 
GuigaMan: folds 
Mikita0304: calls $5.50
*** FLOP *** [Th 3h 8s]
Mikita0304: checks 
Seavus10: bets $9.72
Mikita0304: calls $9.72
*** TURN *** [Th 3h 8s] [Kd]
Mikita0304: checks 
Seavus10: bets $25.61
Mikita0304: folds 
Uncalled bet ($25.61) returned to Seavus10
Seavus10 collected $34.14 from pot
Seavus10: doesn't show hand 
*** SUMMARY ***
Total pot $35.94 | Rake $1.80 
Board [Th 3h 8s Kd]
Seat 5: Christianzt1
Seat 1: Mikita0304 folded on the Turn
Seat 2: Seavus10 collected ($34.14)
Seat 3: blistein (button) folded before Flop (didn't bet)
Seat 4: crist_89870 (small blind) folded before Flop
Seat 6: GuigaMan (big blind) folded before Flop



PokerStars Hand #254337330056:  Hold'em No Limit ($0.50/$1.00 USD) - 2025/01/12 19:50:42 WET [2025/01/12 14:50:42 ET]
Table 'Otila III' 6-max Seat #4 is the button
Seat 1: Mikita0304 ($84.62 in chips) 
Seat 2: Seavus10 ($173.98 in chips) 
Seat 3: blistein ($100 in chips) 
Seat 4: crist_89870 ($100 in chips) 
Seat 6: GuigaMan ($105.96 in chips) 
GuigaMan: posts small blind $0.50
Mikita0304: posts big blind $1
*** HOLE CARDS ***
Seavus10: folds 
blistein: folds 
crist_89870: raises $1.50 to $2.50
GuigaMan: folds 
Mikita0304: folds 
Uncalled bet ($1.50) returned to crist_89870
crist_89870 collected $2.50 from pot
crist_89870: doesn't show hand 
*** SUMMARY ***
Total pot $2.50 | Rake $0 
Seat 1: Mikita0304 (big blind) folded before Flop
Seat 2: Seavus10 folded before Flop (didn't bet)
Seat 3: blistein folded before Flop (didn't bet)
Seat 4: crist_89870 (button) collected ($2.50)
Seat 6: GuigaMan (small blind) folded before Flop



PokerStars Hand #254337333798:  Hold'em No Limit ($0.50/$1.00 USD) - 2025/01/12 19:50:52 WET [2025/01/12 14:50:52 ET]
Table 'Otila III' 6-max Seat #6 is the button
Seat 1: Mikita0304 ($83.62 in chips) 
Seat 2: Seavus10 ($173.98 in chips) 
Seat 3: blistein ($100 in chips) 
Seat 4: crist_89870 ($101.50 in chips) 
Seat 6: GuigaMan ($105.46 in chips) 
Mikita0304: posts small blind $0.50
Seavus10: posts big blind $1
*** HOLE CARDS ***
blistein: folds 
crist_89870: folds 
GuigaMan: raises $1.10 to $2.10
Mikita0304: folds 
Seavus10: raises $10.40 to $12.50
GuigaMan: folds 
Uncalled bet ($10.40) returned to Seavus10
Seavus10 collected $4.70 from pot
Seavus10: doesn't show hand 
*** SUMMARY ***
Total pot $4.70 | Rake $0 
Seat 1: Mikita0304 (small blind) folded before Flop
Seat 2: Seavus10 (big blind) collected ($4.70)
Seat 3: blistein folded before Flop (didn't bet)
Seat 4: crist_89870 folded before Flop (didn't bet)
Seat 6: GuigaMan (button) folded before Flop



PokerStars Hand #254337345865:  Hold'em No Limit ($0.50/$1.00 USD) - 2025/01/12 19:51:24 WET [2025/01/12 14:51:24 ET]
Table 'Otila III' 6-max Seat #1 is the button
Seat 1: Mikita0304 ($83.12 in chips) 
Seat 2: Seavus10 ($176.58 in chips) 
Seat 3: blistein ($100 in chips) 
Seat 4: crist_89870 ($101.50 in chips) 
Seat 6: GuigaMan ($103.36 in chips) 
Seavus10: posts small blind $0.50
blistein: posts big blind $1
*** HOLE CARDS ***
crist_89870: folds 
GuigaMan: folds 
Mikita0304: folds 
Seavus10: folds 
Uncalled bet ($0.50) returned to blistein
blistein collected $1 from pot
blistein: doesn't show hand 
*** SUMMARY ***
Total pot $1 | Rake $0 
Seat 1: Mikita0304 (button) folded before Flop (didn't bet)
Seat 2: Seavus10 (small blind) folded before Flop
Seat 3: blistein (big blind) collected ($1)
Seat 4: crist_89870 folded before Flop (didn't bet)
Seat 6: GuigaMan folded before Flop (didn't bet)



PokerStars Hand #254337349878:  Hold'em No Limit ($0.50/$1.00 USD) - 2025/01/12 19:51:35 WET [2025/01/12 14:51:35 ET]
Table 'Otila III' 6-max Seat #2 is the button
Seat 1: Mikita0304 ($83.12 in chips) 
Seat 2: Seavus10 ($176.08 in chips) 
Seat 3: blistein ($100.50 in chips) 
Seat 4: crist_89870 ($101.50 in chips) 
Seat 6: GuigaMan ($103.36 in chips) 
blistein: posts small blind $0.50
crist_89870: posts big blind $1
*** HOLE CARDS ***
GuigaMan: folds 
Mikita0304: raises $1 to $2
Seavus10: raises $6.50 to $8.50
blistein: folds 
crist_89870: folds 
Mikita0304: raises $12.50 to $21
Seavus10: folds 
Uncalled bet ($12.50) returned to Mikita0304
Mikita0304 collected $18.50 from pot
Mikita0304: doesn't show hand 
*** SUMMARY ***
Total pot $18.50 | Rake $0 
Seat 1: Mikita0304 collected ($18.50)
Seat 2: Seavus10 (button) folded before Flop
Seat 3: blistein (small blind) folded before Flop
Seat 4: crist_89870 (big blind) folded before Flop
Seat 6: GuigaMan folded before Flop (didn't bet)



PokerStars Hand #254337364816:  Hold'em No Limit ($0.50/$1.00 USD) - 2025/01/12 19:52:15 WET [2025/01/12 14:52:15 ET]
Table 'Otila III' 6-max Seat #3 is the button
Seat 1: Mikita0304 ($93.12 in chips) 
Seat 2: Seavus10 ($167.58 in chips) 
Seat 3: blistein ($100 in chips) 
Seat 4: crist_89870 ($100.50 in chips) 
Seat 6: GuigaMan ($103.36 in chips) 
crist_89870: posts small blind $0.50
GuigaMan: posts big blind $1
*** HOLE CARDS ***
Mikita0304: raises $1 to $2
Seavus10: folds 
blistein: folds 
crist_89870: folds 
GuigaMan: calls $1
*** FLOP *** [9c 6c Qc]
GuigaMan: checks 
Mikita0304: bets $1.21
GuigaMan: folds 
Uncalled bet ($1.21) returned to Mikita0304
Mikita0304 collected $4.28 from pot
Mikita0304: doesn't show hand 
*** SUMMARY ***
Total pot $4.50 | Rake $0.22 
Board [9c 6c Qc]
Seat 1: Mikita0304 collected ($4.28)
Seat 2: Seavus10 folded before Flop (didn't bet)
Seat 3: blistein (button) folded before Flop (didn't bet)
Seat 4: crist_89870 (small blind) folded before Flop
Seat 6: GuigaMan (big blind) folded on the Flop



PokerStars Hand #254337376719:  Hold'em No Limit ($0.50/$1.00 USD) - 2025/01/12 19:52:47 WET [2025/01/12 14:52:47 ET]
Table 'Otila III' 6-max Seat #4 is the button
Seat 1: Mikita0304 ($95.40 in chips) 
Seat 2: Seavus10 ($167.58 in chips) 
Seat 3: blistein ($100 in chips) 
Seat 4: crist_89870 ($100 in chips) 
Seat 6: GuigaMan ($101.36 in chips) 
GuigaMan: posts small blind $0.50
Mikita0304: posts big blind $1
*** HOLE CARDS ***
Seavus10: folds 
blistein: raises $1.30 to $2.30
crist_89870: folds 
GuigaMan: folds 
Mikita0304: folds 
Uncalled bet ($1.30) returned to blistein
blistein collected $2.50 from pot
blistein: doesn't show hand 
*** SUMMARY ***
Total pot $2.50 | Rake $0 
Seat 1: Mikita0304 (big blind) folded before Flop
Seat 2: Seavus10 folded before Flop (didn't bet)
Seat 3: blistein collected ($2.50)
Seat 4: crist_89870 (button) folded before Flop (didn't bet)
Seat 6: GuigaMan (small blind) folded before Flop



PokerStars Hand #254337383146:  Hold'em No Limit ($0.50/$1.00 USD) - 2025/01/12 19:53:05 WET [2025/01/12 14:53:05 ET]
Table 'Otila III' 6-max Seat #6 is the button
Seat 1: Mikita0304 ($94.40 in chips) 
Seat 2: Seavus10 ($167.58 in chips) 
Seat 3: blistein ($101.50 in chips) 
Seat 4: crist_89870 ($100 in chips) 
Seat 6: GuigaMan ($100.86 in chips) 
Mikita0304: posts small blind $0.50
Seavus10: posts big blind $1
*** HOLE CARDS ***
blistein: folds 
crist_89870: folds 
GuigaMan: folds 
Mikita0304: calls $0.50
Seavus10: checks 
*** FLOP *** [8d 7h Kc]
Mikita0304: checks 
Seavus10: checks 
*** TURN *** [8d 7h Kc] [Qc]
Mikita0304: bets $1
Seavus10: calls $1
*** RIVER *** [8d 7h Kc Qc] [3c]
Mikita0304: bets $2
Seavus10: folds 
Uncalled bet ($2) returned to Mikita0304
Mikita0304 collected $3.80 from pot
Mikita0304: doesn't show hand 
*** SUMMARY ***
Total pot $4 | Rake $0.20 
Board [8d 7h Kc Qc 3c]
Seat 1: Mikita0304 (small blind) collected ($3.80)
Seat 2: Seavus10 (big blind) folded on the River
Seat 3: blistein folded before Flop (didn't bet)
Seat 4: crist_89870 folded before Flop (didn't bet)
Seat 6: GuigaMan (button) folded before Flop (didn't bet)



PokerStars Hand #254337404611:  Hold'em No Limit ($0.50/$1.00 USD) - 2025/01/12 19:54:02 WET [2025/01/12 14:54:02 ET]
Table 'Otila III' 6-max Seat #1 is the button
Seat 1: Mikita0304 ($96.20 in chips) 
Seat 2: Seavus10 ($165.58 in chips) 
Seat 3: blistein ($101.50 in chips) 
Seat 4: crist_89870 ($100 in chips) 
Seat 6: GuigaMan ($100.86 in chips) 
Seavus10: posts small blind $0.50
blistein: posts big blind $1
*** HOLE CARDS ***
crist_89870: raises $1.50 to $2.50
GuigaMan: folds 
Mikita0304: calls $2.50
Seavus10: folds 
blistein: folds 
*** FLOP *** [Qh 9s 9c]
crist_89870: bets $1.85
Mikita0304: calls $1.85
*** TURN *** [Qh 9s 9c] [5s]
crist_89870: bets $7.27
Mikita0304: calls $7.27
*** RIVER *** [Qh 9s 9c 5s] [7s]
crist_89870: bets $15.51
Mikita0304: folds 
Uncalled bet ($15.51) returned to crist_89870
crist_89870 collected $23.50 from pot
crist_89870: doesn't show hand 
*** SUMMARY ***
Total pot $24.74 | Rake $1.24 
Board [Qh 9s 9c 5s 7s]
Seat 1: Mikita0304 (button) folded on the River
Seat 2: Seavus10 (small blind) folded before Flop
Seat 3: blistein (big blind) folded before Flop
Seat 4: crist_89870 collected ($23.50)
Seat 6: GuigaMan folded before Flop (didn't bet)



PokerStars Hand #254337429949:  Hold'em No Limit ($0.50/$1.00 USD) - 2025/01/12 19:55:15 WET [2025/01/12 14:55:15 ET]
Table 'Otila III' 6-max Seat #2 is the button
Seat 1: Mikita0304 ($84.58 in chips) 
Seat 2: Seavus10 ($165.08 in chips) 
Seat 3: blistein ($100.50 in chips) 
Seat 4: crist_89870 ($111.88 in chips) 
Seat 6: GuigaMan ($100.86 in chips) 
blistein: posts small blind $0.50
crist_89870: posts big blind $1
*** HOLE CARDS ***
GuigaMan: folds 
Mikita0304: raises $1 to $2
Seavus10: folds 
blistein: folds 
crist_89870: calls $1
*** FLOP *** [Ks 6c 6s]
crist_89870: checks 
Mikita0304: bets $2.14
crist_89870: calls $2.14
*** TURN *** [Ks 6c 6s] [Ah]
crist_89870: checks 
Mikita0304: bets $6.71
crist_89870: folds 
Uncalled bet ($6.71) returned to Mikita0304
Mikita0304 collected $8.34 from pot
Mikita0304: doesn't show hand 
*** SUMMARY ***
Total pot $8.78 | Rake $0.44 
Board [Ks 6c 6s Ah]
Seat 1: Mikita0304 collected ($8.34)
Seat 2: Seavus10 (button) folded before Flop (didn't bet)
Seat 3: blistein (small blind) folded before Flop
Seat 4: crist_89870 (big blind) folded on the Turn
Seat 6: GuigaMan folded before Flop (didn't bet)



PokerStars Hand #254337441658:  Hold'em No Limit ($0.50/$1.00 USD) - 2025/01/12 19:56:10 WET [2025/01/12 14:56:10 ET]
Table 'Otila III' 6-max Seat #3 is the button
Seat 1: Mikita0304 ($88.78 in chips) 
Seat 2: Seavus10 ($165.08 in chips) 
Seat 3: blistein ($100 in chips) 
Seat 4: crist_89870 ($107.74 in chips) 
Seat 6: GuigaMan ($100.86 in chips) 
crist_89870: posts small blind $0.50
GuigaMan: posts big blind $1
*** HOLE CARDS ***
Mikita0304: calls $1
Seavus10: folds 
blistein: folds 
crist_89870: folds 
GuigaMan: checks 
*** FLOP *** [6s 8c 7s]
GuigaMan: checks 
Mikita0304: bets $1
kvcsszblcs joins the table at seat #5 
GuigaMan: calls $1
*** TURN *** [6s 8c 7s] [2s]
GuigaMan: checks 
Mikita0304: bets $2.14
GuigaMan: folds 
Uncalled bet ($2.14) returned to Mikita0304
Mikita0304 collected $4.28 from pot
Mikita0304: doesn't show hand 
*** SUMMARY ***
Total pot $4.50 | Rake $0.22 
Board [6s 8c 7s 2s]
Seat 1: Mikita0304 collected ($4.28)
Seat 2: Seavus10 folded before Flop (didn't bet)
Seat 3: blistein (button) folded before Flop (didn't bet)
Seat 4: crist_89870 (small blind) folded before Flop
Seat 6: GuigaMan (big blind) folded on the Turn



PokerStars Hand #254337449545:  Hold'em No Limit ($0.50/$1.00 USD) - 2025/01/12 19:56:46 WET [2025/01/12 14:56:46 ET]
Table 'Otila III' 6-max Seat #4 is the button
Seat 5: kvcsszblcs ($100 in chips) is sitting out
Seat 1: Mikita0304 ($91.06 in chips) 
Seat 2: Seavus10 ($165.08 in chips) 
Seat 3: blistein ($100 in chips) 
Seat 4: crist_89870 ($107.24 in chips) 
Seat 6: GuigaMan ($100 in chips) 
GuigaMan: posts small blind $0.50
Mikita0304: posts big blind $1
*** HOLE CARDS ***
Seavus10: raises $1.20 to $2.20
blistein: folds 
crist_89870: folds 
GuigaMan: folds 
Mikita0304: folds 
Uncalled bet ($1.20) returned to Seavus10
Seavus10 collected $2.50 from pot
Seavus10: doesn't show hand 
*** SUMMARY ***
Total pot $2.50 | Rake $0 
Seat 5: kvcsszblcs
Seat 1: Mikita0304 (big blind) folded before Flop
Seat 2: Seavus10 collected ($2.50)
Seat 3: blistein folded before Flop (didn't bet)
Seat 4: crist_89870 (button) folded before Flop (didn't bet)
Seat 6: GuigaMan (small blind) folded before Flop



PokerStars Hand #254337452711:  Hold'em No Limit ($0.50/$1.00 USD) - 2025/01/12 19:57:00 WET [2025/01/12 14:57:00 ET]
Table 'Otila III' 6-max Seat #6 is the button
Seat 5: kvcsszblcs ($100 in chips) is sitting out
Seat 1: Mikita0304 ($90.06 in chips) 
Seat 2: Seavus10 ($166.58 in chips) 
Seat 3: blistein ($100 in chips) 
Seat 4: crist_89870 ($107.24 in chips) 
Seat 6: GuigaMan ($100 in chips) 
Mikita0304: posts small blind $0.50
Seavus10: posts big blind $1
kvcsszblcs: sits out 
*** HOLE CARDS ***
blistein: raises $1.20 to $2.20
crist_89870: folds 
GuigaMan: folds 
Mikita0304: raises $4.20 to $6.40
Seavus10: folds 
blistein: raises $10.60 to $17
Mikita0304: calls $10.60
*** FLOP *** [3h 2s Ad]
Mikita0304: checks 
blistein: bets $9.31
Mikita0304: raises $15.31 to $24.62
blistein: calls $15.31
*** TURN *** [3h 2s Ad] [2h]
Mikita0304: bets $48.44 and is all-in
blistein: calls $48.44
*** RIVER *** [3h 2s Ad 2h] [7c]
*** SHOW DOWN ***
Mikita0304: shows [Td Ac] (two pair, Aces and Deuces)
blistein: shows [Kh As] (two pair, Aces and Deuces - King kicker)
blistein collected $178.62 from pot
*** SUMMARY ***
Total pot $181.12 | Rake $2.50 
Board [3h 2s Ad 2h 7c]
Seat 5: kvcsszblcs
Seat 1: Mikita0304 (small blind) showed [Td Ac] and lost with two pair, Aces and Deuces
Seat 2: Seavus10 (big blind) folded before Flop
Seat 3: blistein showed [Kh As] and won ($178.62) with two pair, Aces and Deuces
Seat 4: crist_89870 folded before Flop (didn't bet)
Seat 6: GuigaMan (button) folded before Flop (didn't bet)



PokerStars Hand #254337471661:  Hold'em No Limit ($0.50/$1.00 USD) - 2025/01/12 19:58:27 WET [2025/01/12 14:58:27 ET]
Table 'Otila III' 6-max Seat #2 is the button
Seat 5: kvcsszblcs ($100 in chips) is sitting out
Seat 2: Seavus10 ($165.58 in chips) 
Seat 3: blistein ($188.56 in chips) 
Seat 4: crist_89870 ($107.24 in chips) 
Seat 6: GuigaMan ($100 in chips) 
blistein: posts small blind $0.50
crist_89870: posts big blind $1
kvcsszblcs: sits out 
*** HOLE CARDS ***
GuigaMan: raises $1.10 to $2.10
SingingPancake joins the table at seat #1 
Seavus10: raises $5.25 to $7.35
blistein: folds 
crist_89870: folds 
GuigaMan: folds 
Uncalled bet ($5.25) returned to Seavus10
Seavus10 collected $5.70 from pot
Seavus10: doesn't show hand 
*** SUMMARY ***
Total pot $5.70 | Rake $0 
Seat 5: kvcsszblcs
Seat 2: Seavus10 (button) collected ($5.70)
Seat 3: blistein (small blind) folded before Flop
Seat 4: crist_89870 (big blind) folded before Flop
Seat 6: GuigaMan folded before Flop



PokerStars Hand #254337616200:  Hold'em No Limit ($0.50/$1.00 USD) - 2025/01/12 20:06:02 WET [2025/01/12 15:06:02 ET]
Table 'Otila III' 6-max Seat #6 is the button
Seat 1: SingingPancake ($89.59 in chips) 
Seat 2: Seavus10 ($151.68 in chips) 
Seat 3: blistein ($225.71 in chips) 
Seat 4: crist_89870 ($104.24 in chips) 
Seat 5: kvcsszblcs ($120.55 in chips) 
Seat 6: GuigaMan ($100 in chips) 
SingingPancake: posts small blind $0.50
Seavus10: posts big blind $1
*** HOLE CARDS ***
blistein: folds 
crist_89870: folds 
kvcsszblcs: folds 
GuigaMan: folds 
SingingPancake: folds 
Uncalled bet ($0.50) returned to Seavus10
Seavus10 collected $1 from pot
Seavus10: doesn't show hand 
*** SUMMARY ***
Total pot $1 | Rake $0 
Seat 1: SingingPancake (small blind) folded before Flop
Seat 2: Seavus10 (big blind) collected ($1)
Seat 3: blistein folded before Flop (didn't bet)
Seat 4: crist_89870 folded before Flop (didn't bet)
Seat 5: kvcsszblcs folded before Flop (didn't bet)
Seat 6: GuigaMan (button) folded before Flop (didn't bet)



PokerStars Hand #254337623001:  Hold'em No Limit ($0.50/$1.00 USD) - 2025/01/12 20:06:19 WET [2025/01/12 15:06:19 ET]
Table 'Otila III' 6-max Seat #1 is the button
Seat 1: SingingPancake ($89.09 in chips) 
Seat 2: Seavus10 ($152.18 in chips) 
Seat 3: blistein ($225.71 in chips) 
Seat 4: crist_89870 ($104.24 in chips) 
Seat 5: kvcsszblcs ($120.55 in chips) 
Seat 6: GuigaMan ($100 in chips) 
Seavus10: posts small blind $0.50
blistein: posts big blind $1
*** HOLE CARDS ***
crist_89870: folds 
kvcsszblcs: folds 
GuigaMan: folds 
SingingPancake: folds 
Seavus10: raises $2 to $3
blistein: calls $2
*** FLOP *** [6h Kc As]
Seavus10: bets $6.90
blistein: folds 
Uncalled bet ($6.90) returned to Seavus10
Seavus10 collected $5.70 from pot
Seavus10: doesn't show hand 
*** SUMMARY ***
Total pot $6 | Rake $0.30 
Board [6h Kc As]
Seat 1: SingingPancake (button) folded before Flop (didn't bet)
Seat 2: Seavus10 (small blind) collected ($5.70)
Seat 3: blistein (big blind) folded on the Flop
Seat 4: crist_89870 folded before Flop (didn't bet)
Seat 5: kvcsszblcs folded before Flop (didn't bet)
Seat 6: GuigaMan folded before Flop (didn't bet)



PokerStars Hand #254337634652:  Hold'em No Limit ($0.50/$1.00 USD) - 2025/01/12 20:06:48 WET [2025/01/12 15:06:48 ET]
Table 'Otila III' 6-max Seat #2 is the button
Seat 1: SingingPancake ($89.09 in chips) 
Seat 2: Seavus10 ($154.88 in chips) 
Seat 3: blistein ($222.71 in chips) 
Seat 4: crist_89870 ($104.24 in chips) 
Seat 5: kvcsszblcs ($120.55 in chips) 
Seat 6: GuigaMan ($100 in chips) 
blistein: posts small blind $0.50
crist_89870: posts big blind $1
*** HOLE CARDS ***
kvcsszblcs: folds 
GuigaMan: folds 
SingingPancake: raises $2 to $3
Seavus10: folds 
blistein: folds 
crist_89870: folds 
Uncalled bet ($2) returned to SingingPancake
SingingPancake collected $2.50 from pot
SingingPancake: doesn't show hand 
*** SUMMARY ***
Total pot $2.50 | Rake $0 
Seat 1: SingingPancake collected ($2.50)
Seat 2: Seavus10 (button) folded before Flop (didn't bet)
Seat 3: blistein (small blind) folded before Flop
Seat 4: crist_89870 (big blind) folded before Flop
Seat 5: kvcsszblcs folded before Flop (didn't bet)
Seat 6: GuigaMan folded before Flop (didn't bet)



PokerStars Hand #254337642950:  Hold'em No Limit ($0.50/$1.00 USD) - 2025/01/12 20:07:08 WET [2025/01/12 15:07:08 ET]
Table 'Otila III' 6-max Seat #3 is the button
Seat 1: SingingPancake ($90.59 in chips) 
Seat 2: Seavus10 ($154.88 in chips) 
Seat 3: blistein ($222.21 in chips) 
Seat 4: crist_89870 ($103.24 in chips) 
Seat 5: kvcsszblcs ($120.55 in chips) 
Seat 6: GuigaMan ($100 in chips) 
crist_89870: posts small blind $0.50
kvcsszblcs: posts big blind $1
*** HOLE CARDS ***
GuigaMan: folds 
SingingPancake: raises $2 to $3
Seavus10: folds 
blistein: raises $4 to $7
crist_89870: folds 
kvcsszblcs: folds 
SingingPancake: calls $4
*** FLOP *** [8d 5h 8h]
SingingPancake: checks 
blistein: bets $5
SingingPancake: raises $20 to $25
blistein: raises $190.21 to $215.21 and is all-in
SingingPancake: calls $58.59 and is all-in
Uncalled bet ($131.62) returned to blistein
*** TURN *** [8d 5h 8h] [Ac]
*** RIVER *** [8d 5h 8h Ac] [6d]
*** SHOW DOWN ***
SingingPancake: shows [Td Tc] (two pair, Tens and Eights)
blistein: shows [Ah 7h] (two pair, Aces and Eights)
blistein collected $180.18 from pot
SingingPancake cashed out the hand for $102.92 | Cash Out Fee $2.10
*** SUMMARY ***
Total pot $182.68 | Rake $2.50 
Board [8d 5h 8h Ac 6d]
Seat 1: SingingPancake showed [Td Tc] and lost with two pair, Tens and Eights (cashed out).
Seat 2: Seavus10 folded before Flop (didn't bet)
Seat 3: blistein (button) showed [Ah 7h] and won ($180.18) with two pair, Aces and Eights
Seat 4: crist_89870 (small blind) folded before Flop
Seat 5: kvcsszblcs (big blind) folded before Flop
Seat 6: GuigaMan folded before Flop (didn't bet)



PokerStars Hand #254337679664:  Hold'em No Limit ($0.50/$1.00 USD) - 2025/01/12 20:08:37 WET [2025/01/12 15:08:37 ET]
Table 'Otila III' 6-max Seat #4 is the button
Seat 1: SingingPancake ($102.92 in chips) 
Seat 2: Seavus10 ($154.88 in chips) 
Seat 3: blistein ($311.80 in chips) 
Seat 4: crist_89870 ($102.74 in chips) 
Seat 5: kvcsszblcs ($119.55 in chips) 
Seat 6: GuigaMan ($100 in chips) 
kvcsszblcs: posts small blind $0.50
GuigaMan: posts big blind $1
*** HOLE CARDS ***
SingingPancake: folds 
Seavus10: folds 
blistein: folds 
crist_89870: folds 
kvcsszblcs: folds 
Uncalled bet ($0.50) returned to GuigaMan
GuigaMan collected $1 from pot
GuigaMan: doesn't show hand 
*** SUMMARY ***
Total pot $1 | Rake $0 
Seat 1: SingingPancake folded before Flop (didn't bet)
Seat 2: Seavus10 folded before Flop (didn't bet)
Seat 3: blistein folded before Flop (didn't bet)
Seat 4: crist_89870 (button) folded before Flop (didn't bet)
Seat 5: kvcsszblcs (small blind) folded before Flop
Seat 6: GuigaMan (big blind) collected ($1)



PokerStars Hand #254337688451:  Hold'em No Limit ($0.50/$1.00 USD) - 2025/01/12 20:08:58 WET [2025/01/12 15:08:58 ET]
Table 'Otila III' 6-max Seat #5 is the button
Seat 1: SingingPancake ($102.92 in chips) 
Seat 2: Seavus10 ($154.88 in chips) 
Seat 3: blistein ($311.80 in chips) 
Seat 4: crist_89870 ($102.74 in chips) 
Seat 5: kvcsszblcs ($119.05 in chips) 
Seat 6: GuigaMan ($100.50 in chips) 
GuigaMan: posts small blind $0.50
SingingPancake: posts big blind $1
*** HOLE CARDS ***
Seavus10: raises $1.50 to $2.50
blistein: folds 
crist_89870: folds 
kvcsszblcs: folds 
GuigaMan: folds 
SingingPancake: folds 
Uncalled bet ($1.50) returned to Seavus10
Seavus10 collected $2.50 from pot
Seavus10: doesn't show hand 
*** SUMMARY ***
Total pot $2.50 | Rake $0 
Seat 1: SingingPancake (big blind) folded before Flop
Seat 2: Seavus10 collected ($2.50)
Seat 3: blistein folded before Flop (didn't bet)
Seat 4: crist_89870 folded before Flop (didn't bet)
Seat 5: kvcsszblcs (button) folded before Flop (didn't bet)
Seat 6: GuigaMan (small blind) folded before Flop



PokerStars Hand #254337696133:  Hold'em No Limit ($0.50/$1.00 USD) - 2025/01/12 20:09:17 WET [2025/01/12 15:09:17 ET]
Table 'Otila III' 6-max Seat #6 is the button
Seat 1: SingingPancake ($101.92 in chips) 
Seat 2: Seavus10 ($156.38 in chips) 
Seat 3: blistein ($311.80 in chips) 
Seat 4: crist_89870 ($102.74 in chips) 
Seat 5: kvcsszblcs ($119.05 in chips) 
Seat 6: GuigaMan ($100 in chips) 
SingingPancake: posts small blind $0.50
Seavus10: posts big blind $1
*** HOLE CARDS ***
blistein: folds 
crist_89870: folds 
kvcsszblcs: raises $1 to $2
GuigaMan: folds 
SingingPancake: folds 
Seavus10: folds 
Uncalled bet ($1) returned to kvcsszblcs
kvcsszblcs collected $2.50 from pot
kvcsszblcs: doesn't show hand 
*** SUMMARY ***
Total pot $2.50 | Rake $0 
Seat 1: SingingPancake (small blind) folded before Flop
Seat 2: Seavus10 (big blind) folded before Flop
Seat 3: blistein folded before Flop (didn't bet)
Seat 4: crist_89870 folded before Flop (didn't bet)
Seat 5: kvcsszblcs collected ($2.50)
Seat 6: GuigaMan (button) folded before Flop (didn't bet)



PokerStars Hand #254337704750:  Hold'em No Limit ($0.50/$1.00 USD) - 2025/01/12 20:09:38 WET [2025/01/12 15:09:38 ET]
Table 'Otila III' 6-max Seat #1 is the button
Seat 1: SingingPancake ($101.42 in chips) 
Seat 2: Seavus10 ($155.38 in chips) 
Seat 3: blistein ($311.80 in chips) 
Seat 4: crist_89870 ($102.74 in chips) 
Seat 5: kvcsszblcs ($120.55 in chips) 
Seat 6: GuigaMan ($100 in chips) 
Seavus10: posts small blind $0.50
blistein: posts big blind $1
*** HOLE CARDS ***
crist_89870: folds 
kvcsszblcs: raises $1 to $2
GuigaMan: folds 
SingingPancake: calls $2
Seavus10: folds 
blistein: folds 
*** FLOP *** [As Kc Kh]
kvcsszblcs: checks 
SingingPancake: bets $2.61
kvcsszblcs: calls $2.61
*** TURN *** [As Kc Kh] [2c]
kvcsszblcs: checks 
SingingPancake: checks 
*** RIVER *** [As Kc Kh 2c] [7c]
kvcsszblcs: bets $11.20
SingingPancake: folds 
Uncalled bet ($11.20) returned to kvcsszblcs
kvcsszblcs collected $10.18 from pot
kvcsszblcs: doesn't show hand 
*** SUMMARY ***
Total pot $10.72 | Rake $0.54 
Board [As Kc Kh 2c 7c]
Seat 1: SingingPancake (button) folded on the River
Seat 2: Seavus10 (small blind) folded before Flop
Seat 3: blistein (big blind) folded before Flop
Seat 4: crist_89870 folded before Flop (didn't bet)
Seat 5: kvcsszblcs collected ($10.18)
Seat 6: GuigaMan folded before Flop (didn't bet)



PokerStars Hand #254337736527:  Hold'em No Limit ($0.50/$1.00 USD) - 2025/01/12 20:10:55 WET [2025/01/12 15:10:55 ET]
Table 'Otila III' 6-max Seat #2 is the button
Seat 1: SingingPancake ($96.81 in chips) 
Seat 2: Seavus10 ($154.88 in chips) 
Seat 3: blistein ($310.80 in chips) 
Seat 4: crist_89870 ($102.74 in chips) 
Seat 5: kvcsszblcs ($126.12 in chips) 
Seat 6: GuigaMan ($100 in chips) 
blistein: posts small blind $0.50
crist_89870: posts big blind $1
*** HOLE CARDS ***
kvcsszblcs: folds 
GuigaMan: raises $1.10 to $2.10
SingingPancake: folds 
Seavus10: folds 
blistein: folds 
crist_89870: folds 
Uncalled bet ($1.10) returned to GuigaMan
GuigaMan collected $2.50 from pot
GuigaMan: doesn't show hand 
*** SUMMARY ***
Total pot $2.50 | Rake $0 
Seat 1: SingingPancake folded before Flop (didn't bet)
Seat 2: Seavus10 (button) folded before Flop (didn't bet)
Seat 3: blistein (small blind) folded before Flop
Seat 4: crist_89870 (big blind) folded before Flop
Seat 5: kvcsszblcs folded before Flop (didn't bet)
Seat 6: GuigaMan collected ($2.50)



PokerStars Hand #254337742482:  Hold'em No Limit ($0.50/$1.00 USD) - 2025/01/12 20:11:10 WET [2025/01/12 15:11:10 ET]
Table 'Otila III' 6-max Seat #3 is the button
Seat 1: SingingPancake ($96.81 in chips) 
Seat 2: Seavus10 ($154.88 in chips) 
Seat 3: blistein ($310.30 in chips) 
Seat 4: crist_89870 ($101.74 in chips) 
Seat 5: kvcsszblcs ($126.12 in chips) 
Seat 6: GuigaMan ($101.50 in chips) 
crist_89870: posts small blind $0.50
kvcsszblcs: posts big blind $1
*** HOLE CARDS ***
GuigaMan: raises $1.10 to $2.10
SingingPancake: folds 
Seavus10: folds 
blistein: raises $4.40 to $6.50
crist_89870: folds 
kvcsszblcs: folds 
GuigaMan: folds 
Uncalled bet ($4.40) returned to blistein
blistein collected $5.70 from pot
blistein: doesn't show hand 
*** SUMMARY ***
Total pot $5.70 | Rake $0 
Seat 1: SingingPancake folded before Flop (didn't bet)
Seat 2: Seavus10 folded before Flop (didn't bet)
Seat 3: blistein (button) collected ($5.70)
Seat 4: crist_89870 (small blind) folded before Flop
Seat 5: kvcsszblcs (big blind) folded before Flop
Seat 6: GuigaMan folded before Flop



PokerStars Hand #254337752238:  Hold'em No Limit ($0.50/$1.00 USD) - 2025/01/12 20:11:34 WET [2025/01/12 15:11:34 ET]
Table 'Otila III' 6-max Seat #4 is the button
Seat 1: SingingPancake ($96.81 in chips) 
Seat 2: Seavus10 ($154.88 in chips) 
Seat 3: blistein ($313.90 in chips) 
Seat 4: crist_89870 ($101.24 in chips) 
Seat 5: kvcsszblcs ($125.12 in chips) 
Seat 6: GuigaMan ($100 in chips) 
kvcsszblcs: posts small blind $0.50
GuigaMan: posts big blind $1
*** HOLE CARDS ***
SingingPancake: raises $1.25 to $2.25
Seavus10: folds 
blistein: folds 
crist_89870: folds 
kvcsszblcs: folds 
GuigaMan: calls $1.25
*** FLOP *** [Qc 3d 7c]
GuigaMan: checks 
SingingPancake: bets $2.38
GuigaMan: calls $2.38
*** TURN *** [Qc 3d 7c] [2c]
GuigaMan: checks 
SingingPancake: checks 
*** RIVER *** [Qc 3d 7c 2c] [3c]
GuigaMan: checks 
SingingPancake: checks 
*** SHOW DOWN ***
GuigaMan: shows [8c Tc] (a flush, Queen high)
SingingPancake: mucks hand 
GuigaMan collected $9.27 from pot
*** SUMMARY ***
Total pot $9.76 | Rake $0.49 
Board [Qc 3d 7c 2c 3c]
Seat 1: SingingPancake mucked
Seat 2: Seavus10 folded before Flop (didn't bet)
Seat 3: blistein folded before Flop (didn't bet)
Seat 4: crist_89870 (button) folded before Flop (didn't bet)
Seat 5: kvcsszblcs (small blind) folded before Flop
Seat 6: GuigaMan (big blind) showed [8c Tc] and won ($9.27) with a flush, Queen high



PokerStars Hand #254337767267:  Hold'em No Limit ($0.50/$1.00 USD) - 2025/01/12 20:12:10 WET [2025/01/12 15:12:10 ET]
Table 'Otila III' 6-max Seat #5 is the button
Seat 1: SingingPancake ($92.18 in chips) 
Seat 2: Seavus10 ($154.88 in chips) 
Seat 3: blistein ($313.90 in chips) 
Seat 4: crist_89870 ($101.24 in chips) 
Seat 5: kvcsszblcs ($124.62 in chips) 
Seat 6: GuigaMan ($104.64 in chips) 
GuigaMan: posts small blind $0.50
SingingPancake: posts big blind $1
*** HOLE CARDS ***
Seavus10: folds 
blistein: folds 
crist_89870: raises $1.50 to $2.50
kvcsszblcs: folds 
GuigaMan: folds 
SingingPancake: folds 
Uncalled bet ($1.50) returned to crist_89870
crist_89870 collected $2.50 from pot
crist_89870: doesn't show hand 
*** SUMMARY ***
Total pot $2.50 | Rake $0 
Seat 1: SingingPancake (big blind) folded before Flop
Seat 2: Seavus10 folded before Flop (didn't bet)
Seat 3: blistein folded before Flop (didn't bet)
Seat 4: crist_89870 collected ($2.50)
Seat 5: kvcsszblcs (button) folded before Flop (didn't bet)
Seat 6: GuigaMan (small blind) folded before Flop



PokerStars Hand #254337771219:  Hold'em No Limit ($0.50/$1.00 USD) - 2025/01/12 20:12:20 WET [2025/01/12 15:12:20 ET]
Table 'Otila III' 6-max Seat #6 is the button
Seat 1: SingingPancake ($91.18 in chips) 
Seat 2: Seavus10 ($154.88 in chips) 
Seat 3: blistein ($313.90 in chips) 
Seat 4: crist_89870 ($102.74 in chips) 
Seat 5: kvcsszblcs ($124.62 in chips) 
Seat 6: GuigaMan ($104.14 in chips) 
SingingPancake: posts small blind $0.50
Seavus10: posts big blind $1
*** HOLE CARDS ***
blistein: folds 
crist_89870: folds 
kvcsszblcs: raises $1 to $2
GuigaMan: folds 
SingingPancake: calls $1.50
Seavus10: folds 
*** FLOP *** [Ts 2c 9c]
SingingPancake: checks 
kvcsszblcs: bets $3.56
SingingPancake: folds 
Uncalled bet ($3.56) returned to kvcsszblcs
kvcsszblcs collected $4.75 from pot
kvcsszblcs: doesn't show hand 
*** SUMMARY ***
Total pot $5 | Rake $0.25 
Board [Ts 2c 9c]
Seat 1: SingingPancake (small blind) folded on the Flop
Seat 2: Seavus10 (big blind) folded before Flop
Seat 3: blistein folded before Flop (didn't bet)
Seat 4: crist_89870 folded before Flop (didn't bet)
Seat 5: kvcsszblcs collected ($4.75)
Seat 6: GuigaMan (button) folded before Flop (didn't bet)



PokerStars Hand #254337786281:  Hold'em No Limit ($0.50/$1.00 USD) - 2025/01/12 20:12:57 WET [2025/01/12 15:12:57 ET]
Table 'Otila III' 6-max Seat #1 is the button
Seat 1: SingingPancake ($89.18 in chips) 
Seat 2: Seavus10 ($153.88 in chips) 
Seat 3: blistein ($313.90 in chips) 
Seat 4: crist_89870 ($102.74 in chips) 
Seat 5: kvcsszblcs ($127.37 in chips) 
Seat 6: GuigaMan ($104.14 in chips) 
Seavus10: posts small blind $0.50
blistein: posts big blind $1
*** HOLE CARDS ***
crist_89870: folds 
kvcsszblcs: raises $1 to $2
GuigaMan: folds 
SingingPancake: calls $2
Seavus10: folds 
blistein: calls $1
*** FLOP *** [8c Ks 4h]
blistein: checks 
kvcsszblcs: checks 
SingingPancake: checks 
*** TURN *** [8c Ks 4h] [2d]
blistein: checks 
kvcsszblcs: bets $4.08
SingingPancake: folds 
blistein: folds 
Uncalled bet ($4.08) returned to kvcsszblcs
kvcsszblcs collected $6.18 from pot
kvcsszblcs: doesn't show hand 
*** SUMMARY ***
Total pot $6.50 | Rake $0.32 
Board [8c Ks 4h 2d]
Seat 1: SingingPancake (button) folded on the Turn
Seat 2: Seavus10 (small blind) folded before Flop
Seat 3: blistein (big blind) folded on the Turn
Seat 4: crist_89870 folded before Flop (didn't bet)
Seat 5: kvcsszblcs collected ($6.18)
Seat 6: GuigaMan folded before Flop (didn't bet)



PokerStars Hand #254337811490:  Hold'em No Limit ($0.50/$1.00 USD) - 2025/01/12 20:13:58 WET [2025/01/12 15:13:58 ET]
Table 'Otila III' 6-max Seat #2 is the button
Seat 1: SingingPancake ($87.18 in chips) 
Seat 2: Seavus10 ($153.38 in chips) 
Seat 3: blistein ($311.90 in chips) 
Seat 4: crist_89870 ($102.74 in chips) 
Seat 5: kvcsszblcs ($131.55 in chips) 
Seat 6: GuigaMan ($104.14 in chips) 
blistein: posts small blind $0.50
crist_89870: posts big blind $1
*** HOLE CARDS ***
kvcsszblcs: folds 
GuigaMan: folds 
SingingPancake: raises $1.50 to $2.50
Seavus10: folds 
blistein: raises $8.50 to $11
crist_89870: folds 
SingingPancake: raises $29 to $40
blistein: raises $271.90 to $311.90 and is all-in
SingingPancake: calls $47.18 and is all-in
Uncalled bet ($224.72) returned to blistein
*** FLOP *** [Qc 8c 2c]
*** TURN *** [Qc 8c 2c] [4d]
*** RIVER *** [Qc 8c 2c 4d] [6d]
*** SHOW DOWN ***
blistein: shows [As Kd] (high card Ace)
SingingPancake: shows [Ks Ac] (high card Ace)
blistein collected $86.43 from pot
SingingPancake collected $86.43 from pot
*** SUMMARY ***
Total pot $175.36 | Rake $2.50 
Board [Qc 8c 2c 4d 6d]
Seat 1: SingingPancake showed [Ks Ac] and won ($86.43) with high card Ace
Seat 2: Seavus10 (button) folded before Flop (didn't bet)
Seat 3: blistein (small blind) showed [As Kd] and won ($86.43) with high card Ace
Seat 4: crist_89870 (big blind) folded before Flop
Seat 5: kvcsszblcs folded before Flop (didn't bet)
Seat 6: GuigaMan folded before Flop (didn't bet)



PokerStars Hand #254337829120:  Hold'em No Limit ($0.50/$1.00 USD) - 2025/01/12 20:14:42 WET [2025/01/12 15:14:42 ET]
Table 'Otila III' 6-max Seat #3 is the button
Seat 1: SingingPancake ($86.43 in chips) 
Seat 2: Seavus10 ($153.38 in chips) 
Seat 3: blistein ($311.15 in chips) 
Seat 4: crist_89870 ($101.74 in chips) 
Seat 5: kvcsszblcs ($131.55 in chips) 
Seat 6: GuigaMan ($104.14 in chips) 
crist_89870: posts small blind $0.50
kvcsszblcs: posts big blind $1
*** HOLE CARDS ***
GuigaMan: raises $1.10 to $2.10
SingingPancake: folds 
Seavus10: folds 
blistein: folds 
crist_89870: folds 
kvcsszblcs: folds 
Uncalled bet ($1.10) returned to GuigaMan
GuigaMan collected $2.50 from pot
GuigaMan: doesn't show hand 
*** SUMMARY ***
Total pot $2.50 | Rake $0 
Seat 1: SingingPancake folded before Flop (didn't bet)
Seat 2: Seavus10 folded before Flop (didn't bet)
Seat 3: blistein (button) folded before Flop (didn't bet)
Seat 4: crist_89870 (small blind) folded before Flop
Seat 5: kvcsszblcs (big blind) folded before Flop
Seat 6: GuigaMan collected ($2.50)



PokerStars Hand #254337835552:  Hold'em No Limit ($0.50/$1.00 USD) - 2025/01/12 20:14:57 WET [2025/01/12 15:14:57 ET]
Table 'Otila III' 6-max Seat #4 is the button
Seat 1: SingingPancake ($86.43 in chips) 
Seat 2: Seavus10 ($153.38 in chips) 
Seat 3: blistein ($311.15 in chips) 
Seat 4: crist_89870 ($101.24 in chips) 
Seat 5: kvcsszblcs ($130.55 in chips) 
Seat 6: GuigaMan ($105.64 in chips) 
kvcsszblcs: posts small blind $0.50
GuigaMan: posts big blind $1
*** HOLE CARDS ***
SingingPancake: folds 
Seavus10: raises $1.20 to $2.20
blistein: folds 
crist_89870: folds 
kvcsszblcs: folds 
GuigaMan: calls $1.20
*** FLOP *** [Jh Ad 5s]
GuigaMan: checks 
Seavus10: bets $1.55
GuigaMan: calls $1.55
*** TURN *** [Jh Ad 5s] [9h]
GuigaMan: checks 
Seavus10: bets $11.78
GuigaMan: folds 
Uncalled bet ($11.78) returned to Seavus10
Seavus10 collected $7.60 from pot
Seavus10: doesn't show hand 
*** SUMMARY ***
Total pot $8 | Rake $0.40 
Board [Jh Ad 5s 9h]
Seat 1: SingingPancake folded before Flop (didn't bet)
Seat 2: Seavus10 collected ($7.60)
Seat 3: blistein folded before Flop (didn't bet)
Seat 4: crist_89870 (button) folded before Flop (didn't bet)
Seat 5: kvcsszblcs (small blind) folded before Flop
Seat 6: GuigaMan (big blind) folded on the Turn



PokerStars Hand #254337854772:  Hold'em No Limit ($0.50/$1.00 USD) - 2025/01/12 20:15:45 WET [2025/01/12 15:15:45 ET]
Table 'Otila III' 6-max Seat #5 is the button
Seat 1: SingingPancake ($86.43 in chips) 
Seat 2: Seavus10 ($157.23 in chips) 
Seat 3: blistein ($311.15 in chips) 
Seat 4: crist_89870 ($101.24 in chips) 
Seat 5: kvcsszblcs ($130.05 in chips) 
Seat 6: GuigaMan ($101.89 in chips) 
GuigaMan: posts small blind $0.50
SingingPancake: posts big blind $1
*** HOLE CARDS ***
Seavus10: folds 
blistein: folds 
crist_89870: raises $1.50 to $2.50
kvcsszblcs: folds 
GuigaMan: folds 
SingingPancake: folds 
Uncalled bet ($1.50) returned to crist_89870
crist_89870 collected $2.50 from pot
crist_89870: doesn't show hand 
*** SUMMARY ***
Total pot $2.50 | Rake $0 
Seat 1: SingingPancake (big blind) folded before Flop
Seat 2: Seavus10 folded before Flop (didn't bet)
Seat 3: blistein folded before Flop (didn't bet)
Seat 4: crist_89870 collected ($2.50)
Seat 5: kvcsszblcs (button) folded before Flop (didn't bet)
Seat 6: GuigaMan (small blind) folded before Flop



PokerStars Hand #254337869620:  Hold'em No Limit ($0.50/$1.00 USD) - 2025/01/12 20:16:22 WET [2025/01/12 15:16:22 ET]
Table 'Otila III' 6-max Seat #6 is the button
Seat 1: SingingPancake ($85.43 in chips) 
Seat 2: Seavus10 ($157.23 in chips) 
Seat 3: blistein ($311.15 in chips) 
Seat 4: crist_89870 ($102.74 in chips) 
Seat 5: kvcsszblcs ($130.05 in chips) 
Seat 6: GuigaMan ($101.39 in chips) 
SingingPancake: posts small blind $0.50
Seavus10: posts big blind $1
*** HOLE CARDS ***
blistein: folds 
crist_89870: folds 
kvcsszblcs: folds 
GuigaMan: raises $1.10 to $2.10
SingingPancake: raises $5.90 to $8
Seavus10: raises $14 to $22
GuigaMan: folds 
SingingPancake: raises $63.43 to $85.43 and is all-in
Seavus10: calls $63.43
*** FLOP *** [Kd Jc 9h]
*** TURN *** [Kd Jc 9h] [Th]
*** RIVER *** [Kd Jc 9h Th] [5c]
*** SHOW DOWN ***
SingingPancake: shows [Jh Js] (three of a kind, Jacks)
Seavus10: shows [Ad Ac] (a pair of Aces)
SingingPancake collected $170.46 from pot
*** SUMMARY ***
Total pot $172.96 | Rake $2.50 
Board [Kd Jc 9h Th 5c]
Seat 1: SingingPancake (small blind) showed [Jh Js] and won ($170.46) with three of a kind, Jacks
Seat 2: Seavus10 (big blind) showed [Ad Ac] and lost with a pair of Aces
Seat 3: blistein folded before Flop (didn't bet)
Seat 4: crist_89870 folded before Flop (didn't bet)
Seat 5: kvcsszblcs folded before Flop (didn't bet)
Seat 6: GuigaMan (button) folded before Flop



PokerStars Hand #254337892201:  Hold'em No Limit ($0.50/$1.00 USD) - 2025/01/12 20:17:17 WET [2025/01/12 15:17:17 ET]
Table 'Otila III' 6-max Seat #1 is the button
Seat 1: SingingPancake ($170.46 in chips) 
Seat 2: Seavus10 ($100 in chips) 
Seat 3: blistein ($311.15 in chips) 
Seat 4: crist_89870 ($102.74 in chips) 
Seat 5: kvcsszblcs ($130.05 in chips) 
Seat 6: GuigaMan ($100 in chips) 
Seavus10: posts small blind $0.50
blistein: posts big blind $1
*** HOLE CARDS ***
crist_89870: folds 
kvcsszblcs: folds 
GuigaMan: folds 
SingingPancake: folds 
Seavus10: folds 
Uncalled bet ($0.50) returned to blistein
blistein collected $1 from pot
blistein: doesn't show hand 
*** SUMMARY ***
Total pot $1 | Rake $0 
Seat 1: SingingPancake (button) folded before Flop (didn't bet)
Seat 2: Seavus10 (small blind) folded before Flop
Seat 3: blistein (big blind) collected ($1)
Seat 4: crist_89870 folded before Flop (didn't bet)
Seat 5: kvcsszblcs folded before Flop (didn't bet)
Seat 6: GuigaMan folded before Flop (didn't bet)



PokerStars Hand #254337898953:  Hold'em No Limit ($0.50/$1.00 USD) - 2025/01/12 20:17:34 WET [2025/01/12 15:17:34 ET]
Table 'Otila III' 6-max Seat #2 is the button
Seat 1: SingingPancake ($170.46 in chips) 
Seat 2: Seavus10 ($100 in chips) 
Seat 3: blistein ($311.65 in chips) 
Seat 4: crist_89870 ($102.74 in chips) 
Seat 5: kvcsszblcs ($130.05 in chips) 
Seat 6: GuigaMan ($100 in chips) 
blistein: posts small blind $0.50
crist_89870: posts big blind $1
*** HOLE CARDS ***
kvcsszblcs: folds 
GuigaMan: folds 
SingingPancake: folds 
Seavus10: raises $1.50 to $2.50
blistein: folds 
crist_89870: calls $1.50
*** FLOP *** [Qc 4s 3h]
crist_89870: checks 
Seavus10: bets $1.74
crist_89870: folds 
Uncalled bet ($1.74) returned to Seavus10
Seavus10 collected $5.22 from pot
Seavus10: doesn't show hand 
*** SUMMARY ***
Total pot $5.50 | Rake $0.28 
Board [Qc 4s 3h]
Seat 1: SingingPancake folded before Flop (didn't bet)
Seat 2: Seavus10 (button) collected ($5.22)
Seat 3: blistein (small blind) folded before Flop
Seat 4: crist_89870 (big blind) folded on the Flop
Seat 5: kvcsszblcs folded before Flop (didn't bet)
Seat 6: GuigaMan folded before Flop (didn't bet)



PokerStars Hand #254337916126:  Hold'em No Limit ($0.50/$1.00 USD) - 2025/01/12 20:18:16 WET [2025/01/12 15:18:16 ET]
Table 'Otila III' 6-max Seat #3 is the button
Seat 1: SingingPancake ($170.46 in chips) 
Seat 2: Seavus10 ($102.72 in chips) 
Seat 3: blistein ($311.15 in chips) 
Seat 4: crist_89870 ($100.24 in chips) 
Seat 5: kvcsszblcs ($130.05 in chips) 
Seat 6: GuigaMan ($100 in chips) 
crist_89870: posts small blind $0.50
kvcsszblcs: posts big blind $1
*** HOLE CARDS ***
GuigaMan: folds 
SingingPancake: folds 
Seavus10: folds 
blistein: folds 
crist_89870: raises $2 to $3
kvcsszblcs: raises $7 to $10
crist_89870: folds 
Uncalled bet ($7) returned to kvcsszblcs
kvcsszblcs collected $6 from pot
kvcsszblcs: doesn't show hand 
*** SUMMARY ***
Total pot $6 | Rake $0 
Seat 1: SingingPancake folded before Flop (didn't bet)
Seat 2: Seavus10 folded before Flop (didn't bet)
Seat 3: blistein (button) folded before Flop (didn't bet)
Seat 4: crist_89870 (small blind) folded before Flop
Seat 5: kvcsszblcs (big blind) collected ($6)
Seat 6: GuigaMan folded before Flop (didn't bet)



PokerStars Hand #254337925016:  Hold'em No Limit ($0.50/$1.00 USD) - 2025/01/12 20:18:38 WET [2025/01/12 15:18:38 ET]
Table 'Otila III' 6-max Seat #4 is the button
Seat 1: SingingPancake ($170.46 in chips) 
Seat 2: Seavus10 ($102.72 in chips) 
Seat 3: blistein ($311.15 in chips) 
Seat 4: crist_89870 ($100 in chips) 
Seat 5: kvcsszblcs ($133.05 in chips) 
Seat 6: GuigaMan ($100 in chips) 
kvcsszblcs: posts small blind $0.50
GuigaMan: posts big blind $1
*** HOLE CARDS ***
SingingPancake: folds 
Seavus10: folds 
blistein: folds 
crist_89870: folds 
kvcsszblcs: folds 
Uncalled bet ($0.50) returned to GuigaMan
GuigaMan collected $1 from pot
GuigaMan: doesn't show hand 
*** SUMMARY ***
Total pot $1 | Rake $0 
Seat 1: SingingPancake folded before Flop (didn't bet)
Seat 2: Seavus10 folded before Flop (didn't bet)
Seat 3: blistein folded before Flop (didn't bet)
Seat 4: crist_89870 (button) folded before Flop (didn't bet)
Seat 5: kvcsszblcs (small blind) folded before Flop
Seat 6: GuigaMan (big blind) collected ($1)



PokerStars Hand #254337931392:  Hold'em No Limit ($0.50/$1.00 USD) - 2025/01/12 20:18:54 WET [2025/01/12 15:18:54 ET]
Table 'Otila III' 6-max Seat #5 is the button
Seat 1: SingingPancake ($170.46 in chips) 
Seat 2: Seavus10 ($102.72 in chips) 
Seat 3: blistein ($311.15 in chips) 
Seat 4: crist_89870 ($100 in chips) 
Seat 5: kvcsszblcs ($132.55 in chips) 
Seat 6: GuigaMan ($100.50 in chips) 
GuigaMan: posts small blind $0.50
SingingPancake: posts big blind $1
*** HOLE CARDS ***
Seavus10: raises $1 to $2
blistein: raises $4.50 to $6.50
crist_89870: folds 
kvcsszblcs: folds 
GuigaMan: folds 
SingingPancake: folds 
Seavus10: raises $11.75 to $18.25
blistein: folds 
Uncalled bet ($11.75) returned to Seavus10
Seavus10 collected $14.50 from pot
Seavus10: doesn't show hand 
*** SUMMARY ***
Total pot $14.50 | Rake $0 
Seat 1: SingingPancake (big blind) folded before Flop
Seat 2: Seavus10 collected ($14.50)
Seat 3: blistein folded before Flop
Seat 4: crist_89870 folded before Flop (didn't bet)
Seat 5: kvcsszblcs (button) folded before Flop (didn't bet)
Seat 6: GuigaMan (small blind) folded before Flop



PokerStars Hand #254337945901:  Hold'em No Limit ($0.50/$1.00 USD) - 2025/01/12 20:19:29 WET [2025/01/12 15:19:29 ET]
Table 'Otila III' 6-max Seat #6 is the button
Seat 1: SingingPancake ($169.46 in chips) 
Seat 2: Seavus10 ($110.72 in chips) 
Seat 3: blistein ($304.65 in chips) 
Seat 4: crist_89870 ($100 in chips) 
Seat 5: kvcsszblcs ($132.55 in chips) 
Seat 6: GuigaMan ($100 in chips) 
SingingPancake: posts small blind $0.50
Seavus10: posts big blind $1
*** HOLE CARDS ***
blistein: folds 
crist_89870: folds 
kvcsszblcs: folds 
GuigaMan: raises $1.10 to $2.10
SingingPancake: folds 
Seavus10: folds 
Uncalled bet ($1.10) returned to GuigaMan
GuigaMan collected $2.50 from pot
GuigaMan: doesn't show hand 
*** SUMMARY ***
Total pot $2.50 | Rake $0 
Seat 1: SingingPancake (small blind) folded before Flop
Seat 2: Seavus10 (big blind) folded before Flop
Seat 3: blistein folded before Flop (didn't bet)
Seat 4: crist_89870 folded before Flop (didn't bet)
Seat 5: kvcsszblcs folded before Flop (didn't bet)
Seat 6: GuigaMan (button) collected ($2.50)



PokerStars Hand #254337951296:  Hold'em No Limit ($0.50/$1.00 USD) - 2025/01/12 20:19:43 WET [2025/01/12 15:19:43 ET]
Table 'Otila III' 6-max Seat #1 is the button
Seat 1: SingingPancake ($168.96 in chips) 
Seat 2: Seavus10 ($109.72 in chips) 
Seat 3: blistein ($304.65 in chips) 
Seat 4: crist_89870 ($100 in chips) 
Seat 5: kvcsszblcs ($132.55 in chips) 
Seat 6: GuigaMan ($101.50 in chips) 
Seavus10: posts small blind $0.50
blistein: posts big blind $1
*** HOLE CARDS ***
crist_89870: folds 
kvcsszblcs: folds 
GuigaMan: raises $1.10 to $2.10
SingingPancake: calls $2.10
Seavus10: folds 
blistein: folds 
*** FLOP *** [8s Kh Js]
GuigaMan: bets $2.93
SingingPancake: folds 
Uncalled bet ($2.93) returned to GuigaMan
GuigaMan collected $5.42 from pot
GuigaMan: doesn't show hand 
*** SUMMARY ***
Total pot $5.70 | Rake $0.28 
Board [8s Kh Js]
Seat 1: SingingPancake (button) folded on the Flop
Seat 2: Seavus10 (small blind) folded before Flop
Seat 3: blistein (big blind) folded before Flop
Seat 4: crist_89870 folded before Flop (didn't bet)
Seat 5: kvcsszblcs folded before Flop (didn't bet)
Seat 6: GuigaMan collected ($5.42)



PokerStars Hand #254337961888:  Hold'em No Limit ($0.50/$1.00 USD) - 2025/01/12 20:20:09 WET [2025/01/12 15:20:09 ET]
Table 'Otila III' 6-max Seat #2 is the button
Seat 1: SingingPancake ($166.86 in chips) 
Seat 2: Seavus10 ($109.22 in chips) 
Seat 3: blistein ($303.65 in chips) 
Seat 4: crist_89870 ($100 in chips) 
Seat 5: kvcsszblcs ($132.55 in chips) 
Seat 6: GuigaMan ($104.82 in chips) 
blistein: posts small blind $0.50
crist_89870: posts big blind $1
*** HOLE CARDS ***
kvcsszblcs: raises $1 to $2
GuigaMan: folds 
SingingPancake: folds 
Seavus10: folds 
blistein: folds 
crist_89870: calls $1
*** FLOP *** [5c Ts 9h]
crist_89870: checks 
kvcsszblcs: checks 
*** TURN *** [5c Ts 9h] [3h]
crist_89870: bets $3.21
kvcsszblcs: calls $3.21
*** RIVER *** [5c Ts 9h 3h] [Tc]
crist_89870: checks 
kvcsszblcs: checks 
*** SHOW DOWN ***
crist_89870: shows [Ks Jc] (a pair of Tens)
kvcsszblcs: shows [Ac 4c] (a pair of Tens - Ace kicker)
kvcsszblcs collected $10.37 from pot
*** SUMMARY ***
Total pot $10.92 | Rake $0.55 
Board [5c Ts 9h 3h Tc]
Seat 1: SingingPancake folded before Flop (didn't bet)
Seat 2: Seavus10 (button) folded before Flop (didn't bet)
Seat 3: blistein (small blind) folded before Flop
Seat 4: crist_89870 (big blind) showed [Ks Jc] and lost with a pair of Tens
Seat 5: kvcsszblcs showed [Ac 4c] and won ($10.37) with a pair of Tens
Seat 6: GuigaMan folded before Flop (didn't bet)



PokerStars Hand #254337989714:  Hold'em No Limit ($0.50/$1.00 USD) - 2025/01/12 20:21:18 WET [2025/01/12 15:21:18 ET]
Table 'Otila III' 6-max Seat #3 is the button
Seat 1: SingingPancake ($166.86 in chips) 
Seat 2: Seavus10 ($109.22 in chips) 
Seat 3: blistein ($303.15 in chips) 
Seat 4: crist_89870 ($100 in chips) 
Seat 5: kvcsszblcs ($137.71 in chips) 
Seat 6: GuigaMan ($104.82 in chips) 
crist_89870: posts small blind $0.50
kvcsszblcs: posts big blind $1
*** HOLE CARDS ***
GuigaMan: raises $1.10 to $2.10
SingingPancake: folds 
Seavus10: folds 
blistein: folds 
crist_89870: folds 
kvcsszblcs: folds 
Uncalled bet ($1.10) returned to GuigaMan
GuigaMan collected $2.50 from pot
GuigaMan: doesn't show hand 
*** SUMMARY ***
Total pot $2.50 | Rake $0 
Seat 1: SingingPancake folded before Flop (didn't bet)
Seat 2: Seavus10 folded before Flop (didn't bet)
Seat 3: blistein (button) folded before Flop (didn't bet)
Seat 4: crist_89870 (small blind) folded before Flop
Seat 5: kvcsszblcs (big blind) folded before Flop
Seat 6: GuigaMan collected ($2.50)



PokerStars Hand #254337994578:  Hold'em No Limit ($0.50/$1.00 USD) - 2025/01/12 20:21:30 WET [2025/01/12 15:21:30 ET]
Table 'Otila III' 6-max Seat #4 is the button
Seat 1: SingingPancake ($166.86 in chips) 
Seat 2: Seavus10 ($109.22 in chips) 
Seat 3: blistein ($303.15 in chips) 
Seat 4: crist_89870 ($100 in chips) 
Seat 5: kvcsszblcs ($136.71 in chips) 
Seat 6: GuigaMan ($106.32 in chips) 
kvcsszblcs: posts small blind $0.50
GuigaMan: posts big blind $1
*** HOLE CARDS ***
SingingPancake: folds 
Seavus10: folds 
blistein: raises $1.30 to $2.30
crist_89870: folds 
kvcsszblcs: folds 
GuigaMan: folds 
Uncalled bet ($1.30) returned to blistein
blistein collected $2.50 from pot
blistein: doesn't show hand 
*** SUMMARY ***
Total pot $2.50 | Rake $0 
Seat 1: SingingPancake folded before Flop (didn't bet)
Seat 2: Seavus10 folded before Flop (didn't bet)
Seat 3: blistein collected ($2.50)
Seat 4: crist_89870 (button) folded before Flop (didn't bet)
Seat 5: kvcsszblcs (small blind) folded before Flop
Seat 6: GuigaMan (big blind) folded before Flop



PokerStars Hand #254338003225:  Hold'em No Limit ($0.50/$1.00 USD) - 2025/01/12 20:21:52 WET [2025/01/12 15:21:52 ET]
Table 'Otila III' 6-max Seat #5 is the button
Seat 1: SingingPancake ($166.86 in chips) 
Seat 2: Seavus10 ($109.22 in chips) 
Seat 3: blistein ($304.65 in chips) 
Seat 4: crist_89870 ($100 in chips) 
Seat 5: kvcsszblcs ($136.21 in chips) 
Seat 6: GuigaMan ($105.32 in chips) 
GuigaMan: posts small blind $0.50
SingingPancake: posts big blind $1
*** HOLE CARDS ***
Seavus10: folds 
blistein: folds 
crist_89870: raises $1.50 to $2.50
kvcsszblcs: folds 
GuigaMan: folds 
SingingPancake: folds 
Uncalled bet ($1.50) returned to crist_89870
crist_89870 collected $2.50 from pot
crist_89870: doesn't show hand 
*** SUMMARY ***
Total pot $2.50 | Rake $0 
Seat 1: SingingPancake (big blind) folded before Flop
Seat 2: Seavus10 folded before Flop (didn't bet)
Seat 3: blistein folded before Flop (didn't bet)
Seat 4: crist_89870 collected ($2.50)
Seat 5: kvcsszblcs (button) folded before Flop (didn't bet)
Seat 6: GuigaMan (small blind) folded before Flop



PokerStars Hand #254338008850:  Hold'em No Limit ($0.50/$1.00 USD) - 2025/01/12 20:22:05 WET [2025/01/12 15:22:05 ET]
Table 'Otila III' 6-max Seat #6 is the button
Seat 1: SingingPancake ($165.86 in chips) 
Seat 2: Seavus10 ($109.22 in chips) 
Seat 3: blistein ($304.65 in chips) 
Seat 4: crist_89870 ($101.50 in chips) 
Seat 5: kvcsszblcs ($136.21 in chips) 
Seat 6: GuigaMan ($104.82 in chips) 
SingingPancake: posts small blind $0.50
Seavus10: posts big blind $1
*** HOLE CARDS ***
blistein: folds 
crist_89870: folds 
kvcsszblcs: folds 
GuigaMan: raises $1.10 to $2.10
SingingPancake: calls $1.60
Seavus10: folds 
*** FLOP *** [4d 2s 2h]
SingingPancake: checks 
GuigaMan: bets $2.67
SingingPancake: calls $2.67
*** TURN *** [4d 2s 2h] [Ts]
SingingPancake: checks 
GuigaMan: checks 
*** RIVER *** [4d 2s 2h Ts] [8d]
SingingPancake: bets $5.01
GuigaMan: folds 
Uncalled bet ($5.01) returned to SingingPancake
SingingPancake collected $10.01 from pot
SingingPancake: doesn't show hand 
*** SUMMARY ***
Total pot $10.54 | Rake $0.53 
Board [4d 2s 2h Ts 8d]
Seat 1: SingingPancake (small blind) collected ($10.01)
Seat 2: Seavus10 (big blind) folded before Flop
Seat 3: blistein folded before Flop (didn't bet)
Seat 4: crist_89870 folded before Flop (didn't bet)
Seat 5: kvcsszblcs folded before Flop (didn't bet)
Seat 6: GuigaMan (button) folded on the River



PokerStars Hand #254338025048:  Hold'em No Limit ($0.50/$1.00 USD) - 2025/01/12 20:22:46 WET [2025/01/12 15:22:46 ET]
Table 'Otila III' 6-max Seat #1 is the button
Seat 1: SingingPancake ($171.10 in chips) 
Seat 2: Seavus10 ($108.22 in chips) 
Seat 3: blistein ($304.65 in chips) 
Seat 4: crist_89870 ($101.50 in chips) 
Seat 5: kvcsszblcs ($136.21 in chips) 
Seat 6: GuigaMan ($100.05 in chips) 
Seavus10: posts small blind $0.50
blistein: posts big blind $1
*** HOLE CARDS ***
crist_89870: folds 
kvcsszblcs: folds 
GuigaMan: folds 
SingingPancake: folds 
Seavus10: raises $2 to $3
blistein: calls $2
*** FLOP *** [Th Qh 3s]
Seavus10: bets $1.90
blistein: raises $4.75 to $6.65
Seavus10: raises $11.80 to $18.45
blistein: calls $11.80
*** TURN *** [Th Qh 3s] [2c]
crist_89870 leaves the table
Seavus10: bets $30.57
blistein: folds 
Uncalled bet ($30.57) returned to Seavus10
Seavus10 collected $40.76 from pot
Seavus10: doesn't show hand 
*** SUMMARY ***
Total pot $42.90 | Rake $2.14 
Board [Th Qh 3s 2c]
Seat 1: SingingPancake (button) folded before Flop (didn't bet)
Seat 2: Seavus10 (small blind) collected ($40.76)
Seat 3: blistein (big blind) folded on the Turn
Seat 4: crist_89870 folded before Flop (didn't bet)
Seat 5: kvcsszblcs folded before Flop (didn't bet)
Seat 6: GuigaMan folded before Flop (didn't bet)



PokerStars Hand #254338059026:  Hold'em No Limit ($0.50/$1.00 USD) - 2025/01/12 20:24:11 WET [2025/01/12 15:24:11 ET]
Table 'Otila III' 6-max Seat #2 is the button
Seat 1: SingingPancake ($171.10 in chips) 
Seat 2: Seavus10 ($127.53 in chips) 
Seat 3: blistein ($283.20 in chips) 
Seat 5: kvcsszblcs ($136.21 in chips) 
Seat 6: GuigaMan ($100.05 in chips) 
blistein: posts small blind $0.50
kvcsszblcs: posts big blind $1
*** HOLE CARDS ***
GuigaMan: folds 
SingingPancake: folds 
Seavus10: raises $1.50 to $2.50
blistein: folds 
YeeesMan joins the table at seat #4 
kvcsszblcs: raises $9.50 to $12
Seavus10: calls $9.50
*** FLOP *** [6s Kd 8h]
kvcsszblcs: bets $11.65
Seavus10: calls $11.65
*** TURN *** [6s Kd 8h] [9c]
kvcsszblcs: checks 
Seavus10: bets $14.99
kvcsszblcs: folds 
Uncalled bet ($14.99) returned to Seavus10
Seavus10 collected $45.41 from pot
Seavus10: doesn't show hand 
*** SUMMARY ***
Total pot $47.80 | Rake $2.39 
Board [6s Kd 8h 9c]
Seat 1: SingingPancake folded before Flop (didn't bet)
Seat 2: Seavus10 (button) collected ($45.41)
Seat 3: blistein (small blind) folded before Flop
Seat 5: kvcsszblcs (big blind) folded on the Turn
Seat 6: GuigaMan folded before Flop (didn't bet)



PokerStars Hand #254338094250:  Hold'em No Limit ($0.50/$1.00 USD) - 2025/01/12 20:25:38 WET [2025/01/12 15:25:38 ET]
Table 'Otila III' 6-max Seat #3 is the button
Seat 4: YeeesMan ($100 in chips) is sitting out
Seat 1: SingingPancake ($171.10 in chips) 
Seat 2: Seavus10 ($149.29 in chips) 
Seat 3: blistein ($282.70 in chips) 
Seat 5: kvcsszblcs ($112.56 in chips) 
Seat 6: GuigaMan ($100.05 in chips) 
kvcsszblcs: posts small blind $0.50
GuigaMan: posts big blind $1
*** HOLE CARDS ***
SingingPancake: folds 
Seavus10: folds 
blistein: folds 
kvcsszblcs: folds 
Uncalled bet ($0.50) returned to GuigaMan
GuigaMan collected $1 from pot
GuigaMan: doesn't show hand 
*** SUMMARY ***
Total pot $1 | Rake $0 
Seat 4: YeeesMan
Seat 1: SingingPancake folded before Flop (didn't bet)
Seat 2: Seavus10 folded before Flop (didn't bet)
Seat 3: blistein (button) folded before Flop (didn't bet)
Seat 5: kvcsszblcs (small blind) folded before Flop
Seat 6: GuigaMan (big blind) collected ($1)



PokerStars Hand #254338100633:  Hold'em No Limit ($0.50/$1.00 USD) - 2025/01/12 20:25:54 WET [2025/01/12 15:25:54 ET]
Table 'Otila III' 6-max Seat #5 is the button
Seat 4: YeeesMan ($100 in chips) is sitting out
Seat 1: SingingPancake ($171.10 in chips) 
Seat 2: Seavus10 ($149.29 in chips) 
Seat 3: blistein ($282.70 in chips) 
Seat 5: kvcsszblcs ($112.06 in chips) 
Seat 6: GuigaMan ($100.55 in chips) 
GuigaMan: posts small blind $0.50
SingingPancake: posts big blind $1
YeeesMan: sits out 
*** HOLE CARDS ***
Seavus10: folds 
blistein: raises $1.30 to $2.30
kvcsszblcs: folds 
GuigaMan: folds 
SingingPancake: calls $1.30
*** FLOP *** [Ts Kh Jc]
SingingPancake: checks 
blistein: bets $4.50
SingingPancake: calls $4.50
*** TURN *** [Ts Kh Jc] [Kd]
SingingPancake: checks 
blistein: bets $10.96
SingingPancake: folds 
Uncalled bet ($10.96) returned to blistein
blistein collected $13.40 from pot
blistein: doesn't show hand 
*** SUMMARY ***
Total pot $14.10 | Rake $0.70 
Board [Ts Kh Jc Kd]
Seat 4: YeeesMan
Seat 1: SingingPancake (big blind) folded on the Turn
Seat 2: Seavus10 folded before Flop (didn't bet)
Seat 3: blistein collected ($13.40)
Seat 5: kvcsszblcs (button) folded before Flop (didn't bet)
Seat 6: GuigaMan (small blind) folded before Flop



PokerStars Hand #254338118512:  Hold'em No Limit ($0.50/$1.00 USD) - 2025/01/12 20:26:39 WET [2025/01/12 15:26:39 ET]
Table 'Otila III' 6-max Seat #6 is the button
Seat 4: YeeesMan ($100 in chips) is sitting out
Seat 1: SingingPancake ($164.30 in chips) 
Seat 2: Seavus10 ($149.29 in chips) 
Seat 3: blistein ($289.30 in chips) 
Seat 5: kvcsszblcs ($112.06 in chips) 
Seat 6: GuigaMan ($100.05 in chips) 
SingingPancake: posts small blind $0.50
Seavus10: posts big blind $1
YeeesMan: sits out 
*** HOLE CARDS ***
blistein: folds 
kvcsszblcs: raises $1 to $2
GuigaMan: folds 
SingingPancake: folds 
Seavus10: folds 
Uncalled bet ($1) returned to kvcsszblcs
kvcsszblcs collected $2.50 from pot
kvcsszblcs: doesn't show hand 
*** SUMMARY ***
Total pot $2.50 | Rake $0 
Seat 4: YeeesMan
Seat 1: SingingPancake (small blind) folded before Flop
Seat 2: Seavus10 (big blind) folded before Flop
Seat 3: blistein folded before Flop (didn't bet)
Seat 5: kvcsszblcs collected ($2.50)
Seat 6: GuigaMan (button) folded before Flop (didn't bet)



PokerStars Hand #254338123836:  Hold'em No Limit ($0.50/$1.00 USD) - 2025/01/12 20:26:53 WET [2025/01/12 15:26:53 ET]
Table 'Otila III' 6-max Seat #1 is the button
Seat 4: YeeesMan ($100 in chips) is sitting out
Seat 1: SingingPancake ($163.80 in chips) 
Seat 2: Seavus10 ($148.29 in chips) 
Seat 3: blistein ($289.30 in chips) 
Seat 5: kvcsszblcs ($113.56 in chips) 
Seat 6: GuigaMan ($100.05 in chips) 
Seavus10: posts small blind $0.50
blistein: posts big blind $1
YeeesMan: sits out 
*** HOLE CARDS ***
kvcsszblcs: folds 
GuigaMan: raises $1.10 to $2.10
SingingPancake: folds 
Seavus10: folds 
blistein: folds 
Uncalled bet ($1.10) returned to GuigaMan
GuigaMan collected $2.50 from pot
GuigaMan: doesn't show hand 
*** SUMMARY ***
Total pot $2.50 | Rake $0 
Seat 4: YeeesMan
Seat 1: SingingPancake (button) folded before Flop (didn't bet)
Seat 2: Seavus10 (small blind) folded before Flop
Seat 3: blistein (big blind) folded before Flop
Seat 5: kvcsszblcs folded before Flop (didn't bet)
Seat 6: GuigaMan collected ($2.50)



PokerStars Hand #254338126897:  Hold'em No Limit ($0.50/$1.00 USD) - 2025/01/12 20:27:00 WET [2025/01/12 15:27:00 ET]
Table 'Otila III' 6-max Seat #2 is the button
Seat 1: SingingPancake ($163.80 in chips) 
Seat 2: Seavus10 ($147.79 in chips) 
Seat 3: blistein ($288.30 in chips) 
Seat 4: YeeesMan ($100 in chips) 
Seat 5: kvcsszblcs ($113.56 in chips) 
Seat 6: GuigaMan ($101.55 in chips) 
blistein: posts small blind $0.50
YeeesMan: posts big blind $1
*** HOLE CARDS ***
kvcsszblcs: folds 
GuigaMan: folds 
SingingPancake: folds 
Seavus10: folds 
blistein: folds 
Uncalled bet ($0.50) returned to YeeesMan
YeeesMan collected $1 from pot
YeeesMan: doesn't show hand 
*** SUMMARY ***
Total pot $1 | Rake $0 
Seat 1: SingingPancake folded before Flop (didn't bet)
Seat 2: Seavus10 (button) folded before Flop (didn't bet)
Seat 3: blistein (small blind) folded before Flop
Seat 4: YeeesMan (big blind) collected ($1)
Seat 5: kvcsszblcs folded before Flop (didn't bet)
Seat 6: GuigaMan folded before Flop (didn't bet)



PokerStars Hand #254338135156:  Hold'em No Limit ($0.50/$1.00 USD) - 2025/01/12 20:27:21 WET [2025/01/12 15:27:21 ET]
Table 'Otila III' 6-max Seat #3 is the button
Seat 1: SingingPancake ($163.80 in chips) 
Seat 2: Seavus10 ($147.79 in chips) 
Seat 3: blistein ($287.80 in chips) 
Seat 4: YeeesMan ($100.50 in chips) 
Seat 5: kvcsszblcs ($113.56 in chips) 
Seat 6: GuigaMan ($101.55 in chips) 
YeeesMan: posts small blind $0.50
kvcsszblcs: posts big blind $1
*** HOLE CARDS ***
GuigaMan: folds 
SingingPancake: raises $1.50 to $2.50
Seavus10: folds 
blistein: folds 
YeeesMan: folds 
kvcsszblcs: folds 
Uncalled bet ($1.50) returned to SingingPancake
SingingPancake collected $2.50 from pot
SingingPancake: doesn't show hand 
*** SUMMARY ***
Total pot $2.50 | Rake $0 
Seat 1: SingingPancake collected ($2.50)
Seat 2: Seavus10 folded before Flop (didn't bet)
Seat 3: blistein (button) folded before Flop (didn't bet)
Seat 4: YeeesMan (small blind) folded before Flop
Seat 5: kvcsszblcs (big blind) folded before Flop
Seat 6: GuigaMan folded before Flop (didn't bet)



PokerStars Hand #254338142047:  Hold'em No Limit ($0.50/$1.00 USD) - 2025/01/12 20:27:39 WET [2025/01/12 15:27:39 ET]
Table 'Otila III' 6-max Seat #4 is the button
Seat 1: SingingPancake ($165.30 in chips) 
Seat 2: Seavus10 ($147.79 in chips) 
Seat 3: blistein ($287.80 in chips) 
Seat 4: YeeesMan ($100 in chips) 
Seat 5: kvcsszblcs ($112.56 in chips) 
Seat 6: GuigaMan ($101.55 in chips) 
kvcsszblcs: posts small blind $0.50
GuigaMan: posts big blind $1
*** HOLE CARDS ***
SingingPancake: folds 
Seavus10: raises $1.20 to $2.20
blistein: folds 
YeeesMan: folds 
kvcsszblcs: folds 
GuigaMan: folds 
Uncalled bet ($1.20) returned to Seavus10
Seavus10 collected $2.50 from pot
Seavus10: doesn't show hand 
*** SUMMARY ***
Total pot $2.50 | Rake $0 
Seat 1: SingingPancake folded before Flop (didn't bet)
Seat 2: Seavus10 collected ($2.50)
Seat 3: blistein folded before Flop (didn't bet)
Seat 4: YeeesMan (button) folded before Flop (didn't bet)
Seat 5: kvcsszblcs (small blind) folded before Flop
Seat 6: GuigaMan (big blind) folded before Flop



PokerStars Hand #254338148994:  Hold'em No Limit ($0.50/$1.00 USD) - 2025/01/12 20:27:56 WET [2025/01/12 15:27:56 ET]
Table 'Otila III' 6-max Seat #5 is the button
Seat 1: SingingPancake ($165.30 in chips) 
Seat 2: Seavus10 ($149.29 in chips) 
Seat 3: blistein ($287.80 in chips) 
Seat 4: YeeesMan ($100 in chips) 
Seat 5: kvcsszblcs ($112.06 in chips) 
Seat 6: GuigaMan ($100.55 in chips) 
GuigaMan: posts small blind $0.50
SingingPancake: posts big blind $1
*** HOLE CARDS ***
Seavus10: folds 
blistein: folds 
YeeesMan: raises $1.50 to $2.50
kvcsszblcs: raises $5.50 to $8
GuigaMan: folds 
SingingPancake: folds 
YeeesMan: folds 
Uncalled bet ($5.50) returned to kvcsszblcs
kvcsszblcs collected $6.50 from pot
kvcsszblcs: doesn't show hand 
*** SUMMARY ***
Total pot $6.50 | Rake $0 
Seat 1: SingingPancake (big blind) folded before Flop
Seat 2: Seavus10 folded before Flop (didn't bet)
Seat 3: blistein folded before Flop (didn't bet)
Seat 4: YeeesMan folded before Flop
Seat 5: kvcsszblcs (button) collected ($6.50)
Seat 6: GuigaMan (small blind) folded before Flop



