PokerStars Hand #254337035420:  Hold'em No Limit ($0.50/$1.00 USD) - 2025/01/12 19:37:42 WET [2025/01/12 14:37:42 ET]
Table 'Lexell III' 6-max Seat #5 is the button
Seat 4: blistein ($100 in chips) is sitting out
Seat 1: GuigaMan ($100 in chips) 
Seat 2: vladalbert ($44.37 in chips) 
Seat 3: MakoEv ($100 in chips) 
Seat 5: easy_sarcasm ($100 in chips) 
Seat 6: Diamondplaces ($19.94 in chips) 
Diamondplaces: posts small blind $0.50
GuigaMan: posts big blind $1
blistein: sits out 
*** HOLE CARDS ***
vladalbert: raises $1 to $2
MakoEv: folds 
easy_sarcasm: folds 
Diamondplaces: raises $17.94 to $19.94 and is all-in
GuigaMan: folds 
vladalbert: folds 
Uncalled bet ($17.94) returned to Diamondplaces
Diamondplaces collected $5 from pot
*** SUMMARY ***
Total pot $5 | Rake $0 
Seat 4: blistein
Seat 1: GuigaMan (big blind) folded before Flop
Seat 2: vladalbert folded before Flop
Seat 3: MakoEv folded before Flop (didn't bet)
Seat 5: easy_sarcasm (button) folded before Flop (didn't bet)
Seat 6: Diamondplaces (small blind) collected ($5)



PokerStars Hand #254337044121:  Hold'em No Limit ($0.50/$1.00 USD) - 2025/01/12 19:38:05 WET [2025/01/12 14:38:05 ET]
Table 'Lexell III' 6-max Seat #6 is the button
Seat 4: blistein ($100 in chips) is sitting out
Seat 1: GuigaMan ($100 in chips) 
Seat 2: vladalbert ($42.37 in chips) 
Seat 3: MakoEv ($100 in chips) 
Seat 5: easy_sarcasm ($100 in chips) 
Seat 6: Diamondplaces ($22.94 in chips) 
GuigaMan: posts small blind $0.50
vladalbert: posts big blind $1
blistein: sits out 
*** HOLE CARDS ***
MakoEv: raises $1.20 to $2.20
easy_sarcasm: folds 
Diamondplaces: folds 
GuigaMan: folds 
vladalbert: calls $1.20
*** FLOP *** [9d 6c 8c]
vladalbert: checks 
MakoEv: bets $3.50
vladalbert: calls $3.50
*** TURN *** [9d 6c 8c] [Kd]
vladalbert: checks 
MakoEv: bets $8.50
vladalbert: folds 
Uncalled bet ($8.50) returned to MakoEv
MakoEv collected $11.30 from pot
MakoEv: doesn't show hand 
*** SUMMARY ***
Total pot $11.90 | Rake $0.60 
Board [9d 6c 8c Kd]
Seat 4: blistein
Seat 1: GuigaMan (small blind) folded before Flop
Seat 2: vladalbert (big blind) folded on the Turn
Seat 3: MakoEv collected ($11.30)
Seat 5: easy_sarcasm folded before Flop (didn't bet)
Seat 6: Diamondplaces (button) folded before Flop (didn't bet)



PokerStars Hand #254337057341:  Hold'em No Limit ($0.50/$1.00 USD) - 2025/01/12 19:38:40 WET [2025/01/12 14:38:40 ET]
Table 'Lexell III' 6-max Seat #1 is the button
Seat 4: blistein ($100 in chips) is sitting out
Seat 1: GuigaMan ($100 in chips) 
Seat 2: vladalbert ($36.67 in chips) 
Seat 3: MakoEv ($105.60 in chips) 
Seat 5: easy_sarcasm ($100 in chips) 
Seat 6: Diamondplaces ($22.94 in chips) 
vladalbert: posts small blind $0.50
MakoEv: posts big blind $1
blistein: sits out 
*** HOLE CARDS ***
easy_sarcasm: raises $2 to $3
Diamondplaces: folds 
GuigaMan: folds 
vladalbert: folds 
MakoEv: folds 
Uncalled bet ($2) returned to easy_sarcasm
easy_sarcasm collected $2.50 from pot
*** SUMMARY ***
Total pot $2.50 | Rake $0 
Seat 4: blistein
Seat 1: GuigaMan (button) folded before Flop (didn't bet)
Seat 2: vladalbert (small blind) folded before Flop
Seat 3: MakoEv (big blind) folded before Flop
Seat 5: easy_sarcasm collected ($2.50)
Seat 6: Diamondplaces folded before Flop (didn't bet)



PokerStars Hand #254337061933:  Hold'em No Limit ($0.50/$1.00 USD) - 2025/01/12 19:38:53 WET [2025/01/12 14:38:53 ET]
Table 'Lexell III' 6-max Seat #2 is the button
Seat 1: GuigaMan ($100 in chips) 
Seat 2: vladalbert ($36.17 in chips) 
Seat 3: MakoEv ($104.60 in chips) 
Seat 4: blistein ($100 in chips) 
Seat 5: easy_sarcasm ($101.50 in chips) 
Seat 6: Diamondplaces ($22.94 in chips) 
MakoEv: posts small blind $0.50
blistein: posts big blind $1
*** HOLE CARDS ***
easy_sarcasm: folds 
Diamondplaces: calls $1
GuigaMan: raises $2 to $3
vladalbert: folds 
MakoEv: folds 
blistein: folds 
Diamondplaces: calls $2
*** FLOP *** [8s Kh 4c]
Diamondplaces: checks 
GuigaMan: bets $2.14
Diamondplaces: folds 
Uncalled bet ($2.14) returned to GuigaMan
GuigaMan collected $7.12 from pot
GuigaMan: doesn't show hand 
*** SUMMARY ***
Total pot $7.50 | Rake $0.38 
Board [8s Kh 4c]
Seat 1: GuigaMan collected ($7.12)
Seat 2: vladalbert (button) folded before Flop (didn't bet)
Seat 3: MakoEv (small blind) folded before Flop
Seat 4: blistein (big blind) folded before Flop
Seat 5: easy_sarcasm folded before Flop (didn't bet)
Seat 6: Diamondplaces folded on the Flop



PokerStars Hand #254337075433:  Hold'em No Limit ($0.50/$1.00 USD) - 2025/01/12 19:39:28 WET [2025/01/12 14:39:28 ET]
Table 'Lexell III' 6-max Seat #3 is the button
Seat 1: GuigaMan ($104.12 in chips) 
Seat 2: vladalbert ($36.17 in chips) 
Seat 3: MakoEv ($104.10 in chips) 
Seat 4: blistein ($100 in chips) 
Seat 5: easy_sarcasm ($101.50 in chips) 
Seat 6: Diamondplaces ($19.94 in chips) 
blistein: posts small blind $0.50
easy_sarcasm: posts big blind $1
*** HOLE CARDS ***
Diamondplaces: folds 
GuigaMan: raises $1.10 to $2.10
vladalbert: folds 
MakoEv: folds 
blistein: folds 
easy_sarcasm: folds 
Uncalled bet ($1.10) returned to GuigaMan
GuigaMan collected $2.50 from pot
GuigaMan: doesn't show hand 
*** SUMMARY ***
Total pot $2.50 | Rake $0 
Seat 1: GuigaMan collected ($2.50)
Seat 2: vladalbert folded before Flop (didn't bet)
Seat 3: MakoEv (button) folded before Flop (didn't bet)
Seat 4: blistein (small blind) folded before Flop
Seat 5: easy_sarcasm (big blind) folded before Flop
Seat 6: Diamondplaces folded before Flop (didn't bet)



PokerStars Hand #254337081737:  Hold'em No Limit ($0.50/$1.00 USD) - 2025/01/12 19:39:45 WET [2025/01/12 14:39:45 ET]
Table 'Lexell III' 6-max Seat #4 is the button
Seat 1: GuigaMan ($105.62 in chips) 
Seat 2: vladalbert ($36.17 in chips) 
Seat 3: MakoEv ($104.10 in chips) 
Seat 4: blistein ($100 in chips) 
Seat 5: easy_sarcasm ($100.50 in chips) 
Seat 6: Diamondplaces ($19.94 in chips) 
easy_sarcasm: posts small blind $0.50
Diamondplaces: posts big blind $1
*** HOLE CARDS ***
GuigaMan: folds 
vladalbert: raises $1 to $2
MakoEv: folds 
blistein: folds 
easy_sarcasm: folds 
Diamondplaces: calls $1
*** FLOP *** [Qh Ah 6d]
Diamondplaces: bets $1
vladalbert: calls $1
*** TURN *** [Qh Ah 6d] [Qs]
Diamondplaces: checks 
vladalbert: checks 
*** RIVER *** [Qh Ah 6d Qs] [Td]
Diamondplaces: checks 
vladalbert: checks 
*** SHOW DOWN ***
Diamondplaces: shows [7s Kd] (a pair of Queens)
vladalbert: shows [6c 7c] (two pair, Queens and Sixes)
vladalbert collected $6.18 from pot
*** SUMMARY ***
Total pot $6.50 | Rake $0.32 
Board [Qh Ah 6d Qs Td]
Seat 1: GuigaMan folded before Flop (didn't bet)
Seat 2: vladalbert showed [6c 7c] and won ($6.18) with two pair, Queens and Sixes
Seat 3: MakoEv folded before Flop (didn't bet)
Seat 4: blistein (button) folded before Flop (didn't bet)
Seat 5: easy_sarcasm (small blind) folded before Flop
Seat 6: Diamondplaces (big blind) showed [7s Kd] and lost with a pair of Queens



PokerStars Hand #254337100046:  Hold'em No Limit ($0.50/$1.00 USD) - 2025/01/12 19:40:34 WET [2025/01/12 14:40:34 ET]
Table 'Lexell III' 6-max Seat #5 is the button
Seat 1: GuigaMan ($105.62 in chips) 
Seat 2: vladalbert ($39.35 in chips) 
Seat 3: MakoEv ($104.10 in chips) 
Seat 4: blistein ($100 in chips) 
Seat 5: easy_sarcasm ($100 in chips) 
Seat 6: Diamondplaces ($16.94 in chips) 
Diamondplaces: posts small blind $0.50
GuigaMan: posts big blind $1
*** HOLE CARDS ***
vladalbert: folds 
MakoEv: folds 
blistein: raises $1.30 to $2.30
easy_sarcasm: folds 
Diamondplaces: raises $14.64 to $16.94 and is all-in
GuigaMan: folds 
blistein: calls $14.64
*** FLOP *** [Ad 7h Ah]
*** TURN *** [Ad 7h Ah] [6d]
*** RIVER *** [Ad 7h Ah 6d] [3s]
*** SHOW DOWN ***
Diamondplaces: shows [Qc Qh] (two pair, Aces and Queens)
blistein: shows [Kh Kc] (two pair, Aces and Kings)
blistein collected $33.14 from pot
Diamondplaces cashed out the hand for $5.64 | Cash Out Fee $0.12
*** SUMMARY ***
Total pot $34.88 | Rake $1.74 
Board [Ad 7h Ah 6d 3s]
Seat 1: GuigaMan (big blind) folded before Flop
Seat 2: vladalbert folded before Flop (didn't bet)
Seat 3: MakoEv folded before Flop (didn't bet)
Seat 4: blistein showed [Kh Kc] and won ($33.14) with two pair, Aces and Kings
Seat 5: easy_sarcasm (button) folded before Flop (didn't bet)
Seat 6: Diamondplaces (small blind) showed [Qc Qh] and lost with two pair, Aces and Queens (cashed out).



PokerStars Hand #254337112128:  Hold'em No Limit ($0.50/$1.00 USD) - 2025/01/12 19:41:06 WET [2025/01/12 14:41:06 ET]
Table 'Lexell III' 6-max Seat #6 is the button
Seat 1: GuigaMan ($104.62 in chips) 
Seat 2: vladalbert ($39.35 in chips) 
Seat 3: MakoEv ($104.10 in chips) 
Seat 4: blistein ($116.20 in chips) 
Seat 5: easy_sarcasm ($100 in chips) 
Seat 6: Diamondplaces ($5.64 in chips) 
GuigaMan: posts small blind $0.50
vladalbert: posts big blind $1
*** HOLE CARDS ***
MakoEv: folds 
blistein: folds 
easy_sarcasm: folds 
Diamondplaces: folds 
GuigaMan: raises $2 to $3
vladalbert: calls $2
*** FLOP *** [5s Td Ts]
GuigaMan: checks 
vladalbert: bets $3.85
GuigaMan: folds 
Uncalled bet ($3.85) returned to vladalbert
vladalbert collected $5.70 from pot
*** SUMMARY ***
Total pot $6 | Rake $0.30 
Board [5s Td Ts]
Seat 1: GuigaMan (small blind) folded on the Flop
Seat 2: vladalbert (big blind) collected ($5.70)
Seat 3: MakoEv folded before Flop (didn't bet)
Seat 4: blistein folded before Flop (didn't bet)
Seat 5: easy_sarcasm folded before Flop (didn't bet)
Seat 6: Diamondplaces (button) folded before Flop (didn't bet)



PokerStars Hand #254337122017:  Hold'em No Limit ($0.50/$1.00 USD) - 2025/01/12 19:41:33 WET [2025/01/12 14:41:33 ET]
Table 'Lexell III' 6-max Seat #1 is the button
Seat 1: GuigaMan ($101.62 in chips) 
Seat 2: vladalbert ($42.05 in chips) 
Seat 3: MakoEv ($104.10 in chips) 
Seat 4: blistein ($116.20 in chips) 
Seat 5: easy_sarcasm ($100 in chips) 
Seat 6: Diamondplaces ($5.64 in chips) 
vladalbert: posts small blind $0.50
MakoEv: posts big blind $1
*** HOLE CARDS ***
blistein: folds 
easy_sarcasm: folds 
Diamondplaces: folds 
GuigaMan: raises $1.10 to $2.10
vladalbert: calls $1.60
MakoEv: folds 
*** FLOP *** [7h Qc 5s]
vladalbert: checks 
GuigaMan: checks 
*** TURN *** [7h Qc 5s] [7s]
vladalbert: checks 
GuigaMan: bets $2.67
vladalbert: folds 
Uncalled bet ($2.67) returned to GuigaMan
GuigaMan collected $4.94 from pot
GuigaMan: doesn't show hand 
*** SUMMARY ***
Total pot $5.20 | Rake $0.26 
Board [7h Qc 5s 7s]
Seat 1: GuigaMan (button) collected ($4.94)
Seat 2: vladalbert (small blind) folded on the Turn
Seat 3: MakoEv (big blind) folded before Flop
Seat 4: blistein folded before Flop (didn't bet)
Seat 5: easy_sarcasm folded before Flop (didn't bet)
Seat 6: Diamondplaces folded before Flop (didn't bet)



PokerStars Hand #254337132934:  Hold'em No Limit ($0.50/$1.00 USD) - 2025/01/12 19:42:01 WET [2025/01/12 14:42:01 ET]
Table 'Lexell III' 6-max Seat #2 is the button
Seat 1: GuigaMan ($104.46 in chips) 
Seat 2: vladalbert ($39.95 in chips) 
Seat 3: MakoEv ($103.10 in chips) 
Seat 4: blistein ($116.20 in chips) 
Seat 5: easy_sarcasm ($100 in chips) 
Seat 6: Diamondplaces ($5.64 in chips) 
MakoEv: posts small blind $0.50
blistein: posts big blind $1
*** HOLE CARDS ***
easy_sarcasm: raises $2 to $3
Diamondplaces: folds 
GuigaMan: folds 
vladalbert: folds 
MakoEv: folds 
blistein: folds 
Uncalled bet ($2) returned to easy_sarcasm
easy_sarcasm collected $2.50 from pot
*** SUMMARY ***
Total pot $2.50 | Rake $0 
Seat 1: GuigaMan folded before Flop (didn't bet)
Seat 2: vladalbert (button) folded before Flop (didn't bet)
Seat 3: MakoEv (small blind) folded before Flop
Seat 4: blistein (big blind) folded before Flop
Seat 5: easy_sarcasm collected ($2.50)
Seat 6: Diamondplaces folded before Flop (didn't bet)



PokerStars Hand #254337139085:  Hold'em No Limit ($0.50/$1.00 USD) - 2025/01/12 19:42:17 WET [2025/01/12 14:42:17 ET]
Table 'Lexell III' 6-max Seat #3 is the button
Seat 1: GuigaMan ($104.46 in chips) 
Seat 2: vladalbert ($39.95 in chips) 
Seat 3: MakoEv ($102.60 in chips) 
Seat 4: blistein ($115.20 in chips) 
Seat 5: easy_sarcasm ($101.50 in chips) 
Seat 6: Diamondplaces ($5.64 in chips) 
blistein: posts small blind $0.50
easy_sarcasm: posts big blind $1
*** HOLE CARDS ***
Diamondplaces: folds 
GuigaMan: folds 
vladalbert: folds 
MakoEv: folds 
blistein: raises $2 to $3
easy_sarcasm: raises $6 to $9
blistein: folds 
Uncalled bet ($6) returned to easy_sarcasm
easy_sarcasm collected $6 from pot
*** SUMMARY ***
Total pot $6 | Rake $0 
Seat 1: GuigaMan folded before Flop (didn't bet)
Seat 2: vladalbert folded before Flop (didn't bet)
Seat 3: MakoEv (button) folded before Flop (didn't bet)
Seat 4: blistein (small blind) folded before Flop
Seat 5: easy_sarcasm (big blind) collected ($6)
Seat 6: Diamondplaces folded before Flop (didn't bet)



PokerStars Hand #254337148067:  Hold'em No Limit ($0.50/$1.00 USD) - 2025/01/12 19:42:41 WET [2025/01/12 14:42:41 ET]
Table 'Lexell III' 6-max Seat #4 is the button
Seat 1: GuigaMan ($104.46 in chips) 
Seat 2: vladalbert ($39.95 in chips) 
Seat 3: MakoEv ($102.60 in chips) 
Seat 4: blistein ($112.20 in chips) 
Seat 5: easy_sarcasm ($104.50 in chips) 
Seat 6: Diamondplaces ($5.64 in chips) 
easy_sarcasm: posts small blind $0.50
Diamondplaces: posts big blind $1
*** HOLE CARDS ***
GuigaMan: folds 
vladalbert: raises $2 to $3
MakoEv: raises $4 to $7
blistein: folds 
easy_sarcasm: folds 
Diamondplaces: folds 
vladalbert: folds 
Uncalled bet ($4) returned to MakoEv
MakoEv collected $7.50 from pot
MakoEv: doesn't show hand 
*** SUMMARY ***
Total pot $7.50 | Rake $0 
Seat 1: GuigaMan folded before Flop (didn't bet)
Seat 2: vladalbert folded before Flop
Seat 3: MakoEv collected ($7.50)
Seat 4: blistein (button) folded before Flop (didn't bet)
Seat 5: easy_sarcasm (small blind) folded before Flop
Seat 6: Diamondplaces (big blind) folded before Flop



PokerStars Hand #254337160520:  Hold'em No Limit ($0.50/$1.00 USD) - 2025/01/12 19:43:14 WET [2025/01/12 14:43:14 ET]
Table 'Lexell III' 6-max Seat #5 is the button
Seat 1: GuigaMan ($104.46 in chips) 
Seat 2: vladalbert ($36.95 in chips) 
Seat 3: MakoEv ($107.10 in chips) 
Seat 4: blistein ($112.20 in chips) 
Seat 5: easy_sarcasm ($104 in chips) 
Seat 6: Diamondplaces ($4.64 in chips) 
Diamondplaces: posts small blind $0.50
GuigaMan: posts big blind $1
*** HOLE CARDS ***
vladalbert: folds 
MakoEv: folds 
blistein: folds 
easy_sarcasm: folds 
Diamondplaces: raises $3.64 to $4.64 and is all-in
GuigaMan: calls $3.64
*** FLOP *** [6d Qh Jc]
*** TURN *** [6d Qh Jc] [3c]
*** RIVER *** [6d Qh Jc 3c] [8d]
*** SHOW DOWN ***
Diamondplaces: shows [9d 7d] (high card Queen)
GuigaMan: shows [5s 5h] (a pair of Fives)
GuigaMan collected $8.82 from pot
*** SUMMARY ***
Total pot $9.28 | Rake $0.46 
Board [6d Qh Jc 3c 8d]
Seat 1: GuigaMan (big blind) showed [5s 5h] and won ($8.82) with a pair of Fives
Seat 2: vladalbert folded before Flop (didn't bet)
Seat 3: MakoEv folded before Flop (didn't bet)
Seat 4: blistein folded before Flop (didn't bet)
Seat 5: easy_sarcasm (button) folded before Flop (didn't bet)
Seat 6: Diamondplaces (small blind) showed [9d 7d] and lost with high card Queen



PokerStars Hand #254337171873:  Hold'em No Limit ($0.50/$1.00 USD) - 2025/01/12 19:43:44 WET [2025/01/12 14:43:44 ET]
Table 'Lexell III' 6-max Seat #1 is the button
Seat 6: Diamondplaces ($0 in chips) is sitting out
Seat 1: GuigaMan ($108.64 in chips) 
Seat 2: vladalbert ($36.95 in chips) 
Seat 3: MakoEv ($107.10 in chips) 
Seat 4: blistein ($112.20 in chips) 
Seat 5: easy_sarcasm ($104 in chips) 
vladalbert: posts small blind $0.50
MakoEv: posts big blind $1
*** HOLE CARDS ***
blistein: folds 
easy_sarcasm: folds 
blistein leaves the table
GuigaMan: raises $1.10 to $2.10
vladalbert: calls $1.60
MakoEv: folds 
*** FLOP *** [As 9s 8h]
vladalbert: checks 
GuigaMan: bets $2.67
vladalbert: folds 
Uncalled bet ($2.67) returned to GuigaMan
GuigaMan collected $4.94 from pot
GuigaMan: doesn't show hand 
*** SUMMARY ***
Total pot $5.20 | Rake $0.26 
Board [As 9s 8h]
Seat 6: Diamondplaces
Seat 1: GuigaMan (button) collected ($4.94)
Seat 2: vladalbert (small blind) folded on the Flop
Seat 3: MakoEv (big blind) folded before Flop
Seat 4: blistein folded before Flop (didn't bet)
Seat 5: easy_sarcasm folded before Flop (didn't bet)



PokerStars Hand #254337186113:  Hold'em No Limit ($0.50/$1.00 USD) - 2025/01/12 19:44:21 WET [2025/01/12 14:44:21 ET]
Table 'Lexell III' 6-max Seat #2 is the button
Seat 1: GuigaMan ($111.48 in chips) 
Seat 2: vladalbert ($34.85 in chips) 
Seat 3: MakoEv ($106.10 in chips) 
Seat 5: easy_sarcasm ($104 in chips) 
Seat 6: Diamondplaces ($18.94 in chips) 
michasia joins the table at seat #4 
MakoEv: posts small blind $0.50
easy_sarcasm: posts big blind $1
*** HOLE CARDS ***
Diamondplaces: folds 
GuigaMan: raises $1.10 to $2.10
vladalbert: folds 
MakoEv: folds 
easy_sarcasm: folds 
Uncalled bet ($1.10) returned to GuigaMan
GuigaMan collected $2.50 from pot
GuigaMan: doesn't show hand 
*** SUMMARY ***
Total pot $2.50 | Rake $0 
Seat 1: GuigaMan collected ($2.50)
Seat 2: vladalbert (button) folded before Flop (didn't bet)
Seat 3: MakoEv (small blind) folded before Flop
Seat 5: easy_sarcasm (big blind) folded before Flop
Seat 6: Diamondplaces folded before Flop (didn't bet)



PokerStars Hand #254337201189:  Hold'em No Limit ($0.50/$1.00 USD) - 2025/01/12 19:45:00 WET [2025/01/12 14:45:00 ET]
Table 'Lexell III' 6-max Seat #3 is the button
Seat 4: michasia ($100 in chips) is sitting out
Seat 2: vladalbert ($34.85 in chips) 
Seat 3: MakoEv ($105.60 in chips) 
Seat 5: easy_sarcasm ($103 in chips) 
Seat 6: Diamondplaces ($18.94 in chips) 
easy_sarcasm: posts small blind $0.50
Diamondplaces: posts big blind $1
*** HOLE CARDS ***
vladalbert: raises $1 to $2
MakoEv: folds 
easy_sarcasm: folds 
Diamondplaces: folds 
Uncalled bet ($1) returned to vladalbert
vladalbert collected $2.50 from pot
*** SUMMARY ***
Total pot $2.50 | Rake $0 
Seat 4: michasia
Seat 2: vladalbert collected ($2.50)
Seat 3: MakoEv (button) folded before Flop (didn't bet)
Seat 5: easy_sarcasm (small blind) folded before Flop
Seat 6: Diamondplaces (big blind) folded before Flop



PokerStars Hand #254337210247:  Hold'em No Limit ($0.50/$1.00 USD) - 2025/01/12 19:45:24 WET [2025/01/12 14:45:24 ET]
Table 'Lexell III' 6-max Seat #5 is the button
Seat 4: michasia ($100 in chips) is sitting out
Seat 2: vladalbert ($36.35 in chips) 
Seat 3: MakoEv ($105.60 in chips) 
Seat 5: easy_sarcasm ($102.50 in chips) 
Seat 6: Diamondplaces ($17.94 in chips) 
Diamondplaces: posts small blind $0.50
vladalbert: posts big blind $1
michasia: sits out 
*** HOLE CARDS ***
MakoEv has timed out
MakoEv: folds 
easy_sarcasm: raises $1.20 to $2.20
Xenicide joins the table at seat #1 
Diamondplaces: folds 
vladalbert: folds 
Uncalled bet ($1.20) returned to easy_sarcasm
easy_sarcasm collected $2.50 from pot
*** SUMMARY ***
Total pot $2.50 | Rake $0 
Seat 4: michasia
Seat 2: vladalbert (big blind) folded before Flop
Seat 3: MakoEv folded before Flop (didn't bet)
Seat 5: easy_sarcasm (button) collected ($2.50)
Seat 6: Diamondplaces (small blind) folded before Flop



PokerStars Hand #254337221719:  Hold'em No Limit ($0.50/$1.00 USD) - 2025/01/12 19:45:54 WET [2025/01/12 14:45:54 ET]
Table 'Lexell III' 6-max Seat #6 is the button
Seat 1: Xenicide ($100 in chips) is sitting out
Seat 4: michasia ($100 in chips) is sitting out
Seat 2: vladalbert ($35.35 in chips) 
Seat 3: MakoEv ($105.60 in chips) 
Seat 5: easy_sarcasm ($104 in chips) 
Seat 6: Diamondplaces ($17.44 in chips) 
vladalbert: posts small blind $0.50
MakoEv: posts big blind $1
*** HOLE CARDS ***
easy_sarcasm: raises $2 to $3
Diamondplaces: folds 
vladalbert: folds 
MakoEv: folds 
Uncalled bet ($2) returned to easy_sarcasm
easy_sarcasm collected $2.50 from pot
*** SUMMARY ***
Total pot $2.50 | Rake $0 
Seat 1: Xenicide
Seat 4: michasia
Seat 2: vladalbert (small blind) folded before Flop
Seat 3: MakoEv (big blind) folded before Flop
Seat 5: easy_sarcasm collected ($2.50)
Seat 6: Diamondplaces (button) folded before Flop (didn't bet)



PokerStars Hand #254337227904:  Hold'em No Limit ($0.50/$1.00 USD) - 2025/01/12 19:46:11 WET [2025/01/12 14:46:11 ET]
Table 'Lexell III' 6-max Seat #2 is the button
Seat 1: Xenicide ($100 in chips) is sitting out
Seat 4: michasia ($100 in chips) is sitting out
Seat 5: easy_sarcasm ($105.50 in chips) is sitting out
Seat 2: vladalbert ($34.85 in chips) 
Seat 3: MakoEv ($104.60 in chips) 
Seat 6: Diamondplaces ($17.44 in chips) 
MakoEv: posts small blind $0.50
easy_sarcasm: is sitting out 
Diamondplaces: posts big blind $1
Xenicide: sits out 
*** HOLE CARDS ***
easy_sarcasm leaves the table
vladalbert: raises $1 to $2
MakoEv: folds 
Diamondplaces: folds 
Uncalled bet ($1) returned to vladalbert
vladalbert collected $2.50 from pot
*** SUMMARY ***
Total pot $2.50 | Rake $0 
Seat 1: Xenicide
Seat 4: michasia
Seat 5: easy_sarcasm
Seat 2: vladalbert (button) collected ($2.50)
Seat 3: MakoEv (small blind) folded before Flop
Seat 6: Diamondplaces (big blind) folded before Flop



PokerStars Hand #254337233822:  Hold'em No Limit ($0.50/$1.00 USD) - 2025/01/12 19:46:26 WET [2025/01/12 14:46:26 ET]
Table 'Lexell III' 6-max Seat #3 is the button
Seat 4: michasia ($100 in chips) is sitting out
Seat 1: Xenicide ($100 in chips) 
Seat 2: vladalbert ($36.35 in chips) 
Seat 3: MakoEv ($104.10 in chips) 
Seat 6: Diamondplaces ($16.44 in chips) 
Diamondplaces: posts small blind $0.50
Xenicide: posts big blind $1
*** HOLE CARDS ***
vladalbert: raises $1 to $2
MakoEv: calls $2
Diamondplaces: folds 
Xenicide: calls $1
*** FLOP *** [7s 2h 4c]
Palacios777 joins the table at seat #5 
Xenicide: checks 
vladalbert: bets $4.18
MakoEv: calls $4.18
Xenicide: folds 
*** TURN *** [7s 2h 4c] [Th]
vladalbert: checks 
MakoEv: checks 
*** RIVER *** [7s 2h 4c Th] [Ad]
vladalbert: bets $5.06
MakoEv: folds 
Uncalled bet ($5.06) returned to vladalbert
vladalbert collected $14.12 from pot
*** SUMMARY ***
Total pot $14.86 | Rake $0.74 
Board [7s 2h 4c Th Ad]
Seat 4: michasia
Seat 1: Xenicide (big blind) folded on the Flop
Seat 2: vladalbert collected ($14.12)
Seat 3: MakoEv (button) folded on the River
Seat 6: Diamondplaces (small blind) folded before Flop



PokerStars Hand #254337269693:  Hold'em No Limit ($0.50/$1.00 USD) - 2025/01/12 19:48:02 WET [2025/01/12 14:48:02 ET]
Table 'Lexell III' 6-max Seat #6 is the button
Seat 4: michasia ($100 in chips) is sitting out
Seat 5: Palacios777 ($100 in chips) is sitting out
Seat 1: Xenicide ($100 in chips) 
Seat 2: vladalbert ($44.29 in chips) 
Seat 3: MakoEv ($100 in chips) 
Seat 6: Diamondplaces ($15.94 in chips) 
Xenicide: posts small blind $0.50
vladalbert: posts big blind $1
Palacios777: sits out 
*** HOLE CARDS ***
MakoEv: folds 
michasia leaves the table
Diamondplaces: folds 
Xenicide: folds 
Uncalled bet ($0.50) returned to vladalbert
vladalbert collected $1 from pot
*** SUMMARY ***
Total pot $1 | Rake $0 
Seat 4: michasia
Seat 5: Palacios777
Seat 1: Xenicide (small blind) folded before Flop
Seat 2: vladalbert (big blind) collected ($1)
Seat 3: MakoEv folded before Flop (didn't bet)
Seat 6: Diamondplaces (button) folded before Flop (didn't bet)



PokerStars Hand #254337273907:  Hold'em No Limit ($0.50/$1.00 USD) - 2025/01/12 19:48:13 WET [2025/01/12 14:48:13 ET]
Table 'Lexell III' 6-max Seat #1 is the button
Seat 5: Palacios777 ($100 in chips) is sitting out
Seat 1: Xenicide ($100 in chips) 
Seat 2: vladalbert ($44.79 in chips) 
Seat 3: MakoEv ($100 in chips) 
Seat 6: Diamondplaces ($15.94 in chips) 
vladalbert: posts small blind $0.50
MakoEv: posts big blind $1
Palacios777: sits out 
*** HOLE CARDS ***
Diamondplaces: folds 
Xenicide: raises $1.25 to $2.25
vladalbert: calls $1.75
MakoEv: folds 
*** FLOP *** [2c Jd 5c]
vladalbert: checks 
Xenicide: bets $1.30
vladalbert: raises $3.91 to $5.21
Xenicide: folds 
Uncalled bet ($3.91) returned to vladalbert
vladalbert collected $7.70 from pot
*** SUMMARY ***
Total pot $8.10 | Rake $0.40 
Board [2c Jd 5c]
Seat 5: Palacios777
Seat 1: Xenicide (button) folded on the Flop
Seat 2: vladalbert (small blind) collected ($7.70)
Seat 3: MakoEv (big blind) folded before Flop
Seat 6: Diamondplaces folded before Flop (didn't bet)



PokerStars Hand #254337286572:  Hold'em No Limit ($0.50/$1.00 USD) - 2025/01/12 19:48:46 WET [2025/01/12 14:48:46 ET]
Table 'Lexell III' 6-max Seat #2 is the button
Seat 1: Xenicide ($100 in chips) 
Seat 2: vladalbert ($48.94 in chips) 
Seat 3: MakoEv ($100 in chips) 
Seat 5: Palacios777 ($100 in chips) 
Seat 6: Diamondplaces ($15.94 in chips) 
MakoEv: posts small blind $0.50
Palacios777: posts big blind $1
*** HOLE CARDS ***
Diamondplaces: folds 
Xenicide: folds 
vladalbert: calls $1
MakoEv: folds 
Palacios777: raises $3.50 to $4.50
vladalbert: calls $3.50
*** FLOP *** [3d 4c 3s]
Palacios777: bets $2.98
vladalbert: calls $2.98
*** TURN *** [3d 4c 3s] [4d]
Palacios777: checks 
vladalbert: checks 
*** RIVER *** [3d 4c 3s 4d] [Ad]
Palacios777: bets $3.67
vladalbert: calls $3.67
*** SHOW DOWN ***
Palacios777: shows [8h 8c] (two pair, Eights and Fours)
vladalbert: shows [6d 2d] (a flush, Ace high)
vladalbert collected $21.66 from pot
*** SUMMARY ***
Total pot $22.80 | Rake $1.14 
Board [3d 4c 3s 4d Ad]
Seat 1: Xenicide folded before Flop (didn't bet)
Seat 2: vladalbert (button) showed [6d 2d] and won ($21.66) with a flush, Ace high
Seat 3: MakoEv (small blind) folded before Flop
Seat 5: Palacios777 (big blind) showed [8h 8c] and lost with two pair, Eights and Fours
Seat 6: Diamondplaces folded before Flop (didn't bet)



PokerStars Hand #254337306091:  Hold'em No Limit ($0.50/$1.00 USD) - 2025/01/12 19:49:38 WET [2025/01/12 14:49:38 ET]
Table 'Lexell III' 6-max Seat #3 is the button
Seat 1: Xenicide ($100 in chips) 
Seat 2: vladalbert ($59.45 in chips) 
Seat 3: MakoEv ($100 in chips) 
Seat 5: Palacios777 ($100 in chips) 
Seat 6: Diamondplaces ($15.94 in chips) 
Palacios777: posts small blind $0.50
Diamondplaces: posts big blind $1
*** HOLE CARDS ***
Xenicide: folds 
vladalbert: raises $1 to $2
MakoEv: folds 
coeeeelho joins the table at seat #4 
Palacios777: raises $3 to $5
Diamondplaces: folds 
vladalbert: calls $3
*** FLOP *** [2s Qc Ad]
Palacios777: bets $2.63
vladalbert: calls $2.63
*** TURN *** [2s Qc Ad] [3h]
Palacios777: checks 
vladalbert: checks 
*** RIVER *** [2s Qc Ad 3h] [8h]
Palacios777: bets $5.50
vladalbert: folds 
Uncalled bet ($5.50) returned to Palacios777
Palacios777 collected $15.45 from pot
Palacios777: doesn't show hand 
*** SUMMARY ***
Total pot $16.26 | Rake $0.81 
Board [2s Qc Ad 3h 8h]
Seat 1: Xenicide folded before Flop (didn't bet)
Seat 2: vladalbert folded on the River
Seat 3: MakoEv (button) folded before Flop (didn't bet)
Seat 5: Palacios777 (small blind) collected ($15.45)
Seat 6: Diamondplaces (big blind) folded before Flop



PokerStars Hand #254337320420:  Hold'em No Limit ($0.50/$1.00 USD) - 2025/01/12 19:50:17 WET [2025/01/12 14:50:17 ET]
Table 'Lexell III' 6-max Seat #5 is the button
Seat 4: coeeeelho ($100 in chips) is sitting out
Seat 1: Xenicide ($100 in chips) 
Seat 2: vladalbert ($51.82 in chips) 
Seat 3: MakoEv ($100 in chips) 
Seat 5: Palacios777 ($107.82 in chips) 
Seat 6: Diamondplaces ($14.94 in chips) 
Diamondplaces: posts small blind $0.50
Xenicide: posts big blind $1
coeeeelho: sits out 
*** HOLE CARDS ***
vladalbert: folds 
MakoEv: folds 
Palacios777: folds 
Diamondplaces: folds 
Uncalled bet ($0.50) returned to Xenicide
Xenicide collected $1 from pot
*** SUMMARY ***
Total pot $1 | Rake $0 
Seat 4: coeeeelho
Seat 1: Xenicide (big blind) collected ($1)
Seat 2: vladalbert folded before Flop (didn't bet)
Seat 3: MakoEv folded before Flop (didn't bet)
Seat 5: Palacios777 (button) folded before Flop (didn't bet)
Seat 6: Diamondplaces (small blind) folded before Flop



PokerStars Hand #254337328042:  Hold'em No Limit ($0.50/$1.00 USD) - 2025/01/12 19:50:37 WET [2025/01/12 14:50:37 ET]
Table 'Lexell III' 6-max Seat #6 is the button
Seat 4: coeeeelho ($100 in chips) is sitting out
Seat 1: Xenicide ($100.50 in chips) 
Seat 2: vladalbert ($51.82 in chips) 
Seat 3: MakoEv ($100 in chips) 
Seat 5: Palacios777 ($107.82 in chips) 
Seat 6: Diamondplaces ($14.44 in chips) 
Xenicide: posts small blind $0.50
vladalbert: posts big blind $1
coeeeelho: sits out 
*** HOLE CARDS ***
MakoEv: folds 
Palacios777: raises $1.50 to $2.50
Diamondplaces: folds 
Xenicide: folds 
vladalbert: folds 
Uncalled bet ($1.50) returned to Palacios777
Palacios777 collected $2.50 from pot
Palacios777: doesn't show hand 
*** SUMMARY ***
Total pot $2.50 | Rake $0 
Seat 4: coeeeelho
Seat 1: Xenicide (small blind) folded before Flop
Seat 2: vladalbert (big blind) folded before Flop
Seat 3: MakoEv folded before Flop (didn't bet)
Seat 5: Palacios777 collected ($2.50)
Seat 6: Diamondplaces (button) folded before Flop (didn't bet)



PokerStars Hand #254337340485:  Hold'em No Limit ($0.50/$1.00 USD) - 2025/01/12 19:51:10 WET [2025/01/12 14:51:10 ET]
Table 'Lexell III' 6-max Seat #1 is the button
Seat 3: MakoEv ($100 in chips) is sitting out
Seat 1: Xenicide ($100 in chips) 
Seat 2: vladalbert ($50.82 in chips) 
Seat 4: coeeeelho ($100 in chips) 
Seat 5: Palacios777 ($109.32 in chips) 
Seat 6: Diamondplaces ($14.44 in chips) 
vladalbert: posts small blind $0.50
coeeeelho: posts big blind $1
*** HOLE CARDS ***
MakoEv leaves the table
Palacios777: folds 
aidant171717 joins the table at seat #3 
aidant171717 is disconnected 
Diamondplaces: raises $13.44 to $14.44 and is all-in
Xenicide: folds 
vladalbert: folds 
coeeeelho: folds 
Uncalled bet ($13.44) returned to Diamondplaces
Diamondplaces collected $2.50 from pot
*** SUMMARY ***
Total pot $2.50 | Rake $0 
Seat 3: MakoEv
Seat 1: Xenicide (button) folded before Flop (didn't bet)
Seat 2: vladalbert (small blind) folded before Flop
Seat 4: coeeeelho (big blind) folded before Flop
Seat 5: Palacios777 folded before Flop (didn't bet)
Seat 6: Diamondplaces collected ($2.50)



PokerStars Hand #254337351122:  Hold'em No Limit ($0.50/$1.00 USD) - 2025/01/12 19:51:38 WET [2025/01/12 14:51:38 ET]
Table 'Lexell III' 6-max Seat #2 is the button
Seat 3: aidant171717 ($51.21 in chips) is sitting out
Seat 1: Xenicide ($100 in chips) 
Seat 2: vladalbert ($50.32 in chips) 
Seat 4: coeeeelho ($100 in chips) 
Seat 5: Palacios777 ($109.32 in chips) 
Seat 6: Diamondplaces ($15.94 in chips) 
coeeeelho: posts small blind $0.50
Palacios777: posts big blind $1
*** HOLE CARDS ***
Diamondplaces: folds 
Xenicide: folds 
vladalbert: calls $1
coeeeelho: folds 
Palacios777: raises $4 to $5
vladalbert: calls $4
*** FLOP *** [Qh 9s Ad]
Palacios777: bets $2
vladalbert: calls $2
*** TURN *** [Qh 9s Ad] [3s]
Palacios777: checks 
vladalbert: bets $6.89
Palacios777: folds 
Uncalled bet ($6.89) returned to vladalbert
vladalbert collected $13.78 from pot
*** SUMMARY ***
Total pot $14.50 | Rake $0.72 
Board [Qh 9s Ad 3s]
Seat 3: aidant171717
Seat 1: Xenicide folded before Flop (didn't bet)
Seat 2: vladalbert (button) collected ($13.78)
Seat 4: coeeeelho (small blind) folded before Flop
Seat 5: Palacios777 (big blind) folded on the Turn
Seat 6: Diamondplaces folded before Flop (didn't bet)



PokerStars Hand #254337369172:  Hold'em No Limit ($0.50/$1.00 USD) - 2025/01/12 19:52:27 WET [2025/01/12 14:52:27 ET]
Table 'Lexell III' 6-max Seat #4 is the button
Seat 3: aidant171717 ($51.21 in chips) is sitting out
Seat 1: Xenicide ($100 in chips) 
Seat 2: vladalbert ($57.10 in chips) 
Seat 4: coeeeelho ($100 in chips) 
Seat 5: Palacios777 ($102.32 in chips) 
Seat 6: Diamondplaces ($15.94 in chips) 
Palacios777: posts small blind $0.50
Diamondplaces: posts big blind $1
aidant171717: sits out 
*** HOLE CARDS ***
Xenicide: raises $1 to $2
vladalbert: calls $2
coeeeelho: folds 
Palacios777: folds 
Diamondplaces: folds 
*** FLOP *** [9d Td Qd]
Xenicide: checks 
vladalbert: checks 
*** TURN *** [9d Td Qd] [3s]
Xenicide: checks 
vladalbert: checks 
*** RIVER *** [9d Td Qd 3s] [9h]
Xenicide: checks 
vladalbert: checks 
*** SHOW DOWN ***
Xenicide: shows [Ac 4c] (a pair of Nines)
vladalbert: mucks hand 
Xenicide collected $5.22 from pot
*** SUMMARY ***
Total pot $5.50 | Rake $0.28 
Board [9d Td Qd 3s 9h]
Seat 3: aidant171717
Seat 1: Xenicide showed [Ac 4c] and won ($5.22) with a pair of Nines
Seat 2: vladalbert mucked
Seat 4: coeeeelho (button) folded before Flop (didn't bet)
Seat 5: Palacios777 (small blind) folded before Flop
Seat 6: Diamondplaces (big blind) folded before Flop



PokerStars Hand #254337398816:  Hold'em No Limit ($0.50/$1.00 USD) - 2025/01/12 19:53:46 WET [2025/01/12 14:53:46 ET]
Table 'Lexell III' 6-max Seat #5 is the button
Seat 3: aidant171717 ($51.21 in chips) is sitting out
Seat 1: Xenicide ($103.22 in chips) 
Seat 2: vladalbert ($55.10 in chips) 
Seat 4: coeeeelho ($100 in chips) 
Seat 5: Palacios777 ($101.82 in chips) 
Seat 6: Diamondplaces ($14.94 in chips) 
Diamondplaces: posts small blind $0.50
Xenicide: posts big blind $1
aidant171717: sits out 
*** HOLE CARDS ***
vladalbert: folds 
coeeeelho: raises $1.20 to $2.20
Palacios777: folds 
Diamondplaces: folds 
Xenicide: folds 
Uncalled bet ($1.20) returned to coeeeelho
coeeeelho collected $2.50 from pot
*** SUMMARY ***
Total pot $2.50 | Rake $0 
Seat 3: aidant171717
Seat 1: Xenicide (big blind) folded before Flop
Seat 2: vladalbert folded before Flop (didn't bet)
Seat 4: coeeeelho collected ($2.50)
Seat 5: Palacios777 (button) folded before Flop (didn't bet)
Seat 6: Diamondplaces (small blind) folded before Flop



PokerStars Hand #254337405036:  Hold'em No Limit ($0.50/$1.00 USD) - 2025/01/12 19:54:03 WET [2025/01/12 14:54:03 ET]
Table 'Lexell III' 6-max Seat #6 is the button
Seat 3: aidant171717 ($51.21 in chips) is sitting out
Seat 1: Xenicide ($102.22 in chips) 
Seat 2: vladalbert ($55.10 in chips) 
Seat 4: coeeeelho ($101.50 in chips) 
Seat 5: Palacios777 ($101.82 in chips) 
Seat 6: Diamondplaces ($14.44 in chips) 
Xenicide: posts small blind $0.50
vladalbert: posts big blind $1
aidant171717: sits out 
*** HOLE CARDS ***
coeeeelho: raises $1.20 to $2.20
Palacios777: calls $2.20
Diamondplaces: folds 
Xenicide: folds 
vladalbert: calls $1.20
*** FLOP *** [8s 4h Ks]
vladalbert: checks 
coeeeelho: checks 
Palacios777: checks 
*** TURN *** [8s 4h Ks] [6h]
vladalbert: bets $3.37
coeeeelho: raises $15.63 to $19
Palacios777: folds 
vladalbert: calls $15.63
*** RIVER *** [8s 4h Ks 6h] [Jh]
vladalbert: checks 
coeeeelho: bets $34
vladalbert: folds 
Uncalled bet ($34) returned to coeeeelho
coeeeelho collected $42.84 from pot
*** SUMMARY ***
Total pot $45.10 | Rake $2.26 
Board [8s 4h Ks 6h Jh]
Seat 3: aidant171717
Seat 1: Xenicide (small blind) folded before Flop
Seat 2: vladalbert (big blind) folded on the River
Seat 4: coeeeelho collected ($42.84)
Seat 5: Palacios777 folded on the Turn
Seat 6: Diamondplaces (button) folded before Flop (didn't bet)



PokerStars Hand #254337430163:  Hold'em No Limit ($0.50/$1.00 USD) - 2025/01/12 19:55:16 WET [2025/01/12 14:55:16 ET]
Table 'Lexell III' 6-max Seat #1 is the button
Seat 1: Xenicide ($101.72 in chips) 
Seat 2: vladalbert ($33.90 in chips) 
Seat 3: aidant171717 ($51.21 in chips) 
Seat 4: coeeeelho ($123.14 in chips) 
Seat 5: Palacios777 ($100 in chips) 
Seat 6: Diamondplaces ($14.44 in chips) 
vladalbert: posts small blind $0.50
aidant171717: posts big blind $1
*** HOLE CARDS ***
coeeeelho: raises $1.20 to $2.20
Palacios777: raises $4.80 to $7
Diamondplaces: folds 
Xenicide: folds 
vladalbert: folds 
aidant171717: folds 
coeeeelho: folds 
Uncalled bet ($4.80) returned to Palacios777
Palacios777 collected $5.90 from pot
Palacios777: doesn't show hand 
*** SUMMARY ***
Total pot $5.90 | Rake $0 
Seat 1: Xenicide (button) folded before Flop (didn't bet)
Seat 2: vladalbert (small blind) folded before Flop
Seat 3: aidant171717 (big blind) folded before Flop
Seat 4: coeeeelho folded before Flop
Seat 5: Palacios777 collected ($5.90)
Seat 6: Diamondplaces folded before Flop (didn't bet)



PokerStars Hand #254337435739:  Hold'em No Limit ($0.50/$1.00 USD) - 2025/01/12 19:55:42 WET [2025/01/12 14:55:42 ET]
Table 'Lexell III' 6-max Seat #2 is the button
Seat 1: Xenicide ($101.72 in chips) 
Seat 2: vladalbert ($33.40 in chips) 
Seat 3: aidant171717 ($50.21 in chips) 
Seat 4: coeeeelho ($120.94 in chips) 
Seat 5: Palacios777 ($103.70 in chips) 
Seat 6: Diamondplaces ($14.44 in chips) 
aidant171717: posts small blind $0.50
coeeeelho: posts big blind $1
*** HOLE CARDS ***
Palacios777: raises $1.20 to $2.20
Diamondplaces: raises $12.24 to $14.44 and is all-in
Xenicide: folds 
vladalbert: folds 
aidant171717: folds 
coeeeelho: folds 
Palacios777: calls $12.24
*** FLOP *** [2s 2d Ts]
*** TURN *** [2s 2d Ts] [6h]
*** RIVER *** [2s 2d Ts 6h] [Tc]
*** SHOW DOWN ***
Palacios777: shows [Ad Jc] (two pair, Tens and Deuces)
Diamondplaces: shows [Ac Js] (two pair, Tens and Deuces)
Palacios777 collected $14.43 from pot
Diamondplaces collected $14.43 from pot
*** SUMMARY ***
Total pot $30.38 | Rake $1.52 
Board [2s 2d Ts 6h Tc]
Seat 1: Xenicide folded before Flop (didn't bet)
Seat 2: vladalbert (button) folded before Flop (didn't bet)
Seat 3: aidant171717 (small blind) folded before Flop
Seat 4: coeeeelho (big blind) folded before Flop
Seat 5: Palacios777 showed [Ad Jc] and won ($14.43) with two pair, Tens and Deuces
Seat 6: Diamondplaces showed [Ac Js] and won ($14.43) with two pair, Tens and Deuces



PokerStars Hand #254337445055:  Hold'em No Limit ($0.50/$1.00 USD) - 2025/01/12 19:56:25 WET [2025/01/12 14:56:25 ET]
Table 'Lexell III' 6-max Seat #3 is the button
Seat 1: Xenicide ($101.72 in chips) 
Seat 2: vladalbert ($33.40 in chips) 
Seat 3: aidant171717 ($49.71 in chips) 
Seat 4: coeeeelho ($119.94 in chips) 
Seat 5: Palacios777 ($103.69 in chips) 
Seat 6: Diamondplaces ($14.43 in chips) 
coeeeelho: posts small blind $0.50
Palacios777: posts big blind $1
*** HOLE CARDS ***
Diamondplaces: folds 
Xenicide: folds 
vladalbert: raises $1 to $2
aidant171717: folds 
coeeeelho: raises $8 to $10
Palacios777: folds 
vladalbert: calls $8
*** FLOP *** [Jh 7c 3c]
coeeeelho: bets $24.94
vladalbert: folds 
Uncalled bet ($24.94) returned to coeeeelho
coeeeelho collected $19.95 from pot
*** SUMMARY ***
Total pot $21 | Rake $1.05 
Board [Jh 7c 3c]
Seat 1: Xenicide folded before Flop (didn't bet)
Seat 2: vladalbert folded on the Flop
Seat 3: aidant171717 (button) folded before Flop (didn't bet)
Seat 4: coeeeelho (small blind) collected ($19.95)
Seat 5: Palacios777 (big blind) folded before Flop
Seat 6: Diamondplaces folded before Flop (didn't bet)



PokerStars Hand #254337458001:  Hold'em No Limit ($0.50/$1.00 USD) - 2025/01/12 19:57:25 WET [2025/01/12 14:57:25 ET]
Table 'Lexell III' 6-max Seat #4 is the button
Seat 1: Xenicide ($101.72 in chips) 
Seat 2: vladalbert ($23.40 in chips) 
Seat 3: aidant171717 ($49.71 in chips) 
Seat 4: coeeeelho ($129.89 in chips) 
Seat 5: Palacios777 ($102.69 in chips) 
Seat 6: Diamondplaces ($14.43 in chips) 
Palacios777: posts small blind $0.50
Diamondplaces: posts big blind $1
*** HOLE CARDS ***
Xenicide: folds 
vladalbert: folds 
aidant171717: folds 
coeeeelho: raises $1.50 to $2.50
Palacios777: folds 
Diamondplaces: folds 
Uncalled bet ($1.50) returned to coeeeelho
coeeeelho collected $2.50 from pot
*** SUMMARY ***
Total pot $2.50 | Rake $0 
Seat 1: Xenicide folded before Flop (didn't bet)
Seat 2: vladalbert folded before Flop (didn't bet)
Seat 3: aidant171717 folded before Flop (didn't bet)
Seat 4: coeeeelho (button) collected ($2.50)
Seat 5: Palacios777 (small blind) folded before Flop
Seat 6: Diamondplaces (big blind) folded before Flop



PokerStars Hand #254337465033:  Hold'em No Limit ($0.50/$1.00 USD) - 2025/01/12 19:57:57 WET [2025/01/12 14:57:57 ET]
Table 'Lexell III' 6-max Seat #5 is the button
Seat 1: Xenicide ($101.72 in chips) 
Seat 2: vladalbert ($23.40 in chips) 
Seat 3: aidant171717 ($49.71 in chips) 
Seat 4: coeeeelho ($131.39 in chips) 
Seat 5: Palacios777 ($102.19 in chips) 
Seat 6: Diamondplaces ($13.43 in chips) 
Diamondplaces: posts small blind $0.50
Xenicide: posts big blind $1
*** HOLE CARDS ***
vladalbert: raises $2 to $3
aidant171717: folds 
coeeeelho: folds 
Palacios777: folds 
Diamondplaces: folds 
Xenicide: folds 
Uncalled bet ($2) returned to vladalbert
vladalbert collected $2.50 from pot
*** SUMMARY ***
Total pot $2.50 | Rake $0 
Seat 1: Xenicide (big blind) folded before Flop
Seat 2: vladalbert collected ($2.50)
Seat 3: aidant171717 folded before Flop (didn't bet)
Seat 4: coeeeelho folded before Flop (didn't bet)
Seat 5: Palacios777 (button) folded before Flop (didn't bet)
Seat 6: Diamondplaces (small blind) folded before Flop



PokerStars Hand #254337469697:  Hold'em No Limit ($0.50/$1.00 USD) - 2025/01/12 19:58:18 WET [2025/01/12 14:58:18 ET]
Table 'Lexell III' 6-max Seat #6 is the button
Seat 1: Xenicide ($100.72 in chips) 
Seat 2: vladalbert ($24.90 in chips) 
Seat 3: aidant171717 ($49.71 in chips) 
Seat 4: coeeeelho ($131.39 in chips) 
Seat 5: Palacios777 ($102.19 in chips) 
Seat 6: Diamondplaces ($12.93 in chips) 
Xenicide: posts small blind $0.50
vladalbert: posts big blind $1
*** HOLE CARDS ***
aidant171717: folds 
coeeeelho: folds 
Palacios777: folds 
Diamondplaces: folds 
Xenicide: folds 
Uncalled bet ($0.50) returned to vladalbert
vladalbert collected $1 from pot
*** SUMMARY ***
Total pot $1 | Rake $0 
Seat 1: Xenicide (small blind) folded before Flop
Seat 2: vladalbert (big blind) collected ($1)
Seat 3: aidant171717 folded before Flop (didn't bet)
Seat 4: coeeeelho folded before Flop (didn't bet)
Seat 5: Palacios777 folded before Flop (didn't bet)
Seat 6: Diamondplaces (button) folded before Flop (didn't bet)



PokerStars Hand #254337624382:  Hold'em No Limit ($0.50/$1.00 USD) - 2025/01/12 20:06:22 WET [2025/01/12 15:06:22 ET]
Table 'Lexell III' 6-max Seat #2 is the button
Seat 4: coeeeelho ($131.11 in chips) is sitting out
Seat 1: Xenicide ($100 in chips) 
Seat 2: vladalbert ($33.68 in chips) 
Seat 3: aidant171717 ($35.66 in chips) 
Seat 5: Palacios777 ($108.19 in chips) 
Seat 6: Diamondplaces ($16.15 in chips) 
aidant171717: posts small blind $0.50
coeeeelho: is sitting out 
Palacios777: posts big blind $1
*** HOLE CARDS ***
Diamondplaces: folds 
Xenicide: folds 
vladalbert: raises $1 to $2
aidant171717: folds 
Palacios777: calls $1
*** FLOP *** [9h Th Td]
Palacios777: checks 
vladalbert: checks 
*** TURN *** [9h Th Td] [8d]
Palacios777: bets $3
vladalbert: calls $3
*** RIVER *** [9h Th Td 8d] [4d]
Palacios777: bets $7.50
vladalbert: folds 
Uncalled bet ($7.50) returned to Palacios777
Palacios777 collected $9.98 from pot
Palacios777: doesn't show hand 
*** SUMMARY ***
Total pot $10.50 | Rake $0.52 
Board [9h Th Td 8d 4d]
Seat 4: coeeeelho
Seat 1: Xenicide folded before Flop (didn't bet)
Seat 2: vladalbert (button) folded on the River
Seat 3: aidant171717 (small blind) folded before Flop
Seat 5: Palacios777 (big blind) collected ($9.98)
Seat 6: Diamondplaces folded before Flop (didn't bet)



PokerStars Hand #254337651661:  Hold'em No Limit ($0.50/$1.00 USD) - 2025/01/12 20:07:29 WET [2025/01/12 15:07:29 ET]
Table 'Lexell III' 6-max Seat #3 is the button
Seat 4: coeeeelho ($131.11 in chips) is sitting out
Seat 1: Xenicide ($100 in chips) 
Seat 2: vladalbert ($28.68 in chips) 
Seat 3: aidant171717 ($35.16 in chips) 
Seat 5: Palacios777 ($113.17 in chips) 
Seat 6: Diamondplaces ($16.15 in chips) 
Palacios777: posts small blind $0.50
Diamondplaces: posts big blind $1
*** HOLE CARDS ***
Xenicide: folds 
vladalbert: folds 
aidant171717: folds 
Palacios777: folds 
Uncalled bet ($0.50) returned to Diamondplaces
Diamondplaces collected $1 from pot
*** SUMMARY ***
Total pot $1 | Rake $0 
Seat 4: coeeeelho
Seat 1: Xenicide folded before Flop (didn't bet)
Seat 2: vladalbert folded before Flop (didn't bet)
Seat 3: aidant171717 (button) folded before Flop (didn't bet)
Seat 5: Palacios777 (small blind) folded before Flop
Seat 6: Diamondplaces (big blind) collected ($1)



PokerStars Hand #254337662442:  Hold'em No Limit ($0.50/$1.00 USD) - 2025/01/12 20:07:55 WET [2025/01/12 15:07:55 ET]
Table 'Lexell III' 6-max Seat #5 is the button
Seat 4: coeeeelho ($131.11 in chips) is sitting out
Seat 1: Xenicide ($100 in chips) 
Seat 2: vladalbert ($28.68 in chips) 
Seat 3: aidant171717 ($35.16 in chips) 
Seat 5: Palacios777 ($112.67 in chips) 
Seat 6: Diamondplaces ($16.65 in chips) 
Diamondplaces: posts small blind $0.50
Xenicide: posts big blind $1
*** HOLE CARDS ***
vladalbert: folds 
aidant171717: calls $1
Palacios777: raises $3.50 to $4.50
Diamondplaces: folds 
Xenicide: folds 
aidant171717: calls $3.50
*** FLOP *** [Ad 5h Js]
aidant171717: checks 
Palacios777: bets $3.29
aidant171717: calls $3.29
*** TURN *** [Ad 5h Js] [Th]
aidant171717: checks 
Palacios777: bets $8.12
aidant171717: folds 
Uncalled bet ($8.12) returned to Palacios777
Palacios777 collected $16.23 from pot
Palacios777: doesn't show hand 
*** SUMMARY ***
Total pot $17.08 | Rake $0.85 
Board [Ad 5h Js Th]
Seat 4: coeeeelho
Seat 1: Xenicide (big blind) folded before Flop
Seat 2: vladalbert folded before Flop (didn't bet)
Seat 3: aidant171717 folded on the Turn
Seat 5: Palacios777 (button) collected ($16.23)
Seat 6: Diamondplaces (small blind) folded before Flop



PokerStars Hand #254337684203:  Hold'em No Limit ($0.50/$1.00 USD) - 2025/01/12 20:08:48 WET [2025/01/12 15:08:48 ET]
Table 'Lexell III' 6-max Seat #6 is the button
Seat 4: coeeeelho ($131.11 in chips) is sitting out
Seat 1: Xenicide ($100 in chips) 
Seat 2: vladalbert ($28.68 in chips) 
Seat 3: aidant171717 ($27.37 in chips) 
Seat 5: Palacios777 ($121.11 in chips) 
Seat 6: Diamondplaces ($16.15 in chips) 
Xenicide: posts small blind $0.50
vladalbert: posts big blind $1
*** HOLE CARDS ***
aidant171717: raises $2 to $3
Palacios777: raises $5 to $8
Diamondplaces: folds 
Xenicide: folds 
vladalbert: folds 
aidant171717: calls $5
*** FLOP *** [8c 3s 6s]
aidant171717: bets $19.37 and is all-in
Palacios777: calls $19.37
*** TURN *** [8c 3s 6s] [7h]
*** RIVER *** [8c 3s 6s 7h] [5d]
*** SHOW DOWN ***
aidant171717: shows [6c Ac] (a pair of Sixes)
Palacios777: shows [As Ts] (high card Ace)
aidant171717 collected $53.74 from pot
*** SUMMARY ***
Total pot $56.24 | Rake $2.50 
Board [8c 3s 6s 7h 5d]
Seat 4: coeeeelho
Seat 1: Xenicide (small blind) folded before Flop
Seat 2: vladalbert (big blind) folded before Flop
Seat 3: aidant171717 showed [6c Ac] and won ($53.74) with a pair of Sixes
Seat 5: Palacios777 showed [As Ts] and lost with high card Ace
Seat 6: Diamondplaces (button) folded before Flop (didn't bet)



PokerStars Hand #254337704253:  Hold'em No Limit ($0.50/$1.00 USD) - 2025/01/12 20:09:37 WET [2025/01/12 15:09:37 ET]
Table 'Lexell III' 6-max Seat #1 is the button
Seat 4: coeeeelho ($131.11 in chips) is sitting out
Seat 1: Xenicide ($100 in chips) 
Seat 2: vladalbert ($27.68 in chips) 
Seat 3: aidant171717 ($53.74 in chips) 
Seat 5: Palacios777 ($100 in chips) 
Seat 6: Diamondplaces ($16.15 in chips) 
vladalbert: posts small blind $0.50
aidant171717: posts big blind $1
*** HOLE CARDS ***
Palacios777: folds 
Diamondplaces: raises $15.15 to $16.15 and is all-in
Xenicide: folds 
vladalbert: folds 
aidant171717 has timed out
aidant171717: folds 
Uncalled bet ($15.15) returned to Diamondplaces
Diamondplaces collected $2.50 from pot
*** SUMMARY ***
Total pot $2.50 | Rake $0 
Seat 4: coeeeelho
Seat 1: Xenicide (button) folded before Flop (didn't bet)
Seat 2: vladalbert (small blind) folded before Flop
Seat 3: aidant171717 (big blind) folded before Flop
Seat 5: Palacios777 folded before Flop (didn't bet)
Seat 6: Diamondplaces collected ($2.50)



PokerStars Hand #254337719204:  Hold'em No Limit ($0.50/$1.00 USD) - 2025/01/12 20:10:13 WET [2025/01/12 15:10:13 ET]
Table 'Lexell III' 6-max Seat #2 is the button
Seat 3: aidant171717 ($52.74 in chips) is sitting out
Seat 4: coeeeelho ($131.11 in chips) is sitting out
Seat 1: Xenicide ($100 in chips) 
Seat 2: vladalbert ($27.18 in chips) 
Seat 5: Palacios777 ($100 in chips) 
Seat 6: Diamondplaces ($17.65 in chips) 
Palacios777: posts small blind $0.50
Diamondplaces: posts big blind $1
*** HOLE CARDS ***
Xenicide: folds 
vladalbert: raises $1 to $2
Palacios777: raises $2.50 to $4.50
Diamondplaces: folds 
vladalbert: folds 
Uncalled bet ($2.50) returned to Palacios777
Palacios777 collected $5 from pot
Palacios777: doesn't show hand 
*** SUMMARY ***
Total pot $5 | Rake $0 
Seat 3: aidant171717
Seat 4: coeeeelho
Seat 1: Xenicide folded before Flop (didn't bet)
Seat 2: vladalbert (button) folded before Flop
Seat 5: Palacios777 (small blind) collected ($5)
Seat 6: Diamondplaces (big blind) folded before Flop



PokerStars Hand #254337734429:  Hold'em No Limit ($0.50/$1.00 USD) - 2025/01/12 20:10:50 WET [2025/01/12 15:10:50 ET]
Table 'Lexell III' 6-max Seat #5 is the button
Seat 3: aidant171717 ($52.74 in chips) is sitting out
Seat 4: coeeeelho ($131.11 in chips) is sitting out
Seat 1: Xenicide ($100 in chips) 
Seat 2: vladalbert ($25.18 in chips) 
Seat 5: Palacios777 ($103 in chips) 
Seat 6: Diamondplaces ($16.65 in chips) 
Diamondplaces: posts small blind $0.50
Xenicide: posts big blind $1
aidant171717: sits out 
*** HOLE CARDS ***
vladalbert: raises $1 to $2
Palacios777: folds 
Diamondplaces: folds 
Xenicide: folds 
Uncalled bet ($1) returned to vladalbert
vladalbert collected $2.50 from pot
*** SUMMARY ***
Total pot $2.50 | Rake $0 
Seat 3: aidant171717
Seat 4: coeeeelho
Seat 1: Xenicide (big blind) folded before Flop
Seat 2: vladalbert collected ($2.50)
Seat 5: Palacios777 (button) folded before Flop (didn't bet)
Seat 6: Diamondplaces (small blind) folded before Flop



PokerStars Hand #254337741825:  Hold'em No Limit ($0.50/$1.00 USD) - 2025/01/12 20:11:08 WET [2025/01/12 15:11:08 ET]
Table 'Lexell III' 6-max Seat #6 is the button
Seat 3: aidant171717 ($52.74 in chips) is sitting out
Seat 4: coeeeelho ($131.11 in chips) is sitting out
Seat 1: Xenicide ($100 in chips) 
Seat 2: vladalbert ($26.68 in chips) 
Seat 5: Palacios777 ($103 in chips) 
Seat 6: Diamondplaces ($16.15 in chips) 
Xenicide: posts small blind $0.50
vladalbert: posts big blind $1
aidant171717: sits out 
*** HOLE CARDS ***
Palacios777: folds 
Diamondplaces: folds 
Xenicide: raises $2.50 to $3.50
vladalbert: calls $2.50
*** FLOP *** [Ah 2d 4c]
Xenicide: checks 
vladalbert: checks 
*** TURN *** [Ah 2d 4c] [2s]
Xenicide: bets $2.06
vladalbert: folds 
Uncalled bet ($2.06) returned to Xenicide
Xenicide collected $6.65 from pot
*** SUMMARY ***
Total pot $7 | Rake $0.35 
Board [Ah 2d 4c 2s]
Seat 3: aidant171717
Seat 4: coeeeelho
Seat 1: Xenicide (small blind) collected ($6.65)
Seat 2: vladalbert (big blind) folded on the Turn
Seat 5: Palacios777 folded before Flop (didn't bet)
Seat 6: Diamondplaces (button) folded before Flop (didn't bet)



PokerStars Hand #254337764524:  Hold'em No Limit ($0.50/$1.00 USD) - 2025/01/12 20:12:04 WET [2025/01/12 15:12:04 ET]
Table 'Lexell III' 6-max Seat #1 is the button
Seat 4: coeeeelho ($131.11 in chips) is sitting out
Seat 1: Xenicide ($103.15 in chips) 
Seat 2: vladalbert ($23.18 in chips) 
Seat 3: aidant171717 ($52.74 in chips) 
Seat 5: Palacios777 ($103 in chips) 
Seat 6: Diamondplaces ($16.15 in chips) 
vladalbert: posts small blind $0.50
aidant171717: posts big blind $1
coeeeelho: sits out 
*** HOLE CARDS ***
Palacios777: folds 
Diamondplaces: folds 
Xenicide: raises $1.25 to $2.25
vladalbert: calls $1.75
aidant171717: calls $1.25
*** FLOP *** [7c 2c 6h]
vladalbert: checks 
aidant171717: checks 
Xenicide: checks 
*** TURN *** [7c 2c 6h] [8h]
vladalbert: bets $4.21
aidant171717: folds 
Xenicide: folds 
Uncalled bet ($4.21) returned to vladalbert
vladalbert collected $6.41 from pot
*** SUMMARY ***
Total pot $6.75 | Rake $0.34 
Board [7c 2c 6h 8h]
Seat 4: coeeeelho
Seat 1: Xenicide (button) folded on the Turn
Seat 2: vladalbert (small blind) collected ($6.41)
Seat 3: aidant171717 (big blind) folded on the Turn
Seat 5: Palacios777 folded before Flop (didn't bet)
Seat 6: Diamondplaces folded before Flop (didn't bet)



PokerStars Hand #254337788214:  Hold'em No Limit ($0.50/$1.00 USD) - 2025/01/12 20:13:01 WET [2025/01/12 15:13:01 ET]
Table 'Lexell III' 6-max Seat #2 is the button
Seat 1: Xenicide ($100.90 in chips) 
Seat 2: vladalbert ($27.34 in chips) 
Seat 3: aidant171717 ($50.49 in chips) 
Seat 4: coeeeelho ($131.11 in chips) 
Seat 5: Palacios777 ($103 in chips) 
Seat 6: Diamondplaces ($16.15 in chips) 
aidant171717: posts small blind $0.50
coeeeelho: posts big blind $1
*** HOLE CARDS ***
Palacios777: raises $1.20 to $2.20
Diamondplaces: calls $2.20
Xenicide: folds 
vladalbert: folds 
aidant171717: calls $1.70
coeeeelho: folds 
*** FLOP *** [9d Td Qc]
aidant171717: checks 
Palacios777: checks 
Diamondplaces: bets $3.61
aidant171717: calls $3.61
Palacios777: folds 
*** TURN *** [9d Td Qc] [Kd]
aidant171717: checks 
Diamondplaces: bets $7.04
aidant171717: raises $37.64 to $44.68 and is all-in
Diamondplaces: calls $3.30 and is all-in
Uncalled bet ($34.34) returned to aidant171717
*** RIVER *** [9d Td Qc Kd] [Jd]
*** SHOW DOWN ***
aidant171717: shows [As Js] (a straight, Ten to Ace)
Diamondplaces: shows [Ks Jh] (a straight, Nine to King)
aidant171717 cashed out the hand for $31.93 | Cash Out Fee $0.65
Diamondplaces cashed out the hand for $1.12 | Cash Out Fee $0.02
*** SUMMARY ***
Total pot $35.50 | Rake $1.78 
Board [9d Td Qc Kd Jd]
Seat 1: Xenicide folded before Flop (didn't bet)
Seat 2: vladalbert (button) folded before Flop (didn't bet)
Seat 3: aidant171717 (small blind) showed [As Js] and won ($33.72) with a straight, Ten to Ace (pot not awarded as player cashed out)
Seat 4: coeeeelho (big blind) folded before Flop
Seat 5: Palacios777 folded on the Flop
Seat 6: Diamondplaces showed [Ks Jh] and lost with a straight, Nine to King (cashed out).



PokerStars Hand #254337828172:  Hold'em No Limit ($0.50/$1.00 USD) - 2025/01/12 20:14:39 WET [2025/01/12 15:14:39 ET]
Table 'Lexell III' 6-max Seat #3 is the button
Seat 1: Xenicide ($100.90 in chips) 
Seat 2: vladalbert ($27.34 in chips) 
Seat 3: aidant171717 ($66.27 in chips) 
Seat 4: coeeeelho ($130.11 in chips) 
Seat 5: Palacios777 ($100.80 in chips) 
Seat 6: Diamondplaces ($1.12 in chips) 
coeeeelho: posts small blind $0.50
Palacios777: posts big blind $1
*** HOLE CARDS ***
Diamondplaces: raises $0.12 to $1.12 and is all-in
Xenicide: folds 
vladalbert: calls $1.12
aidant171717: calls $1.12
coeeeelho: calls $0.62
Palacios777: folds 
*** FLOP *** [9d Th Ac]
coeeeelho: checks 
vladalbert: bets $2
aidant171717: folds 
coeeeelho: folds 
Uncalled bet ($2) returned to vladalbert
vladalbert has timed out
*** TURN *** [9d Th Ac] [Td]
*** RIVER *** [9d Th Ac Td] [Qc]
*** SHOW DOWN ***
Diamondplaces: shows [5c 7d] (a pair of Tens)
vladalbert: shows [8s Ts] (three of a kind, Tens)
vladalbert collected $5.21 from pot
*** SUMMARY ***
Total pot $5.48 | Rake $0.27 
Board [9d Th Ac Td Qc]
Seat 1: Xenicide folded before Flop (didn't bet)
Seat 2: vladalbert showed [8s Ts] and won ($5.21) with three of a kind, Tens
Seat 3: aidant171717 (button) folded on the Flop
Seat 4: coeeeelho (small blind) folded on the Flop
Seat 5: Palacios777 (big blind) folded before Flop
Seat 6: Diamondplaces showed [5c 7d] and lost with a pair of Tens



PokerStars Hand #254337851591:  Hold'em No Limit ($0.50/$1.00 USD) - 2025/01/12 20:15:37 WET [2025/01/12 15:15:37 ET]
Table 'Lexell III' 6-max Seat #4 is the button
Seat 6: Diamondplaces ($0 in chips) is sitting out
Seat 1: Xenicide ($100.90 in chips) 
Seat 2: vladalbert ($31.43 in chips) 
Seat 3: aidant171717 ($65.15 in chips) 
Seat 4: coeeeelho ($128.99 in chips) 
Seat 5: Palacios777 ($100 in chips) 
Palacios777: posts small blind $0.50
Xenicide: posts big blind $1
*** HOLE CARDS ***
vladalbert: folds 
Diamondplaces leaves the table
aidant171717: calls $1
coeeeelho: folds 
Palacios777: folds 
ptolejmus joins the table at seat #6 
Xenicide: checks 
*** FLOP *** [Jh 2d 4d]
Xenicide: checks 
aidant171717: bets $1.19
Xenicide: calls $1.19
*** TURN *** [Jh 2d 4d] [Js]
Xenicide: bets $1.44
aidant171717: calls $1.44
*** RIVER *** [Jh 2d 4d Js] [7d]
Xenicide: checks 
aidant171717: bets $5.69
Xenicide: calls $5.69
*** SHOW DOWN ***
aidant171717: shows [Ad 3d] (a flush, Ace high)
Xenicide: mucks hand 
aidant171717 collected $18.18 from pot
*** SUMMARY ***
Total pot $19.14 | Rake $0.96 
Board [Jh 2d 4d Js 7d]
Seat 6: Diamondplaces
Seat 1: Xenicide (big blind) mucked
Seat 2: vladalbert folded before Flop (didn't bet)
Seat 3: aidant171717 showed [Ad 3d] and won ($18.18) with a flush, Ace high
Seat 4: coeeeelho (button) folded before Flop (didn't bet)
Seat 5: Palacios777 (small blind) folded before Flop



PokerStars Hand #254337896747:  Hold'em No Limit ($0.50/$1.00 USD) - 2025/01/12 20:17:28 WET [2025/01/12 15:17:28 ET]
Table 'Lexell III' 6-max Seat #5 is the button
Seat 6: ptolejmus ($10 in chips) is sitting out
Seat 1: Xenicide ($100 in chips) 
Seat 2: vladalbert ($31.43 in chips) 
Seat 3: aidant171717 ($74.01 in chips) 
Seat 4: coeeeelho ($128.99 in chips) 
Seat 5: Palacios777 ($100 in chips) 
Xenicide: posts small blind $0.50
vladalbert: posts big blind $1
*** HOLE CARDS ***
aidant171717: folds 
coeeeelho: folds 
Palacios777: raises $1.50 to $2.50
Xenicide: folds 
vladalbert: folds 
Uncalled bet ($1.50) returned to Palacios777
Palacios777 collected $2.50 from pot
Palacios777: doesn't show hand 
*** SUMMARY ***
Total pot $2.50 | Rake $0 
Seat 6: ptolejmus
Seat 1: Xenicide (small blind) folded before Flop
Seat 2: vladalbert (big blind) folded before Flop
Seat 3: aidant171717 folded before Flop (didn't bet)
Seat 4: coeeeelho folded before Flop (didn't bet)
Seat 5: Palacios777 (button) collected ($2.50)



PokerStars Hand #254337904872:  Hold'em No Limit ($0.50/$1.00 USD) - 2025/01/12 20:17:48 WET [2025/01/12 15:17:48 ET]
Table 'Lexell III' 6-max Seat #1 is the button
Seat 6: ptolejmus ($10 in chips) is sitting out
Seat 1: Xenicide ($100 in chips) 
Seat 2: vladalbert ($30.43 in chips) 
Seat 3: aidant171717 ($74.01 in chips) 
Seat 4: coeeeelho ($128.99 in chips) 
Seat 5: Palacios777 ($101.50 in chips) 
vladalbert: posts small blind $0.50
aidant171717: posts big blind $1
ptolejmus: sits out 
*** HOLE CARDS ***
coeeeelho: raises $1.20 to $2.20
Palacios777: folds 
Xenicide: folds 
vladalbert: calls $1.70
aidant171717: calls $1.20
*** FLOP *** [4s Js 7s]
vladalbert: checks 
aidant171717: checks 
coeeeelho: bets $1.57
vladalbert: calls $1.57
aidant171717: calls $1.57
*** TURN *** [4s Js 7s] [7d]
vladalbert: checks 
aidant171717: checks 
coeeeelho: checks 
*** RIVER *** [4s Js 7s 7d] [9h]
vladalbert: bets $11.74
aidant171717: calls $11.74
coeeeelho: folds 
*** SHOW DOWN ***
vladalbert: shows [4d 4c] (a full house, Fours full of Sevens)
aidant171717: mucks hand 
vladalbert collected $33.05 from pot
*** SUMMARY ***
Total pot $34.79 | Rake $1.74 
Board [4s Js 7s 7d 9h]
Seat 6: ptolejmus
Seat 1: Xenicide (button) folded before Flop (didn't bet)
Seat 2: vladalbert (small blind) showed [4d 4c] and won ($33.05) with a full house, Fours full of Sevens
Seat 3: aidant171717 (big blind) mucked
Seat 4: coeeeelho folded on the River
Seat 5: Palacios777 folded before Flop (didn't bet)



PokerStars Hand #254337937936:  Hold'em No Limit ($0.50/$1.00 USD) - 2025/01/12 20:19:10 WET [2025/01/12 15:19:10 ET]
Table 'Lexell III' 6-max Seat #2 is the button
Seat 4: coeeeelho ($125.22 in chips) is sitting out
Seat 6: ptolejmus ($10 in chips) is sitting out
Seat 1: Xenicide ($100 in chips) 
Seat 2: vladalbert ($47.97 in chips) 
Seat 3: aidant171717 ($58.50 in chips) 
Seat 5: Palacios777 ($101.50 in chips) 
aidant171717: posts small blind $0.50
coeeeelho: is sitting out 
Palacios777: posts big blind $1
ptolejmus: sits out 
*** HOLE CARDS ***
Xenicide: raises $1 to $2
vladalbert: calls $2
aidant171717: folds 
Palacios777: folds 
*** FLOP *** [3h 7s Ks]
Xenicide: checks 
vladalbert: bets $2.61
Xenicide: calls $2.61
*** TURN *** [3h 7s Ks] [7d]
Xenicide: bets $3.16
vladalbert: calls $3.16
*** RIVER *** [3h 7s Ks 7d] [Qs]
Xenicide: checks 
vladalbert: bets $12.19
Xenicide: folds 
Uncalled bet ($12.19) returned to vladalbert
vladalbert collected $16.19 from pot
*** SUMMARY ***
Total pot $17.04 | Rake $0.85 
Board [3h 7s Ks 7d Qs]
Seat 4: coeeeelho
Seat 6: ptolejmus
Seat 1: Xenicide folded on the River
Seat 2: vladalbert (button) collected ($16.19)
Seat 3: aidant171717 (small blind) folded before Flop
Seat 5: Palacios777 (big blind) folded before Flop



PokerStars Hand #254337976759:  Hold'em No Limit ($0.50/$1.00 USD) - 2025/01/12 20:20:46 WET [2025/01/12 15:20:46 ET]
Table 'Lexell III' 6-max Seat #3 is the button
Seat 4: coeeeelho ($125.22 in chips) is sitting out
Seat 6: ptolejmus ($10 in chips) is sitting out
Seat 1: Xenicide ($100 in chips) 
Seat 2: vladalbert ($56.39 in chips) 
Seat 3: aidant171717 ($58 in chips) 
Seat 5: Palacios777 ($100.50 in chips) 
Palacios777: posts small blind $0.50
Xenicide: posts big blind $1
*** HOLE CARDS ***
vladalbert: calls $1
aidant171717: folds 
Palacios777: folds 
Xenicide: checks 
*** FLOP *** [Qh 8s Jc]
Xenicide: checks 
vladalbert: checks 
*** TURN *** [Qh 8s Jc] [Tc]
Xenicide: checks 
vladalbert: bets $2.38
Xenicide: folds 
Uncalled bet ($2.38) returned to vladalbert
vladalbert collected $2.38 from pot
*** SUMMARY ***
Total pot $2.50 | Rake $0.12 
Board [Qh 8s Jc Tc]
Seat 4: coeeeelho
Seat 6: ptolejmus
Seat 1: Xenicide (big blind) folded on the Turn
Seat 2: vladalbert collected ($2.38)
Seat 3: aidant171717 (button) folded before Flop (didn't bet)
Seat 5: Palacios777 (small blind) folded before Flop



PokerStars Hand #254337998887:  Hold'em No Limit ($0.50/$1.00 USD) - 2025/01/12 20:21:41 WET [2025/01/12 15:21:41 ET]
Table 'Lexell III' 6-max Seat #5 is the button
Seat 4: coeeeelho ($125.22 in chips) is sitting out
Seat 6: ptolejmus ($10 in chips) is sitting out
Seat 1: Xenicide ($100 in chips) 
Seat 2: vladalbert ($57.77 in chips) 
Seat 3: aidant171717 ($58 in chips) 
Seat 5: Palacios777 ($100 in chips) 
Xenicide: posts small blind $0.50
vladalbert: posts big blind $1
*** HOLE CARDS ***
aidant171717: raises $1.70 to $2.70
Palacios777: calls $2.70
Xenicide: folds 
vladalbert: calls $1.70
*** FLOP *** [Ts 8s Qh]
vladalbert: checks 
aidant171717: bets $4.09
Palacios777: folds 
vladalbert: folds 
Uncalled bet ($4.09) returned to aidant171717
aidant171717 collected $8.17 from pot
*** SUMMARY ***
Total pot $8.60 | Rake $0.43 
Board [Ts 8s Qh]
Seat 4: coeeeelho
Seat 6: ptolejmus
Seat 1: Xenicide (small blind) folded before Flop
Seat 2: vladalbert (big blind) folded on the Flop
Seat 3: aidant171717 collected ($8.17)
Seat 5: Palacios777 (button) folded on the Flop



PokerStars Hand #254338018728:  Hold'em No Limit ($0.50/$1.00 USD) - 2025/01/12 20:22:30 WET [2025/01/12 15:22:30 ET]
Table 'Lexell III' 6-max Seat #1 is the button
Seat 4: coeeeelho ($125.22 in chips) is sitting out
Seat 6: ptolejmus ($10 in chips) is sitting out
Seat 1: Xenicide ($100 in chips) 
Seat 2: vladalbert ($55.07 in chips) 
Seat 3: aidant171717 ($63.47 in chips) 
Seat 5: Palacios777 ($100 in chips) 
vladalbert: posts small blind $0.50
aidant171717: posts big blind $1
*** HOLE CARDS ***
Palacios777: raises $1.20 to $2.20
Xenicide: folds 
vladalbert: folds 
aidant171717: folds 
Uncalled bet ($1.20) returned to Palacios777
Palacios777 collected $2.50 from pot
Palacios777: doesn't show hand 
*** SUMMARY ***
Total pot $2.50 | Rake $0 
Seat 4: coeeeelho
Seat 6: ptolejmus
Seat 1: Xenicide (button) folded before Flop (didn't bet)
Seat 2: vladalbert (small blind) folded before Flop
Seat 3: aidant171717 (big blind) folded before Flop
Seat 5: Palacios777 collected ($2.50)



PokerStars Hand #254338024751:  Hold'em No Limit ($0.50/$1.00 USD) - 2025/01/12 20:22:45 WET [2025/01/12 15:22:45 ET]
Table 'Lexell III' 6-max Seat #2 is the button
Seat 4: coeeeelho ($125.22 in chips) is sitting out
Seat 6: ptolejmus ($10 in chips) is sitting out
Seat 1: Xenicide ($100 in chips) 
Seat 2: vladalbert ($54.57 in chips) 
Seat 3: aidant171717 ($62.47 in chips) 
Seat 5: Palacios777 ($101.50 in chips) 
aidant171717: posts small blind $0.50
Palacios777: posts big blind $1
*** HOLE CARDS ***
Xenicide: raises $1 to $2
vladalbert: calls $2
aidant171717: folds 
Palacios777: raises $12.50 to $14.50
Xenicide: raises $85.50 to $100 and is all-in
vladalbert: folds 
Palacios777: calls $85.50
*** FLOP *** [2d Js 8d]
*** TURN *** [2d Js 8d] [3d]
*** RIVER *** [2d Js 8d 3d] [5d]
*** SHOW DOWN ***
Palacios777: shows [As Ah] (a pair of Aces)
Xenicide: shows [Ac Ks] (high card Ace)
Palacios777 collected $201.50 from pot
*** SUMMARY ***
Total pot $202.50 | Rake $1 
Board [2d Js 8d 3d 5d]
Seat 4: coeeeelho
Seat 6: ptolejmus
Seat 1: Xenicide showed [Ac Ks] and lost with high card Ace
Seat 2: vladalbert (button) folded before Flop
Seat 3: aidant171717 (small blind) folded before Flop
Seat 5: Palacios777 (big blind) showed [As Ah] and won ($201.50) with a pair of Aces



PokerStars Hand #254338046891:  Hold'em No Limit ($0.50/$1.00 USD) - 2025/01/12 20:23:40 WET [2025/01/12 15:23:40 ET]
Table 'Lexell III' 6-max Seat #3 is the button
Seat 4: coeeeelho ($125.22 in chips) is sitting out
Seat 6: ptolejmus ($10 in chips) is sitting out
Seat 1: Xenicide ($100 in chips) 
Seat 2: vladalbert ($52.57 in chips) 
Seat 3: aidant171717 ($61.97 in chips) 
Seat 5: Palacios777 ($203 in chips) 
Palacios777: posts small blind $0.50
Xenicide: posts big blind $1
*** HOLE CARDS ***
vladalbert: folds 
aidant171717: raises $1.70 to $2.70
Palacios777: folds 
Xenicide: folds 
Uncalled bet ($1.70) returned to aidant171717
aidant171717 collected $2.50 from pot
*** SUMMARY ***
Total pot $2.50 | Rake $0 
Seat 4: coeeeelho
Seat 6: ptolejmus
Seat 1: Xenicide (big blind) folded before Flop
Seat 2: vladalbert folded before Flop (didn't bet)
Seat 3: aidant171717 (button) collected ($2.50)
Seat 5: Palacios777 (small blind) folded before Flop



PokerStars Hand #254338052744:  Hold'em No Limit ($0.50/$1.00 USD) - 2025/01/12 20:23:55 WET [2025/01/12 15:23:55 ET]
Table 'Lexell III' 6-max Seat #5 is the button
Seat 4: coeeeelho ($125.22 in chips) is sitting out
Seat 6: ptolejmus ($10 in chips) is sitting out
Seat 1: Xenicide ($100 in chips) 
Seat 2: vladalbert ($52.57 in chips) 
Seat 3: aidant171717 ($63.47 in chips) 
Seat 5: Palacios777 ($202.50 in chips) 
Xenicide: posts small blind $0.50
vladalbert: posts big blind $1
*** HOLE CARDS ***
aidant171717: folds 
Palacios777: folds 
Xenicide: folds 
Uncalled bet ($0.50) returned to vladalbert
vladalbert collected $1 from pot
*** SUMMARY ***
Total pot $1 | Rake $0 
Seat 4: coeeeelho
Seat 6: ptolejmus
Seat 1: Xenicide (small blind) folded before Flop
Seat 2: vladalbert (big blind) collected ($1)
Seat 3: aidant171717 folded before Flop (didn't bet)
Seat 5: Palacios777 (button) folded before Flop (didn't bet)



PokerStars Hand #254338060716:  Hold'em No Limit ($0.50/$1.00 USD) - 2025/01/12 20:24:15 WET [2025/01/12 15:24:15 ET]
Table 'Lexell III' 6-max Seat #1 is the button
Seat 4: coeeeelho ($125.22 in chips) is sitting out
Seat 6: ptolejmus ($10 in chips) is sitting out
Seat 1: Xenicide ($100 in chips) 
Seat 2: vladalbert ($53.07 in chips) 
Seat 3: aidant171717 ($63.47 in chips) 
Seat 5: Palacios777 ($202.50 in chips) 
vladalbert: posts small blind $0.50
aidant171717: posts big blind $1
*** HOLE CARDS ***
Palacios777: folds 
Xenicide: folds 
vladalbert: folds 
Uncalled bet ($0.50) returned to aidant171717
aidant171717 collected $1 from pot
*** SUMMARY ***
Total pot $1 | Rake $0 
Seat 4: coeeeelho
Seat 6: ptolejmus
Seat 1: Xenicide (button) folded before Flop (didn't bet)
Seat 2: vladalbert (small blind) folded before Flop
Seat 3: aidant171717 (big blind) collected ($1)
Seat 5: Palacios777 folded before Flop (didn't bet)



PokerStars Hand #254338064995:  Hold'em No Limit ($0.50/$1.00 USD) - 2025/01/12 20:24:26 WET [2025/01/12 15:24:26 ET]
Table 'Lexell III' 6-max Seat #2 is the button
Seat 4: coeeeelho ($125.22 in chips) is sitting out
Seat 6: ptolejmus ($10 in chips) is sitting out
Seat 1: Xenicide ($100 in chips) 
Seat 2: vladalbert ($52.57 in chips) 
Seat 3: aidant171717 ($63.97 in chips) 
Seat 5: Palacios777 ($202.50 in chips) 
aidant171717: posts small blind $0.50
Palacios777: posts big blind $1
*** HOLE CARDS ***
Xenicide: folds 
vladalbert: raises $1 to $2
aidant171717: folds 
Palacios777: folds 
Uncalled bet ($1) returned to vladalbert
vladalbert collected $2.50 from pot
*** SUMMARY ***
Total pot $2.50 | Rake $0 
Seat 4: coeeeelho
Seat 6: ptolejmus
Seat 1: Xenicide folded before Flop (didn't bet)
Seat 2: vladalbert (button) collected ($2.50)
Seat 3: aidant171717 (small blind) folded before Flop
Seat 5: Palacios777 (big blind) folded before Flop



PokerStars Hand #254338072551:  Hold'em No Limit ($0.50/$1.00 USD) - 2025/01/12 20:24:44 WET [2025/01/12 15:24:44 ET]
Table 'Lexell III' 6-max Seat #3 is the button
Seat 4: coeeeelho ($125.22 in chips) is sitting out
Seat 6: ptolejmus ($10 in chips) is sitting out
Seat 1: Xenicide ($100 in chips) 
Seat 2: vladalbert ($54.07 in chips) 
Seat 3: aidant171717 ($63.47 in chips) 
Seat 5: Palacios777 ($201.50 in chips) 
Palacios777: posts small blind $0.50
Xenicide: posts big blind $1
*** HOLE CARDS ***
vladalbert: raises $1 to $2
aidant171717: calls $2
Palacios777: folds 
Xenicide: folds 
*** FLOP *** [7d 6h Ts]
vladalbert: bets $5.22
aidant171717: folds 
Uncalled bet ($5.22) returned to vladalbert
vladalbert collected $5.22 from pot
ptolejmus leaves the table
*** SUMMARY ***
Total pot $5.50 | Rake $0.28 
Board [7d 6h Ts]
Seat 4: coeeeelho
Seat 6: ptolejmus
Seat 1: Xenicide (big blind) folded before Flop
Seat 2: vladalbert collected ($5.22)
Seat 3: aidant171717 (button) folded on the Flop
Seat 5: Palacios777 (small blind) folded before Flop



PokerStars Hand #254338086663:  Hold'em No Limit ($0.50/$1.00 USD) - 2025/01/12 20:25:19 WET [2025/01/12 15:25:19 ET]
Table 'Lexell III' 6-max Seat #5 is the button
Seat 4: coeeeelho ($125.22 in chips) is sitting out
Seat 1: Xenicide ($100 in chips) 
Seat 2: vladalbert ($57.29 in chips) 
Seat 3: aidant171717 ($61.47 in chips) 
Seat 5: Palacios777 ($201 in chips) 
Xenicide: posts small blind $0.50
vladalbert: posts big blind $1
*** HOLE CARDS ***
aidant171717: raises $1.70 to $2.70
Palacios777: folds 
Xenicide: folds 
vladalbert: folds 
Uncalled bet ($1.70) returned to aidant171717
aidant171717 collected $2.50 from pot
*** SUMMARY ***
Total pot $2.50 | Rake $0 
Seat 4: coeeeelho
Seat 1: Xenicide (small blind) folded before Flop
Seat 2: vladalbert (big blind) folded before Flop
Seat 3: aidant171717 collected ($2.50)
Seat 5: Palacios777 (button) folded before Flop (didn't bet)



PokerStars Hand #254338093406:  Hold'em No Limit ($0.50/$1.00 USD) - 2025/01/12 20:25:36 WET [2025/01/12 15:25:36 ET]
Table 'Lexell III' 6-max Seat #1 is the button
Seat 4: coeeeelho ($125.22 in chips) is sitting out
Seat 1: Xenicide ($100 in chips) 
Seat 2: vladalbert ($56.29 in chips) 
Seat 3: aidant171717 ($62.97 in chips) 
Seat 5: Palacios777 ($201 in chips) 
vladalbert: posts small blind $0.50
aidant171717: posts big blind $1
*** HOLE CARDS ***
Palacios777: folds 
Xenicide: folds 
vladalbert: raises $1 to $2
aidant171717: calls $1
*** FLOP *** [2s 6h 2h]
TheBraveGirl joins the table at seat #6 
vladalbert: bets $3.90
aidant171717: folds 
Uncalled bet ($3.90) returned to vladalbert
vladalbert collected $3.80 from pot
*** SUMMARY ***
Total pot $4 | Rake $0.20 
Board [2s 6h 2h]
Seat 4: coeeeelho
Seat 1: Xenicide (button) folded before Flop (didn't bet)
Seat 2: vladalbert (small blind) collected ($3.80)
Seat 3: aidant171717 (big blind) folded on the Flop
Seat 5: Palacios777 folded before Flop (didn't bet)



PokerStars Hand #254338105684:  Hold'em No Limit ($0.50/$1.00 USD) - 2025/01/12 20:26:07 WET [2025/01/12 15:26:07 ET]
Table 'Lexell III' 6-max Seat #2 is the button
Seat 4: coeeeelho ($125.22 in chips) is sitting out
Seat 6: TheBraveGirl ($100 in chips) is sitting out
Seat 1: Xenicide ($100 in chips) 
Seat 2: vladalbert ($58.09 in chips) 
Seat 3: aidant171717 ($60.97 in chips) 
Seat 5: Palacios777 ($201 in chips) 
aidant171717: posts small blind $0.50
Palacios777: posts big blind $1
TheBraveGirl: sits out 
*** HOLE CARDS ***
Xenicide: raises $1 to $2
vladalbert: calls $2
aidant171717: folds 
Palacios777: folds 
*** FLOP *** [6s Ks Qs]
Xenicide: checks 
vladalbert: checks 
*** TURN *** [6s Ks Qs] [Jh]
Xenicide: bets $2.61
vladalbert: folds 
Uncalled bet ($2.61) returned to Xenicide
Xenicide collected $5.22 from pot
coeeeelho leaves the table
*** SUMMARY ***
Total pot $5.50 | Rake $0.28 
Board [6s Ks Qs Jh]
Seat 4: coeeeelho
Seat 6: TheBraveGirl
Seat 1: Xenicide collected ($5.22)
Seat 2: vladalbert (button) folded on the Turn
Seat 3: aidant171717 (small blind) folded before Flop
Seat 5: Palacios777 (big blind) folded before Flop



PokerStars Hand #254338121118:  Hold'em No Limit ($0.50/$1.00 USD) - 2025/01/12 20:26:46 WET [2025/01/12 15:26:46 ET]
Table 'Lexell III' 6-max Seat #3 is the button
Seat 1: Xenicide ($103.22 in chips) 
Seat 2: vladalbert ($56.09 in chips) 
Seat 3: aidant171717 ($60.47 in chips) 
Seat 5: Palacios777 ($200 in chips) 
Seat 6: TheBraveGirl ($100 in chips) 
Palacios777: posts small blind $0.50
TheBraveGirl: posts big blind $1
*** HOLE CARDS ***
Xenicide: folds 
vladalbert: raises $2 to $3
aidant171717: folds 
Palacios777: folds 
TheBraveGirl: calls $2
*** FLOP *** [5d 9s Th]
TheBraveGirl: checks 
vladalbert: bets $4.09
TheBraveGirl: calls $4.09
*** TURN *** [5d 9s Th] [Ah]
gohome78 joins the table at seat #4 
TheBraveGirl: checks 
vladalbert: bets $8.98
TheBraveGirl: calls $8.98
*** RIVER *** [5d 9s Th Ah] [8d]
TheBraveGirl: checks 
vladalbert: checks 
*** SHOW DOWN ***
TheBraveGirl: shows [9h Qh] (a pair of Nines)
vladalbert: shows [5s Ad] (two pair, Aces and Fives)
vladalbert collected $31.01 from pot
*** SUMMARY ***
Total pot $32.64 | Rake $1.63 
Board [5d 9s Th Ah 8d]
Seat 1: Xenicide folded before Flop (didn't bet)
Seat 2: vladalbert showed [5s Ad] and won ($31.01) with two pair, Aces and Fives
Seat 3: aidant171717 (button) folded before Flop (didn't bet)
Seat 5: Palacios777 (small blind) folded before Flop
Seat 6: TheBraveGirl (big blind) showed [9h Qh] and lost with a pair of Nines



PokerStars Hand #254338140485:  Hold'em No Limit ($0.50/$1.00 USD) - 2025/01/12 20:27:34 WET [2025/01/12 15:27:34 ET]
Table 'Lexell III' 6-max Seat #5 is the button
Seat 4: gohome78 ($10 in chips) is sitting out
Seat 1: Xenicide ($103.22 in chips) 
Seat 2: vladalbert ($71.03 in chips) 
Seat 3: aidant171717 ($60.47 in chips) 
Seat 5: Palacios777 ($199.50 in chips) 
Seat 6: TheBraveGirl ($100 in chips) 
TheBraveGirl: posts small blind $0.50
Xenicide: posts big blind $1
gohome78: sits out 
*** HOLE CARDS ***
vladalbert: folds 
vladalbert leaves the table
aidant171717: folds 
Palacios777: folds 
TheBraveGirl: folds 
Uncalled bet ($0.50) returned to Xenicide
Xenicide collected $1 from pot
*** SUMMARY ***
Total pot $1 | Rake $0 
Seat 4: gohome78
Seat 1: Xenicide (big blind) collected ($1)
Seat 2: vladalbert folded before Flop (didn't bet)
Seat 3: aidant171717 folded before Flop (didn't bet)
Seat 5: Palacios777 (button) folded before Flop (didn't bet)
Seat 6: TheBraveGirl (small blind) folded before Flop



PokerStars Hand #254338149289:  Hold'em No Limit ($0.50/$1.00 USD) - 2025/01/12 20:27:57 WET [2025/01/12 15:27:57 ET]
Table 'Lexell III' 6-max Seat #6 is the button
Seat 4: gohome78 ($10 in chips) is sitting out
Seat 1: Xenicide ($103.72 in chips) 
Seat 3: aidant171717 ($60.47 in chips) 
Seat 5: Palacios777 ($199.50 in chips) 
Seat 6: TheBraveGirl ($100 in chips) 
Xenicide: posts small blind $0.50
aidant171717: posts big blind $1
gohome78: sits out 
*** HOLE CARDS ***
Palacios777: folds 
TheBraveGirl: raises $1 to $2
Xenicide: folds 
boyabouttown joins the table at seat #2 
boyabouttown is disconnected 
aidant171717: calls $1
*** FLOP *** [Ac 4d 4h]
aidant171717: checks 
TheBraveGirl: bets $1.20
aidant171717: raises $2.20 to $3.40
TheBraveGirl: calls $2.20
*** TURN *** [Ac 4d 4h] [Qh]
aidant171717: bets $4.37
TheBraveGirl: raises $9.74 to $14.11
aidant171717: folds 
Uncalled bet ($9.74) returned to TheBraveGirl
TheBraveGirl collected $19.04 from pot
TheBraveGirl: doesn't show hand 
*** SUMMARY ***
Total pot $20.04 | Rake $1 
Board [Ac 4d 4h Qh]
Seat 4: gohome78
Seat 1: Xenicide (small blind) folded before Flop
Seat 3: aidant171717 (big blind) folded on the Turn
Seat 5: Palacios777 folded before Flop (didn't bet)
Seat 6: TheBraveGirl (button) collected ($19.04)



PokerStars Hand #254338348445:  Hold'em No Limit ($0.50/$1.00 USD) - 2025/01/12 20:36:11 WET [2025/01/12 15:36:11 ET]
Table 'Lexell III' 6-max Seat #6 is the button
Seat 1: Xenicide ($104.72 in chips) 
Seat 2: boyabouttown ($59.38 in chips) 
Seat 3: aidant171717 ($54.41 in chips) 
Seat 4: gohome78 ($10.18 in chips) 
Seat 5: Palacios777 ($196.28 in chips) 
Seat 6: TheBraveGirl ($110.09 in chips) 
Xenicide: posts small blind $0.50
boyabouttown: posts big blind $1
*** HOLE CARDS ***
aidant171717: folds 
gohome78: folds 
Palacios777: folds 
TheBraveGirl: folds 
Xenicide: raises $2.50 to $3.50
boyabouttown: folds 
Uncalled bet ($2.50) returned to Xenicide
Xenicide collected $2 from pot
*** SUMMARY ***
Total pot $2 | Rake $0 
Seat 1: Xenicide (small blind) collected ($2)
Seat 2: boyabouttown (big blind) folded before Flop
Seat 3: aidant171717 folded before Flop (didn't bet)
Seat 4: gohome78 folded before Flop (didn't bet)
Seat 5: Palacios777 folded before Flop (didn't bet)
Seat 6: TheBraveGirl (button) folded before Flop (didn't bet)



PokerStars Hand #254338356622:  Hold'em No Limit ($0.50/$1.00 USD) - 2025/01/12 20:36:31 WET [2025/01/12 15:36:31 ET]
Table 'Lexell III' 6-max Seat #1 is the button
Seat 1: Xenicide ($105.72 in chips) 
Seat 2: boyabouttown ($58.38 in chips) 
Seat 3: aidant171717 ($54.41 in chips) 
Seat 4: gohome78 ($10.18 in chips) 
Seat 5: Palacios777 ($196.28 in chips) 
Seat 6: TheBraveGirl ($110.09 in chips) 
boyabouttown: posts small blind $0.50
aidant171717: posts big blind $1
*** HOLE CARDS ***
gohome78: folds 
Palacios777: folds 
TheBraveGirl: raises $1 to $2
Xenicide: folds 
boyabouttown: calls $1.50
aidant171717: raises $8 to $10
TheBraveGirl: folds 
boyabouttown: folds 
Uncalled bet ($8) returned to aidant171717
aidant171717 collected $6 from pot
*** SUMMARY ***
Total pot $6 | Rake $0 
Seat 1: Xenicide (button) folded before Flop (didn't bet)
Seat 2: boyabouttown (small blind) folded before Flop
Seat 3: aidant171717 (big blind) collected ($6)
Seat 4: gohome78 folded before Flop (didn't bet)
Seat 5: Palacios777 folded before Flop (didn't bet)
Seat 6: TheBraveGirl folded before Flop



PokerStars Hand #254338368209:  Hold'em No Limit ($0.50/$1.00 USD) - 2025/01/12 20:37:00 WET [2025/01/12 15:37:00 ET]
Table 'Lexell III' 6-max Seat #2 is the button
Seat 1: Xenicide ($105.72 in chips) 
Seat 2: boyabouttown ($56.38 in chips) 
Seat 3: aidant171717 ($58.41 in chips) 
Seat 4: gohome78 ($10.18 in chips) 
Seat 5: Palacios777 ($196.28 in chips) 
Seat 6: TheBraveGirl ($108.09 in chips) 
aidant171717: posts small blind $0.50
gohome78: posts big blind $1
*** HOLE CARDS ***
Palacios777: folds 
TheBraveGirl: folds 
Xenicide: folds 
boyabouttown: raises $3 to $4
aidant171717: raises $54.41 to $58.41 and is all-in
gohome78: folds 
boyabouttown: calls $52.38 and is all-in
Uncalled bet ($2.03) returned to aidant171717
*** FLOP *** [7s 3h 8c]
*** TURN *** [7s 3h 8c] [5h]
*** RIVER *** [7s 3h 8c 5h] [Qs]
*** SHOW DOWN ***
aidant171717: shows [Js Ad] (high card Ace)
boyabouttown: shows [Qh Kh] (a pair of Queens)
boyabouttown collected $111.26 from pot
aidant171717 cashed out the hand for $60.89 | Cash Out Fee $1.24
*** SUMMARY ***
Total pot $113.76 | Rake $2.50 
Board [7s 3h 8c 5h Qs]
Seat 1: Xenicide folded before Flop (didn't bet)
Seat 2: boyabouttown (button) showed [Qh Kh] and won ($111.26) with a pair of Queens
Seat 3: aidant171717 (small blind) showed [Js Ad] and lost with high card Ace (cashed out).
Seat 4: gohome78 (big blind) folded before Flop
Seat 5: Palacios777 folded before Flop (didn't bet)
Seat 6: TheBraveGirl folded before Flop (didn't bet)



PokerStars Hand #254338382805:  Hold'em No Limit ($0.50/$1.00 USD) - 2025/01/12 20:37:36 WET [2025/01/12 15:37:36 ET]
Table 'Lexell III' 6-max Seat #3 is the button
Seat 1: Xenicide ($105.72 in chips) 
Seat 2: boyabouttown ($111.26 in chips) 
Seat 3: aidant171717 ($62.92 in chips) 
Seat 4: gohome78 ($9.18 in chips) 
Seat 5: Palacios777 ($196.28 in chips) 
Seat 6: TheBraveGirl ($108.09 in chips) 
gohome78: posts small blind $0.50
Palacios777: posts big blind $1
*** HOLE CARDS ***
TheBraveGirl: folds 
Xenicide: folds 
boyabouttown: raises $3 to $4
aidant171717: folds 
gohome78: folds 
Palacios777: folds 
Uncalled bet ($3) returned to boyabouttown
boyabouttown collected $2.50 from pot
*** SUMMARY ***
Total pot $2.50 | Rake $0 
Seat 1: Xenicide folded before Flop (didn't bet)
Seat 2: boyabouttown collected ($2.50)
Seat 3: aidant171717 (button) folded before Flop (didn't bet)
Seat 4: gohome78 (small blind) folded before Flop
Seat 5: Palacios777 (big blind) folded before Flop
Seat 6: TheBraveGirl folded before Flop (didn't bet)



PokerStars Hand #254338390640:  Hold'em No Limit ($0.50/$1.00 USD) - 2025/01/12 20:37:56 WET [2025/01/12 15:37:56 ET]
Table 'Lexell III' 6-max Seat #4 is the button
Seat 1: Xenicide ($105.72 in chips) 
Seat 2: boyabouttown ($112.76 in chips) 
Seat 3: aidant171717 ($62.92 in chips) 
Seat 4: gohome78 ($8.68 in chips) 
Seat 5: Palacios777 ($195.28 in chips) 
Seat 6: TheBraveGirl ($108.09 in chips) 
Palacios777: posts small blind $0.50
TheBraveGirl: posts big blind $1
*** HOLE CARDS ***
Xenicide: folds 
boyabouttown: folds 
aidant171717: raises $1.70 to $2.70
gohome78: folds 
Palacios777: folds 
TheBraveGirl: calls $1.70
*** FLOP *** [Tc 4c 6s]
TheBraveGirl: checks 
aidant171717: checks 
*** TURN *** [Tc 4c 6s] [Ac]
TheBraveGirl: checks 
aidant171717: bets $2
TheBraveGirl: folds 
Uncalled bet ($2) returned to aidant171717
aidant171717 collected $5.60 from pot
*** SUMMARY ***
Total pot $5.90 | Rake $0.30 
Board [Tc 4c 6s Ac]
Seat 1: Xenicide folded before Flop (didn't bet)
Seat 2: boyabouttown folded before Flop (didn't bet)
Seat 3: aidant171717 collected ($5.60)
Seat 4: gohome78 (button) folded before Flop (didn't bet)
Seat 5: Palacios777 (small blind) folded before Flop
Seat 6: TheBraveGirl (big blind) folded on the Turn



PokerStars Hand #254338405828:  Hold'em No Limit ($0.50/$1.00 USD) - 2025/01/12 20:38:34 WET [2025/01/12 15:38:34 ET]
Table 'Lexell III' 6-max Seat #5 is the button
Seat 1: Xenicide ($105.72 in chips) 
Seat 2: boyabouttown ($112.76 in chips) 
Seat 3: aidant171717 ($65.82 in chips) 
Seat 4: gohome78 ($8.68 in chips) 
Seat 5: Palacios777 ($194.78 in chips) 
Seat 6: TheBraveGirl ($105.39 in chips) 
TheBraveGirl: posts small blind $0.50
Xenicide: posts big blind $1
*** HOLE CARDS ***
boyabouttown: folds 
aidant171717: folds 
gohome78: folds 
Palacios777: folds 
TheBraveGirl: folds 
Uncalled bet ($0.50) returned to Xenicide
Xenicide collected $1 from pot
*** SUMMARY ***
Total pot $1 | Rake $0 
Seat 1: Xenicide (big blind) collected ($1)
Seat 2: boyabouttown folded before Flop (didn't bet)
Seat 3: aidant171717 folded before Flop (didn't bet)
Seat 4: gohome78 folded before Flop (didn't bet)
Seat 5: Palacios777 (button) folded before Flop (didn't bet)
Seat 6: TheBraveGirl (small blind) folded before Flop



PokerStars Hand #254338415062:  Hold'em No Limit ($0.50/$1.00 USD) - 2025/01/12 20:38:57 WET [2025/01/12 15:38:57 ET]
Table 'Lexell III' 6-max Seat #6 is the button
Seat 1: Xenicide ($106.22 in chips) 
Seat 2: boyabouttown ($112.76 in chips) 
Seat 3: aidant171717 ($65.82 in chips) 
Seat 4: gohome78 ($8.68 in chips) 
Seat 5: Palacios777 ($194.78 in chips) 
Seat 6: TheBraveGirl ($104.89 in chips) 
Xenicide: posts small blind $0.50
boyabouttown: posts big blind $1
*** HOLE CARDS ***
aidant171717: calls $1
gohome78: folds 
Palacios777: folds 
TheBraveGirl: folds 
Xenicide: calls $0.50
boyabouttown: raises $3 to $4
aidant171717: calls $3
Xenicide: folds 
*** FLOP *** [4s Ac 8c]
boyabouttown: bets $4.28
aidant171717: raises $5.28 to $9.56
boyabouttown: calls $5.28
*** TURN *** [4s Ac 8c] [Ts]
boyabouttown: checks 
aidant171717: bets $15.36
boyabouttown: folds 
Uncalled bet ($15.36) returned to aidant171717
aidant171717 collected $26.71 from pot
*** SUMMARY ***
Total pot $28.12 | Rake $1.41 
Board [4s Ac 8c Ts]
Seat 1: Xenicide (small blind) folded before Flop
Seat 2: boyabouttown (big blind) folded on the Turn
Seat 3: aidant171717 collected ($26.71)
Seat 4: gohome78 folded before Flop (didn't bet)
Seat 5: Palacios777 folded before Flop (didn't bet)
Seat 6: TheBraveGirl (button) folded before Flop (didn't bet)



PokerStars Hand #254338437987:  Hold'em No Limit ($0.50/$1.00 USD) - 2025/01/12 20:39:54 WET [2025/01/12 15:39:54 ET]
Table 'Lexell III' 6-max Seat #1 is the button
Seat 1: Xenicide ($105.22 in chips) 
Seat 2: boyabouttown ($99.20 in chips) 
Seat 3: aidant171717 ($78.97 in chips) 
Seat 4: gohome78 ($8.68 in chips) 
Seat 5: Palacios777 ($194.78 in chips) 
Seat 6: TheBraveGirl ($104.89 in chips) 
boyabouttown: posts small blind $0.50
aidant171717: posts big blind $1
*** HOLE CARDS ***
gohome78 has timed out
gohome78: folds 
Palacios777: folds 
TheBraveGirl: folds 
Xenicide: folds 
boyabouttown: calls $0.50
aidant171717: checks 
*** FLOP *** [4s 3s Kh]
boyabouttown: bets $2.90
aidant171717: folds 
Uncalled bet ($2.90) returned to boyabouttown
boyabouttown collected $1.90 from pot
*** SUMMARY ***
Total pot $2 | Rake $0.10 
Board [4s 3s Kh]
Seat 1: Xenicide (button) folded before Flop (didn't bet)
Seat 2: boyabouttown (small blind) collected ($1.90)
Seat 3: aidant171717 (big blind) folded on the Flop
Seat 4: gohome78 folded before Flop (didn't bet)
Seat 5: Palacios777 folded before Flop (didn't bet)
Seat 6: TheBraveGirl folded before Flop (didn't bet)



PokerStars Hand #254338454776:  Hold'em No Limit ($0.50/$1.00 USD) - 2025/01/12 20:40:37 WET [2025/01/12 15:40:37 ET]
Table 'Lexell III' 6-max Seat #2 is the button
Seat 1: Xenicide ($105.22 in chips) 
Seat 2: boyabouttown ($100.10 in chips) 
Seat 3: aidant171717 ($77.97 in chips) 
Seat 4: gohome78 ($8.68 in chips) 
Seat 5: Palacios777 ($194.78 in chips) 
Seat 6: TheBraveGirl ($104.89 in chips) 
aidant171717: posts small blind $0.50
gohome78: posts big blind $1
*** HOLE CARDS ***
Palacios777: folds 
TheBraveGirl: raises $1 to $2
Xenicide: folds 
boyabouttown: calls $2
aidant171717: raises $8 to $10
gohome78: folds 
TheBraveGirl: folds 
boyabouttown: folds 
Uncalled bet ($8) returned to aidant171717
aidant171717 collected $7 from pot
*** SUMMARY ***
Total pot $7 | Rake $0 
Seat 1: Xenicide folded before Flop (didn't bet)
Seat 2: boyabouttown (button) folded before Flop
Seat 3: aidant171717 (small blind) collected ($7)
Seat 4: gohome78 (big blind) folded before Flop
Seat 5: Palacios777 folded before Flop (didn't bet)
Seat 6: TheBraveGirl folded before Flop



PokerStars Hand #254338469383:  Hold'em No Limit ($0.50/$1.00 USD) - 2025/01/12 20:41:13 WET [2025/01/12 15:41:13 ET]
Table 'Lexell III' 6-max Seat #3 is the button
Seat 1: Xenicide ($105.22 in chips) 
Seat 2: boyabouttown ($98.10 in chips) 
Seat 3: aidant171717 ($82.97 in chips) 
Seat 4: gohome78 ($7.68 in chips) 
Seat 5: Palacios777 ($194.78 in chips) 
Seat 6: TheBraveGirl ($102.89 in chips) 
gohome78: posts small blind $0.50
Palacios777: posts big blind $1
*** HOLE CARDS ***
TheBraveGirl: folds 
Xenicide: folds 
boyabouttown: folds 
aidant171717: calls $1
gohome78: raises $6.68 to $7.68 and is all-in
Palacios777: calls $6.68
aidant171717: folds 
*** FLOP *** [7c 6h 9h]
*** TURN *** [7c 6h 9h] [Jc]
*** RIVER *** [7c 6h 9h Jc] [5c]
*** SHOW DOWN ***
gohome78: shows [Kd Td] (high card King)
Palacios777: shows [Qh Ad] (high card Ace)
Palacios777 collected $15.54 from pot
gohome78 cashed out the hand for $6.13 | Cash Out Fee $0.13
*** SUMMARY ***
Total pot $16.36 | Rake $0.82 
Board [7c 6h 9h Jc 5c]
Seat 1: Xenicide folded before Flop (didn't bet)
Seat 2: boyabouttown folded before Flop (didn't bet)
Seat 3: aidant171717 (button) folded before Flop
Seat 4: gohome78 (small blind) showed [Kd Td] and lost with high card King (cashed out).
Seat 5: Palacios777 (big blind) showed [Qh Ad] and won ($15.54) with high card Ace
Seat 6: TheBraveGirl folded before Flop (didn't bet)



PokerStars Hand #254338492124:  Hold'em No Limit ($0.50/$1.00 USD) - 2025/01/12 20:42:10 WET [2025/01/12 15:42:10 ET]
Table 'Lexell III' 6-max Seat #4 is the button
Seat 1: Xenicide ($105.22 in chips) 
Seat 2: boyabouttown ($98.10 in chips) 
Seat 3: aidant171717 ($81.97 in chips) 
Seat 4: gohome78 ($6.13 in chips) 
Seat 5: Palacios777 ($202.64 in chips) 
Seat 6: TheBraveGirl ($102.89 in chips) 
Palacios777: posts small blind $0.50
TheBraveGirl: posts big blind $1
*** HOLE CARDS ***
Xenicide: folds 
boyabouttown: folds 
aidant171717: folds 
gohome78: folds 
Palacios777: folds 
Uncalled bet ($0.50) returned to TheBraveGirl
TheBraveGirl collected $1 from pot
TheBraveGirl: doesn't show hand 
*** SUMMARY ***
Total pot $1 | Rake $0 
Seat 1: Xenicide folded before Flop (didn't bet)
Seat 2: boyabouttown folded before Flop (didn't bet)
Seat 3: aidant171717 folded before Flop (didn't bet)
Seat 4: gohome78 (button) folded before Flop (didn't bet)
Seat 5: Palacios777 (small blind) folded before Flop
Seat 6: TheBraveGirl (big blind) collected ($1)



PokerStars Hand #254338501324:  Hold'em No Limit ($0.50/$1.00 USD) - 2025/01/12 20:42:33 WET [2025/01/12 15:42:33 ET]
Table 'Lexell III' 6-max Seat #5 is the button
Seat 1: Xenicide ($105.22 in chips) 
Seat 2: boyabouttown ($98.10 in chips) 
Seat 3: aidant171717 ($81.97 in chips) 
Seat 4: gohome78 ($6.13 in chips) 
Seat 5: Palacios777 ($202.14 in chips) 
Seat 6: TheBraveGirl ($103.39 in chips) 
TheBraveGirl: posts small blind $0.50
Xenicide: posts big blind $1
*** HOLE CARDS ***
boyabouttown: folds 
aidant171717: folds 
gohome78: folds 
Palacios777: folds 
TheBraveGirl: raises $2 to $3
Xenicide: raises $4.50 to $7.50
TheBraveGirl: calls $4.50
*** FLOP *** [2s 6s 9s]
TheBraveGirl: checks 
Xenicide: checks 
*** TURN *** [2s 6s 9s] [Qd]
TheBraveGirl: bets $3.99
Xenicide: calls $3.99
*** RIVER *** [2s 6s 9s Qd] [Ac]
TheBraveGirl: checks 
Xenicide: checks 
*** SHOW DOWN ***
TheBraveGirl: shows [Ts Kh] (high card Ace)
Xenicide: shows [Jh Jc] (a pair of Jacks)
Xenicide collected $21.83 from pot
*** SUMMARY ***
Total pot $22.98 | Rake $1.15 
Board [2s 6s 9s Qd Ac]
Seat 1: Xenicide (big blind) showed [Jh Jc] and won ($21.83) with a pair of Jacks
Seat 2: boyabouttown folded before Flop (didn't bet)
Seat 3: aidant171717 folded before Flop (didn't bet)
Seat 4: gohome78 folded before Flop (didn't bet)
Seat 5: Palacios777 (button) folded before Flop (didn't bet)
Seat 6: TheBraveGirl (small blind) showed [Ts Kh] and lost with high card Ace



PokerStars Hand #254338532987:  Hold'em No Limit ($0.50/$1.00 USD) - 2025/01/12 20:43:53 WET [2025/01/12 15:43:53 ET]
Table 'Lexell III' 6-max Seat #6 is the button
Seat 1: Xenicide ($115.56 in chips) 
Seat 2: boyabouttown ($98.10 in chips) 
Seat 3: aidant171717 ($81.97 in chips) 
Seat 4: gohome78 ($6.13 in chips) 
Seat 5: Palacios777 ($202.14 in chips) 
Seat 6: TheBraveGirl ($100 in chips) 
Xenicide: posts small blind $0.50
boyabouttown: posts big blind $1
*** HOLE CARDS ***
aidant171717: folds 
gohome78: folds 
Palacios777: folds 
TheBraveGirl: folds 
Xenicide: folds 
Uncalled bet ($0.50) returned to boyabouttown
boyabouttown collected $1 from pot
*** SUMMARY ***
Total pot $1 | Rake $0 
Seat 1: Xenicide (small blind) folded before Flop
Seat 2: boyabouttown (big blind) collected ($1)
Seat 3: aidant171717 folded before Flop (didn't bet)
Seat 4: gohome78 folded before Flop (didn't bet)
Seat 5: Palacios777 folded before Flop (didn't bet)
Seat 6: TheBraveGirl (button) folded before Flop (didn't bet)



PokerStars Hand #254338543677:  Hold'em No Limit ($0.50/$1.00 USD) - 2025/01/12 20:44:20 WET [2025/01/12 15:44:20 ET]
Table 'Lexell III' 6-max Seat #1 is the button
Seat 1: Xenicide ($115.06 in chips) 
Seat 2: boyabouttown ($98.60 in chips) 
Seat 3: aidant171717 ($81.97 in chips) 
Seat 4: gohome78 ($6.13 in chips) 
Seat 5: Palacios777 ($202.14 in chips) 
Seat 6: TheBraveGirl ($100 in chips) 
boyabouttown: posts small blind $0.50
aidant171717: posts big blind $1
*** HOLE CARDS ***
gohome78: folds 
Palacios777: folds 
TheBraveGirl: folds 
Xenicide: raises $1.25 to $2.25
boyabouttown: calls $1.75
aidant171717: folds 
*** FLOP *** [Qd Js Td]
boyabouttown: bets $2.61
Xenicide: folds 
Uncalled bet ($2.61) returned to boyabouttown
boyabouttown collected $5.22 from pot
*** SUMMARY ***
Total pot $5.50 | Rake $0.28 
Board [Qd Js Td]
Seat 1: Xenicide (button) folded on the Flop
Seat 2: boyabouttown (small blind) collected ($5.22)
Seat 3: aidant171717 (big blind) folded before Flop
Seat 4: gohome78 folded before Flop (didn't bet)
Seat 5: Palacios777 folded before Flop (didn't bet)
Seat 6: TheBraveGirl folded before Flop (didn't bet)



PokerStars Hand #254338556408:  Hold'em No Limit ($0.50/$1.00 USD) - 2025/01/12 20:44:51 WET [2025/01/12 15:44:51 ET]
Table 'Lexell III' 6-max Seat #2 is the button
Seat 1: Xenicide ($112.81 in chips) 
Seat 2: boyabouttown ($101.57 in chips) 
Seat 3: aidant171717 ($80.97 in chips) 
Seat 4: gohome78 ($6.13 in chips) 
Seat 5: Palacios777 ($202.14 in chips) 
Seat 6: TheBraveGirl ($100 in chips) 
aidant171717: posts small blind $0.50
gohome78: posts big blind $1
*** HOLE CARDS ***
Palacios777: folds 
TheBraveGirl: folds 
Xenicide: folds 
boyabouttown: raises $3 to $4
aidant171717: folds 
gohome78: folds 
Uncalled bet ($3) returned to boyabouttown
boyabouttown collected $2.50 from pot
*** SUMMARY ***
Total pot $2.50 | Rake $0 
Seat 1: Xenicide folded before Flop (didn't bet)
Seat 2: boyabouttown (button) collected ($2.50)
Seat 3: aidant171717 (small blind) folded before Flop
Seat 4: gohome78 (big blind) folded before Flop
Seat 5: Palacios777 folded before Flop (didn't bet)
Seat 6: TheBraveGirl folded before Flop (didn't bet)



PokerStars Hand #254338564132:  Hold'em No Limit ($0.50/$1.00 USD) - 2025/01/12 20:45:11 WET [2025/01/12 15:45:11 ET]
Table 'Lexell III' 6-max Seat #3 is the button
Seat 1: Xenicide ($112.81 in chips) 
Seat 2: boyabouttown ($103.07 in chips) 
Seat 3: aidant171717 ($80.47 in chips) 
Seat 4: gohome78 ($5.13 in chips) 
Seat 5: Palacios777 ($202.14 in chips) 
Seat 6: TheBraveGirl ($100 in chips) 
gohome78: posts small blind $0.50
Palacios777: posts big blind $1
*** HOLE CARDS ***
TheBraveGirl: folds 
Xenicide: folds 
boyabouttown: raises $2 to $3
aidant171717: folds 
gohome78: folds 
Palacios777: folds 
Uncalled bet ($2) returned to boyabouttown
boyabouttown collected $2.50 from pot
*** SUMMARY ***
Total pot $2.50 | Rake $0 
Seat 1: Xenicide folded before Flop (didn't bet)
Seat 2: boyabouttown collected ($2.50)
Seat 3: aidant171717 (button) folded before Flop (didn't bet)
Seat 4: gohome78 (small blind) folded before Flop
Seat 5: Palacios777 (big blind) folded before Flop
Seat 6: TheBraveGirl folded before Flop (didn't bet)



PokerStars Hand #254338571587:  Hold'em No Limit ($0.50/$1.00 USD) - 2025/01/12 20:45:29 WET [2025/01/12 15:45:29 ET]
Table 'Lexell III' 6-max Seat #4 is the button
Seat 1: Xenicide ($112.81 in chips) 
Seat 2: boyabouttown ($104.57 in chips) 
Seat 3: aidant171717 ($80.47 in chips) 
Seat 4: gohome78 ($4.63 in chips) 
Seat 5: Palacios777 ($201.14 in chips) 
Seat 6: TheBraveGirl ($100 in chips) 
Palacios777: posts small blind $0.50
TheBraveGirl: posts big blind $1
*** HOLE CARDS ***
Xenicide: folds 
boyabouttown: folds 
aidant171717: folds 
gohome78: raises $3.63 to $4.63 and is all-in
Palacios777: folds 
TheBraveGirl: calls $3.63
*** FLOP *** [4s 2s 5c]
*** TURN *** [4s 2s 5c] [2c]
*** RIVER *** [4s 2s 5c 2c] [As]
*** SHOW DOWN ***
TheBraveGirl: shows [8s Ks] (a flush, Ace high)
gohome78: shows [2h Ac] (a full house, Deuces full of Aces)
gohome78 collected $9.27 from pot
*** SUMMARY ***
Total pot $9.76 | Rake $0.49 
Board [4s 2s 5c 2c As]
Seat 1: Xenicide folded before Flop (didn't bet)
Seat 2: boyabouttown folded before Flop (didn't bet)
Seat 3: aidant171717 folded before Flop (didn't bet)
Seat 4: gohome78 (button) showed [2h Ac] and won ($9.27) with a full house, Deuces full of Aces
Seat 5: Palacios777 (small blind) folded before Flop
Seat 6: TheBraveGirl (big blind) showed [8s Ks] and lost with a flush, Ace high



PokerStars Hand #254338584198:  Hold'em No Limit ($0.50/$1.00 USD) - 2025/01/12 20:46:01 WET [2025/01/12 15:46:01 ET]
Table 'Lexell III' 6-max Seat #5 is the button
Seat 1: Xenicide ($112.81 in chips) 
Seat 2: boyabouttown ($104.57 in chips) 
Seat 3: aidant171717 ($80.47 in chips) 
Seat 4: gohome78 ($9.27 in chips) 
Seat 5: Palacios777 ($200.64 in chips) 
Seat 6: TheBraveGirl ($100 in chips) 
TheBraveGirl: posts small blind $0.50
Xenicide: posts big blind $1
*** HOLE CARDS ***
boyabouttown: raises $3 to $4
aidant171717: folds 
gohome78: folds 
Palacios777: folds 
TheBraveGirl: folds 
Xenicide: folds 
Uncalled bet ($3) returned to boyabouttown
boyabouttown collected $2.50 from pot
*** SUMMARY ***
Total pot $2.50 | Rake $0 
Seat 1: Xenicide (big blind) folded before Flop
Seat 2: boyabouttown collected ($2.50)
Seat 3: aidant171717 folded before Flop (didn't bet)
Seat 4: gohome78 folded before Flop (didn't bet)
Seat 5: Palacios777 (button) folded before Flop (didn't bet)
Seat 6: TheBraveGirl (small blind) folded before Flop



PokerStars Hand #254338594623:  Hold'em No Limit ($0.50/$1.00 USD) - 2025/01/12 20:46:27 WET [2025/01/12 15:46:27 ET]
Table 'Lexell III' 6-max Seat #6 is the button
Seat 1: Xenicide ($111.81 in chips) 
Seat 2: boyabouttown ($106.07 in chips) 
Seat 3: aidant171717 ($80.47 in chips) 
Seat 4: gohome78 ($9.27 in chips) 
Seat 5: Palacios777 ($200.64 in chips) 
Seat 6: TheBraveGirl ($100 in chips) 
Xenicide: posts small blind $0.50
boyabouttown: posts big blind $1
*** HOLE CARDS ***
aidant171717: folds 
gohome78: folds 
Palacios777: raises $1.50 to $2.50
TheBraveGirl: folds 
Xenicide: folds 
boyabouttown: raises $5.50 to $8
Palacios777: folds 
Uncalled bet ($5.50) returned to boyabouttown
boyabouttown collected $5.50 from pot
*** SUMMARY ***
Total pot $5.50 | Rake $0 
Seat 1: Xenicide (small blind) folded before Flop
Seat 2: boyabouttown (big blind) collected ($5.50)
Seat 3: aidant171717 folded before Flop (didn't bet)
Seat 4: gohome78 folded before Flop (didn't bet)
Seat 5: Palacios777 folded before Flop
Seat 6: TheBraveGirl (button) folded before Flop (didn't bet)



PokerStars Hand #254338607443:  Hold'em No Limit ($0.50/$1.00 USD) - 2025/01/12 20:46:59 WET [2025/01/12 15:46:59 ET]
Table 'Lexell III' 6-max Seat #1 is the button
Seat 1: Xenicide ($111.31 in chips) 
Seat 2: boyabouttown ($109.07 in chips) 
Seat 3: aidant171717 ($80.47 in chips) 
Seat 4: gohome78 ($9.27 in chips) 
Seat 5: Palacios777 ($198.14 in chips) 
Seat 6: TheBraveGirl ($100 in chips) 
boyabouttown: posts small blind $0.50
aidant171717: posts big blind $1
*** HOLE CARDS ***
gohome78: folds 
Palacios777: raises $1.50 to $2.50
TheBraveGirl: folds 
Xenicide: raises $4.50 to $7
boyabouttown: folds 
aidant171717: folds 
Palacios777: raises $13 to $20
Xenicide: folds 
Uncalled bet ($13) returned to Palacios777
Palacios777 collected $15.50 from pot
Palacios777: doesn't show hand 
*** SUMMARY ***
Total pot $15.50 | Rake $0 
Seat 1: Xenicide (button) folded before Flop
Seat 2: boyabouttown (small blind) folded before Flop
Seat 3: aidant171717 (big blind) folded before Flop
Seat 4: gohome78 folded before Flop (didn't bet)
Seat 5: Palacios777 collected ($15.50)
Seat 6: TheBraveGirl folded before Flop (didn't bet)



PokerStars Hand #254338626992:  Hold'em No Limit ($0.50/$1.00 USD) - 2025/01/12 20:47:48 WET [2025/01/12 15:47:48 ET]
Table 'Lexell III' 6-max Seat #2 is the button
Seat 1: Xenicide ($104.31 in chips) 
Seat 2: boyabouttown ($108.57 in chips) 
Seat 3: aidant171717 ($79.47 in chips) 
Seat 4: gohome78 ($9.27 in chips) 
Seat 5: Palacios777 ($206.64 in chips) 
Seat 6: TheBraveGirl ($100 in chips) 
aidant171717: posts small blind $0.50
gohome78: posts big blind $1
*** HOLE CARDS ***
Palacios777: folds 
TheBraveGirl: folds 
Xenicide: raises $1 to $2
boyabouttown: folds 
aidant171717: folds 
gohome78: folds 
Uncalled bet ($1) returned to Xenicide
Xenicide collected $2.50 from pot
*** SUMMARY ***
Total pot $2.50 | Rake $0 
Seat 1: Xenicide collected ($2.50)
Seat 2: boyabouttown (button) folded before Flop (didn't bet)
Seat 3: aidant171717 (small blind) folded before Flop
Seat 4: gohome78 (big blind) folded before Flop
Seat 5: Palacios777 folded before Flop (didn't bet)
Seat 6: TheBraveGirl folded before Flop (didn't bet)



PokerStars Hand #254338637456:  Hold'em No Limit ($0.50/$1.00 USD) - 2025/01/12 20:48:14 WET [2025/01/12 15:48:14 ET]
Table 'Lexell III' 6-max Seat #3 is the button
Seat 1: Xenicide ($105.81 in chips) 
Seat 2: boyabouttown ($108.57 in chips) 
Seat 3: aidant171717 ($78.97 in chips) 
Seat 4: gohome78 ($8.27 in chips) 
Seat 5: Palacios777 ($206.64 in chips) 
Seat 6: TheBraveGirl ($100 in chips) 
gohome78: posts small blind $0.50
Palacios777: posts big blind $1
*** HOLE CARDS ***
TheBraveGirl: folds 
Xenicide: folds 
boyabouttown: raises $3 to $4
aidant171717: folds 
gohome78: raises $4.27 to $8.27 and is all-in
Palacios777: folds 
boyabouttown: calls $4.27
*** FLOP *** [5c 5d Jc]
*** TURN *** [5c 5d Jc] [Kc]
*** RIVER *** [5c 5d Jc Kc] [8s]
*** SHOW DOWN ***
gohome78: shows [Ac Ts] (a pair of Fives)
boyabouttown: shows [As 8d] (two pair, Eights and Fives)
boyabouttown collected $16.66 from pot
*** SUMMARY ***
Total pot $17.54 | Rake $0.88 
Board [5c 5d Jc Kc 8s]
Seat 1: Xenicide folded before Flop (didn't bet)
Seat 2: boyabouttown showed [As 8d] and won ($16.66) with two pair, Eights and Fives
Seat 3: aidant171717 (button) folded before Flop (didn't bet)
Seat 4: gohome78 (small blind) showed [Ac Ts] and lost with a pair of Fives
Seat 5: Palacios777 (big blind) folded before Flop
Seat 6: TheBraveGirl folded before Flop (didn't bet)



PokerStars Hand #254338653980:  Hold'em No Limit ($0.50/$1.00 USD) - 2025/01/12 20:48:56 WET [2025/01/12 15:48:56 ET]
Table 'Lexell III' 6-max Seat #5 is the button
Seat 4: gohome78 ($0 in chips) is sitting out
Seat 1: Xenicide ($105.81 in chips) 
Seat 2: boyabouttown ($116.96 in chips) 
Seat 3: aidant171717 ($78.97 in chips) 
Seat 5: Palacios777 ($205.64 in chips) 
Seat 6: TheBraveGirl ($100 in chips) 
TheBraveGirl: posts small blind $0.50
Xenicide: posts big blind $1
*** HOLE CARDS ***
boyabouttown: folds 
gohome78 leaves the table
aidant171717: folds 
Palacios777: raises $1.50 to $2.50
TheBraveGirl: folds 
kars0n joins the table at seat #4 
Xenicide: raises $7.50 to $10
Palacios777: folds 
Uncalled bet ($7.50) returned to Xenicide
Xenicide collected $5.50 from pot
*** SUMMARY ***
Total pot $5.50 | Rake $0 
Seat 4: gohome78
Seat 1: Xenicide (big blind) collected ($5.50)
Seat 2: boyabouttown folded before Flop (didn't bet)
Seat 3: aidant171717 folded before Flop (didn't bet)
Seat 5: Palacios777 (button) folded before Flop
Seat 6: TheBraveGirl (small blind) folded before Flop



PokerStars Hand #254338674701:  Hold'em No Limit ($0.50/$1.00 USD) - 2025/01/12 20:49:48 WET [2025/01/12 15:49:48 ET]
Table 'Lexell III' 6-max Seat #6 is the button
Seat 4: kars0n ($100 in chips) is sitting out
Seat 1: Xenicide ($108.81 in chips) 
Seat 2: boyabouttown ($116.96 in chips) 
Seat 3: aidant171717 ($78.97 in chips) 
Seat 5: Palacios777 ($203.14 in chips) 
Seat 6: TheBraveGirl ($100 in chips) 
Xenicide: posts small blind $0.50
boyabouttown: posts big blind $1
kars0n: sits out 
*** HOLE CARDS ***
aidant171717: folds 
Palacios777: raises $1.50 to $2.50
TheBraveGirl: raises $5 to $7.50
Xenicide: folds 
boyabouttown: folds 
Palacios777: folds 
Uncalled bet ($5) returned to TheBraveGirl
TheBraveGirl collected $6.50 from pot
TheBraveGirl: doesn't show hand 
*** SUMMARY ***
Total pot $6.50 | Rake $0 
Seat 4: kars0n
Seat 1: Xenicide (small blind) folded before Flop
Seat 2: boyabouttown (big blind) folded before Flop
Seat 3: aidant171717 folded before Flop (didn't bet)
Seat 5: Palacios777 folded before Flop
Seat 6: TheBraveGirl (button) collected ($6.50)



PokerStars Hand #254338691180:  Hold'em No Limit ($0.50/$1.00 USD) - 2025/01/12 20:50:30 WET [2025/01/12 15:50:30 ET]
Table 'Lexell III' 6-max Seat #1 is the button
Seat 4: kars0n ($100 in chips) is sitting out
Seat 1: Xenicide ($108.31 in chips) 
Seat 2: boyabouttown ($115.96 in chips) 
Seat 3: aidant171717 ($78.97 in chips) 
Seat 5: Palacios777 ($200.64 in chips) 
Seat 6: TheBraveGirl ($104 in chips) 
boyabouttown: posts small blind $0.50
aidant171717: posts big blind $1
kars0n: sits out 
*** HOLE CARDS ***
Palacios777: raises $1.20 to $2.20
TheBraveGirl: folds 
Xenicide: folds 
boyabouttown: folds 
aidant171717: calls $1.20
*** FLOP *** [4c Qs 5s]
aidant171717: checks 
Palacios777: bets $2.33
aidant171717: raises $4.33 to $6.66
Palacios777: calls $4.33
*** TURN *** [4c Qs 5s] [7c]
aidant171717: bets $8.66
Palacios777: calls $8.66
*** RIVER *** [4c Qs 5s 7c] [2h]
aidant171717: bets $13.88
Palacios777: folds 
Uncalled bet ($13.88) returned to aidant171717
aidant171717 collected $33.76 from pot
*** SUMMARY ***
Total pot $35.54 | Rake $1.78 
Board [4c Qs 5s 7c 2h]
Seat 4: kars0n
Seat 1: Xenicide (button) folded before Flop (didn't bet)
Seat 2: boyabouttown (small blind) folded before Flop
Seat 3: aidant171717 (big blind) collected ($33.76)
Seat 5: Palacios777 folded on the River
Seat 6: TheBraveGirl folded before Flop (didn't bet)



PokerStars Hand #254338722244:  Hold'em No Limit ($0.50/$1.00 USD) - 2025/01/12 20:51:48 WET [2025/01/12 15:51:48 ET]
Table 'Lexell III' 6-max Seat #2 is the button
Seat 1: Xenicide ($108.31 in chips) 
Seat 2: boyabouttown ($115.46 in chips) 
Seat 3: aidant171717 ($95.21 in chips) 
Seat 4: kars0n ($100 in chips) 
Seat 5: Palacios777 ($183.12 in chips) 
Seat 6: TheBraveGirl ($104 in chips) 
aidant171717: posts small blind $0.50
kars0n: posts big blind $1
*** HOLE CARDS ***
Palacios777: raises $1.20 to $2.20
TheBraveGirl: folds 
Xenicide: raises $4.30 to $6.50
boyabouttown: folds 
aidant171717: folds 
kars0n: folds 
Palacios777: folds 
Uncalled bet ($4.30) returned to Xenicide
Xenicide collected $5.90 from pot
*** SUMMARY ***
Total pot $5.90 | Rake $0 
Seat 1: Xenicide collected ($5.90)
Seat 2: boyabouttown (button) folded before Flop (didn't bet)
Seat 3: aidant171717 (small blind) folded before Flop
Seat 4: kars0n (big blind) folded before Flop
Seat 5: Palacios777 folded before Flop
Seat 6: TheBraveGirl folded before Flop (didn't bet)



PokerStars Hand #254338730421:  Hold'em No Limit ($0.50/$1.00 USD) - 2025/01/12 20:52:09 WET [2025/01/12 15:52:09 ET]
Table 'Lexell III' 6-max Seat #3 is the button
Seat 5: Palacios777 ($180.92 in chips) is sitting out
Seat 1: Xenicide ($112.01 in chips) 
Seat 2: boyabouttown ($115.46 in chips) 
Seat 3: aidant171717 ($94.71 in chips) 
Seat 4: kars0n ($100 in chips) 
Seat 6: TheBraveGirl ($104 in chips) 
kars0n: posts small blind $0.50
Palacios777: is sitting out 
TheBraveGirl: posts big blind $1
*** HOLE CARDS ***
Xenicide: folds 
Palacios777 leaves the table
boyabouttown: calls $1
aidant171717: calls $1
kars0n: raises $3.50 to $4.50
TheBraveGirl: folds 
boyabouttown: folds 
aidant171717: folds 
Uncalled bet ($3.50) returned to kars0n
Joe_Li7 joins the table at seat #5 
kars0n collected $4 from pot
kars0n: doesn't show hand 
*** SUMMARY ***
Total pot $4 | Rake $0 
Seat 5: Palacios777
Seat 1: Xenicide folded before Flop (didn't bet)
Seat 2: boyabouttown folded before Flop
Seat 3: aidant171717 (button) folded before Flop
Seat 4: kars0n (small blind) collected ($4)
Seat 6: TheBraveGirl (big blind) folded before Flop



PokerStars Hand #254338741181:  Hold'em No Limit ($0.50/$1.00 USD) - 2025/01/12 20:52:36 WET [2025/01/12 15:52:36 ET]
Table 'Lexell III' 6-max Seat #4 is the button
Seat 1: Xenicide ($112.01 in chips) is sitting out
Seat 5: Joe_Li7 ($100 in chips) is sitting out
Seat 2: boyabouttown ($114.46 in chips) 
Seat 3: aidant171717 ($93.71 in chips) 
Seat 4: kars0n ($103 in chips) 
Seat 6: TheBraveGirl ($103 in chips) 
TheBraveGirl: posts small blind $0.50
Xenicide: is sitting out 
boyabouttown: posts big blind $1
*** HOLE CARDS ***
Xenicide leaves the table
aidant171717: folds 
kars0n: folds 
TheBraveGirl: raises $2 to $3
boyabouttown: folds 
Uncalled bet ($2) returned to TheBraveGirl
TheBraveGirl collected $2 from pot
TheBraveGirl: doesn't show hand 
*** SUMMARY ***
Total pot $2 | Rake $0 
Seat 1: Xenicide
Seat 5: Joe_Li7
Seat 2: boyabouttown (big blind) folded before Flop
Seat 3: aidant171717 folded before Flop (didn't bet)
Seat 4: kars0n (button) folded before Flop (didn't bet)
Seat 6: TheBraveGirl (small blind) collected ($2)



PokerStars Hand #254338748605:  Hold'em No Limit ($0.50/$1.00 USD) - 2025/01/12 20:52:55 WET [2025/01/12 15:52:55 ET]
Table 'Lexell III' 6-max Seat #6 is the button
Seat 5: Joe_Li7 ($100 in chips) is sitting out
Seat 2: boyabouttown ($113.46 in chips) 
Seat 3: aidant171717 ($93.71 in chips) 
Seat 4: kars0n ($103 in chips) 
Seat 6: TheBraveGirl ($104 in chips) 
boyabouttown: posts small blind $0.50
aidant171717: posts big blind $1
Joe_Li7: sits out 
*** HOLE CARDS ***
kars0n: raises $1.50 to $2.50
TheBraveGirl: folds 
boyabouttown: calls $2
aidant171717: folds 
*** FLOP *** [3c 9s 9c]
boyabouttown: checks 
kars0n: checks 
*** TURN *** [3c 9s 9c] [7h]
boyabouttown: checks 
kars0n: checks 
*** RIVER *** [3c 9s 9c 7h] [Kh]
boyabouttown: bets $5.70
kars0n: calls $5.70
*** SHOW DOWN ***
boyabouttown: shows [8h 3h] (two pair, Nines and Threes)
kars0n: shows [Qd Ks] (two pair, Kings and Nines)
kars0n collected $16.53 from pot
*** SUMMARY ***
Total pot $17.40 | Rake $0.87 
Board [3c 9s 9c 7h Kh]
Seat 5: Joe_Li7
Seat 2: boyabouttown (small blind) showed [8h 3h] and lost with two pair, Nines and Threes
Seat 3: aidant171717 (big blind) folded before Flop
Seat 4: kars0n showed [Qd Ks] and won ($16.53) with two pair, Kings and Nines
Seat 6: TheBraveGirl (button) folded before Flop (didn't bet)



PokerStars Hand #254338765366:  Hold'em No Limit ($0.50/$1.00 USD) - 2025/01/12 20:53:37 WET [2025/01/12 15:53:37 ET]
Table 'Lexell III' 6-max Seat #2 is the button
Seat 5: Joe_Li7 ($100 in chips) is sitting out
Seat 2: boyabouttown ($105.26 in chips) 
Seat 3: aidant171717 ($92.71 in chips) 
Seat 4: kars0n ($111.33 in chips) 
Seat 6: TheBraveGirl ($104 in chips) 
aidant171717: posts small blind $0.50
kars0n: posts big blind $1
Joe_Li7: sits out 
*** HOLE CARDS ***
BumHuntKing joins the table at seat #1 
TheBraveGirl: folds 
boyabouttown: folds 
aidant171717: folds 
Uncalled bet ($0.50) returned to kars0n
kars0n collected $1 from pot
kars0n: doesn't show hand 
*** SUMMARY ***
Total pot $1 | Rake $0 
Seat 5: Joe_Li7
Seat 2: boyabouttown (button) folded before Flop (didn't bet)
Seat 3: aidant171717 (small blind) folded before Flop
Seat 4: kars0n (big blind) collected ($1)
Seat 6: TheBraveGirl folded before Flop (didn't bet)



PokerStars Hand #254338776509:  Hold'em No Limit ($0.50/$1.00 USD) - 2025/01/12 20:54:06 WET [2025/01/12 15:54:06 ET]
Table 'Lexell III' 6-max Seat #3 is the button
Seat 1: BumHuntKing ($100 in chips) is sitting out
Seat 2: boyabouttown ($105.26 in chips) 
Seat 3: aidant171717 ($92.21 in chips) 
Seat 4: kars0n ($111.83 in chips) 
Seat 5: Joe_Li7 ($100 in chips) 
Seat 6: TheBraveGirl ($104 in chips) 
kars0n: posts small blind $0.50
Joe_Li7: posts big blind $1
BumHuntKing: sits out 
*** HOLE CARDS ***
TheBraveGirl: folds 
boyabouttown: folds 
aidant171717: raises $1.70 to $2.70
kars0n: folds 
Joe_Li7: folds 
Uncalled bet ($1.70) returned to aidant171717
aidant171717 collected $2.50 from pot
*** SUMMARY ***
Total pot $2.50 | Rake $0 
Seat 1: BumHuntKing
Seat 2: boyabouttown folded before Flop (didn't bet)
Seat 3: aidant171717 (button) collected ($2.50)
Seat 4: kars0n (small blind) folded before Flop
Seat 5: Joe_Li7 (big blind) folded before Flop
Seat 6: TheBraveGirl folded before Flop (didn't bet)



PokerStars Hand #254338785918:  Hold'em No Limit ($0.50/$1.00 USD) - 2025/01/12 20:54:30 WET [2025/01/12 15:54:30 ET]
Table 'Lexell III' 6-max Seat #4 is the button
Seat 1: BumHuntKing ($100 in chips) is sitting out
Seat 2: boyabouttown ($105.26 in chips) 
Seat 3: aidant171717 ($93.71 in chips) 
Seat 4: kars0n ($111.33 in chips) 
Seat 5: Joe_Li7 ($100 in chips) 
Seat 6: TheBraveGirl ($104 in chips) 
Joe_Li7: posts small blind $0.50
TheBraveGirl: posts big blind $1
BumHuntKing: sits out 
*** HOLE CARDS ***
boyabouttown: raises $2 to $3
aidant171717: folds 
kars0n: raises $4 to $7
Joe_Li7: folds 
TheBraveGirl: raises $14 to $21
boyabouttown: folds 
kars0n: folds 
Uncalled bet ($14) returned to TheBraveGirl
TheBraveGirl collected $17.50 from pot
TheBraveGirl: doesn't show hand 
*** SUMMARY ***
Total pot $17.50 | Rake $0 
Seat 1: BumHuntKing
Seat 2: boyabouttown folded before Flop
Seat 3: aidant171717 folded before Flop (didn't bet)
Seat 4: kars0n (button) folded before Flop
Seat 5: Joe_Li7 (small blind) folded before Flop
Seat 6: TheBraveGirl (big blind) collected ($17.50)



PokerStars Hand #254338796901:  Hold'em No Limit ($0.50/$1.00 USD) - 2025/01/12 20:54:58 WET [2025/01/12 15:54:58 ET]
Table 'Lexell III' 6-max Seat #5 is the button
Seat 1: BumHuntKing ($100 in chips) 
Seat 2: boyabouttown ($102.26 in chips) 
Seat 3: aidant171717 ($93.71 in chips) 
Seat 4: kars0n ($104.33 in chips) 
Seat 5: Joe_Li7 ($100 in chips) 
Seat 6: TheBraveGirl ($114.50 in chips) 
TheBraveGirl: posts small blind $0.50
BumHuntKing: posts big blind $1
*** HOLE CARDS ***
boyabouttown: folds 
aidant171717: folds 
kars0n: folds 
Joe_Li7: raises $1.50 to $2.50
TheBraveGirl: folds 
BumHuntKing: folds 
Uncalled bet ($1.50) returned to Joe_Li7
Joe_Li7 collected $2.50 from pot
*** SUMMARY ***
Total pot $2.50 | Rake $0 
Seat 1: BumHuntKing (big blind) folded before Flop
Seat 2: boyabouttown folded before Flop (didn't bet)
Seat 3: aidant171717 folded before Flop (didn't bet)
Seat 4: kars0n folded before Flop (didn't bet)
Seat 5: Joe_Li7 (button) collected ($2.50)
Seat 6: TheBraveGirl (small blind) folded before Flop



PokerStars Hand #254338802349:  Hold'em No Limit ($0.50/$1.00 USD) - 2025/01/12 20:55:20 WET [2025/01/12 15:55:20 ET]
Table 'Lexell III' 6-max Seat #6 is the button
Seat 1: BumHuntKing ($100 in chips) 
Seat 2: boyabouttown ($102.26 in chips) 
Seat 3: aidant171717 ($93.71 in chips) 
Seat 4: kars0n ($104.33 in chips) 
Seat 5: Joe_Li7 ($101.50 in chips) 
Seat 6: TheBraveGirl ($114 in chips) 
BumHuntKing: posts small blind $0.50
boyabouttown: posts big blind $1
*** HOLE CARDS ***
aidant171717: folds 
kars0n: folds 
Joe_Li7: folds 
TheBraveGirl: raises $1 to $2
BumHuntKing: folds 
boyabouttown: calls $1
*** FLOP *** [5c 5s 7h]
boyabouttown: checks 
TheBraveGirl: bets $1.20
boyabouttown: calls $1.20
*** TURN *** [5c 5s 7h] [2h]
boyabouttown: checks 
TheBraveGirl: bets $4.92
boyabouttown: calls $4.92
*** RIVER *** [5c 5s 7h 2h] [6h]
boyabouttown: bets $10.95
TheBraveGirl: calls $10.95
*** SHOW DOWN ***
boyabouttown: shows [8s Js] (a pair of Fives)
TheBraveGirl: shows [Ad 7c] (two pair, Sevens and Fives)
TheBraveGirl collected $36.71 from pot
*** SUMMARY ***
Total pot $38.64 | Rake $1.93 
Board [5c 5s 7h 2h 6h]
Seat 1: BumHuntKing (small blind) folded before Flop
Seat 2: boyabouttown (big blind) showed [8s Js] and lost with a pair of Fives
Seat 3: aidant171717 folded before Flop (didn't bet)
Seat 4: kars0n folded before Flop (didn't bet)
Seat 5: Joe_Li7 folded before Flop (didn't bet)
Seat 6: TheBraveGirl (button) showed [Ad 7c] and won ($36.71) with two pair, Sevens and Fives



PokerStars Hand #254338813086:  Hold'em No Limit ($0.50/$1.00 USD) - 2025/01/12 20:56:09 WET [2025/01/12 15:56:09 ET]
Table 'Lexell III' 6-max Seat #1 is the button
Seat 1: BumHuntKing ($100 in chips) 
Seat 2: boyabouttown ($83.19 in chips) 
Seat 3: aidant171717 ($93.71 in chips) 
Seat 4: kars0n ($104.33 in chips) 
Seat 5: Joe_Li7 ($101.50 in chips) 
Seat 6: TheBraveGirl ($131.64 in chips) 
boyabouttown: posts small blind $0.50
aidant171717: posts big blind $1
*** HOLE CARDS ***
kars0n: raises $1 to $2
Joe_Li7: folds 
TheBraveGirl: folds 
BumHuntKing: folds 
boyabouttown: calls $1.50
aidant171717: calls $1
*** FLOP *** [Ks 5c 6d]
boyabouttown: checks 
aidant171717: bets $1
kars0n: calls $1
boyabouttown: calls $1
*** TURN *** [Ks 5c 6d] [9s]
boyabouttown: checks 
aidant171717: checks 
kars0n: checks 
*** RIVER *** [Ks 5c 6d 9s] [Th]
boyabouttown: bets $8.55
aidant171717: folds 
kars0n: folds 
Uncalled bet ($8.55) returned to boyabouttown
boyabouttown collected $8.55 from pot
*** SUMMARY ***
Total pot $9 | Rake $0.45 
Board [Ks 5c 6d 9s Th]
Seat 1: BumHuntKing (button) folded before Flop (didn't bet)
Seat 2: boyabouttown (small blind) collected ($8.55)
Seat 3: aidant171717 (big blind) folded on the River
Seat 4: kars0n folded on the River
Seat 5: Joe_Li7 folded before Flop (didn't bet)
Seat 6: TheBraveGirl folded before Flop (didn't bet)



PokerStars Hand #254338822868:  Hold'em No Limit ($0.50/$1.00 USD) - 2025/01/12 20:56:53 WET [2025/01/12 15:56:53 ET]
Table 'Lexell III' 6-max Seat #2 is the button
Seat 1: BumHuntKing ($100 in chips) 
Seat 2: boyabouttown ($88.74 in chips) 
Seat 3: aidant171717 ($90.71 in chips) 
Seat 4: kars0n ($101.33 in chips) 
Seat 5: Joe_Li7 ($101.50 in chips) 
Seat 6: TheBraveGirl ($131.64 in chips) 
aidant171717: posts small blind $0.50
kars0n: posts big blind $1
*** HOLE CARDS ***
Joe_Li7: folds 
TheBraveGirl: folds 
BumHuntKing: folds 
boyabouttown: raises $2 to $3
aidant171717: folds 
kars0n: folds 
Uncalled bet ($2) returned to boyabouttown
boyabouttown collected $2.50 from pot
*** SUMMARY ***
Total pot $2.50 | Rake $0 
Seat 1: BumHuntKing folded before Flop (didn't bet)
Seat 2: boyabouttown (button) collected ($2.50)
Seat 3: aidant171717 (small blind) folded before Flop
Seat 4: kars0n (big blind) folded before Flop
Seat 5: Joe_Li7 folded before Flop (didn't bet)
Seat 6: TheBraveGirl folded before Flop (didn't bet)



PokerStars Hand #254338829172:  Hold'em No Limit ($0.50/$1.00 USD) - 2025/01/12 20:57:21 WET [2025/01/12 15:57:21 ET]
Table 'Lexell III' 6-max Seat #3 is the button
Seat 1: BumHuntKing ($100 in chips) 
Seat 2: boyabouttown ($90.24 in chips) 
Seat 3: aidant171717 ($90.21 in chips) 
Seat 4: kars0n ($100.33 in chips) 
Seat 5: Joe_Li7 ($101.50 in chips) 
Seat 6: TheBraveGirl ($131.64 in chips) 
kars0n: posts small blind $0.50
Joe_Li7: posts big blind $1
*** HOLE CARDS ***
TheBraveGirl: folds 
BumHuntKing: folds 
boyabouttown: folds 
aidant171717: calls $1
kars0n: calls $0.50
Joe_Li7: checks 
*** FLOP *** [Qc Js 4c]
kars0n: bets $1
Joe_Li7: calls $1
aidant171717: folds 
*** TURN *** [Qc Js 4c] [2d]
kars0n: bets $7.13
Joe_Li7: folds 
Uncalled bet ($7.13) returned to kars0n
kars0n collected $4.75 from pot
kars0n: doesn't show hand 
*** SUMMARY ***
Total pot $5 | Rake $0.25 
Board [Qc Js 4c 2d]
Seat 1: BumHuntKing folded before Flop (didn't bet)
Seat 2: boyabouttown folded before Flop (didn't bet)
Seat 3: aidant171717 (button) folded on the Flop
Seat 4: kars0n (small blind) collected ($4.75)
Seat 5: Joe_Li7 (big blind) folded on the Turn
Seat 6: TheBraveGirl folded before Flop (didn't bet)



PokerStars Hand #254338843437:  Hold'em No Limit ($0.50/$1.00 USD) - 2025/01/12 20:58:25 WET [2025/01/12 15:58:25 ET]
Table 'Lexell III' 6-max Seat #4 is the button
Seat 1: BumHuntKing ($100 in chips) 
Seat 2: boyabouttown ($90.24 in chips) 
Seat 3: aidant171717 ($89.21 in chips) 
Seat 4: kars0n ($103.08 in chips) 
Seat 5: Joe_Li7 ($100 in chips) 
Seat 6: TheBraveGirl ($131.64 in chips) 
Joe_Li7: posts small blind $0.50
TheBraveGirl: posts big blind $1
*** HOLE CARDS ***
BumHuntKing: raises $1.20 to $2.20
boyabouttown: calls $2.20
aidant171717: calls $2.20
kars0n: folds 
Joe_Li7: folds 
TheBraveGirl: folds 
*** FLOP *** [2d 8s Kc]
BumHuntKing: checks 
boyabouttown: bets $3.85
aidant171717: calls $3.85
BumHuntKing: folds 
*** TURN *** [2d 8s Kc] [8d]
boyabouttown: checks 
aidant171717: checks 
*** RIVER *** [2d 8s Kc 8d] [9c]
boyabouttown: bets $8.51
aidant171717: calls $8.51
*** SHOW DOWN ***
boyabouttown: shows [Js Ah] (a pair of Eights)
aidant171717: shows [Kh As] (two pair, Kings and Eights)
aidant171717 collected $31.18 from pot
*** SUMMARY ***
Total pot $32.82 | Rake $1.64 
Board [2d 8s Kc 8d 9c]
Seat 1: BumHuntKing folded on the Flop
Seat 2: boyabouttown showed [Js Ah] and lost with a pair of Eights
Seat 3: aidant171717 showed [Kh As] and won ($31.18) with two pair, Kings and Eights
Seat 4: kars0n (button) folded before Flop (didn't bet)
Seat 5: Joe_Li7 (small blind) folded before Flop
Seat 6: TheBraveGirl (big blind) folded before Flop



PokerStars Hand #254338864247:  Hold'em No Limit ($0.50/$1.00 USD) - 2025/01/12 20:59:57 WET [2025/01/12 15:59:57 ET]
Table 'Lexell III' 6-max Seat #5 is the button
Seat 1: BumHuntKing ($100 in chips) 
Seat 2: boyabouttown ($75.68 in chips) 
Seat 3: aidant171717 ($105.83 in chips) 
Seat 4: kars0n ($103.08 in chips) 
Seat 5: Joe_Li7 ($100 in chips) 
Seat 6: TheBraveGirl ($130.64 in chips) 
TheBraveGirl: posts small blind $0.50
BumHuntKing: posts big blind $1
*** HOLE CARDS ***
boyabouttown: raises $3 to $4
aidant171717: folds 
kars0n: folds 
Joe_Li7: folds 
TheBraveGirl: folds 
BumHuntKing: folds 
Uncalled bet ($3) returned to boyabouttown
boyabouttown collected $2.50 from pot
*** SUMMARY ***
Total pot $2.50 | Rake $0 
Seat 1: BumHuntKing (big blind) folded before Flop
Seat 2: boyabouttown collected ($2.50)
Seat 3: aidant171717 folded before Flop (didn't bet)
Seat 4: kars0n folded before Flop (didn't bet)
Seat 5: Joe_Li7 (button) folded before Flop (didn't bet)
Seat 6: TheBraveGirl (small blind) folded before Flop



PokerStars Hand #254338868366:  Hold'em No Limit ($0.50/$1.00 USD) - 2025/01/12 21:00:15 WET [2025/01/12 16:00:15 ET]
Table 'Lexell III' 6-max Seat #6 is the button
Seat 1: BumHuntKing ($100 in chips) 
Seat 2: boyabouttown ($77.18 in chips) 
Seat 3: aidant171717 ($105.83 in chips) 
Seat 4: kars0n ($103.08 in chips) 
Seat 5: Joe_Li7 ($100 in chips) 
Seat 6: TheBraveGirl ($130.14 in chips) 
BumHuntKing: posts small blind $0.50
boyabouttown: posts big blind $1
*** HOLE CARDS ***
aidant171717: folds 
kars0n: raises $1 to $2
Joe_Li7: folds 
TheBraveGirl: folds 
BumHuntKing: calls $1.50
boyabouttown: calls $1
*** FLOP *** [Qc 5h Qs]
BumHuntKing: checks 
boyabouttown: checks 
kars0n: bets $1.43
BumHuntKing: folds 
boyabouttown: folds 
Uncalled bet ($1.43) returned to kars0n
kars0n collected $5.70 from pot
kars0n: doesn't show hand 
*** SUMMARY ***
Total pot $6 | Rake $0.30 
Board [Qc 5h Qs]
Seat 1: BumHuntKing (small blind) folded on the Flop
Seat 2: boyabouttown (big blind) folded on the Flop
Seat 3: aidant171717 folded before Flop (didn't bet)
Seat 4: kars0n collected ($5.70)
Seat 5: Joe_Li7 folded before Flop (didn't bet)
Seat 6: TheBraveGirl (button) folded before Flop (didn't bet)



PokerStars Hand #254338878152:  Hold'em No Limit ($0.50/$1.00 USD) - 2025/01/12 21:00:53 WET [2025/01/12 16:00:53 ET]
Table 'Lexell III' 6-max Seat #1 is the button
Seat 1: BumHuntKing ($100 in chips) 
Seat 2: boyabouttown ($75.18 in chips) 
Seat 3: aidant171717 ($105.83 in chips) 
Seat 4: kars0n ($106.78 in chips) 
Seat 5: Joe_Li7 ($100 in chips) 
Seat 6: TheBraveGirl ($130.14 in chips) 
boyabouttown: posts small blind $0.50
aidant171717: posts big blind $1
*** HOLE CARDS ***
kars0n: folds 
Joe_Li7: raises $1.20 to $2.20
TheBraveGirl: folds 
BumHuntKing: calls $2.20
boyabouttown: folds 
aidant171717 has timed out
aidant171717: folds 
*** FLOP *** [Ac 9c Th]
Joe_Li7: checks 
BumHuntKing: bets $1.85
Joe_Li7: calls $1.85
*** TURN *** [Ac 9c Th] [Qs]
Joe_Li7: checks 
BumHuntKing: checks 
*** RIVER *** [Ac 9c Th Qs] [6c]
Joe_Li7: checks 
BumHuntKing: bets $6.84
Joe_Li7: folds 
Uncalled bet ($6.84) returned to BumHuntKing
BumHuntKing collected $9.12 from pot
BumHuntKing: doesn't show hand 
*** SUMMARY ***
Total pot $9.60 | Rake $0.48 
Board [Ac 9c Th Qs 6c]
Seat 1: BumHuntKing (button) collected ($9.12)
Seat 2: boyabouttown (small blind) folded before Flop
Seat 3: aidant171717 (big blind) folded before Flop
Seat 4: kars0n folded before Flop (didn't bet)
Seat 5: Joe_Li7 folded on the River
Seat 6: TheBraveGirl folded before Flop (didn't bet)



PokerStars Hand #254338911242:  Hold'em No Limit ($0.50/$1.00 USD) - 2025/01/12 21:02:35 WET [2025/01/12 16:02:35 ET]
Table 'Lexell III' 6-max Seat #2 is the button
Seat 1: BumHuntKing ($105.07 in chips) 
Seat 2: boyabouttown ($74.68 in chips) 
Seat 3: aidant171717 ($104.83 in chips) 
Seat 4: kars0n ($106.78 in chips) 
Seat 5: Joe_Li7 ($100 in chips) 
Seat 6: TheBraveGirl ($130.14 in chips) 
aidant171717: posts small blind $0.50
kars0n: posts big blind $1
*** HOLE CARDS ***
Joe_Li7: folds 
TheBraveGirl: raises $1 to $2
BumHuntKing: folds 
boyabouttown: folds 
boyabouttown leaves the table
aidant171717: calls $1.50
kars0n: calls $1
*** FLOP *** [Tc Jd 2d]
gohome78 joins the table at seat #2 
aidant171717: checks 
kars0n: checks 
TheBraveGirl: checks 
*** TURN *** [Tc Jd 2d] [3c]
aidant171717: checks 
kars0n: bets $8.55
TheBraveGirl: folds 
aidant171717: folds 
Uncalled bet ($8.55) returned to kars0n
kars0n collected $5.70 from pot
kars0n: doesn't show hand 
*** SUMMARY ***
Total pot $6 | Rake $0.30 
Board [Tc Jd 2d 3c]
Seat 1: BumHuntKing folded before Flop (didn't bet)
Seat 2: boyabouttown (button) folded before Flop (didn't bet)
Seat 3: aidant171717 (small blind) folded on the Turn
Seat 4: kars0n (big blind) collected ($5.70)
Seat 5: Joe_Li7 folded before Flop (didn't bet)
Seat 6: TheBraveGirl folded on the Turn



PokerStars Hand #254338938329:  Hold'em No Limit ($0.50/$1.00 USD) - 2025/01/12 21:03:45 WET [2025/01/12 16:03:45 ET]
Table 'Lexell III' 6-max Seat #3 is the button
Seat 2: gohome78 ($10 in chips) is sitting out
Seat 1: BumHuntKing ($105.07 in chips) 
Seat 3: aidant171717 ($102.83 in chips) 
Seat 4: kars0n ($110.48 in chips) 
Seat 5: Joe_Li7 ($100 in chips) 
Seat 6: TheBraveGirl ($128.14 in chips) 
kars0n: posts small blind $0.50
Joe_Li7: posts big blind $1
gohome78: sits out 
*** HOLE CARDS ***
TheBraveGirl: folds 
BumHuntKing: folds 
aidant171717 has timed out
aidant171717: folds 
kars0n: raises $2 to $3
Joe_Li7: raises $6 to $9
kars0n: folds 
Uncalled bet ($6) returned to Joe_Li7
Joe_Li7 collected $6 from pot
*** SUMMARY ***
Total pot $6 | Rake $0 
Seat 2: gohome78
Seat 1: BumHuntKing folded before Flop (didn't bet)
Seat 3: aidant171717 (button) folded before Flop (didn't bet)
Seat 4: kars0n (small blind) folded before Flop
Seat 5: Joe_Li7 (big blind) collected ($6)
Seat 6: TheBraveGirl folded before Flop (didn't bet)



PokerStars Hand #254338953365:  Hold'em No Limit ($0.50/$1.00 USD) - 2025/01/12 21:04:23 WET [2025/01/12 16:04:23 ET]
Table 'Lexell III' 6-max Seat #4 is the button
Seat 2: gohome78 ($10 in chips) is sitting out
Seat 1: BumHuntKing ($105.07 in chips) 
Seat 3: aidant171717 ($102.83 in chips) 
Seat 4: kars0n ($107.48 in chips) 
Seat 5: Joe_Li7 ($103 in chips) 
Seat 6: TheBraveGirl ($128.14 in chips) 
Joe_Li7: posts small blind $0.50
TheBraveGirl: posts big blind $1
gohome78: sits out 
*** HOLE CARDS ***
BumHuntKing: folds 
aidant171717 has timed out
aidant171717: folds 
kars0n: folds 
Joe_Li7: raises $2 to $3
TheBraveGirl: folds 
Uncalled bet ($2) returned to Joe_Li7
Joe_Li7 collected $2 from pot
*** SUMMARY ***
Total pot $2 | Rake $0 
Seat 2: gohome78
Seat 1: BumHuntKing folded before Flop (didn't bet)
Seat 3: aidant171717 folded before Flop (didn't bet)
Seat 4: kars0n (button) folded before Flop (didn't bet)
Seat 5: Joe_Li7 (small blind) collected ($2)
Seat 6: TheBraveGirl (big blind) folded before Flop



PokerStars Hand #254338963612:  Hold'em No Limit ($0.50/$1.00 USD) - 2025/01/12 21:04:48 WET [2025/01/12 16:04:48 ET]
Table 'Lexell III' 6-max Seat #5 is the button
Seat 2: gohome78 ($10 in chips) is sitting out
Seat 1: BumHuntKing ($105.07 in chips) 
Seat 3: aidant171717 ($102.83 in chips) 
Seat 4: kars0n ($107.48 in chips) 
Seat 5: Joe_Li7 ($104 in chips) 
Seat 6: TheBraveGirl ($127.14 in chips) 
TheBraveGirl: posts small blind $0.50
BumHuntKing: posts big blind $1
gohome78: sits out 
*** HOLE CARDS ***
aidant171717: folds 
kars0n: raises $1.50 to $2.50
aidant171717 leaves the table
Joe_Li7: raises $5 to $7.50
TheBraveGirl: folds 
BumHuntKing: folds 
kars0n: folds 
Uncalled bet ($5) returned to Joe_Li7
Joe_Li7 collected $6.50 from pot
*** SUMMARY ***
Total pot $6.50 | Rake $0 
Seat 2: gohome78
Seat 1: BumHuntKing (big blind) folded before Flop
Seat 3: aidant171717 folded before Flop (didn't bet)
Seat 4: kars0n folded before Flop
Seat 5: Joe_Li7 (button) collected ($6.50)
Seat 6: TheBraveGirl (small blind) folded before Flop



PokerStars Hand #254338974505:  Hold'em No Limit ($0.50/$1.00 USD) - 2025/01/12 21:05:16 WET [2025/01/12 16:05:16 ET]
Table 'Lexell III' 6-max Seat #6 is the button
Seat 1: BumHuntKing ($104.07 in chips) 
Seat 2: gohome78 ($10 in chips) 
Seat 4: kars0n ($104.98 in chips) 
Seat 5: Joe_Li7 ($108 in chips) 
Seat 6: TheBraveGirl ($126.64 in chips) 
BumHuntKing: posts small blind $0.50
gohome78: posts big blind $1
*** HOLE CARDS ***
kars0n: folds 
BallerXOne joins the table at seat #3 
Joe_Li7: folds 
TheBraveGirl: raises $1 to $2
BumHuntKing: folds 
gohome78: folds 
Uncalled bet ($1) returned to TheBraveGirl
TheBraveGirl collected $2.50 from pot
TheBraveGirl: doesn't show hand 
*** SUMMARY ***
Total pot $2.50 | Rake $0 
Seat 1: BumHuntKing (small blind) folded before Flop
Seat 2: gohome78 (big blind) folded before Flop
Seat 4: kars0n folded before Flop (didn't bet)
Seat 5: Joe_Li7 folded before Flop (didn't bet)
Seat 6: TheBraveGirl (button) collected ($2.50)



PokerStars Hand #254338984406:  Hold'em No Limit ($0.50/$1.00 USD) - 2025/01/12 21:05:40 WET [2025/01/12 16:05:40 ET]
Table 'Lexell III' 6-max Seat #1 is the button
Seat 1: BumHuntKing ($103.57 in chips) 
Seat 2: gohome78 ($9 in chips) 
Seat 3: BallerXOne ($100 in chips) 
Seat 4: kars0n ($104.98 in chips) 
Seat 5: Joe_Li7 ($108 in chips) 
Seat 6: TheBraveGirl ($128.14 in chips) 
gohome78: posts small blind $0.50
BallerXOne: posts big blind $1
*** HOLE CARDS ***
kars0n: raises $1 to $2
Joe_Li7: folds 
TheBraveGirl: folds 
BumHuntKing: folds 
gohome78: folds 
BallerXOne: folds 
Uncalled bet ($1) returned to kars0n
kars0n collected $2.50 from pot
kars0n: doesn't show hand 
*** SUMMARY ***
Total pot $2.50 | Rake $0 
Seat 1: BumHuntKing (button) folded before Flop (didn't bet)
Seat 2: gohome78 (small blind) folded before Flop
Seat 3: BallerXOne (big blind) folded before Flop
Seat 4: kars0n collected ($2.50)
Seat 5: Joe_Li7 folded before Flop (didn't bet)
Seat 6: TheBraveGirl folded before Flop (didn't bet)



PokerStars Hand #254338994212:  Hold'em No Limit ($0.50/$1.00 USD) - 2025/01/12 21:06:05 WET [2025/01/12 16:06:05 ET]
Table 'Lexell III' 6-max Seat #2 is the button
Seat 1: BumHuntKing ($103.57 in chips) 
Seat 2: gohome78 ($8.50 in chips) 
Seat 3: BallerXOne ($100 in chips) 
Seat 4: kars0n ($106.48 in chips) 
Seat 5: Joe_Li7 ($108 in chips) 
Seat 6: TheBraveGirl ($128.14 in chips) 
BallerXOne: posts small blind $0.50
kars0n: posts big blind $1
*** HOLE CARDS ***
Joe_Li7: folds 
TheBraveGirl: folds 
BumHuntKing: folds 
gohome78: raises $7.50 to $8.50 and is all-in
BallerXOne: folds 
kars0n: folds 
Uncalled bet ($7.50) returned to gohome78
gohome78 collected $2.50 from pot
*** SUMMARY ***
Total pot $2.50 | Rake $0 
Seat 1: BumHuntKing folded before Flop (didn't bet)
Seat 2: gohome78 (button) collected ($2.50)
Seat 3: BallerXOne (small blind) folded before Flop
Seat 4: kars0n (big blind) folded before Flop
Seat 5: Joe_Li7 folded before Flop (didn't bet)
Seat 6: TheBraveGirl folded before Flop (didn't bet)



PokerStars Hand #254339003905:  Hold'em No Limit ($0.50/$1.00 USD) - 2025/01/12 21:06:29 WET [2025/01/12 16:06:29 ET]
Table 'Lexell III' 6-max Seat #3 is the button
Seat 5: Joe_Li7 ($108 in chips) is sitting out
Seat 1: BumHuntKing ($103.57 in chips) 
Seat 2: gohome78 ($10 in chips) 
Seat 3: BallerXOne ($100 in chips) 
Seat 4: kars0n ($105.48 in chips) 
Seat 6: TheBraveGirl ($128.14 in chips) 
kars0n: posts small blind $0.50
Joe_Li7: is sitting out 
TheBraveGirl: posts big blind $1
*** HOLE CARDS ***
BumHuntKing: folds 
gohome78: raises $9 to $10 and is all-in
BallerXOne: folds 
Joe_Li7 leaves the table
kars0n: folds 
TheBraveGirl: folds 
Uncalled bet ($9) returned to gohome78
gohome78 collected $2.50 from pot
*** SUMMARY ***
Total pot $2.50 | Rake $0 
Seat 5: Joe_Li7
Seat 1: BumHuntKing folded before Flop (didn't bet)
Seat 2: gohome78 collected ($2.50)
Seat 3: BallerXOne (button) folded before Flop (didn't bet)
Seat 4: kars0n (small blind) folded before Flop
Seat 6: TheBraveGirl (big blind) folded before Flop



PokerStars Hand #254339011018:  Hold'em No Limit ($0.50/$1.00 USD) - 2025/01/12 21:06:47 WET [2025/01/12 16:06:47 ET]
Table 'Lexell III' 6-max Seat #4 is the button
Seat 1: BumHuntKing ($103.57 in chips) 
Seat 2: gohome78 ($11.50 in chips) 
Seat 3: BallerXOne ($100 in chips) 
Seat 4: kars0n ($104.98 in chips) 
Seat 6: TheBraveGirl ($127.14 in chips) 
TheBraveGirl: posts small blind $0.50
BumHuntKing: posts big blind $1
*** HOLE CARDS ***
gohome78: folds 
gohome78 leaves the table
BallerXOne: folds 
kars0n: raises $1.50 to $2.50
TheBraveGirl: folds 
BumHuntKing: calls $1.50
*** FLOP *** [8s Qs Qh]
BumHuntKing: checks 
kars0n: bets $1.30
BumHuntKing: calls $1.30
*** TURN *** [8s Qs Qh] [6c]
BumHuntKing: checks 
kars0n: checks 
*** RIVER *** [8s Qs Qh 6c] [Ks]
BumHuntKing: bets $2.54
kars0n: raises $12.46 to $15
gohome78 joins the table at seat #5 
gohome78 leaves the table
BumHuntKing: folds 
Uncalled bet ($12.46) returned to kars0n
kars0n collected $12.52 from pot
kars0n: doesn't show hand 
*** SUMMARY ***
Total pot $13.18 | Rake $0.66 
Board [8s Qs Qh 6c Ks]
Seat 1: BumHuntKing (big blind) folded on the River
Seat 2: gohome78 folded before Flop (didn't bet)
Seat 3: BallerXOne folded before Flop (didn't bet)
Seat 4: kars0n (button) collected ($12.52)
Seat 6: TheBraveGirl (small blind) folded before Flop



PokerStars Hand #254339049047:  Hold'em No Limit ($0.50/$1.00 USD) - 2025/01/12 21:08:22 WET [2025/01/12 16:08:22 ET]
Table 'Lexell III' 6-max Seat #6 is the button
Seat 1: BumHuntKing ($100 in chips) 
Seat 3: BallerXOne ($100 in chips) 
Seat 4: kars0n ($111.16 in chips) 
Seat 6: TheBraveGirl ($126.64 in chips) 
BumHuntKing: posts small blind $0.50
BallerXOne: posts big blind $1
*** HOLE CARDS ***
kars0n: raises $1.50 to $2.50
TheBraveGirl: folds 
BumHuntKing: folds 
BallerXOne: folds 
Uncalled bet ($1.50) returned to kars0n
kars0n collected $2.50 from pot
kars0n: doesn't show hand 
*** SUMMARY ***
Total pot $2.50 | Rake $0 
Seat 1: BumHuntKing (small blind) folded before Flop
Seat 3: BallerXOne (big blind) folded before Flop
Seat 4: kars0n collected ($2.50)
Seat 6: TheBraveGirl (button) folded before Flop (didn't bet)



PokerStars Hand #254339053512:  Hold'em No Limit ($0.50/$1.00 USD) - 2025/01/12 21:08:33 WET [2025/01/12 16:08:33 ET]
Table 'Lexell III' 6-max Seat #1 is the button
Seat 1: BumHuntKing ($100 in chips) 
Seat 3: BallerXOne ($100 in chips) 
Seat 4: kars0n ($112.66 in chips) 
Seat 6: TheBraveGirl ($126.64 in chips) 
BallerXOne: posts small blind $0.50
kars0n: posts big blind $1
*** HOLE CARDS ***
TheBraveGirl: folds 
BumHuntKing: folds 
BallerXOne: folds 
Uncalled bet ($0.50) returned to kars0n
kars0n collected $1 from pot
kars0n: doesn't show hand 
*** SUMMARY ***
Total pot $1 | Rake $0 
Seat 1: BumHuntKing (button) folded before Flop (didn't bet)
Seat 3: BallerXOne (small blind) folded before Flop
Seat 4: kars0n (big blind) collected ($1)
Seat 6: TheBraveGirl folded before Flop (didn't bet)



PokerStars Hand #254339057155:  Hold'em No Limit ($0.50/$1.00 USD) - 2025/01/12 21:08:42 WET [2025/01/12 16:08:42 ET]
Table 'Lexell III' 6-max Seat #4 is the button
Seat 1: BumHuntKing ($100 in chips) is sitting out
Seat 6: TheBraveGirl ($126.64 in chips) is sitting out
Seat 3: BallerXOne ($100 in chips) 
Seat 4: kars0n ($113.16 in chips) 
kars0n: posts small blind $0.50
TheBraveGirl: is sitting out 
BumHuntKing: is sitting out 
BallerXOne: posts big blind $1
*** HOLE CARDS ***
TheBraveGirl leaves the table
kars0n: raises $1.50 to $2.50
BallerXOne: raises $8.50 to $11
kars0n: calls $8.50
*** FLOP *** [4c 3s 3d]
BumHuntKing leaves the table
BallerXOne: checks 
kars0n: checks 
*** TURN *** [4c 3s 3d] [Qs]
BallerXOne: bets $21
kars0n: calls $21
*** RIVER *** [4c 3s 3d Qs] [7d]
BallerXOne: checks 
whitecillar3 joins the table at seat #2 
kars0n: bets $15
BallerXOne: folds 
Uncalled bet ($15) returned to kars0n
kars0n collected $63 from pot
kars0n: doesn't show hand 
*** SUMMARY ***
Total pot $64 | Rake $1 
Board [4c 3s 3d Qs 7d]
Seat 1: BumHuntKing
Seat 6: TheBraveGirl
Seat 3: BallerXOne (big blind) folded on the River
Seat 4: kars0n (button) (small blind) collected ($63)



PokerStars Hand #254339089692:  Hold'em No Limit ($0.50/$1.00 USD) - 2025/01/12 21:10:04 WET [2025/01/12 16:10:04 ET]
Table 'Lexell III' 6-max Seat #3 is the button
Seat 2: whitecillar3 ($100 in chips) 
Seat 3: BallerXOne ($100 in chips) 
Seat 4: kars0n ($144.16 in chips) 
kars0n: posts small blind $0.50
whitecillar3: posts big blind $1
*** HOLE CARDS ***
BallerXOne: raises $1.50 to $2.50
kars0n: folds 
whitecillar3: folds 
Uncalled bet ($1.50) returned to BallerXOne
kars0n leaves the table
BallerXOne collected $2.50 from pot
BallerXOne: doesn't show hand 
*** SUMMARY ***
Total pot $2.50 | Rake $0 
Seat 2: whitecillar3 (big blind) folded before Flop
Seat 3: BallerXOne (button) collected ($2.50)
Seat 4: kars0n (small blind) folded before Flop



PokerStars Hand #254339094891:  Hold'em No Limit ($0.50/$1.00 USD) - 2025/01/12 21:10:17 WET [2025/01/12 16:10:17 ET]
Table 'Lexell III' 6-max Seat #2 is the button
Seat 2: whitecillar3 ($99 in chips) 
Seat 3: BallerXOne ($101.50 in chips) 
whitecillar3: posts small blind $0.50
BallerXOne: posts big blind $1
*** HOLE CARDS ***
whitecillar3: raises $1.50 to $2.50
BallerXOne: raises $7.50 to $10
whitecillar3: folds 
Uncalled bet ($7.50) returned to BallerXOne
BallerXOne collected $5 from pot
BallerXOne: doesn't show hand 
*** SUMMARY ***
Total pot $5 | Rake $0 
Seat 2: whitecillar3 (button) (small blind) folded before Flop
Seat 3: BallerXOne (big blind) collected ($5)



PokerStars Hand #254339101013:  Hold'em No Limit ($0.50/$1.00 USD) - 2025/01/12 21:10:32 WET [2025/01/12 16:10:32 ET]
Table 'Lexell III' 6-max Seat #3 is the button
Seat 2: whitecillar3 ($100 in chips) 
Seat 3: BallerXOne ($104 in chips) 
BallerXOne: posts small blind $0.50
whitecillar3: posts big blind $1
*** HOLE CARDS ***
BallerXOne: raises $1.50 to $2.50
whitecillar3: folds 
Uncalled bet ($1.50) returned to BallerXOne
BallerXOne collected $2 from pot
BallerXOne: doesn't show hand 
*** SUMMARY ***
Total pot $2 | Rake $0 
Seat 2: whitecillar3 (big blind) folded before Flop
Seat 3: BallerXOne (button) (small blind) collected ($2)



