PokerStars Hand #254338534488:  Hold'em No Limit ($0.50/$1.00 USD) - 2025/01/12 20:43:56 WET [2025/01/12 15:43:56 ET]
Table 'Planckia III' 6-max Seat #3 is the button
Seat 1: yolobatard ($10 in chips) is sitting out
Seat 6: YeeesMan ($100 in chips) is sitting out
Seat 2: rockets184 ($25.39 in chips) 
Seat 3: ptolejmus ($10 in chips) 
Seat 4: kvcsszblcs ($100.50 in chips) 
Seat 5: steepfell ($100 in chips) 
kvcsszblcs: posts small blind $0.50
steepfell: posts big blind $1
YeeesMan: sits out 
yolobatard: sits out 
*** HOLE CARDS ***
rockets184: folds 
ptolejmus: raises $1 to $2
kvcsszblcs: raises $3.50 to $5.50
steepfell: folds 
ptolejmus: raises $4.50 to $10 and is all-in
kvcsszblcs: calls $4.50
*** FLOP *** [2h 5d 9h]
*** TURN *** [2h 5d 9h] [4d]
*** RIVER *** [2h 5d 9h 4d] [8d]
*** SHOW DOWN ***
kvcsszblcs: shows [As 3s] (a straight, Ace to Five)
ptolejmus: shows [Ts Td] (a pair of Tens)
kvcsszblcs collected $20 from pot
*** SUMMARY ***
Total pot $21 | Rake $1 
Board [2h 5d 9h 4d 8d]
Seat 1: yolobatard
Seat 6: YeeesMan
Seat 2: rockets184 folded before Flop (didn't bet)
Seat 3: ptolejmus (button) showed [Ts Td] and lost with a pair of Tens
Seat 4: kvcsszblcs (small blind) showed [As 3s] and won ($20) with a straight, Ace to Five
Seat 5: steepfell (big blind) folded before Flop



PokerStars Hand #254338549645:  Hold'em No Limit ($0.50/$1.00 USD) - 2025/01/12 20:44:34 WET [2025/01/12 15:44:34 ET]
Table 'Planckia III' 6-max Seat #4 is the button
Seat 1: yolobatard ($10 in chips) is sitting out
Seat 2: rockets184 ($25.39 in chips) 
Seat 3: ptolejmus ($10 in chips) 
Seat 4: kvcsszblcs ($110.50 in chips) 
Seat 5: steepfell ($100 in chips) 
Seat 6: YeeesMan ($100 in chips) 
steepfell: posts small blind $0.50
YeeesMan: posts big blind $1
yolobatard: sits out 
*** HOLE CARDS ***
rockets184: folds 
ptolejmus: folds 
yolobatard leaves the table
kvcsszblcs: folds 
steepfell: raises $2 to $3
YeeesMan: folds 
Uncalled bet ($2) returned to steepfell
steepfell collected $2 from pot
steepfell: doesn't show hand 
*** SUMMARY ***
Total pot $2 | Rake $0 
Seat 1: yolobatard
Seat 2: rockets184 folded before Flop (didn't bet)
Seat 3: ptolejmus folded before Flop (didn't bet)
Seat 4: kvcsszblcs (button) folded before Flop (didn't bet)
Seat 5: steepfell (small blind) collected ($2)
Seat 6: YeeesMan (big blind) folded before Flop



PokerStars Hand #254338560937:  Hold'em No Limit ($0.50/$1.00 USD) - 2025/01/12 20:45:03 WET [2025/01/12 15:45:03 ET]
Table 'Planckia III' 6-max Seat #5 is the button
Seat 2: rockets184 ($25.39 in chips) 
Seat 3: ptolejmus ($10 in chips) 
Seat 4: kvcsszblcs ($110.50 in chips) 
Seat 5: steepfell ($101 in chips) 
Seat 6: YeeesMan ($100 in chips) 
YeeesMan: posts small blind $0.50
rockets184: posts big blind $1
*** HOLE CARDS ***
abdi104 joins the table at seat #1 
abdi104 is disconnected 
ptolejmus: folds 
kvcsszblcs: folds 
steepfell: raises $1.50 to $2.50
YeeesMan: folds 
rockets184: folds 
Uncalled bet ($1.50) returned to steepfell
steepfell collected $2.50 from pot
steepfell: doesn't show hand 
*** SUMMARY ***
Total pot $2.50 | Rake $0 
Seat 2: rockets184 (big blind) folded before Flop
Seat 3: ptolejmus folded before Flop (didn't bet)
Seat 4: kvcsszblcs folded before Flop (didn't bet)
Seat 5: steepfell (button) collected ($2.50)
Seat 6: YeeesMan (small blind) folded before Flop



PokerStars Hand #254338568743:  Hold'em No Limit ($0.50/$1.00 USD) - 2025/01/12 20:45:22 WET [2025/01/12 15:45:22 ET]
Table 'Planckia III' 6-max Seat #6 is the button
Seat 1: abdi104 ($95.24 in chips) is sitting out
Seat 2: rockets184 ($24.39 in chips) 
Seat 3: ptolejmus ($10 in chips) 
Seat 4: kvcsszblcs ($110.50 in chips) 
Seat 5: steepfell ($102.50 in chips) 
Seat 6: YeeesMan ($100 in chips) 
rockets184: posts small blind $0.50
ptolejmus: posts big blind $1
*** HOLE CARDS ***
kvcsszblcs: raises $1 to $2
steepfell: folds 
YeeesMan: folds 
rockets184: calls $1.50
ptolejmus: folds 
*** FLOP *** [Qd 7s 3s]
rockets184: checks 
kvcsszblcs: bets $2.38
rockets184: folds 
Uncalled bet ($2.38) returned to kvcsszblcs
kvcsszblcs collected $4.75 from pot
kvcsszblcs: doesn't show hand 
*** SUMMARY ***
Total pot $5 | Rake $0.25 
Board [Qd 7s 3s]
Seat 1: abdi104
Seat 2: rockets184 (small blind) folded on the Flop
Seat 3: ptolejmus (big blind) folded before Flop
Seat 4: kvcsszblcs collected ($4.75)
Seat 5: steepfell folded before Flop (didn't bet)
Seat 6: YeeesMan (button) folded before Flop (didn't bet)



PokerStars Hand #254338579854:  Hold'em No Limit ($0.50/$1.00 USD) - 2025/01/12 20:45:50 WET [2025/01/12 15:45:50 ET]
Table 'Planckia III' 6-max Seat #2 is the button
Seat 1: abdi104 ($95.24 in chips) 
Seat 2: rockets184 ($22.39 in chips) 
Seat 3: ptolejmus ($10 in chips) 
Seat 4: kvcsszblcs ($113.25 in chips) 
Seat 5: steepfell ($102.50 in chips) 
Seat 6: YeeesMan ($100 in chips) 
ptolejmus: posts small blind $0.50
kvcsszblcs: posts big blind $1
abdi104: posts big blind $1
*** HOLE CARDS ***
steepfell: folds 
YeeesMan: raises $2.50 to $3.50
abdi104: folds 
rockets184: folds 
ptolejmus: raises $6.50 to $10 and is all-in
kvcsszblcs: folds 
YeeesMan: calls $6.50
*** FIRST FLOP *** [Jh 6d Kh]
*** FIRST TURN *** [Jh 6d Kh] [2d]
*** FIRST RIVER *** [Jh 6d Kh 2d] [5d]
*** SECOND FLOP *** [4d Qh Ks]
*** SECOND TURN *** [4d Qh Ks] [5h]
*** SECOND RIVER *** [4d Qh Ks 5h] [9h]
*** FIRST SHOW DOWN ***
ptolejmus: shows [Kc As] (a pair of Kings)
YeeesMan: shows [7s 7h] (a pair of Sevens)
ptolejmus collected $10.45 from pot
*** SECOND SHOW DOWN ***
ptolejmus: shows [Kc As] (a pair of Kings)
YeeesMan: shows [7s 7h] (a pair of Sevens)
ptolejmus collected $10.45 from pot
*** SUMMARY ***
Total pot $22 | Rake $1.10 
Hand was run twice
FIRST Board [Jh 6d Kh 2d 5d]
SECOND Board [4d Qh Ks 5h 9h]
Seat 1: abdi104 folded before Flop (didn't bet)
Seat 2: rockets184 (button) folded before Flop (didn't bet)
Seat 3: ptolejmus (small blind) showed [Kc As] and won ($10.45) with a pair of Kings, and won ($10.45) with a pair of Kings
Seat 4: kvcsszblcs (big blind) folded before Flop
Seat 5: steepfell folded before Flop (didn't bet)
Seat 6: YeeesMan showed [7s 7h] and lost with a pair of Sevens, and lost with a pair of Sevens



PokerStars Hand #254338598937:  Hold'em No Limit ($0.50/$1.00 USD) - 2025/01/12 20:46:38 WET [2025/01/12 15:46:38 ET]
Table 'Planckia III' 6-max Seat #3 is the button
Seat 5: steepfell ($102.50 in chips) is sitting out
Seat 1: abdi104 ($94.24 in chips) 
Seat 2: rockets184 ($22.39 in chips) 
Seat 3: ptolejmus ($20.90 in chips) 
Seat 4: kvcsszblcs ($112.25 in chips) 
Seat 6: YeeesMan ($100 in chips) 
kvcsszblcs: posts small blind $0.50
steepfell: is sitting out 
YeeesMan: posts big blind $1
*** HOLE CARDS ***
abdi104: raises $2 to $3
rockets184: folds 
ptolejmus: raises $17.90 to $20.90 and is all-in
kvcsszblcs: calls $20.40
YeeesMan: folds 
abdi104: calls $17.90
*** FLOP *** [Ad Td 9s]
kvcsszblcs: checks 
abdi104: checks 
*** TURN *** [Ad Td 9s] [Qh]
kvcsszblcs: bets $15.30
abdi104: calls $15.30
*** RIVER *** [Ad Td 9s Qh] [3s]
kvcsszblcs: bets $76.05 and is all-in
abdi104: folds 
Uncalled bet ($76.05) returned to kvcsszblcs
*** SHOW DOWN ***
kvcsszblcs: shows [9d 9h] (three of a kind, Nines)
kvcsszblcs collected $30.60 from side pot
ptolejmus: shows [Ac Js] (a pair of Aces)
kvcsszblcs collected $61.20 from main pot
*** SUMMARY ***
Total pot $94.30 Main pot $61.20. Side pot $30.60. | Rake $2.50 
Board [Ad Td 9s Qh 3s]
Seat 5: steepfell
Seat 1: abdi104 folded on the River
Seat 2: rockets184 folded before Flop (didn't bet)
Seat 3: ptolejmus (button) showed [Ac Js] and lost with a pair of Aces
Seat 4: kvcsszblcs (small blind) showed [9d 9h] and won ($91.80) with three of a kind, Nines
Seat 6: YeeesMan (big blind) folded before Flop



PokerStars Hand #254338626376:  Hold'em No Limit ($0.50/$1.00 USD) - 2025/01/12 20:47:46 WET [2025/01/12 15:47:46 ET]
Table 'Planckia III' 6-max Seat #4 is the button
Seat 5: steepfell ($102.50 in chips) is sitting out
Seat 1: abdi104 ($58.04 in chips) 
Seat 2: rockets184 ($22.39 in chips) 
Seat 3: ptolejmus ($10 in chips) 
Seat 4: kvcsszblcs ($167.85 in chips) 
Seat 6: YeeesMan ($100 in chips) 
YeeesMan: posts small blind $0.50
abdi104: posts big blind $1
*** HOLE CARDS ***
rockets184: folds 
ptolejmus: folds 
kvcsszblcs: folds 
YeeesMan: folds 
Uncalled bet ($0.50) returned to abdi104
abdi104 collected $1 from pot
*** SUMMARY ***
Total pot $1 | Rake $0 
Seat 5: steepfell
Seat 1: abdi104 (big blind) collected ($1)
Seat 2: rockets184 folded before Flop (didn't bet)
Seat 3: ptolejmus folded before Flop (didn't bet)
Seat 4: kvcsszblcs (button) folded before Flop (didn't bet)
Seat 6: YeeesMan (small blind) folded before Flop



PokerStars Hand #254338632244:  Hold'em No Limit ($0.50/$1.00 USD) - 2025/01/12 20:48:01 WET [2025/01/12 15:48:01 ET]
Table 'Planckia III' 6-max Seat #6 is the button
Seat 5: steepfell ($102.50 in chips) is sitting out
Seat 1: abdi104 ($58.54 in chips) 
Seat 2: rockets184 ($22.39 in chips) 
Seat 3: ptolejmus ($10 in chips) 
Seat 4: kvcsszblcs ($167.85 in chips) 
Seat 6: YeeesMan ($100 in chips) 
abdi104: posts small blind $0.50
rockets184: posts big blind $1
steepfell: sits out 
*** HOLE CARDS ***
ptolejmus: folds 
kvcsszblcs: folds 
YeeesMan: folds 
abdi104: folds 
Uncalled bet ($0.50) returned to rockets184
rockets184 collected $1 from pot
*** SUMMARY ***
Total pot $1 | Rake $0 
Seat 5: steepfell
Seat 1: abdi104 (small blind) folded before Flop
Seat 2: rockets184 (big blind) collected ($1)
Seat 3: ptolejmus folded before Flop (didn't bet)
Seat 4: kvcsszblcs folded before Flop (didn't bet)
Seat 6: YeeesMan (button) folded before Flop (didn't bet)



PokerStars Hand #254338638510:  Hold'em No Limit ($0.50/$1.00 USD) - 2025/01/12 20:48:17 WET [2025/01/12 15:48:17 ET]
Table 'Planckia III' 6-max Seat #1 is the button
Seat 5: steepfell ($102.50 in chips) is sitting out
Seat 1: abdi104 ($58.04 in chips) 
Seat 2: rockets184 ($22.89 in chips) 
Seat 3: ptolejmus ($10 in chips) 
Seat 4: kvcsszblcs ($167.85 in chips) 
Seat 6: YeeesMan ($100 in chips) 
rockets184: posts small blind $0.50
ptolejmus: posts big blind $1
steepfell: sits out 
*** HOLE CARDS ***
kvcsszblcs: folds 
YeeesMan: folds 
abdi104: folds 
rockets184: raises $2 to $3
ptolejmus: raises $7 to $10 and is all-in
rockets184: calls $7
*** FLOP *** [Js 5c 2h]
*** TURN *** [Js 5c 2h] [9h]
*** RIVER *** [Js 5c 2h 9h] [4h]
*** SHOW DOWN ***
rockets184: shows [6d 6h] (a pair of Sixes)
ptolejmus: shows [8s Kc] (high card King)
rockets184 collected $19 from pot
*** SUMMARY ***
Total pot $20 | Rake $1 
Board [Js 5c 2h 9h 4h]
Seat 5: steepfell
Seat 1: abdi104 (button) folded before Flop (didn't bet)
Seat 2: rockets184 (small blind) showed [6d 6h] and won ($19) with a pair of Sixes
Seat 3: ptolejmus (big blind) showed [8s Kc] and lost with high card King
Seat 4: kvcsszblcs folded before Flop (didn't bet)
Seat 6: YeeesMan folded before Flop (didn't bet)



PokerStars Hand #254338652132:  Hold'em No Limit ($0.50/$1.00 USD) - 2025/01/12 20:48:51 WET [2025/01/12 15:48:51 ET]
Table 'Planckia III' 6-max Seat #2 is the button
Seat 5: steepfell ($102.50 in chips) is sitting out
Seat 1: abdi104 ($58.04 in chips) 
Seat 2: rockets184 ($31.89 in chips) 
Seat 3: ptolejmus ($10 in chips) 
Seat 4: kvcsszblcs ($167.85 in chips) 
Seat 6: YeeesMan ($100 in chips) 
ptolejmus: posts small blind $0.50
kvcsszblcs: posts big blind $1
steepfell: sits out 
*** HOLE CARDS ***
YeeesMan: folds 
abdi104: raises $3 to $4
rockets184: folds 
ptolejmus: folds 
kvcsszblcs: folds 
Uncalled bet ($3) returned to abdi104
abdi104 collected $2.50 from pot
*** SUMMARY ***
Total pot $2.50 | Rake $0 
Seat 5: steepfell
Seat 1: abdi104 collected ($2.50)
Seat 2: rockets184 (button) folded before Flop (didn't bet)
Seat 3: ptolejmus (small blind) folded before Flop
Seat 4: kvcsszblcs (big blind) folded before Flop
Seat 6: YeeesMan folded before Flop (didn't bet)



PokerStars Hand #254338660846:  Hold'em No Limit ($0.50/$1.00 USD) - 2025/01/12 20:49:13 WET [2025/01/12 15:49:13 ET]
Table 'Planckia III' 6-max Seat #3 is the button
Seat 1: abdi104 ($59.54 in chips) 
Seat 2: rockets184 ($31.89 in chips) 
Seat 3: ptolejmus ($10 in chips) 
Seat 4: kvcsszblcs ($166.85 in chips) 
Seat 5: steepfell ($102.50 in chips) 
Seat 6: YeeesMan ($100 in chips) 
kvcsszblcs: posts small blind $0.50
steepfell: posts big blind $1
*** HOLE CARDS ***
YeeesMan: folds 
abdi104: folds 
rockets184: folds 
ptolejmus: folds 
kvcsszblcs: folds 
Uncalled bet ($0.50) returned to steepfell
steepfell collected $1 from pot
steepfell: doesn't show hand 
*** SUMMARY ***
Total pot $1 | Rake $0 
Seat 1: abdi104 folded before Flop (didn't bet)
Seat 2: rockets184 folded before Flop (didn't bet)
Seat 3: ptolejmus (button) folded before Flop (didn't bet)
Seat 4: kvcsszblcs (small blind) folded before Flop
Seat 5: steepfell (big blind) collected ($1)
Seat 6: YeeesMan folded before Flop (didn't bet)



PokerStars Hand #254338666633:  Hold'em No Limit ($0.50/$1.00 USD) - 2025/01/12 20:49:28 WET [2025/01/12 15:49:28 ET]
Table 'Planckia III' 6-max Seat #4 is the button
Seat 1: abdi104 ($59.54 in chips) 
Seat 2: rockets184 ($31.89 in chips) 
Seat 3: ptolejmus ($10 in chips) 
Seat 4: kvcsszblcs ($166.35 in chips) 
Seat 5: steepfell ($103 in chips) 
Seat 6: YeeesMan ($100 in chips) 
steepfell: posts small blind $0.50
YeeesMan: posts big blind $1
*** HOLE CARDS ***
abdi104: folds 
rockets184: raises $2 to $3
ptolejmus: raises $7 to $10 and is all-in
kvcsszblcs: folds 
steepfell: folds 
YeeesMan: folds 
rockets184: folds 
Uncalled bet ($7) returned to ptolejmus
ptolejmus collected $7.50 from pot
*** SUMMARY ***
Total pot $7.50 | Rake $0 
Seat 1: abdi104 folded before Flop (didn't bet)
Seat 2: rockets184 folded before Flop
Seat 3: ptolejmus collected ($7.50)
Seat 4: kvcsszblcs (button) folded before Flop (didn't bet)
Seat 5: steepfell (small blind) folded before Flop
Seat 6: YeeesMan (big blind) folded before Flop



PokerStars Hand #254338675091:  Hold'em No Limit ($0.50/$1.00 USD) - 2025/01/12 20:49:49 WET [2025/01/12 15:49:49 ET]
Table 'Planckia III' 6-max Seat #5 is the button
Seat 1: abdi104 ($59.54 in chips) 
Seat 2: rockets184 ($28.89 in chips) 
Seat 3: ptolejmus ($14.50 in chips) 
Seat 4: kvcsszblcs ($166.35 in chips) 
Seat 5: steepfell ($102.50 in chips) 
Seat 6: YeeesMan ($100 in chips) 
YeeesMan: posts small blind $0.50
abdi104: posts big blind $1
*** HOLE CARDS ***
rockets184: folds 
ptolejmus: raises $1 to $2
kvcsszblcs: folds 
steepfell: raises $6 to $8
YeeesMan: folds 
abdi104: folds 
ptolejmus: raises $6.50 to $14.50 and is all-in
steepfell: calls $6.50
*** FIRST FLOP *** [Ah Th 6h]
*** FIRST TURN *** [Ah Th 6h] [6c]
*** FIRST RIVER *** [Ah Th 6h 6c] [7c]
*** SECOND FLOP *** [2h 4s 7d]
*** SECOND TURN *** [2h 4s 7d] [2c]
*** SECOND RIVER *** [2h 4s 7d 2c] [8h]
*** FIRST SHOW DOWN ***
ptolejmus: shows [Ad Kd] (two pair, Aces and Sixes)
steepfell: shows [Qs Qc] (two pair, Queens and Sixes)
ptolejmus collected $14.49 from pot
*** SECOND SHOW DOWN ***
ptolejmus: shows [Ad Kd] (a pair of Deuces)
steepfell: shows [Qs Qc] (two pair, Queens and Deuces)
steepfell collected $14.49 from pot
*** SUMMARY ***
Total pot $30.50 | Rake $1.52 
Hand was run twice
FIRST Board [Ah Th 6h 6c 7c]
SECOND Board [2h 4s 7d 2c 8h]
Seat 1: abdi104 (big blind) folded before Flop
Seat 2: rockets184 folded before Flop (didn't bet)
Seat 3: ptolejmus showed [Ad Kd] and won ($14.49) with two pair, Aces and Sixes, and lost with a pair of Deuces
Seat 4: kvcsszblcs folded before Flop (didn't bet)
Seat 5: steepfell (button) showed [Qs Qc] and lost with two pair, Queens and Sixes, and won ($14.49) with two pair, Queens and Deuces
Seat 6: YeeesMan (small blind) folded before Flop



PokerStars Hand #254338689424:  Hold'em No Limit ($0.50/$1.00 USD) - 2025/01/12 20:50:25 WET [2025/01/12 15:50:25 ET]
Table 'Planckia III' 6-max Seat #6 is the button
Seat 1: abdi104 ($58.54 in chips) 
Seat 2: rockets184 ($28.89 in chips) 
Seat 3: ptolejmus ($14.49 in chips) 
Seat 4: kvcsszblcs ($166.35 in chips) 
Seat 5: steepfell ($102.49 in chips) 
Seat 6: YeeesMan ($100 in chips) 
abdi104: posts small blind $0.50
rockets184: posts big blind $1
*** HOLE CARDS ***
ptolejmus: folds 
kvcsszblcs: folds 
steepfell: folds 
YeeesMan: raises $1.50 to $2.50
abdi104: calls $2
rockets184: folds 
*** FLOP *** [8d Qs 8h]
abdi104: checks 
YeeesMan: checks 
*** TURN *** [8d Qs 8h] [Jc]
abdi104: bets $5
YeeesMan: folds 
Uncalled bet ($5) returned to abdi104
abdi104 collected $5.62 from pot
*** SUMMARY ***
Total pot $6 | Rake $0.38 
Board [8d Qs 8h Jc]
Seat 1: abdi104 (small blind) collected ($5.62)
Seat 2: rockets184 (big blind) folded before Flop
Seat 3: ptolejmus folded before Flop (didn't bet)
Seat 4: kvcsszblcs folded before Flop (didn't bet)
Seat 5: steepfell folded before Flop (didn't bet)
Seat 6: YeeesMan (button) folded on the Turn



PokerStars Hand #254338706828:  Hold'em No Limit ($0.50/$1.00 USD) - 2025/01/12 20:51:09 WET [2025/01/12 15:51:09 ET]
Table 'Planckia III' 6-max Seat #1 is the button
Seat 1: abdi104 ($61.66 in chips) 
Seat 2: rockets184 ($27.89 in chips) 
Seat 3: ptolejmus ($14.49 in chips) 
Seat 4: kvcsszblcs ($166.35 in chips) 
Seat 5: steepfell ($102.49 in chips) 
Seat 6: YeeesMan ($100 in chips) 
rockets184: posts small blind $0.50
ptolejmus: posts big blind $1
*** HOLE CARDS ***
kvcsszblcs: folds 
steepfell: folds 
YeeesMan: folds 
abdi104: raises $2 to $3
rockets184: folds 
ptolejmus: raises $11.49 to $14.49 and is all-in
abdi104: calls $11.49
*** FLOP *** [Ad 9s Qd]
*** TURN *** [Ad 9s Qd] [5c]
*** RIVER *** [Ad 9s Qd 5c] [5s]
*** SHOW DOWN ***
ptolejmus: shows [Ah Kh] (two pair, Aces and Fives)
abdi104: shows [9d Ac] (two pair, Aces and Nines)
abdi104 collected $27.64 from pot
*** SUMMARY ***
Total pot $29.48 | Rake $1.84 
Board [Ad 9s Qd 5c 5s]
Seat 1: abdi104 (button) showed [9d Ac] and won ($27.64) with two pair, Aces and Nines
Seat 2: rockets184 (small blind) folded before Flop
Seat 3: ptolejmus (big blind) showed [Ah Kh] and lost with two pair, Aces and Fives
Seat 4: kvcsszblcs folded before Flop (didn't bet)
Seat 5: steepfell folded before Flop (didn't bet)
Seat 6: YeeesMan folded before Flop (didn't bet)



PokerStars Hand #254338725315:  Hold'em No Limit ($0.50/$1.00 USD) - 2025/01/12 20:51:56 WET [2025/01/12 15:51:56 ET]
Table 'Planckia III' 6-max Seat #2 is the button
Seat 1: abdi104 ($74.81 in chips) 
Seat 2: rockets184 ($27.39 in chips) 
Seat 3: ptolejmus ($10 in chips) 
Seat 4: kvcsszblcs ($166.35 in chips) 
Seat 5: steepfell ($102.49 in chips) 
Seat 6: YeeesMan ($100 in chips) 
ptolejmus: posts small blind $0.50
kvcsszblcs: posts big blind $1
*** HOLE CARDS ***
steepfell: folds 
YeeesMan: raises $1.50 to $2.50
abdi104: folds 
rockets184: calls $2.50
ptolejmus: folds 
kvcsszblcs: calls $1.50
*** FLOP *** [3c 4h 9h]
kvcsszblcs: checks 
YeeesMan: checks 
rockets184: bets $3.80
kvcsszblcs: folds 
YeeesMan: folds 
Uncalled bet ($3.80) returned to rockets184
rockets184 collected $7.60 from pot
*** SUMMARY ***
Total pot $8 | Rake $0.40 
Board [3c 4h 9h]
Seat 1: abdi104 folded before Flop (didn't bet)
Seat 2: rockets184 (button) collected ($7.60)
Seat 3: ptolejmus (small blind) folded before Flop
Seat 4: kvcsszblcs (big blind) folded on the Flop
Seat 5: steepfell folded before Flop (didn't bet)
Seat 6: YeeesMan folded on the Flop



PokerStars Hand #254338741944:  Hold'em No Limit ($0.50/$1.00 USD) - 2025/01/12 20:52:38 WET [2025/01/12 15:52:38 ET]
Table 'Planckia III' 6-max Seat #3 is the button
Seat 1: abdi104 ($74.81 in chips) 
Seat 2: rockets184 ($32.49 in chips) 
Seat 3: ptolejmus ($10 in chips) 
Seat 4: kvcsszblcs ($163.85 in chips) 
Seat 5: steepfell ($102.49 in chips) 
Seat 6: YeeesMan ($100 in chips) 
kvcsszblcs: posts small blind $0.50
steepfell: posts big blind $1
*** HOLE CARDS ***
YeeesMan: folds 
abdi104: raises $1 to $2
rockets184: raises $5.50 to $7.50
ptolejmus: folds 
kvcsszblcs: folds 
steepfell: raises $14.50 to $22
abdi104: calls $20
rockets184: raises $10.49 to $32.49 and is all-in
steepfell: calls $10.49
abdi104: calls $10.49
*** FLOP *** [2d 7h As]
steepfell: checks 
abdi104: bets $42.32 and is all-in
steepfell: calls $42.32
*** TURN *** [2d 7h As] [7c]
*** RIVER *** [2d 7h As 7c] [3h]
*** SHOW DOWN ***
steepfell: shows [Ah Qh] (two pair, Aces and Sevens)
abdi104: shows [7d 6h] (three of a kind, Sevens)
abdi104 collected $84.64 from side pot
rockets184: shows [Ad Ks] (two pair, Aces and Sevens)
abdi104 collected $94.85 from main pot
*** SUMMARY ***
Total pot $182.61 Main pot $94.85. Side pot $84.64. | Rake $3.12 
Board [2d 7h As 7c 3h]
Seat 1: abdi104 showed [7d 6h] and won ($179.49) with three of a kind, Sevens
Seat 2: rockets184 showed [Ad Ks] and lost with two pair, Aces and Sevens
Seat 3: ptolejmus (button) folded before Flop (didn't bet)
Seat 4: kvcsszblcs (small blind) folded before Flop
Seat 5: steepfell (big blind) showed [Ah Qh] and lost with two pair, Aces and Sevens
Seat 6: YeeesMan folded before Flop (didn't bet)



PokerStars Hand #254338765534:  Hold'em No Limit ($0.50/$1.00 USD) - 2025/01/12 20:53:38 WET [2025/01/12 15:53:38 ET]
Table 'Planckia III' 6-max Seat #4 is the button
Seat 2: rockets184 ($0 in chips) is sitting out
Seat 1: abdi104 ($179.49 in chips) 
Seat 3: ptolejmus ($10 in chips) 
Seat 4: kvcsszblcs ($163.35 in chips) 
Seat 5: steepfell ($100 in chips) 
Seat 6: YeeesMan ($100 in chips) 
steepfell: posts small blind $0.50
YeeesMan: posts big blind $1
*** HOLE CARDS ***
abdi104: raises $3 to $4
rockets184 leaves the table
ptolejmus: raises $6 to $10 and is all-in
kvcsszblcs: folds 
steepfell: raises $10 to $20
YeeesMan: folds 
abdi104: calls $16
*** FLOP *** [Qc 6c Jh]
steepfell: bets $32.01
abdi104: folds 
Uncalled bet ($32.01) returned to steepfell
*** FIRST TURN *** [Qc 6c Jh] [8d]
XneferX joins the table at seat #2 
*** FIRST RIVER *** [Qc 6c Jh 8d] [3d]
*** SECOND TURN *** [Qc 6c Jh] [Ts]
*** SECOND RIVER *** [Qc 6c Jh Ts] [9d]
*** FIRST SHOW DOWN ***
steepfell: shows [Qd As] (a pair of Queens)
steepfell collected $9.53 from side pot
ptolejmus: shows [Ks Kh] (a pair of Kings)
ptolejmus collected $14.73 from main pot
*** SECOND SHOW DOWN ***
steepfell: shows [Qd As] (a pair of Queens)
steepfell collected $9.52 from side pot
ptolejmus: shows [Ks Kh] (a straight, Nine to King)
ptolejmus collected $14.72 from main pot
*** SUMMARY ***
Total pot $51 Main pot $29.45. Side pot $19.05. | Rake $2.50 
Hand was run twice
FIRST Board [Qc 6c Jh 8d 3d]
SECOND Board [Qc 6c Jh Ts 9d]
Seat 2: rockets184
Seat 1: abdi104 folded on the Flop
Seat 3: ptolejmus showed [Ks Kh] and won ($14.73) with a pair of Kings, and won ($14.72) with a straight, Nine to King
Seat 4: kvcsszblcs (button) folded before Flop (didn't bet)
Seat 5: steepfell (small blind) showed [Qd As] and won ($9.53) with a pair of Queens, and won ($9.52) with a pair of Queens
Seat 6: YeeesMan (big blind) folded before Flop



PokerStars Hand #254338785451:  Hold'em No Limit ($0.50/$1.00 USD) - 2025/01/12 20:54:28 WET [2025/01/12 15:54:28 ET]
Table 'Planckia III' 6-max Seat #5 is the button
Seat 2: XneferX ($100 in chips) is sitting out
Seat 1: abdi104 ($159.49 in chips) 
Seat 3: ptolejmus ($29.45 in chips) 
Seat 4: kvcsszblcs ($163.35 in chips) 
Seat 5: steepfell ($100 in chips) 
Seat 6: YeeesMan ($100 in chips) 
YeeesMan: posts small blind $0.50
abdi104: posts big blind $1
XneferX: sits out 
*** HOLE CARDS ***
ptolejmus: folds 
kvcsszblcs: raises $1 to $2
steepfell: folds 
YeeesMan: folds 
abdi104: raises $3 to $5
kvcsszblcs: calls $3
*** FLOP *** [6d Qd 7s]
abdi104: bets $5
kvcsszblcs: calls $5
*** TURN *** [6d Qd 7s] [Qc]
abdi104: bets $10
kvcsszblcs: calls $10
*** RIVER *** [6d Qd 7s Qc] [4c]
abdi104: bets $19.24
kvcsszblcs: raises $124.11 to $143.35 and is all-in
abdi104: folds 
Uncalled bet ($124.11) returned to kvcsszblcs
kvcsszblcs collected $76.48 from pot
kvcsszblcs: doesn't show hand 
*** SUMMARY ***
Total pot $78.98 | Rake $2.50 
Board [6d Qd 7s Qc 4c]
Seat 2: XneferX
Seat 1: abdi104 (big blind) folded on the River
Seat 3: ptolejmus folded before Flop (didn't bet)
Seat 4: kvcsszblcs collected ($76.48)
Seat 5: steepfell (button) folded before Flop (didn't bet)
Seat 6: YeeesMan (small blind) folded before Flop



PokerStars Hand #254338812816:  Hold'em No Limit ($0.50/$1.00 USD) - 2025/01/12 20:56:08 WET [2025/01/12 15:56:08 ET]
Table 'Planckia III' 6-max Seat #6 is the button
Seat 1: abdi104 ($120.25 in chips) 
Seat 2: XneferX ($100 in chips) 
Seat 3: ptolejmus ($29.45 in chips) 
Seat 4: kvcsszblcs ($200.59 in chips) 
Seat 5: steepfell ($100 in chips) 
Seat 6: YeeesMan ($100 in chips) 
abdi104: posts small blind $0.50
XneferX: posts big blind $1
*** HOLE CARDS ***
ptolejmus: folds 
kvcsszblcs: folds 
steepfell: raises $1.50 to $2.50
YeeesMan: folds 
abdi104: folds 
XneferX: folds 
Uncalled bet ($1.50) returned to steepfell
abdi104 leaves the table
steepfell collected $2.50 from pot
steepfell: doesn't show hand 
*** SUMMARY ***
Total pot $2.50 | Rake $0 
Seat 1: abdi104 (small blind) folded before Flop
Seat 2: XneferX (big blind) folded before Flop
Seat 3: ptolejmus folded before Flop (didn't bet)
Seat 4: kvcsszblcs folded before Flop (didn't bet)
Seat 5: steepfell collected ($2.50)
Seat 6: YeeesMan (button) folded before Flop (didn't bet)



PokerStars Hand #254338819598:  Hold'em No Limit ($0.50/$1.00 USD) - 2025/01/12 20:56:38 WET [2025/01/12 15:56:38 ET]
Table 'Planckia III' 6-max Seat #2 is the button
Seat 2: XneferX ($100 in chips) 
Seat 3: ptolejmus ($29.45 in chips) 
Seat 4: kvcsszblcs ($200.59 in chips) 
Seat 5: steepfell ($101.50 in chips) 
Seat 6: YeeesMan ($100 in chips) 
ptolejmus: posts small blind $0.50
kvcsszblcs: posts big blind $1
*** HOLE CARDS ***
steepfell: folds 
YeeesMan: folds 
XneferX: raises $1.77 to $2.77
ptolejmus: raises $26.68 to $29.45 and is all-in
kvcsszblcs: folds 
XneferX: folds 
Uncalled bet ($26.68) returned to ptolejmus
ptolejmus collected $6.54 from pot
*** SUMMARY ***
Total pot $6.54 | Rake $0 
Seat 2: XneferX (button) folded before Flop
Seat 3: ptolejmus (small blind) collected ($6.54)
Seat 4: kvcsszblcs (big blind) folded before Flop
Seat 5: steepfell folded before Flop (didn't bet)
Seat 6: YeeesMan folded before Flop (didn't bet)



