PokerStars Hand #254328432503:  Hold'em No Limit ($0.50/$1.00 USD) - 2025/01/12 10:18:29 WET [2025/01/12 5:18:29 ET]
Table 'Kentaurus II' 6-max Seat #3 is the button
Seat 1: MarciMarc1984 ($95 in chips) is sitting out
Seat 2: fobot21 ($100 in chips) 
Seat 3: Alinyr ($104.50 in chips) 
Alinyr: posts small blind $0.50
fobot21: posts big blind $1
*** HOLE CARDS ***
Alinyr: folds 
Uncalled bet ($0.50) returned to fobot21
fobot21 collected $1 from pot
fobot21: doesn't show hand 
MarciMarc1984 leaves the table
blistein joins the table at seat #6 
*** SUMMARY ***
Total pot $1 | Rake $0 
Seat 1: MarciMarc1984
Seat 2: fobot21 (big blind) collected ($1)
Seat 3: Alinyr (button) (small blind) folded before Flop



PokerStars Hand #254328433348:  Hold'em No Limit ($0.50/$1.00 USD) - 2025/01/12 10:18:36 WET [2025/01/12 5:18:36 ET]
Table 'Kentaurus II' 6-max Seat #2 is the button
Seat 2: fobot21 ($100.50 in chips) 
Seat 3: Alinyr ($104 in chips) 
Seat 6: blistein ($100 in chips) 
Alinyr: posts small blind $0.50
blistein: posts big blind $1
*** HOLE CARDS ***
BronzéDuPoker joins the table at seat #5 
BronzéDuPoker is disconnected 
fobot21: folds 
Ysiven joins the table at seat #4 
Alinyr: folds 
Uncalled bet ($0.50) returned to blistein
blistein collected $1 from pot
blistein: doesn't show hand 
*** SUMMARY ***
Total pot $1 | Rake $0 
Seat 2: fobot21 (button) folded before Flop (didn't bet)
Seat 3: Alinyr (small blind) folded before Flop
Seat 6: blistein (big blind) collected ($1)



PokerStars Hand #254328434128:  Hold'em No Limit ($0.50/$1.00 USD) - 2025/01/12 10:18:42 WET [2025/01/12 5:18:42 ET]
Table 'Kentaurus II' 6-max Seat #3 is the button
Seat 4: Ysiven ($100 in chips) is sitting out
Seat 5: BronzéDuPoker ($100 in chips) is sitting out
Seat 2: fobot21 ($100.50 in chips) 
Seat 3: Alinyr ($103.50 in chips) 
Seat 6: blistein ($100.50 in chips) 
blistein: posts small blind $0.50
fobot21: posts big blind $1
*** HOLE CARDS ***
Alinyr: raises $1.50 to $2.50
blistein: folds 
fobot21: folds 
Uncalled bet ($1.50) returned to Alinyr
Alinyr collected $2.50 from pot
Alinyr: doesn't show hand 
*** SUMMARY ***
Total pot $2.50 | Rake $0 
Seat 4: Ysiven
Seat 5: BronzéDuPoker
Seat 2: fobot21 (big blind) folded before Flop
Seat 3: Alinyr (button) collected ($2.50)
Seat 6: blistein (small blind) folded before Flop



PokerStars Hand #254328436661:  Hold'em No Limit ($0.50/$1.00 USD) - 2025/01/12 10:19:02 WET [2025/01/12 5:19:02 ET]
Table 'Kentaurus II' 6-max Seat #6 is the button
Seat 4: Ysiven ($100 in chips) is sitting out
Seat 5: BronzéDuPoker ($100 in chips) is sitting out
Seat 2: fobot21 ($100 in chips) 
Seat 3: Alinyr ($105 in chips) 
Seat 6: blistein ($100 in chips) 
fobot21: posts small blind $0.50
Alinyr: posts big blind $1
Ysiven: sits out 
BronzéDuPoker: sits out 
*** HOLE CARDS ***
blistein: raises $1.50 to $2.50
fobot21: folds 
Alinyr: calls $1.50
*** FLOP *** [2h 2d Ks]
Alinyr: checks 
blistein: bets $1.77
Alinyr: folds 
Uncalled bet ($1.77) returned to blistein
blistein collected $5.22 from pot
blistein: doesn't show hand 
*** SUMMARY ***
Total pot $5.50 | Rake $0.28 
Board [2h 2d Ks]
Seat 4: Ysiven
Seat 5: BronzéDuPoker
Seat 2: fobot21 (small blind) folded before Flop
Seat 3: Alinyr (big blind) folded on the Flop
Seat 6: blistein (button) collected ($5.22)



PokerStars Hand #254328441163:  Hold'em No Limit ($0.50/$1.00 USD) - 2025/01/12 10:19:38 WET [2025/01/12 5:19:38 ET]
Table 'Kentaurus II' 6-max Seat #2 is the button
Seat 5: BronzéDuPoker ($100 in chips) is sitting out
Seat 2: fobot21 ($100 in chips) 
Seat 3: Alinyr ($102.50 in chips) 
Seat 4: Ysiven ($100 in chips) 
Seat 6: blistein ($102.72 in chips) 
Alinyr: posts small blind $0.50
Ysiven: posts big blind $1
BronzéDuPoker: sits out 
*** HOLE CARDS ***
blistein: folds 
fobot21: folds 
Alinyr: raises $2 to $3
Ysiven: calls $2
*** FLOP *** [2s 5s Qc]
Alinyr: checks 
MaRKiToScoK joins the table at seat #1 
Ysiven: bets $1.88
Alinyr: folds 
Uncalled bet ($1.88) returned to Ysiven
Ysiven collected $5.70 from pot
Ysiven: doesn't show hand 
*** SUMMARY ***
Total pot $6 | Rake $0.30 
Board [2s 5s Qc]
Seat 5: BronzéDuPoker
Seat 2: fobot21 (button) folded before Flop (didn't bet)
Seat 3: Alinyr (small blind) folded on the Flop
Seat 4: Ysiven (big blind) collected ($5.70)
Seat 6: blistein folded before Flop (didn't bet)



PokerStars Hand #254328445216:  Hold'em No Limit ($0.50/$1.00 USD) - 2025/01/12 10:20:10 WET [2025/01/12 5:20:10 ET]
Table 'Kentaurus II' 6-max Seat #3 is the button
Seat 1: MaRKiToScoK ($100 in chips) is sitting out
Seat 2: fobot21 ($100 in chips) 
Seat 3: Alinyr ($100 in chips) 
Seat 4: Ysiven ($102.70 in chips) 
Seat 5: BronzéDuPoker ($100 in chips) 
Seat 6: blistein ($102.72 in chips) 
Ysiven: posts small blind $0.50
BronzéDuPoker: posts big blind $1
MaRKiToScoK: sits out 
*** HOLE CARDS ***
blistein: folds 
fobot21: folds 
Alinyr: raises $1.50 to $2.50
Ysiven: folds 
BronzéDuPoker: calls $1.50
*** FLOP *** [2d Qh 5c]
BronzéDuPoker: bets $2
Alinyr: calls $2
*** TURN *** [2d Qh 5c] [Td]
BronzéDuPoker: bets $3
Alinyr: calls $3
*** RIVER *** [2d Qh 5c Td] [Kc]
BronzéDuPoker: checks 
Alinyr: checks 
*** SHOW DOWN ***
BronzéDuPoker: shows [As Th] (a pair of Tens)
Alinyr: mucks hand 
BronzéDuPoker collected $14.52 from pot
*** SUMMARY ***
Total pot $15.50 | Rake $0.98 
Board [2d Qh 5c Td Kc]
Seat 1: MaRKiToScoK
Seat 2: fobot21 folded before Flop (didn't bet)
Seat 3: Alinyr (button) mucked
Seat 4: Ysiven (small blind) folded before Flop
Seat 5: BronzéDuPoker (big blind) showed [As Th] and won ($14.52) with a pair of Tens
Seat 6: blistein folded before Flop (didn't bet)



PokerStars Hand #254328451342:  Hold'em No Limit ($0.50/$1.00 USD) - 2025/01/12 10:20:58 WET [2025/01/12 5:20:58 ET]
Table 'Kentaurus II' 6-max Seat #4 is the button
Seat 1: MaRKiToScoK ($100 in chips) is sitting out
Seat 2: fobot21 ($100 in chips) 
Seat 3: Alinyr ($100 in chips) 
Seat 4: Ysiven ($102.20 in chips) 
Seat 5: BronzéDuPoker ($107.02 in chips) 
Seat 6: blistein ($102.72 in chips) 
BronzéDuPoker: posts small blind $0.50
blistein: posts big blind $1
MaRKiToScoK: sits out 
*** HOLE CARDS ***
fobot21: folds 
Alinyr: raises $1.28 to $2.28
Ysiven: raises $5.22 to $7.50
BronzéDuPoker: folds 
blistein: folds 
Alinyr: raises $12.50 to $20
Ysiven: folds 
Uncalled bet ($12.50) returned to Alinyr
Alinyr collected $16.50 from pot
Alinyr: doesn't show hand 
*** SUMMARY ***
Total pot $16.50 | Rake $0 
Seat 1: MaRKiToScoK
Seat 2: fobot21 folded before Flop (didn't bet)
Seat 3: Alinyr collected ($16.50)
Seat 4: Ysiven (button) folded before Flop
Seat 5: BronzéDuPoker (small blind) folded before Flop
Seat 6: blistein (big blind) folded before Flop



PokerStars Hand #254328456337:  Hold'em No Limit ($0.50/$1.00 USD) - 2025/01/12 10:21:38 WET [2025/01/12 5:21:38 ET]
Table 'Kentaurus II' 6-max Seat #5 is the button
Seat 1: MaRKiToScoK ($100 in chips) 
Seat 2: fobot21 ($100 in chips) 
Seat 3: Alinyr ($109 in chips) 
Seat 4: Ysiven ($100 in chips) 
Seat 5: BronzéDuPoker ($106.52 in chips) 
Seat 6: blistein ($101.72 in chips) 
blistein: posts small blind $0.50
MaRKiToScoK: posts big blind $1
*** HOLE CARDS ***
fobot21: folds 
Alinyr: folds 
Ysiven: raises $1.30 to $2.30
BronzéDuPoker: folds 
blistein: folds 
MaRKiToScoK: folds 
Uncalled bet ($1.30) returned to Ysiven
Ysiven collected $2.50 from pot
Ysiven: doesn't show hand 
*** SUMMARY ***
Total pot $2.50 | Rake $0 
Seat 1: MaRKiToScoK (big blind) folded before Flop
Seat 2: fobot21 folded before Flop (didn't bet)
Seat 3: Alinyr folded before Flop (didn't bet)
Seat 4: Ysiven collected ($2.50)
Seat 5: BronzéDuPoker (button) folded before Flop (didn't bet)
Seat 6: blistein (small blind) folded before Flop



PokerStars Hand #254328459641:  Hold'em No Limit ($0.50/$1.00 USD) - 2025/01/12 10:22:04 WET [2025/01/12 5:22:04 ET]
Table 'Kentaurus II' 6-max Seat #6 is the button
Seat 1: MaRKiToScoK ($100 in chips) 
Seat 2: fobot21 ($100 in chips) 
Seat 3: Alinyr ($109 in chips) 
Seat 4: Ysiven ($101.50 in chips) 
Seat 5: BronzéDuPoker ($106.52 in chips) 
Seat 6: blistein ($101.22 in chips) 
MaRKiToScoK: posts small blind $0.50
fobot21: posts big blind $1
*** HOLE CARDS ***
Alinyr: folds 
Ysiven: folds 
BronzéDuPoker: folds 
blistein: raises $1.50 to $2.50
MaRKiToScoK: folds 
fobot21: folds 
Uncalled bet ($1.50) returned to blistein
blistein collected $2.50 from pot
blistein: doesn't show hand 
*** SUMMARY ***
Total pot $2.50 | Rake $0 
Seat 1: MaRKiToScoK (small blind) folded before Flop
Seat 2: fobot21 (big blind) folded before Flop
Seat 3: Alinyr folded before Flop (didn't bet)
Seat 4: Ysiven folded before Flop (didn't bet)
Seat 5: BronzéDuPoker folded before Flop (didn't bet)
Seat 6: blistein (button) collected ($2.50)



PokerStars Hand #254328462756:  Hold'em No Limit ($0.50/$1.00 USD) - 2025/01/12 10:22:28 WET [2025/01/12 5:22:28 ET]
Table 'Kentaurus II' 6-max Seat #1 is the button
Seat 3: Alinyr ($109 in chips) is sitting out
Seat 1: MaRKiToScoK ($100 in chips) 
Seat 2: fobot21 ($100 in chips) 
Seat 4: Ysiven ($101.50 in chips) 
Seat 5: BronzéDuPoker ($106.52 in chips) 
Seat 6: blistein ($102.72 in chips) 
fobot21: posts small blind $0.50
Alinyr: is sitting out 
Ysiven: posts big blind $1
*** HOLE CARDS ***
BronzéDuPoker: folds 
blistein: folds 
Alinyr leaves the table
MaRKiToScoK: folds 
coeeeelho joins the table at seat #3 
fobot21: raises $1.90 to $2.90
Ysiven: folds 
Uncalled bet ($1.90) returned to fobot21
fobot21 collected $2 from pot
fobot21: doesn't show hand 
*** SUMMARY ***
Total pot $2 | Rake $0 
Seat 3: Alinyr
Seat 1: MaRKiToScoK (button) folded before Flop (didn't bet)
Seat 2: fobot21 (small blind) collected ($2)
Seat 4: Ysiven (big blind) folded before Flop
Seat 5: BronzéDuPoker folded before Flop (didn't bet)
Seat 6: blistein folded before Flop (didn't bet)



PokerStars Hand #254328465975:  Hold'em No Limit ($0.50/$1.00 USD) - 2025/01/12 10:22:53 WET [2025/01/12 5:22:53 ET]
Table 'Kentaurus II' 6-max Seat #2 is the button
Seat 3: coeeeelho ($100 in chips) is sitting out
Seat 1: MaRKiToScoK ($100 in chips) 
Seat 2: fobot21 ($101 in chips) 
Seat 4: Ysiven ($100.50 in chips) 
Seat 5: BronzéDuPoker ($106.52 in chips) 
Seat 6: blistein ($102.72 in chips) 
Ysiven: posts small blind $0.50
BronzéDuPoker: posts big blind $1
*** HOLE CARDS ***
blistein: raises $1.20 to $2.20
MaRKiToScoK: calls $2.20
fobot21: folds 
Ysiven: folds 
BronzéDuPoker: calls $1.20
*** FLOP *** [4h Js 5d]
fobot21 leaves the table
BronzéDuPoker: checks 
blistein: bets $2.29
MaRKiToScoK: calls $2.29
BronzéDuPoker: calls $2.29
*** TURN *** [4h Js 5d] [8d]
BronzéDuPoker: checks 
blistein: checks 
MaRKiToScoK: checks 
*** RIVER *** [4h Js 5d 8d] [4d]
BronzéDuPoker: checks 
blistein: bets $4.51
MaRKiToScoK: raises $14.49 to $19
BronzéDuPoker: folds 
blistein: folds 
Uncalled bet ($14.49) returned to MaRKiToScoK
MaRKiToScoK collected $21.84 from pot
*** SUMMARY ***
Total pot $22.99 | Rake $1.15 
Board [4h Js 5d 8d 4d]
Seat 3: coeeeelho
Seat 1: MaRKiToScoK collected ($21.84)
Seat 2: fobot21 (button) folded before Flop (didn't bet)
Seat 4: Ysiven (small blind) folded before Flop
Seat 5: BronzéDuPoker (big blind) folded on the River
Seat 6: blistein folded on the River



PokerStars Hand #254328479477:  Hold'em No Limit ($0.50/$1.00 USD) - 2025/01/12 10:24:39 WET [2025/01/12 5:24:39 ET]
Table 'Kentaurus II' 6-max Seat #4 is the button
Seat 3: coeeeelho ($100 in chips) is sitting out
Seat 1: MaRKiToScoK ($112.84 in chips) 
Seat 4: Ysiven ($100 in chips) 
Seat 5: BronzéDuPoker ($102.03 in chips) 
Seat 6: blistein ($100 in chips) 
BronzéDuPoker: posts small blind $0.50
blistein: posts big blind $1
coeeeelho: sits out 
*** HOLE CARDS ***
MaRKiToScoK: folds 
Ysiven: folds 
BronzéDuPoker: folds 
Uncalled bet ($0.50) returned to blistein
blistein collected $1 from pot
blistein: doesn't show hand 
*** SUMMARY ***
Total pot $1 | Rake $0 
Seat 3: coeeeelho
Seat 1: MaRKiToScoK folded before Flop (didn't bet)
Seat 4: Ysiven (button) folded before Flop (didn't bet)
Seat 5: BronzéDuPoker (small blind) folded before Flop
Seat 6: blistein (big blind) collected ($1)



PokerStars Hand #254328481306:  Hold'em No Limit ($0.50/$1.00 USD) - 2025/01/12 10:24:53 WET [2025/01/12 5:24:53 ET]
Table 'Kentaurus II' 6-max Seat #5 is the button
Seat 3: coeeeelho ($100 in chips) is sitting out
Seat 1: MaRKiToScoK ($112.84 in chips) 
Seat 4: Ysiven ($100 in chips) 
Seat 5: BronzéDuPoker ($101.53 in chips) 
Seat 6: blistein ($100.50 in chips) 
blistein: posts small blind $0.50
MaRKiToScoK: posts big blind $1
coeeeelho: sits out 
*** HOLE CARDS ***
Ysiven: raises $1.30 to $2.30
BronzéDuPoker: calls $2.30
blistein: folds 
MaRKiToScoK: calls $1.30
*** FLOP *** [2h 4s Ac]
MaRKiToScoK: checks 
Ysiven: checks 
BronzéDuPoker: bets $3.52
MaRKiToScoK: folds 
radibay joins the table at seat #2 
radibay is disconnected 
Ysiven: folds 
Uncalled bet ($3.52) returned to BronzéDuPoker
BronzéDuPoker collected $6.94 from pot
*** SUMMARY ***
Total pot $7.40 | Rake $0.46 
Board [2h 4s Ac]
Seat 3: coeeeelho
Seat 1: MaRKiToScoK (big blind) folded on the Flop
Seat 4: Ysiven folded on the Flop
Seat 5: BronzéDuPoker (button) collected ($6.94)
Seat 6: blistein (small blind) folded before Flop



PokerStars Hand #254328487941:  Hold'em No Limit ($0.50/$1.00 USD) - 2025/01/12 10:25:45 WET [2025/01/12 5:25:45 ET]
Table 'Kentaurus II' 6-max Seat #6 is the button
Seat 3: coeeeelho ($100 in chips) is sitting out
Seat 1: MaRKiToScoK ($110.54 in chips) 
Seat 2: radibay ($69.35 in chips) 
Seat 4: Ysiven ($100 in chips) 
Seat 5: BronzéDuPoker ($106.17 in chips) 
Seat 6: blistein ($100 in chips) 
MaRKiToScoK: posts small blind $0.50
radibay: posts big blind $1
coeeeelho: sits out 
*** HOLE CARDS ***
Ysiven: folds 
BronzéDuPoker: folds 
blistein: folds 
MaRKiToScoK: raises $1.77 to $2.77
radibay: folds 
Uncalled bet ($1.77) returned to MaRKiToScoK
MaRKiToScoK collected $2 from pot
*** SUMMARY ***
Total pot $2 | Rake $0 
Seat 3: coeeeelho
Seat 1: MaRKiToScoK (small blind) collected ($2)
Seat 2: radibay (big blind) folded before Flop
Seat 4: Ysiven folded before Flop (didn't bet)
Seat 5: BronzéDuPoker folded before Flop (didn't bet)
Seat 6: blistein (button) folded before Flop (didn't bet)



PokerStars Hand #254328490568:  Hold'em No Limit ($0.50/$1.00 USD) - 2025/01/12 10:26:05 WET [2025/01/12 5:26:05 ET]
Table 'Kentaurus II' 6-max Seat #1 is the button
Seat 1: MaRKiToScoK ($111.54 in chips) 
Seat 2: radibay ($68.35 in chips) 
Seat 3: coeeeelho ($100 in chips) 
Seat 4: Ysiven ($100 in chips) 
Seat 5: BronzéDuPoker ($106.17 in chips) 
Seat 6: blistein ($100 in chips) 
radibay: posts small blind $0.50
coeeeelho: posts big blind $1
*** HOLE CARDS ***
Ysiven: folds 
BronzéDuPoker: raises $1 to $2
blistein: folds 
MaRKiToScoK: folds 
radibay: calls $1.50
coeeeelho: folds 
*** FLOP *** [Kh Ad 2h]
radibay: checks 
BronzéDuPoker: checks 
*** TURN *** [Kh Ad 2h] [7d]
radibay: checks 
BronzéDuPoker: checks 
*** RIVER *** [Kh Ad 2h 7d] [Ah]
radibay: checks 
BronzéDuPoker: checks 
*** SHOW DOWN ***
radibay: shows [9d 8d] (a pair of Aces)
BronzéDuPoker: shows [4d 4s] (two pair, Aces and Fours)
BronzéDuPoker collected $4.69 from pot
*** SUMMARY ***
Total pot $5 | Rake $0.31 
Board [Kh Ad 2h 7d Ah]
Seat 1: MaRKiToScoK (button) folded before Flop (didn't bet)
Seat 2: radibay (small blind) showed [9d 8d] and lost with a pair of Aces
Seat 3: coeeeelho (big blind) folded before Flop
Seat 4: Ysiven folded before Flop (didn't bet)
Seat 5: BronzéDuPoker showed [4d 4s] and won ($4.69) with two pair, Aces and Fours
Seat 6: blistein folded before Flop (didn't bet)



PokerStars Hand #254328497518:  Hold'em No Limit ($0.50/$1.00 USD) - 2025/01/12 10:27:01 WET [2025/01/12 5:27:01 ET]
Table 'Kentaurus II' 6-max Seat #2 is the button
Seat 1: MaRKiToScoK ($111.54 in chips) 
Seat 2: radibay ($66.35 in chips) 
Seat 3: coeeeelho ($100 in chips) 
Seat 4: Ysiven ($100 in chips) 
Seat 5: BronzéDuPoker ($108.86 in chips) 
Seat 6: blistein ($100 in chips) 
coeeeelho: posts small blind $0.50
Ysiven: posts big blind $1
*** HOLE CARDS ***
BronzéDuPoker: folds 
blistein: folds 
BronzéDuPoker leaves the table
MaRKiToScoK: raises $1.22 to $2.22
radibay: folds 
coeeeelho: folds 
Ysiven: folds 
Uncalled bet ($1.22) returned to MaRKiToScoK
LuckyShikari joins the table at seat #5 
MaRKiToScoK collected $2.50 from pot
*** SUMMARY ***
Total pot $2.50 | Rake $0 
Seat 1: MaRKiToScoK collected ($2.50)
Seat 2: radibay (button) folded before Flop (didn't bet)
Seat 3: coeeeelho (small blind) folded before Flop
Seat 4: Ysiven (big blind) folded before Flop
Seat 5: BronzéDuPoker folded before Flop (didn't bet)
Seat 6: blistein folded before Flop (didn't bet)



PokerStars Hand #254328501456:  Hold'em No Limit ($0.50/$1.00 USD) - 2025/01/12 10:27:32 WET [2025/01/12 5:27:32 ET]
Table 'Kentaurus II' 6-max Seat #3 is the button
Seat 1: MaRKiToScoK ($113.04 in chips) 
Seat 2: radibay ($66.35 in chips) 
Seat 3: coeeeelho ($100 in chips) 
Seat 4: Ysiven ($100 in chips) 
Seat 5: LuckyShikari ($100 in chips) 
Seat 6: blistein ($100 in chips) 
Ysiven: posts small blind $0.50
LuckyShikari: posts big blind $1
*** HOLE CARDS ***
blistein: folds 
MaRKiToScoK: folds 
radibay: folds 
coeeeelho: folds 
Ysiven: raises $2 to $3
LuckyShikari: raises $6 to $9
Ysiven: folds 
Uncalled bet ($6) returned to LuckyShikari
LuckyShikari collected $6 from pot
LuckyShikari: doesn't show hand 
*** SUMMARY ***
Total pot $6 | Rake $0 
Seat 1: MaRKiToScoK folded before Flop (didn't bet)
Seat 2: radibay folded before Flop (didn't bet)
Seat 3: coeeeelho (button) folded before Flop (didn't bet)
Seat 4: Ysiven (small blind) folded before Flop
Seat 5: LuckyShikari (big blind) collected ($6)
Seat 6: blistein folded before Flop (didn't bet)



PokerStars Hand #254328504987:  Hold'em No Limit ($0.50/$1.00 USD) - 2025/01/12 10:28:00 WET [2025/01/12 5:28:00 ET]
Table 'Kentaurus II' 6-max Seat #4 is the button
Seat 1: MaRKiToScoK ($113.04 in chips) 
Seat 2: radibay ($66.35 in chips) 
Seat 3: coeeeelho ($100 in chips) 
Seat 4: Ysiven ($100 in chips) 
Seat 5: LuckyShikari ($103 in chips) 
Seat 6: blistein ($100 in chips) 
LuckyShikari: posts small blind $0.50
blistein: posts big blind $1
*** HOLE CARDS ***
MaRKiToScoK: folds 
radibay: calls $1
coeeeelho: raises $3.20 to $4.20
Ysiven: folds 
LuckyShikari: folds 
blistein: folds 
radibay: calls $3.20
*** FLOP *** [Ac Qs Js]
radibay: checks 
coeeeelho: bets $4.70
radibay: folds 
Uncalled bet ($4.70) returned to coeeeelho
coeeeelho collected $9.40 from pot
*** SUMMARY ***
Total pot $9.90 | Rake $0.50 
Board [Ac Qs Js]
Seat 1: MaRKiToScoK folded before Flop (didn't bet)
Seat 2: radibay folded on the Flop
Seat 3: coeeeelho collected ($9.40)
Seat 4: Ysiven (button) folded before Flop (didn't bet)
Seat 5: LuckyShikari (small blind) folded before Flop
Seat 6: blistein (big blind) folded before Flop



PokerStars Hand #254328507895:  Hold'em No Limit ($0.50/$1.00 USD) - 2025/01/12 10:28:22 WET [2025/01/12 5:28:22 ET]
Table 'Kentaurus II' 6-max Seat #5 is the button
Seat 1: MaRKiToScoK ($113.04 in chips) 
Seat 2: radibay ($62.15 in chips) 
Seat 3: coeeeelho ($105.20 in chips) 
Seat 4: Ysiven ($100 in chips) 
Seat 5: LuckyShikari ($102.50 in chips) 
Seat 6: blistein ($100 in chips) 
blistein: posts small blind $0.50
MaRKiToScoK: posts big blind $1
*** HOLE CARDS ***
radibay: folds 
coeeeelho: folds 
Ysiven: folds 
LuckyShikari: folds 
blistein: folds 
Uncalled bet ($0.50) returned to MaRKiToScoK
MaRKiToScoK collected $1 from pot
*** SUMMARY ***
Total pot $1 | Rake $0 
Seat 1: MaRKiToScoK (big blind) collected ($1)
Seat 2: radibay folded before Flop (didn't bet)
Seat 3: coeeeelho folded before Flop (didn't bet)
Seat 4: Ysiven folded before Flop (didn't bet)
Seat 5: LuckyShikari (button) folded before Flop (didn't bet)
Seat 6: blistein (small blind) folded before Flop



PokerStars Hand #254328509654:  Hold'em No Limit ($0.50/$1.00 USD) - 2025/01/12 10:28:37 WET [2025/01/12 5:28:37 ET]
Table 'Kentaurus II' 6-max Seat #6 is the button
Seat 1: MaRKiToScoK ($113.54 in chips) 
Seat 2: radibay ($62.15 in chips) 
Seat 3: coeeeelho ($105.20 in chips) 
Seat 4: Ysiven ($100 in chips) 
Seat 5: LuckyShikari ($102.50 in chips) 
Seat 6: blistein ($100 in chips) 
MaRKiToScoK: posts small blind $0.50
radibay: posts big blind $1
*** HOLE CARDS ***
coeeeelho: folds 
Ysiven: raises $1 to $2
LuckyShikari: folds 
blistein: folds 
MaRKiToScoK: folds 
radibay: calls $1
*** FLOP *** [Qh Kh Th]
radibay: checks 
Ysiven: bets $1.41
radibay: calls $1.41
*** TURN *** [Qh Kh Th] [6h]
radibay: bets $3.48
Ysiven: calls $3.48
*** RIVER *** [Qh Kh Th 6h] [Kd]
radibay: checks 
Ysiven: bets $10.50
radibay: folds 
Uncalled bet ($10.50) returned to Ysiven
Ysiven collected $13.57 from pot
Ysiven: doesn't show hand 
*** SUMMARY ***
Total pot $14.28 | Rake $0.71 
Board [Qh Kh Th 6h Kd]
Seat 1: MaRKiToScoK (small blind) folded before Flop
Seat 2: radibay (big blind) folded on the River
Seat 3: coeeeelho folded before Flop (didn't bet)
Seat 4: Ysiven collected ($13.57)
Seat 5: LuckyShikari folded before Flop (didn't bet)
Seat 6: blistein (button) folded before Flop (didn't bet)



PokerStars Hand #254328518978:  Hold'em No Limit ($0.50/$1.00 USD) - 2025/01/12 10:29:51 WET [2025/01/12 5:29:51 ET]
Table 'Kentaurus II' 6-max Seat #1 is the button
Seat 1: MaRKiToScoK ($113.04 in chips) 
Seat 2: radibay ($55.26 in chips) 
Seat 3: coeeeelho ($105.20 in chips) 
Seat 4: Ysiven ($106.68 in chips) 
Seat 5: LuckyShikari ($102.50 in chips) 
Seat 6: blistein ($100 in chips) 
radibay: posts small blind $0.50
coeeeelho: posts big blind $1
*** HOLE CARDS ***
Ysiven: folds 
LuckyShikari: raises $1.22 to $2.22
blistein: folds 
MaRKiToScoK: folds 
radibay: folds 
coeeeelho: folds 
Uncalled bet ($1.22) returned to LuckyShikari
LuckyShikari collected $2.50 from pot
LuckyShikari: doesn't show hand 
*** SUMMARY ***
Total pot $2.50 | Rake $0 
Seat 1: MaRKiToScoK (button) folded before Flop (didn't bet)
Seat 2: radibay (small blind) folded before Flop
Seat 3: coeeeelho (big blind) folded before Flop
Seat 4: Ysiven folded before Flop (didn't bet)
Seat 5: LuckyShikari collected ($2.50)
Seat 6: blistein folded before Flop (didn't bet)



PokerStars Hand #254328523734:  Hold'em No Limit ($0.50/$1.00 USD) - 2025/01/12 10:30:28 WET [2025/01/12 5:30:28 ET]
Table 'Kentaurus II' 6-max Seat #2 is the button
Seat 1: MaRKiToScoK ($113.04 in chips) 
Seat 2: radibay ($54.76 in chips) 
Seat 3: coeeeelho ($104.20 in chips) 
Seat 4: Ysiven ($106.68 in chips) 
Seat 5: LuckyShikari ($104 in chips) 
Seat 6: blistein ($100 in chips) 
coeeeelho: posts small blind $0.50
Ysiven: posts big blind $1
*** HOLE CARDS ***
LuckyShikari: folds 
blistein: folds 
MaRKiToScoK: raises $1.22 to $2.22
radibay: folds 
coeeeelho: folds 
Ysiven: calls $1.22
*** FLOP *** [4d 9c 2c]
Ysiven: checks 
MaRKiToScoK: checks 
*** TURN *** [4d 9c 2c] [Td]
Ysiven: checks 
MaRKiToScoK: checks 
*** RIVER *** [4d 9c 2c Td] [Jh]
Ysiven: checks 
MaRKiToScoK: checks 
*** SHOW DOWN ***
Ysiven: shows [8s Ah] (high card Ace)
MaRKiToScoK: mucks hand 
Ysiven collected $4.69 from pot
*** SUMMARY ***
Total pot $4.94 | Rake $0.25 
Board [4d 9c 2c Td Jh]
Seat 1: MaRKiToScoK mucked
Seat 2: radibay (button) folded before Flop (didn't bet)
Seat 3: coeeeelho (small blind) folded before Flop
Seat 4: Ysiven (big blind) showed [8s Ah] and won ($4.69) with high card Ace
Seat 5: LuckyShikari folded before Flop (didn't bet)
Seat 6: blistein folded before Flop (didn't bet)



PokerStars Hand #254328532389:  Hold'em No Limit ($0.50/$1.00 USD) - 2025/01/12 10:31:35 WET [2025/01/12 5:31:35 ET]
Table 'Kentaurus II' 6-max Seat #3 is the button
Seat 5: LuckyShikari ($104 in chips) is sitting out
Seat 1: MaRKiToScoK ($110.82 in chips) 
Seat 2: radibay ($54.76 in chips) 
Seat 3: coeeeelho ($103.70 in chips) 
Seat 4: Ysiven ($109.15 in chips) 
Seat 6: blistein ($100 in chips) 
Ysiven: posts small blind $0.50
blistein: posts big blind $1
*** HOLE CARDS ***
MaRKiToScoK: folds 
radibay: folds 
coeeeelho: folds 
Ysiven: raises $2 to $3
blistein: folds 
Uncalled bet ($2) returned to Ysiven
Ysiven collected $2 from pot
Ysiven: doesn't show hand 
*** SUMMARY ***
Total pot $2 | Rake $0 
Seat 5: LuckyShikari
Seat 1: MaRKiToScoK folded before Flop (didn't bet)
Seat 2: radibay folded before Flop (didn't bet)
Seat 3: coeeeelho (button) folded before Flop (didn't bet)
Seat 4: Ysiven (small blind) collected ($2)
Seat 6: blistein (big blind) folded before Flop



PokerStars Hand #254328534207:  Hold'em No Limit ($0.50/$1.00 USD) - 2025/01/12 10:31:49 WET [2025/01/12 5:31:49 ET]
Table 'Kentaurus II' 6-max Seat #4 is the button
Seat 5: LuckyShikari ($104 in chips) is sitting out
Seat 1: MaRKiToScoK ($110.82 in chips) 
Seat 2: radibay ($54.76 in chips) 
Seat 3: coeeeelho ($103.70 in chips) 
Seat 4: Ysiven ($110.15 in chips) 
Seat 6: blistein ($100 in chips) 
blistein: posts small blind $0.50
MaRKiToScoK: posts big blind $1
*** HOLE CARDS ***
radibay: calls $1
coeeeelho: folds 
Ysiven: folds 
blistein: folds 
MaRKiToScoK: raises $4 to $5
radibay: folds 
Uncalled bet ($4) returned to MaRKiToScoK
MaRKiToScoK collected $2.50 from pot
*** SUMMARY ***
Total pot $2.50 | Rake $0 
Seat 5: LuckyShikari
Seat 1: MaRKiToScoK (big blind) collected ($2.50)
Seat 2: radibay folded before Flop
Seat 3: coeeeelho folded before Flop (didn't bet)
Seat 4: Ysiven (button) folded before Flop (didn't bet)
Seat 6: blistein (small blind) folded before Flop



PokerStars Hand #254328538717:  Hold'em No Limit ($0.50/$1.00 USD) - 2025/01/12 10:32:24 WET [2025/01/12 5:32:24 ET]
Table 'Kentaurus II' 6-max Seat #6 is the button
Seat 5: LuckyShikari ($104 in chips) is sitting out
Seat 1: MaRKiToScoK ($112.32 in chips) 
Seat 2: radibay ($53.76 in chips) 
Seat 3: coeeeelho ($103.70 in chips) 
Seat 4: Ysiven ($110.15 in chips) 
Seat 6: blistein ($100 in chips) 
MaRKiToScoK: posts small blind $0.50
radibay: posts big blind $1
*** HOLE CARDS ***
coeeeelho: folds 
Ysiven: folds 
blistein: folds 
MaRKiToScoK: folds 
Uncalled bet ($0.50) returned to radibay
radibay collected $1 from pot
*** SUMMARY ***
Total pot $1 | Rake $0 
Seat 5: LuckyShikari
Seat 1: MaRKiToScoK (small blind) folded before Flop
Seat 2: radibay (big blind) collected ($1)
Seat 3: coeeeelho folded before Flop (didn't bet)
Seat 4: Ysiven folded before Flop (didn't bet)
Seat 6: blistein (button) folded before Flop (didn't bet)



PokerStars Hand #254328541871:  Hold'em No Limit ($0.50/$1.00 USD) - 2025/01/12 10:32:48 WET [2025/01/12 5:32:48 ET]
Table 'Kentaurus II' 6-max Seat #1 is the button
Seat 5: LuckyShikari ($104 in chips) is sitting out
Seat 1: MaRKiToScoK ($111.82 in chips) 
Seat 2: radibay ($54.26 in chips) 
Seat 3: coeeeelho ($103.70 in chips) 
Seat 4: Ysiven ($110.15 in chips) 
Seat 6: blistein ($100 in chips) 
radibay: posts small blind $0.50
coeeeelho: posts big blind $1
*** HOLE CARDS ***
Ysiven: folds 
blistein: folds 
MaRKiToScoK: raises $1.33 to $2.33
radibay: calls $1.83
coeeeelho: folds 
*** FLOP *** [Ah 3c 4c]
radibay: checks 
MaRKiToScoK: checks 
*** TURN *** [Ah 3c 4c] [3s]
radibay: checks 
MaRKiToScoK: checks 
*** RIVER *** [Ah 3c 4c 3s] [7c]
radibay: bets $51.93 and is all-in
MaRKiToScoK: folds 
Uncalled bet ($51.93) returned to radibay
radibay collected $5.31 from pot
*** SUMMARY ***
Total pot $5.66 | Rake $0.35 
Board [Ah 3c 4c 3s 7c]
Seat 5: LuckyShikari
Seat 1: MaRKiToScoK (button) folded on the River
Seat 2: radibay (small blind) collected ($5.31)
Seat 3: coeeeelho (big blind) folded before Flop
Seat 4: Ysiven folded before Flop (didn't bet)
Seat 6: blistein folded before Flop (didn't bet)



PokerStars Hand #254328551142:  Hold'em No Limit ($0.50/$1.00 USD) - 2025/01/12 10:34:01 WET [2025/01/12 5:34:01 ET]
Table 'Kentaurus II' 6-max Seat #2 is the button
Seat 5: LuckyShikari ($104 in chips) is sitting out
Seat 1: MaRKiToScoK ($109.49 in chips) 
Seat 2: radibay ($57.24 in chips) 
Seat 3: coeeeelho ($102.70 in chips) 
Seat 4: Ysiven ($110.15 in chips) 
Seat 6: blistein ($100 in chips) 
coeeeelho: posts small blind $0.50
Ysiven: posts big blind $1
*** HOLE CARDS ***
blistein: folds 
MaRKiToScoK: raises $1.22 to $2.22
radibay: calls $2.22
coeeeelho: raises $10.78 to $13
Ysiven: folds 
MaRKiToScoK: raises $14.95 to $27.95
radibay: calls $25.73
coeeeelho: calls $14.95
*** FLOP *** [5s 5h Jh]
coeeeelho: checks 
MaRKiToScoK: bets $19.59
radibay: raises $9.70 to $29.29 and is all-in
coeeeelho: folds 
MaRKiToScoK: calls $9.70
*** TURN *** [5s 5h Jh] [4c]
*** RIVER *** [5s 5h Jh 4c] [3d]
*** SHOW DOWN ***
MaRKiToScoK: shows [As Ad] (two pair, Aces and Fives)
radibay: shows [Qd Qh] (two pair, Queens and Fives)
MaRKiToScoK collected $140.93 from pot
*** SUMMARY ***
Total pot $143.43 | Rake $2.50 
Board [5s 5h Jh 4c 3d]
Seat 5: LuckyShikari
Seat 1: MaRKiToScoK showed [As Ad] and won ($140.93) with two pair, Aces and Fives
Seat 2: radibay (button) showed [Qd Qh] and lost with two pair, Queens and Fives
Seat 3: coeeeelho (small blind) folded on the Flop
Seat 4: Ysiven (big blind) folded before Flop
Seat 6: blistein folded before Flop (didn't bet)



PokerStars Hand #254328561341:  Hold'em No Limit ($0.50/$1.00 USD) - 2025/01/12 10:35:19 WET [2025/01/12 5:35:19 ET]
Table 'Kentaurus II' 6-max Seat #3 is the button
Seat 2: radibay ($0 in chips) is sitting out
Seat 5: LuckyShikari ($104 in chips) is sitting out
Seat 1: MaRKiToScoK ($193.18 in chips) 
Seat 3: coeeeelho ($100 in chips) 
Seat 4: Ysiven ($109.15 in chips) 
Seat 6: blistein ($100 in chips) 
Ysiven: posts small blind $0.50
blistein: posts big blind $1
*** HOLE CARDS ***
MaRKiToScoK: folds 
coeeeelho: raises $1.20 to $2.20
Ysiven: folds 
blistein: folds 
Uncalled bet ($1.20) returned to coeeeelho
coeeeelho collected $2.50 from pot
*** SUMMARY ***
Total pot $2.50 | Rake $0 
Seat 2: radibay
Seat 5: LuckyShikari
Seat 1: MaRKiToScoK folded before Flop (didn't bet)
Seat 3: coeeeelho (button) collected ($2.50)
Seat 4: Ysiven (small blind) folded before Flop
Seat 6: blistein (big blind) folded before Flop



PokerStars Hand #254328563010:  Hold'em No Limit ($0.50/$1.00 USD) - 2025/01/12 10:35:32 WET [2025/01/12 5:35:32 ET]
Table 'Kentaurus II' 6-max Seat #4 is the button
Seat 1: MaRKiToScoK ($193.18 in chips) is sitting out
Seat 2: radibay ($0 in chips) is sitting out
Seat 5: LuckyShikari ($104 in chips) is sitting out
Seat 3: coeeeelho ($101.50 in chips) 
Seat 4: Ysiven ($108.65 in chips) 
Seat 6: blistein ($100 in chips) 
blistein: posts small blind $0.50
MaRKiToScoK: is sitting out 
coeeeelho: posts big blind $1
*** HOLE CARDS ***
Ysiven: folds 
blistein: raises $2 to $3
coeeeelho: raises $7 to $10
blistein: folds 
Uncalled bet ($7) returned to coeeeelho
coeeeelho collected $6 from pot
*** SUMMARY ***
Total pot $6 | Rake $0 
Seat 1: MaRKiToScoK
Seat 2: radibay
Seat 5: LuckyShikari
Seat 3: coeeeelho (big blind) collected ($6)
Seat 4: Ysiven (button) folded before Flop (didn't bet)
Seat 6: blistein (small blind) folded before Flop



PokerStars Hand #254328565410:  Hold'em No Limit ($0.50/$1.00 USD) - 2025/01/12 10:35:50 WET [2025/01/12 5:35:50 ET]
Table 'Kentaurus II' 6-max Seat #6 is the button
Seat 1: MaRKiToScoK ($193.18 in chips) is sitting out
Seat 2: radibay ($100 in chips) is sitting out
Seat 5: LuckyShikari ($104 in chips) is sitting out
Seat 3: coeeeelho ($104.50 in chips) 
Seat 4: Ysiven ($108.65 in chips) 
Seat 6: blistein ($100 in chips) 
coeeeelho: posts small blind $0.50
Ysiven: posts big blind $1
*** HOLE CARDS ***
blistein: raises $1.50 to $2.50
coeeeelho: folds 
Ysiven: raises $10.50 to $13
blistein: folds 
Uncalled bet ($10.50) returned to Ysiven
Ysiven collected $5.50 from pot
Ysiven: doesn't show hand 
*** SUMMARY ***
Total pot $5.50 | Rake $0 
Seat 1: MaRKiToScoK
Seat 2: radibay
Seat 5: LuckyShikari
Seat 3: coeeeelho (small blind) folded before Flop
Seat 4: Ysiven (big blind) collected ($5.50)
Seat 6: blistein (button) folded before Flop



PokerStars Hand #254328567749:  Hold'em No Limit ($0.50/$1.00 USD) - 2025/01/12 10:36:08 WET [2025/01/12 5:36:08 ET]
Table 'Kentaurus II' 6-max Seat #3 is the button
Seat 1: MaRKiToScoK ($193.18 in chips) is sitting out
Seat 5: LuckyShikari ($104 in chips) is sitting out
Seat 2: radibay ($100 in chips) 
Seat 3: coeeeelho ($104 in chips) 
Seat 4: Ysiven ($111.65 in chips) 
Seat 6: blistein ($100 in chips) 
Ysiven: posts small blind $0.50
blistein: posts big blind $1
MaRKiToScoK: sits out 
radibay: posts small & big blinds $1.50
*** HOLE CARDS ***
radibay: checks 
coeeeelho: folds 
Ysiven: folds 
blistein: checks 
*** FLOP *** [4s 7d 3d]
blistein: checks 
radibay: checks 
*** TURN *** [4s 7d 3d] [3s]
blistein: bets $1
radibay: calls $1
*** RIVER *** [4s 7d 3d 3s] [6s]
blistein: bets $5
radibay: calls $5
*** SHOW DOWN ***
blistein: shows [Td 9h] (a pair of Threes)
radibay: shows [6c 7s] (two pair, Sevens and Sixes)
radibay collected $14.06 from pot
*** SUMMARY ***
Total pot $15 | Rake $0.94 
Board [4s 7d 3d 3s 6s]
Seat 1: MaRKiToScoK
Seat 5: LuckyShikari
Seat 2: radibay showed [6c 7s] and won ($14.06) with two pair, Sevens and Sixes
Seat 3: coeeeelho (button) folded before Flop (didn't bet)
Seat 4: Ysiven (small blind) folded before Flop
Seat 6: blistein (big blind) showed [Td 9h] and lost with a pair of Threes



PokerStars Hand #254328573558:  Hold'em No Limit ($0.50/$1.00 USD) - 2025/01/12 10:36:51 WET [2025/01/12 5:36:51 ET]
Table 'Kentaurus II' 6-max Seat #4 is the button
Seat 5: LuckyShikari ($104 in chips) is sitting out
Seat 1: MaRKiToScoK ($193.18 in chips) 
Seat 2: radibay ($106.56 in chips) 
Seat 3: coeeeelho ($104 in chips) 
Seat 4: Ysiven ($111.15 in chips) 
Seat 6: blistein ($100 in chips) 
blistein: posts small blind $0.50
MaRKiToScoK: posts big blind $1
*** HOLE CARDS ***
radibay: folds 
coeeeelho: folds 
Ysiven: raises $1.50 to $2.50
blistein: raises $9.50 to $12
MaRKiToScoK: folds 
Ysiven: calls $9.50
*** FLOP *** [7s 3s Td]
blistein: bets $11.88
Ysiven: calls $11.88
*** TURN *** [7s 3s Td] [3h]
blistein: checks 
Ysiven: checks 
*** RIVER *** [7s 3s Td 3h] [4c]
blistein: checks 
Ysiven: bets $29.50
blistein: folds 
Uncalled bet ($29.50) returned to Ysiven
Ysiven collected $46.32 from pot
Ysiven: doesn't show hand 
*** SUMMARY ***
Total pot $48.76 | Rake $2.44 
Board [7s 3s Td 3h 4c]
Seat 5: LuckyShikari
Seat 1: MaRKiToScoK (big blind) folded before Flop
Seat 2: radibay folded before Flop (didn't bet)
Seat 3: coeeeelho folded before Flop (didn't bet)
Seat 4: Ysiven (button) collected ($46.32)
Seat 6: blistein (small blind) folded on the River



PokerStars Hand #254328591498:  Hold'em No Limit ($0.50/$1.00 USD) - 2025/01/12 10:39:07 WET [2025/01/12 5:39:07 ET]
Table 'Kentaurus II' 6-max Seat #6 is the button
Seat 5: LuckyShikari ($104 in chips) is sitting out
Seat 1: MaRKiToScoK ($192.18 in chips) 
Seat 2: radibay ($106.56 in chips) 
Seat 3: coeeeelho ($104 in chips) 
Seat 4: Ysiven ($133.59 in chips) 
Seat 6: blistein ($100 in chips) 
MaRKiToScoK: posts small blind $0.50
radibay: posts big blind $1
LuckyShikari: sits out 
*** HOLE CARDS ***
coeeeelho: folds 
Ysiven: folds 
blistein: raises $1.50 to $2.50
MaRKiToScoK: calls $2
radibay: folds 
*** FLOP *** [7h Qd As]
MaRKiToScoK: checks 
blistein: bets $1.94
MaRKiToScoK: folds 
Uncalled bet ($1.94) returned to blistein
blistein collected $5.70 from pot
blistein: doesn't show hand 
*** SUMMARY ***
Total pot $6 | Rake $0.30 
Board [7h Qd As]
Seat 5: LuckyShikari
Seat 1: MaRKiToScoK (small blind) folded on the Flop
Seat 2: radibay (big blind) folded before Flop
Seat 3: coeeeelho folded before Flop (didn't bet)
Seat 4: Ysiven folded before Flop (didn't bet)
Seat 6: blistein (button) collected ($5.70)



PokerStars Hand #254328595946:  Hold'em No Limit ($0.50/$1.00 USD) - 2025/01/12 10:39:41 WET [2025/01/12 5:39:41 ET]
Table 'Kentaurus II' 6-max Seat #1 is the button
Seat 5: LuckyShikari ($104 in chips) is sitting out
Seat 1: MaRKiToScoK ($189.68 in chips) 
Seat 2: radibay ($105.56 in chips) 
Seat 3: coeeeelho ($104 in chips) 
Seat 4: Ysiven ($133.59 in chips) 
Seat 6: blistein ($103.20 in chips) 
radibay: posts small blind $0.50
coeeeelho: posts big blind $1
LuckyShikari: sits out 
*** HOLE CARDS ***
Ysiven: folds 
blistein: raises $1.30 to $2.30
MaRKiToScoK: folds 
radibay: calls $1.80
coeeeelho: calls $1.30
*** FLOP *** [3d Ad Tc]
radibay: checks 
coeeeelho: checks 
blistein: bets $1.64
radibay: folds 
coeeeelho: folds 
Uncalled bet ($1.64) returned to blistein
blistein collected $6.56 from pot
blistein: doesn't show hand 
*** SUMMARY ***
Total pot $6.90 | Rake $0.34 
Board [3d Ad Tc]
Seat 5: LuckyShikari
Seat 1: MaRKiToScoK (button) folded before Flop (didn't bet)
Seat 2: radibay (small blind) folded on the Flop
Seat 3: coeeeelho (big blind) folded on the Flop
Seat 4: Ysiven folded before Flop (didn't bet)
Seat 6: blistein collected ($6.56)



PokerStars Hand #254328601169:  Hold'em No Limit ($0.50/$1.00 USD) - 2025/01/12 10:40:21 WET [2025/01/12 5:40:21 ET]
Table 'Kentaurus II' 6-max Seat #2 is the button
Seat 5: LuckyShikari ($104 in chips) is sitting out
Seat 1: MaRKiToScoK ($189.68 in chips) 
Seat 2: radibay ($103.26 in chips) 
Seat 3: coeeeelho ($101.70 in chips) 
Seat 4: Ysiven ($133.59 in chips) 
Seat 6: blistein ($107.46 in chips) 
coeeeelho: posts small blind $0.50
Ysiven: posts big blind $1
LuckyShikari: sits out 
*** HOLE CARDS ***
blistein: raises $1.20 to $2.20
MaRKiToScoK: calls $2.20
radibay: folds 
coeeeelho: raises $11.80 to $14
Ysiven: folds 
blistein: folds 
MaRKiToScoK: folds 
Uncalled bet ($11.80) returned to coeeeelho
coeeeelho collected $7.60 from pot
*** SUMMARY ***
Total pot $7.60 | Rake $0 
Seat 5: LuckyShikari
Seat 1: MaRKiToScoK folded before Flop
Seat 2: radibay (button) folded before Flop (didn't bet)
Seat 3: coeeeelho (small blind) collected ($7.60)
Seat 4: Ysiven (big blind) folded before Flop
Seat 6: blistein folded before Flop



PokerStars Hand #254328603400:  Hold'em No Limit ($0.50/$1.00 USD) - 2025/01/12 10:40:38 WET [2025/01/12 5:40:38 ET]
Table 'Kentaurus II' 6-max Seat #3 is the button
Seat 1: MaRKiToScoK ($187.48 in chips) 
Seat 2: radibay ($103.26 in chips) 
Seat 3: coeeeelho ($107.10 in chips) 
Seat 4: Ysiven ($132.59 in chips) 
Seat 5: LuckyShikari ($104 in chips) 
Seat 6: blistein ($105.26 in chips) 
Ysiven: posts small blind $0.50
LuckyShikari: posts big blind $1
*** HOLE CARDS ***
blistein: folds 
MaRKiToScoK: folds 
radibay: calls $1
coeeeelho: folds 
Ysiven: raises $4 to $5
LuckyShikari: folds 
radibay: calls $4
*** FLOP *** [Kh 4s Qh]
Ysiven: checks 
radibay: bets $10.45
Ysiven: folds 
Uncalled bet ($10.45) returned to radibay
radibay collected $10.31 from pot
*** SUMMARY ***
Total pot $11 | Rake $0.69 
Board [Kh 4s Qh]
Seat 1: MaRKiToScoK folded before Flop (didn't bet)
Seat 2: radibay collected ($10.31)
Seat 3: coeeeelho (button) folded before Flop (didn't bet)
Seat 4: Ysiven (small blind) folded on the Flop
Seat 5: LuckyShikari (big blind) folded before Flop
Seat 6: blistein folded before Flop (didn't bet)



PokerStars Hand #254328609968:  Hold'em No Limit ($0.50/$1.00 USD) - 2025/01/12 10:41:27 WET [2025/01/12 5:41:27 ET]
Table 'Kentaurus II' 6-max Seat #4 is the button
Seat 1: MaRKiToScoK ($187.48 in chips) 
Seat 2: radibay ($108.57 in chips) 
Seat 3: coeeeelho ($107.10 in chips) 
Seat 4: Ysiven ($127.59 in chips) 
Seat 5: LuckyShikari ($103 in chips) 
Seat 6: blistein ($105.26 in chips) 
LuckyShikari: posts small blind $0.50
blistein: posts big blind $1
*** HOLE CARDS ***
MaRKiToScoK: raises $1.50 to $2.50
radibay: calls $2.50
coeeeelho: folds 
Ysiven: folds 
LuckyShikari: folds 
blistein: folds 
*** FLOP *** [6c Qs 2h]
MaRKiToScoK: checks 
radibay: checks 
*** TURN *** [6c Qs 2h] [3d]
MaRKiToScoK: bets $9.50
radibay: folds 
Uncalled bet ($9.50) returned to MaRKiToScoK
MaRKiToScoK collected $6.18 from pot
*** SUMMARY ***
Total pot $6.50 | Rake $0.32 
Board [6c Qs 2h 3d]
Seat 1: MaRKiToScoK collected ($6.18)
Seat 2: radibay folded on the Turn
Seat 3: coeeeelho folded before Flop (didn't bet)
Seat 4: Ysiven (button) folded before Flop (didn't bet)
Seat 5: LuckyShikari (small blind) folded before Flop
Seat 6: blistein (big blind) folded before Flop



PokerStars Hand #254328613471:  Hold'em No Limit ($0.50/$1.00 USD) - 2025/01/12 10:41:54 WET [2025/01/12 5:41:54 ET]
Table 'Kentaurus II' 6-max Seat #5 is the button
Seat 1: MaRKiToScoK ($191.16 in chips) 
Seat 2: radibay ($106.07 in chips) 
Seat 3: coeeeelho ($107.10 in chips) 
Seat 4: Ysiven ($127.59 in chips) 
Seat 5: LuckyShikari ($102.50 in chips) 
Seat 6: blistein ($104.26 in chips) 
blistein: posts small blind $0.50
MaRKiToScoK: posts big blind $1
*** HOLE CARDS ***
radibay: calls $1
coeeeelho: folds 
Ysiven: folds 
LuckyShikari: folds 
blistein: folds 
MaRKiToScoK: raises $3.50 to $4.50
radibay: calls $3.50
*** FLOP *** [6s 9h Kh]
MaRKiToScoK: bets $2.71
radibay: folds 
Uncalled bet ($2.71) returned to MaRKiToScoK
MaRKiToScoK collected $9.02 from pot
*** SUMMARY ***
Total pot $9.50 | Rake $0.48 
Board [6s 9h Kh]
Seat 1: MaRKiToScoK (big blind) collected ($9.02)
Seat 2: radibay folded on the Flop
Seat 3: coeeeelho folded before Flop (didn't bet)
Seat 4: Ysiven folded before Flop (didn't bet)
Seat 5: LuckyShikari (button) folded before Flop (didn't bet)
Seat 6: blistein (small blind) folded before Flop



PokerStars Hand #254328618801:  Hold'em No Limit ($0.50/$1.00 USD) - 2025/01/12 10:42:34 WET [2025/01/12 5:42:34 ET]
Table 'Kentaurus II' 6-max Seat #6 is the button
Seat 1: MaRKiToScoK ($195.68 in chips) 
Seat 2: radibay ($101.57 in chips) 
Seat 3: coeeeelho ($107.10 in chips) 
Seat 4: Ysiven ($127.59 in chips) 
Seat 5: LuckyShikari ($102.50 in chips) 
Seat 6: blistein ($103.76 in chips) 
MaRKiToScoK: posts small blind $0.50
radibay: posts big blind $1
*** HOLE CARDS ***
coeeeelho: folds 
Ysiven: folds 
LuckyShikari: raises $1.22 to $2.22
blistein: raises $4.78 to $7
MaRKiToScoK: folds 
radibay: folds 
LuckyShikari: folds 
Uncalled bet ($4.78) returned to blistein
blistein collected $5.94 from pot
blistein: doesn't show hand 
*** SUMMARY ***
Total pot $5.94 | Rake $0 
Seat 1: MaRKiToScoK (small blind) folded before Flop
Seat 2: radibay (big blind) folded before Flop
Seat 3: coeeeelho folded before Flop (didn't bet)
Seat 4: Ysiven folded before Flop (didn't bet)
Seat 5: LuckyShikari folded before Flop
Seat 6: blistein (button) collected ($5.94)



PokerStars Hand #254328624887:  Hold'em No Limit ($0.50/$1.00 USD) - 2025/01/12 10:43:19 WET [2025/01/12 5:43:19 ET]
Table 'Kentaurus II' 6-max Seat #1 is the button
Seat 1: MaRKiToScoK ($195.18 in chips) 
Seat 2: radibay ($100.57 in chips) 
Seat 3: coeeeelho ($107.10 in chips) 
Seat 4: Ysiven ($127.59 in chips) 
Seat 5: LuckyShikari ($100.28 in chips) 
Seat 6: blistein ($107.48 in chips) 
radibay: posts small blind $0.50
coeeeelho: posts big blind $1
*** HOLE CARDS ***
Ysiven: folds 
LuckyShikari: raises $1.22 to $2.22
blistein: folds 
MaRKiToScoK: folds 
radibay: calls $1.72
coeeeelho: folds 
*** FLOP *** [6s 8h Kc]
radibay: checks 
LuckyShikari: bets $3.50
radibay: folds 
Uncalled bet ($3.50) returned to LuckyShikari
LuckyShikari collected $5.17 from pot
LuckyShikari: doesn't show hand 
*** SUMMARY ***
Total pot $5.44 | Rake $0.27 
Board [6s 8h Kc]
Seat 1: MaRKiToScoK (button) folded before Flop (didn't bet)
Seat 2: radibay (small blind) folded on the Flop
Seat 3: coeeeelho (big blind) folded before Flop
Seat 4: Ysiven folded before Flop (didn't bet)
Seat 5: LuckyShikari collected ($5.17)
Seat 6: blistein folded before Flop (didn't bet)



PokerStars Hand #254328629462:  Hold'em No Limit ($0.50/$1.00 USD) - 2025/01/12 10:43:53 WET [2025/01/12 5:43:53 ET]
Table 'Kentaurus II' 6-max Seat #2 is the button
Seat 1: MaRKiToScoK ($195.18 in chips) 
Seat 2: radibay ($98.35 in chips) 
Seat 3: coeeeelho ($106.10 in chips) 
Seat 4: Ysiven ($127.59 in chips) 
Seat 5: LuckyShikari ($103.23 in chips) 
Seat 6: blistein ($107.48 in chips) 
coeeeelho: posts small blind $0.50
Ysiven: posts big blind $1
*** HOLE CARDS ***
LuckyShikari: folds 
blistein: raises $1.20 to $2.20
MaRKiToScoK: folds 
radibay: calls $2.20
coeeeelho: folds 
Ysiven: calls $1.20
*** FLOP *** [2d 8s Kh]
Ysiven: checks 
blistein: bets $2.29
radibay: calls $2.29
Ysiven: calls $2.29
*** TURN *** [2d 8s Kh] [3h]
Ysiven: checks 
blistein: bets $9.95
radibay: folds 
Ysiven: folds 
Uncalled bet ($9.95) returned to blistein
blistein collected $13.27 from pot
blistein: doesn't show hand 
*** SUMMARY ***
Total pot $13.97 | Rake $0.70 
Board [2d 8s Kh 3h]
Seat 1: MaRKiToScoK folded before Flop (didn't bet)
Seat 2: radibay (button) folded on the Turn
Seat 3: coeeeelho (small blind) folded before Flop
Seat 4: Ysiven (big blind) folded on the Turn
Seat 5: LuckyShikari folded before Flop (didn't bet)
Seat 6: blistein collected ($13.27)



PokerStars Hand #254328638724:  Hold'em No Limit ($0.50/$1.00 USD) - 2025/01/12 10:45:03 WET [2025/01/12 5:45:03 ET]
Table 'Kentaurus II' 6-max Seat #3 is the button
Seat 1: MaRKiToScoK ($195.18 in chips) 
Seat 2: radibay ($93.86 in chips) 
Seat 3: coeeeelho ($105.60 in chips) 
Seat 4: Ysiven ($123.10 in chips) 
Seat 5: LuckyShikari ($103.23 in chips) 
Seat 6: blistein ($116.26 in chips) 
Ysiven: posts small blind $0.50
LuckyShikari: posts big blind $1
*** HOLE CARDS ***
blistein: folds 
MaRKiToScoK: folds 
radibay: folds 
coeeeelho: folds 
Ysiven: raises $2 to $3
LuckyShikari: folds 
Uncalled bet ($2) returned to Ysiven
Ysiven collected $2 from pot
Ysiven: doesn't show hand 
*** SUMMARY ***
Total pot $2 | Rake $0 
Seat 1: MaRKiToScoK folded before Flop (didn't bet)
Seat 2: radibay folded before Flop (didn't bet)
Seat 3: coeeeelho (button) folded before Flop (didn't bet)
Seat 4: Ysiven (small blind) collected ($2)
Seat 5: LuckyShikari (big blind) folded before Flop
Seat 6: blistein folded before Flop (didn't bet)



PokerStars Hand #254328641111:  Hold'em No Limit ($0.50/$1.00 USD) - 2025/01/12 10:45:21 WET [2025/01/12 5:45:21 ET]
Table 'Kentaurus II' 6-max Seat #4 is the button
Seat 1: MaRKiToScoK ($195.18 in chips) 
Seat 2: radibay ($93.86 in chips) 
Seat 3: coeeeelho ($105.60 in chips) 
Seat 4: Ysiven ($124.10 in chips) 
Seat 5: LuckyShikari ($102.23 in chips) 
Seat 6: blistein ($116.26 in chips) 
LuckyShikari: posts small blind $0.50
blistein: posts big blind $1
*** HOLE CARDS ***
MaRKiToScoK: raises $2 to $3
radibay: folds 
coeeeelho: folds 
Ysiven: raises $5 to $8
LuckyShikari: folds 
blistein: folds 
MaRKiToScoK: raises $14.80 to $22.80
Ysiven: folds 
Uncalled bet ($14.80) returned to MaRKiToScoK
MaRKiToScoK collected $17.50 from pot
*** SUMMARY ***
Total pot $17.50 | Rake $0 
Seat 1: MaRKiToScoK collected ($17.50)
Seat 2: radibay folded before Flop (didn't bet)
Seat 3: coeeeelho folded before Flop (didn't bet)
Seat 4: Ysiven (button) folded before Flop
Seat 5: LuckyShikari (small blind) folded before Flop
Seat 6: blistein (big blind) folded before Flop



PokerStars Hand #254328646292:  Hold'em No Limit ($0.50/$1.00 USD) - 2025/01/12 10:46:00 WET [2025/01/12 5:46:00 ET]
Table 'Kentaurus II' 6-max Seat #5 is the button
Seat 1: MaRKiToScoK ($204.68 in chips) 
Seat 2: radibay ($93.86 in chips) 
Seat 3: coeeeelho ($105.60 in chips) 
Seat 4: Ysiven ($116.10 in chips) 
Seat 5: LuckyShikari ($101.73 in chips) 
Seat 6: blistein ($115.26 in chips) 
blistein: posts small blind $0.50
MaRKiToScoK: posts big blind $1
*** HOLE CARDS ***
radibay: calls $1
coeeeelho: raises $1.20 to $2.20
Ysiven: folds 
LuckyShikari: folds 
blistein: folds 
MaRKiToScoK: calls $1.20
radibay: calls $1.20
*** FLOP *** [5c 7d Kc]
MaRKiToScoK: checks 
radibay: checks 
coeeeelho: bets $1.69
MaRKiToScoK: folds 
radibay: folds 
Uncalled bet ($1.69) returned to coeeeelho
coeeeelho collected $6.74 from pot
*** SUMMARY ***
Total pot $7.10 | Rake $0.36 
Board [5c 7d Kc]
Seat 1: MaRKiToScoK (big blind) folded on the Flop
Seat 2: radibay folded on the Flop
Seat 3: coeeeelho collected ($6.74)
Seat 4: Ysiven folded before Flop (didn't bet)
Seat 5: LuckyShikari (button) folded before Flop (didn't bet)
Seat 6: blistein (small blind) folded before Flop



PokerStars Hand #254328653825:  Hold'em No Limit ($0.50/$1.00 USD) - 2025/01/12 10:46:57 WET [2025/01/12 5:46:57 ET]
Table 'Kentaurus II' 6-max Seat #6 is the button
Seat 1: MaRKiToScoK ($202.48 in chips) 
Seat 2: radibay ($91.66 in chips) 
Seat 3: coeeeelho ($110.14 in chips) 
Seat 4: Ysiven ($116.10 in chips) 
Seat 5: LuckyShikari ($101.73 in chips) 
Seat 6: blistein ($114.76 in chips) 
MaRKiToScoK: posts small blind $0.50
radibay: posts big blind $1
*** HOLE CARDS ***
coeeeelho: raises $1.20 to $2.20
Ysiven: folds 
LuckyShikari: folds 
blistein: folds 
MaRKiToScoK: folds 
radibay: calls $1.20
*** FLOP *** [4d Jc 6c]
radibay: checks 
coeeeelho: bets $1.17
radibay: calls $1.17
*** TURN *** [4d Jc 6c] [5s]
radibay: bets $6.88
coeeeelho: folds 
Uncalled bet ($6.88) returned to radibay
radibay collected $6.79 from pot
*** SUMMARY ***
Total pot $7.24 | Rake $0.45 
Board [4d Jc 6c 5s]
Seat 1: MaRKiToScoK (small blind) folded before Flop
Seat 2: radibay (big blind) collected ($6.79)
Seat 3: coeeeelho folded on the Turn
Seat 4: Ysiven folded before Flop (didn't bet)
Seat 5: LuckyShikari folded before Flop (didn't bet)
Seat 6: blistein (button) folded before Flop (didn't bet)



PokerStars Hand #254328661732:  Hold'em No Limit ($0.50/$1.00 USD) - 2025/01/12 10:47:58 WET [2025/01/12 5:47:58 ET]
Table 'Kentaurus II' 6-max Seat #1 is the button
Seat 1: MaRKiToScoK ($201.98 in chips) 
Seat 2: radibay ($95.08 in chips) 
Seat 3: coeeeelho ($106.77 in chips) 
Seat 4: Ysiven ($116.10 in chips) 
Seat 5: LuckyShikari ($101.73 in chips) 
Seat 6: blistein ($114.76 in chips) 
radibay: posts small blind $0.50
coeeeelho: posts big blind $1
*** HOLE CARDS ***
Ysiven: folds 
LuckyShikari: raises $2 to $3
blistein: folds 
MaRKiToScoK: folds 
radibay: calls $2.50
coeeeelho: folds 
*** FLOP *** [7s 5s 9c]
radibay: checks 
LuckyShikari: bets $3.86
radibay: folds 
Uncalled bet ($3.86) returned to LuckyShikari
LuckyShikari collected $6.65 from pot
LuckyShikari: doesn't show hand 
*** SUMMARY ***
Total pot $7 | Rake $0.35 
Board [7s 5s 9c]
Seat 1: MaRKiToScoK (button) folded before Flop (didn't bet)
Seat 2: radibay (small blind) folded on the Flop
Seat 3: coeeeelho (big blind) folded before Flop
Seat 4: Ysiven folded before Flop (didn't bet)
Seat 5: LuckyShikari collected ($6.65)
Seat 6: blistein folded before Flop (didn't bet)



PokerStars Hand #254328666505:  Hold'em No Limit ($0.50/$1.00 USD) - 2025/01/12 10:48:34 WET [2025/01/12 5:48:34 ET]
Table 'Kentaurus II' 6-max Seat #2 is the button
Seat 1: MaRKiToScoK ($201.98 in chips) 
Seat 2: radibay ($92.08 in chips) 
Seat 3: coeeeelho ($105.77 in chips) 
Seat 4: Ysiven ($116.10 in chips) 
Seat 5: LuckyShikari ($105.38 in chips) 
Seat 6: blistein ($114.76 in chips) 
coeeeelho: posts small blind $0.50
Ysiven: posts big blind $1
*** HOLE CARDS ***
LuckyShikari: raises $1.22 to $2.22
blistein: folds 
MaRKiToScoK: folds 
radibay: folds 
coeeeelho: raises $9 to $11.22
Ysiven: folds 
LuckyShikari: folds 
Uncalled bet ($9) returned to coeeeelho
coeeeelho collected $5.44 from pot
*** SUMMARY ***
Total pot $5.44 | Rake $0 
Seat 1: MaRKiToScoK folded before Flop (didn't bet)
Seat 2: radibay (button) folded before Flop (didn't bet)
Seat 3: coeeeelho (small blind) collected ($5.44)
Seat 4: Ysiven (big blind) folded before Flop
Seat 5: LuckyShikari folded before Flop
Seat 6: blistein folded before Flop (didn't bet)



PokerStars Hand #254328670933:  Hold'em No Limit ($0.50/$1.00 USD) - 2025/01/12 10:49:07 WET [2025/01/12 5:49:07 ET]
Table 'Kentaurus II' 6-max Seat #3 is the button
Seat 1: MaRKiToScoK ($201.98 in chips) 
Seat 2: radibay ($92.08 in chips) 
Seat 3: coeeeelho ($108.99 in chips) 
Seat 4: Ysiven ($115.10 in chips) 
Seat 5: LuckyShikari ($103.16 in chips) 
Seat 6: blistein ($114.76 in chips) 
Ysiven: posts small blind $0.50
LuckyShikari: posts big blind $1
*** HOLE CARDS ***
blistein: raises $1.20 to $2.20
MaRKiToScoK: folds 
radibay: folds 
coeeeelho: folds 
Ysiven: folds 
LuckyShikari: folds 
Uncalled bet ($1.20) returned to blistein
blistein collected $2.50 from pot
blistein: doesn't show hand 
*** SUMMARY ***
Total pot $2.50 | Rake $0 
Seat 1: MaRKiToScoK folded before Flop (didn't bet)
Seat 2: radibay folded before Flop (didn't bet)
Seat 3: coeeeelho (button) folded before Flop (didn't bet)
Seat 4: Ysiven (small blind) folded before Flop
Seat 5: LuckyShikari (big blind) folded before Flop
Seat 6: blistein collected ($2.50)



PokerStars Hand #254328673486:  Hold'em No Limit ($0.50/$1.00 USD) - 2025/01/12 10:49:27 WET [2025/01/12 5:49:27 ET]
Table 'Kentaurus II' 6-max Seat #4 is the button
Seat 1: MaRKiToScoK ($201.98 in chips) 
Seat 2: radibay ($92.08 in chips) 
Seat 3: coeeeelho ($108.99 in chips) 
Seat 4: Ysiven ($114.60 in chips) 
Seat 5: LuckyShikari ($102.16 in chips) 
Seat 6: blistein ($116.26 in chips) 
LuckyShikari: posts small blind $0.50
blistein: posts big blind $1
*** HOLE CARDS ***
MaRKiToScoK: folds 
radibay: folds 
coeeeelho: raises $1.20 to $2.20
Ysiven: folds 
LuckyShikari: folds 
blistein: folds 
Uncalled bet ($1.20) returned to coeeeelho
coeeeelho collected $2.50 from pot
*** SUMMARY ***
Total pot $2.50 | Rake $0 
Seat 1: MaRKiToScoK folded before Flop (didn't bet)
Seat 2: radibay folded before Flop (didn't bet)
Seat 3: coeeeelho collected ($2.50)
Seat 4: Ysiven (button) folded before Flop (didn't bet)
Seat 5: LuckyShikari (small blind) folded before Flop
Seat 6: blistein (big blind) folded before Flop



PokerStars Hand #254328676183:  Hold'em No Limit ($0.50/$1.00 USD) - 2025/01/12 10:49:46 WET [2025/01/12 5:49:46 ET]
Table 'Kentaurus II' 6-max Seat #5 is the button
Seat 1: MaRKiToScoK ($201.98 in chips) 
Seat 2: radibay ($92.08 in chips) 
Seat 3: coeeeelho ($110.49 in chips) 
Seat 4: Ysiven ($114.60 in chips) 
Seat 5: LuckyShikari ($101.66 in chips) 
Seat 6: blistein ($115.26 in chips) 
blistein: posts small blind $0.50
MaRKiToScoK: posts big blind $1
*** HOLE CARDS ***
radibay: calls $1
coeeeelho: folds 
Ysiven: folds 
LuckyShikari: folds 
blistein: calls $0.50
MaRKiToScoK: checks 
*** FLOP *** [Qd 9d 5d]
blistein: checks 
MaRKiToScoK: checks 
radibay: checks 
*** TURN *** [Qd 9d 5d] [5c]
blistein: checks 
MaRKiToScoK: bets $4.50
radibay: folds 
blistein: folds 
Uncalled bet ($4.50) returned to MaRKiToScoK
MaRKiToScoK collected $2.85 from pot
*** SUMMARY ***
Total pot $3 | Rake $0.15 
Board [Qd 9d 5d 5c]
Seat 1: MaRKiToScoK (big blind) collected ($2.85)
Seat 2: radibay folded on the Turn
Seat 3: coeeeelho folded before Flop (didn't bet)
Seat 4: Ysiven folded before Flop (didn't bet)
Seat 5: LuckyShikari (button) folded before Flop (didn't bet)
Seat 6: blistein (small blind) folded on the Turn



PokerStars Hand #254328681380:  Hold'em No Limit ($0.50/$1.00 USD) - 2025/01/12 10:50:25 WET [2025/01/12 5:50:25 ET]
Table 'Kentaurus II' 6-max Seat #6 is the button
Seat 1: MaRKiToScoK ($203.83 in chips) 
Seat 2: radibay ($91.08 in chips) 
Seat 3: coeeeelho ($110.49 in chips) 
Seat 4: Ysiven ($114.60 in chips) 
Seat 5: LuckyShikari ($101.66 in chips) 
Seat 6: blistein ($114.26 in chips) 
MaRKiToScoK: posts small blind $0.50
radibay: posts big blind $1
*** HOLE CARDS ***
coeeeelho: folds 
Ysiven: folds 
LuckyShikari: raises $2 to $3
blistein: folds 
MaRKiToScoK: folds 
radibay: calls $2
*** FLOP *** [2h Qh Ks]
radibay: checks 
LuckyShikari: bets $4
radibay: calls $4
*** TURN *** [2h Qh Ks] [9c]
radibay: checks 
LuckyShikari: bets $9
radibay: folds 
Uncalled bet ($9) returned to LuckyShikari
LuckyShikari collected $13.78 from pot
LuckyShikari: doesn't show hand 
*** SUMMARY ***
Total pot $14.50 | Rake $0.72 
Board [2h Qh Ks 9c]
Seat 1: MaRKiToScoK (small blind) folded before Flop
Seat 2: radibay (big blind) folded on the Turn
Seat 3: coeeeelho folded before Flop (didn't bet)
Seat 4: Ysiven folded before Flop (didn't bet)
Seat 5: LuckyShikari collected ($13.78)
Seat 6: blistein (button) folded before Flop (didn't bet)



PokerStars Hand #254328685735:  Hold'em No Limit ($0.50/$1.00 USD) - 2025/01/12 10:50:57 WET [2025/01/12 5:50:57 ET]
Table 'Kentaurus II' 6-max Seat #1 is the button
Seat 1: MaRKiToScoK ($203.33 in chips) 
Seat 2: radibay ($84.08 in chips) 
Seat 3: coeeeelho ($110.49 in chips) 
Seat 4: Ysiven ($114.60 in chips) 
Seat 5: LuckyShikari ($108.44 in chips) 
Seat 6: blistein ($114.26 in chips) 
radibay: posts small blind $0.50
coeeeelho: posts big blind $1
*** HOLE CARDS ***
Ysiven: folds 
LuckyShikari: folds 
blistein: raises $1.30 to $2.30
MaRKiToScoK: folds 
radibay: calls $1.80
coeeeelho: calls $1.30
*** FLOP *** [8s Qh 9s]
radibay: checks 
coeeeelho: checks 
blistein: bets $2.23
radibay: raises $2.23 to $4.46
coeeeelho: folds 
blistein: calls $2.23
*** TURN *** [8s Qh 9s] [Ac]
radibay: bets $7.52
blistein: raises $16.04 to $23.56
radibay: calls $16.04
*** RIVER *** [8s Qh 9s Ac] [9c]
radibay: checks 
blistein: bets $57.71
radibay: calls $53.76 and is all-in
Uncalled bet ($3.95) returned to blistein
*** SHOW DOWN ***
blistein: shows [As Ah] (a full house, Aces full of Nines)
radibay: shows [Ts Js] (a straight, Eight to Queen)
blistein collected $167.96 from pot
*** SUMMARY ***
Total pot $170.46 | Rake $2.50 
Board [8s Qh 9s Ac 9c]
Seat 1: MaRKiToScoK (button) folded before Flop (didn't bet)
Seat 2: radibay (small blind) showed [Ts Js] and lost with a straight, Eight to Queen
Seat 3: coeeeelho (big blind) folded on the Flop
Seat 4: Ysiven folded before Flop (didn't bet)
Seat 5: LuckyShikari folded before Flop (didn't bet)
Seat 6: blistein showed [As Ah] and won ($167.96) with a full house, Aces full of Nines



PokerStars Hand #254328702180:  Hold'em No Limit ($0.50/$1.00 USD) - 2025/01/12 10:52:57 WET [2025/01/12 5:52:57 ET]
Table 'Kentaurus II' 6-max Seat #3 is the button
Seat 2: radibay ($0 in chips) is sitting out
Seat 1: MaRKiToScoK ($203.33 in chips) 
Seat 3: coeeeelho ($108.19 in chips) 
Seat 4: Ysiven ($114.60 in chips) 
Seat 5: LuckyShikari ($108.44 in chips) 
Seat 6: blistein ($198.14 in chips) 
Ysiven: posts small blind $0.50
LuckyShikari: posts big blind $1
*** HOLE CARDS ***
blistein: folds 
MaRKiToScoK: raises $1.22 to $2.22
coeeeelho: folds 
Ysiven: folds 
LuckyShikari: folds 
Uncalled bet ($1.22) returned to MaRKiToScoK
MaRKiToScoK collected $2.50 from pot
*** SUMMARY ***
Total pot $2.50 | Rake $0 
Seat 2: radibay
Seat 1: MaRKiToScoK collected ($2.50)
Seat 3: coeeeelho (button) folded before Flop (didn't bet)
Seat 4: Ysiven (small blind) folded before Flop
Seat 5: LuckyShikari (big blind) folded before Flop
Seat 6: blistein folded before Flop (didn't bet)



PokerStars Hand #254328704324:  Hold'em No Limit ($0.50/$1.00 USD) - 2025/01/12 10:53:13 WET [2025/01/12 5:53:13 ET]
Table 'Kentaurus II' 6-max Seat #4 is the button
Seat 2: radibay ($0 in chips) is sitting out
Seat 1: MaRKiToScoK ($204.83 in chips) 
Seat 3: coeeeelho ($108.19 in chips) 
Seat 4: Ysiven ($114.10 in chips) 
Seat 5: LuckyShikari ($107.44 in chips) 
Seat 6: blistein ($198.14 in chips) 
LuckyShikari: posts small blind $0.50
blistein: posts big blind $1
*** HOLE CARDS ***
MaRKiToScoK: folds 
coeeeelho: folds 
Ysiven: folds 
LuckyShikari: folds 
Uncalled bet ($0.50) returned to blistein
blistein collected $1 from pot
blistein: doesn't show hand 
*** SUMMARY ***
Total pot $1 | Rake $0 
Seat 2: radibay
Seat 1: MaRKiToScoK folded before Flop (didn't bet)
Seat 3: coeeeelho folded before Flop (didn't bet)
Seat 4: Ysiven (button) folded before Flop (didn't bet)
Seat 5: LuckyShikari (small blind) folded before Flop
Seat 6: blistein (big blind) collected ($1)



PokerStars Hand #254328707084:  Hold'em No Limit ($0.50/$1.00 USD) - 2025/01/12 10:53:33 WET [2025/01/12 5:53:33 ET]
Table 'Kentaurus II' 6-max Seat #5 is the button
Seat 1: MaRKiToScoK ($204.83 in chips) 
Seat 2: radibay ($53.81 in chips) 
Seat 3: coeeeelho ($108.19 in chips) 
Seat 4: Ysiven ($114.10 in chips) 
Seat 5: LuckyShikari ($106.94 in chips) 
Seat 6: blistein ($198.64 in chips) 
blistein: posts small blind $0.50
MaRKiToScoK: posts big blind $1
*** HOLE CARDS ***
radibay: folds 
coeeeelho: folds 
Ysiven: raises $1.30 to $2.30
LuckyShikari: folds 
blistein: folds 
MaRKiToScoK: calls $1.30
*** FLOP *** [3d 6d 5c]
MaRKiToScoK: checks 
Ysiven: bets $2
MaRKiToScoK: folds 
Uncalled bet ($2) returned to Ysiven
Ysiven collected $4.84 from pot
Ysiven: doesn't show hand 
*** SUMMARY ***
Total pot $5.10 | Rake $0.26 
Board [3d 6d 5c]
Seat 1: MaRKiToScoK (big blind) folded on the Flop
Seat 2: radibay folded before Flop (didn't bet)
Seat 3: coeeeelho folded before Flop (didn't bet)
Seat 4: Ysiven collected ($4.84)
Seat 5: LuckyShikari (button) folded before Flop (didn't bet)
Seat 6: blistein (small blind) folded before Flop



PokerStars Hand #254328713203:  Hold'em No Limit ($0.50/$1.00 USD) - 2025/01/12 10:54:18 WET [2025/01/12 5:54:18 ET]
Table 'Kentaurus II' 6-max Seat #6 is the button
Seat 1: MaRKiToScoK ($202.53 in chips) 
Seat 2: radibay ($53.81 in chips) 
Seat 3: coeeeelho ($108.19 in chips) 
Seat 4: Ysiven ($116.64 in chips) 
Seat 5: LuckyShikari ($106.94 in chips) 
Seat 6: blistein ($198.14 in chips) 
MaRKiToScoK: posts small blind $0.50
radibay: posts big blind $1
*** HOLE CARDS ***
coeeeelho: folds 
Ysiven: folds 
LuckyShikari: folds 
blistein: folds 
MaRKiToScoK: raises $1.77 to $2.77
radibay: calls $1.77
*** FLOP *** [8c 7s 3c]
MaRKiToScoK: checks 
radibay: checks 
*** TURN *** [8c 7s 3c] [8s]
MaRKiToScoK: bets $1.74
radibay: folds 
Uncalled bet ($1.74) returned to MaRKiToScoK
MaRKiToScoK collected $5.26 from pot
*** SUMMARY ***
Total pot $5.54 | Rake $0.28 
Board [8c 7s 3c 8s]
Seat 1: MaRKiToScoK (small blind) collected ($5.26)
Seat 2: radibay (big blind) folded on the Turn
Seat 3: coeeeelho folded before Flop (didn't bet)
Seat 4: Ysiven folded before Flop (didn't bet)
Seat 5: LuckyShikari folded before Flop (didn't bet)
Seat 6: blistein (button) folded before Flop (didn't bet)



PokerStars Hand #254328717575:  Hold'em No Limit ($0.50/$1.00 USD) - 2025/01/12 10:54:51 WET [2025/01/12 5:54:51 ET]
Table 'Kentaurus II' 6-max Seat #1 is the button
Seat 1: MaRKiToScoK ($205.02 in chips) 
Seat 2: radibay ($51.04 in chips) 
Seat 3: coeeeelho ($108.19 in chips) 
Seat 4: Ysiven ($116.64 in chips) 
Seat 5: LuckyShikari ($106.94 in chips) 
Seat 6: blistein ($198.14 in chips) 
radibay: posts small blind $0.50
coeeeelho: posts big blind $1
*** HOLE CARDS ***
Ysiven: folds 
LuckyShikari: raises $1.50 to $2.50
blistein: folds 
MaRKiToScoK: folds 
radibay: folds 
coeeeelho: folds 
Uncalled bet ($1.50) returned to LuckyShikari
LuckyShikari collected $2.50 from pot
LuckyShikari: doesn't show hand 
*** SUMMARY ***
Total pot $2.50 | Rake $0 
Seat 1: MaRKiToScoK (button) folded before Flop (didn't bet)
Seat 2: radibay (small blind) folded before Flop
Seat 3: coeeeelho (big blind) folded before Flop
Seat 4: Ysiven folded before Flop (didn't bet)
Seat 5: LuckyShikari collected ($2.50)
Seat 6: blistein folded before Flop (didn't bet)



PokerStars Hand #254328719685:  Hold'em No Limit ($0.50/$1.00 USD) - 2025/01/12 10:55:08 WET [2025/01/12 5:55:08 ET]
Table 'Kentaurus II' 6-max Seat #2 is the button
Seat 1: MaRKiToScoK ($205.02 in chips) 
Seat 2: radibay ($50.54 in chips) 
Seat 3: coeeeelho ($107.19 in chips) 
Seat 4: Ysiven ($116.64 in chips) 
Seat 5: LuckyShikari ($108.44 in chips) 
Seat 6: blistein ($198.14 in chips) 
coeeeelho: posts small blind $0.50
Ysiven: posts big blind $1
*** HOLE CARDS ***
LuckyShikari: folds 
blistein: raises $1.20 to $2.20
MaRKiToScoK: folds 
radibay: folds 
coeeeelho: folds 
Ysiven: folds 
Uncalled bet ($1.20) returned to blistein
blistein collected $2.50 from pot
blistein: doesn't show hand 
*** SUMMARY ***
Total pot $2.50 | Rake $0 
Seat 1: MaRKiToScoK folded before Flop (didn't bet)
Seat 2: radibay (button) folded before Flop (didn't bet)
Seat 3: coeeeelho (small blind) folded before Flop
Seat 4: Ysiven (big blind) folded before Flop
Seat 5: LuckyShikari folded before Flop (didn't bet)
Seat 6: blistein collected ($2.50)



PokerStars Hand #254328721854:  Hold'em No Limit ($0.50/$1.00 USD) - 2025/01/12 10:55:27 WET [2025/01/12 5:55:27 ET]
Table 'Kentaurus II' 6-max Seat #3 is the button
Seat 1: MaRKiToScoK ($205.02 in chips) 
Seat 2: radibay ($50.54 in chips) 
Seat 3: coeeeelho ($106.69 in chips) 
Seat 4: Ysiven ($115.64 in chips) 
Seat 5: LuckyShikari ($108.44 in chips) 
Seat 6: blistein ($199.64 in chips) 
Ysiven: posts small blind $0.50
LuckyShikari: posts big blind $1
*** HOLE CARDS ***
blistein: raises $1.20 to $2.20
MaRKiToScoK: folds 
radibay has timed out
radibay: folds 
coeeeelho: folds 
Ysiven: folds 
LuckyShikari: raises $9.80 to $12
blistein: folds 
Uncalled bet ($9.80) returned to LuckyShikari
LuckyShikari collected $4.90 from pot
LuckyShikari: doesn't show hand 
*** SUMMARY ***
Total pot $4.90 | Rake $0 
Seat 1: MaRKiToScoK folded before Flop (didn't bet)
Seat 2: radibay folded before Flop (didn't bet)
Seat 3: coeeeelho (button) folded before Flop (didn't bet)
Seat 4: Ysiven (small blind) folded before Flop
Seat 5: LuckyShikari (big blind) collected ($4.90)
Seat 6: blistein folded before Flop



PokerStars Hand #254328730875:  Hold'em No Limit ($0.50/$1.00 USD) - 2025/01/12 10:56:45 WET [2025/01/12 5:56:45 ET]
Table 'Kentaurus II' 6-max Seat #4 is the button
Seat 2: radibay ($50.54 in chips) is sitting out
Seat 1: MaRKiToScoK ($205.02 in chips) 
Seat 3: coeeeelho ($106.69 in chips) 
Seat 4: Ysiven ($115.14 in chips) 
Seat 5: LuckyShikari ($111.14 in chips) 
Seat 6: blistein ($197.44 in chips) 
LuckyShikari: posts small blind $0.50
blistein: posts big blind $1
*** HOLE CARDS ***
MaRKiToScoK: folds 
coeeeelho: folds 
Ysiven: folds 
LuckyShikari: folds 
Uncalled bet ($0.50) returned to blistein
blistein collected $1 from pot
blistein: doesn't show hand 
*** SUMMARY ***
Total pot $1 | Rake $0 
Seat 2: radibay
Seat 1: MaRKiToScoK folded before Flop (didn't bet)
Seat 3: coeeeelho folded before Flop (didn't bet)
Seat 4: Ysiven (button) folded before Flop (didn't bet)
Seat 5: LuckyShikari (small blind) folded before Flop
Seat 6: blistein (big blind) collected ($1)



PokerStars Hand #254328732188:  Hold'em No Limit ($0.50/$1.00 USD) - 2025/01/12 10:56:57 WET [2025/01/12 5:56:57 ET]
Table 'Kentaurus II' 6-max Seat #5 is the button
Seat 1: MaRKiToScoK ($205.02 in chips) 
Seat 2: radibay ($50.54 in chips) 
Seat 3: coeeeelho ($106.69 in chips) 
Seat 4: Ysiven ($115.14 in chips) 
Seat 5: LuckyShikari ($110.64 in chips) 
Seat 6: blistein ($197.94 in chips) 
blistein: posts small blind $0.50
MaRKiToScoK: posts big blind $1
*** HOLE CARDS ***
radibay: folds 
coeeeelho: raises $1.20 to $2.20
Ysiven: folds 
LuckyShikari: raises $7.80 to $10
blistein: folds 
MaRKiToScoK: folds 
coeeeelho: raises $96.69 to $106.69 and is all-in
LuckyShikari: calls $96.69
*** FLOP *** [3s 6c 8s]
*** TURN *** [3s 6c 8s] [Kc]
*** RIVER *** [3s 6c 8s Kc] [3d]
*** SHOW DOWN ***
coeeeelho: shows [Jc Jd] (two pair, Jacks and Threes)
LuckyShikari: shows [Ad Ks] (two pair, Kings and Threes)
LuckyShikari collected $212.38 from pot
*** SUMMARY ***
Total pot $214.88 | Rake $2.50 
Board [3s 6c 8s Kc 3d]
Seat 1: MaRKiToScoK (big blind) folded before Flop
Seat 2: radibay folded before Flop (didn't bet)
Seat 3: coeeeelho showed [Jc Jd] and lost with two pair, Jacks and Threes
Seat 4: Ysiven folded before Flop (didn't bet)
Seat 5: LuckyShikari (button) showed [Ad Ks] and won ($212.38) with two pair, Kings and Threes
Seat 6: blistein (small blind) folded before Flop



PokerStars Hand #254328737702:  Hold'em No Limit ($0.50/$1.00 USD) - 2025/01/12 10:57:45 WET [2025/01/12 5:57:45 ET]
Table 'Kentaurus II' 6-max Seat #6 is the button
Seat 1: MaRKiToScoK ($204.02 in chips) 
Seat 2: radibay ($50.54 in chips) 
Seat 3: coeeeelho ($100 in chips) 
Seat 4: Ysiven ($115.14 in chips) 
Seat 5: LuckyShikari ($216.33 in chips) 
Seat 6: blistein ($197.44 in chips) 
MaRKiToScoK: posts small blind $0.50
radibay: posts big blind $1
*** HOLE CARDS ***
coeeeelho: folds 
Ysiven: raises $1 to $2
LuckyShikari: folds 
blistein: folds 
MaRKiToScoK: folds 
radibay: calls $1
*** FLOP *** [6s Ts 4c]
radibay: checks 
Ysiven: checks 
*** TURN *** [6s Ts 4c] [4d]
radibay: checks 
Ysiven: checks 
*** RIVER *** [6s Ts 4c 4d] [Qs]
radibay: checks 
Ysiven: checks 
*** SHOW DOWN ***
radibay: shows [5c 3c] (a pair of Fours)
Ysiven: shows [Kh Ah] (a pair of Fours - Ace kicker)
Ysiven collected $4.28 from pot
*** SUMMARY ***
Total pot $4.50 | Rake $0.22 
Board [6s Ts 4c 4d Qs]
Seat 1: MaRKiToScoK (small blind) folded before Flop
Seat 2: radibay (big blind) showed [5c 3c] and lost with a pair of Fours
Seat 3: coeeeelho folded before Flop (didn't bet)
Seat 4: Ysiven showed [Kh Ah] and won ($4.28) with a pair of Fours
Seat 5: LuckyShikari folded before Flop (didn't bet)
Seat 6: blistein (button) folded before Flop (didn't bet)



PokerStars Hand #254328744724:  Hold'em No Limit ($0.50/$1.00 USD) - 2025/01/12 10:58:45 WET [2025/01/12 5:58:45 ET]
Table 'Kentaurus II' 6-max Seat #1 is the button
Seat 1: MaRKiToScoK ($203.52 in chips) 
Seat 2: radibay ($48.54 in chips) 
Seat 3: coeeeelho ($100 in chips) 
Seat 4: Ysiven ($117.42 in chips) 
Seat 5: LuckyShikari ($216.33 in chips) 
Seat 6: blistein ($197.44 in chips) 
radibay: posts small blind $0.50
coeeeelho: posts big blind $1
*** HOLE CARDS ***
Ysiven: raises $1 to $2
LuckyShikari: folds 
blistein: folds 
MaRKiToScoK: folds 
radibay: folds 
coeeeelho: calls $1
*** FLOP *** [Ks 4d 6c]
coeeeelho: checks 
Ysiven: bets $1.41
coeeeelho: raises $3.52 to $4.93
Ysiven: calls $3.52
*** TURN *** [Ks 4d 6c] [3c]
coeeeelho: bets $17.05
Ysiven: folds 
Uncalled bet ($17.05) returned to coeeeelho
coeeeelho collected $13.64 from pot
*** SUMMARY ***
Total pot $14.36 | Rake $0.72 
Board [Ks 4d 6c 3c]
Seat 1: MaRKiToScoK (button) folded before Flop (didn't bet)
Seat 2: radibay (small blind) folded before Flop
Seat 3: coeeeelho (big blind) collected ($13.64)
Seat 4: Ysiven folded on the Turn
Seat 5: LuckyShikari folded before Flop (didn't bet)
Seat 6: blistein folded before Flop (didn't bet)



PokerStars Hand #254328754091:  Hold'em No Limit ($0.50/$1.00 USD) - 2025/01/12 11:00:04 WET [2025/01/12 6:00:04 ET]
Table 'Kentaurus II' 6-max Seat #2 is the button
Seat 1: MaRKiToScoK ($203.52 in chips) 
Seat 2: radibay ($48.04 in chips) 
Seat 3: coeeeelho ($106.71 in chips) 
Seat 4: Ysiven ($110.49 in chips) 
Seat 5: LuckyShikari ($216.33 in chips) 
Seat 6: blistein ($197.44 in chips) 
coeeeelho: posts small blind $0.50
Ysiven: posts big blind $1
*** HOLE CARDS ***
LuckyShikari: folds 
blistein: folds 
MaRKiToScoK: folds 
radibay: calls $1
coeeeelho: raises $5 to $6
Ysiven: folds 
radibay: calls $5
*** FLOP *** [2c Kd Qd]
coeeeelho: bets $3.09
radibay: folds 
Uncalled bet ($3.09) returned to coeeeelho
coeeeelho collected $12.35 from pot
*** SUMMARY ***
Total pot $13 | Rake $0.65 
Board [2c Kd Qd]
Seat 1: MaRKiToScoK folded before Flop (didn't bet)
Seat 2: radibay (button) folded on the Flop
Seat 3: coeeeelho (small blind) collected ($12.35)
Seat 4: Ysiven (big blind) folded before Flop
Seat 5: LuckyShikari folded before Flop (didn't bet)
Seat 6: blistein folded before Flop (didn't bet)



PokerStars Hand #254328758436:  Hold'em No Limit ($0.50/$1.00 USD) - 2025/01/12 11:00:39 WET [2025/01/12 6:00:39 ET]
Table 'Kentaurus II' 6-max Seat #3 is the button
Seat 1: MaRKiToScoK ($203.52 in chips) 
Seat 2: radibay ($42.04 in chips) 
Seat 3: coeeeelho ($113.06 in chips) 
Seat 4: Ysiven ($109.49 in chips) 
Seat 5: LuckyShikari ($216.33 in chips) 
Seat 6: blistein ($197.44 in chips) 
Ysiven: posts small blind $0.50
LuckyShikari: posts big blind $1
*** HOLE CARDS ***
blistein: folds 
MaRKiToScoK: folds 
radibay: calls $1
coeeeelho: folds 
Ysiven: raises $4 to $5
LuckyShikari: folds 
radibay: calls $4
*** FLOP *** [4h 3c 8d]
Ysiven: checks 
radibay: checks 
*** TURN *** [4h 3c 8d] [5h]
Ysiven: bets $3.45
radibay: folds 
Uncalled bet ($3.45) returned to Ysiven
Ysiven collected $10.45 from pot
Ysiven: doesn't show hand 
*** SUMMARY ***
Total pot $11 | Rake $0.55 
Board [4h 3c 8d 5h]
Seat 1: MaRKiToScoK folded before Flop (didn't bet)
Seat 2: radibay folded on the Turn
Seat 3: coeeeelho (button) folded before Flop (didn't bet)
Seat 4: Ysiven (small blind) collected ($10.45)
Seat 5: LuckyShikari (big blind) folded before Flop
Seat 6: blistein folded before Flop (didn't bet)



PokerStars Hand #254328765223:  Hold'em No Limit ($0.50/$1.00 USD) - 2025/01/12 11:01:29 WET [2025/01/12 6:01:29 ET]
Table 'Kentaurus II' 6-max Seat #4 is the button
Seat 1: MaRKiToScoK ($203.52 in chips) 
Seat 2: radibay ($37.04 in chips) 
Seat 3: coeeeelho ($113.06 in chips) 
Seat 4: Ysiven ($114.94 in chips) 
Seat 5: LuckyShikari ($215.33 in chips) 
Seat 6: blistein ($197.44 in chips) 
LuckyShikari: posts small blind $0.50
blistein: posts big blind $1
*** HOLE CARDS ***
MaRKiToScoK: raises $1.07 to $2.07
radibay: folds 
coeeeelho: folds 
Ysiven: raises $5.43 to $7.50
LuckyShikari: folds 
blistein: folds 
MaRKiToScoK: raises $13.88 to $21.38
Ysiven: folds 
Uncalled bet ($13.88) returned to MaRKiToScoK
MaRKiToScoK collected $16.50 from pot
*** SUMMARY ***
Total pot $16.50 | Rake $0 
Seat 1: MaRKiToScoK collected ($16.50)
Seat 2: radibay folded before Flop (didn't bet)
Seat 3: coeeeelho folded before Flop (didn't bet)
Seat 4: Ysiven (button) folded before Flop
Seat 5: LuckyShikari (small blind) folded before Flop
Seat 6: blistein (big blind) folded before Flop



PokerStars Hand #254328771474:  Hold'em No Limit ($0.50/$1.00 USD) - 2025/01/12 11:02:16 WET [2025/01/12 6:02:16 ET]
Table 'Kentaurus II' 6-max Seat #5 is the button
Seat 1: MaRKiToScoK ($212.52 in chips) 
Seat 2: radibay ($37.04 in chips) 
Seat 3: coeeeelho ($113.06 in chips) 
Seat 4: Ysiven ($107.44 in chips) 
Seat 5: LuckyShikari ($214.83 in chips) 
Seat 6: blistein ($196.44 in chips) 
blistein: posts small blind $0.50
MaRKiToScoK: posts big blind $1
*** HOLE CARDS ***
radibay: calls $1
coeeeelho: raises $3.20 to $4.20
Ysiven: folds 
LuckyShikari: folds 
blistein: folds 
MaRKiToScoK: folds 
radibay: calls $3.20
*** FLOP *** [5s Ad Ks]
radibay: checks 
coeeeelho: checks 
*** TURN *** [5s Ad Ks] [6s]
radibay: checks 
coeeeelho: checks 
*** RIVER *** [5s Ad Ks 6s] [8h]
radibay: bets $9.40
coeeeelho: folds 
Uncalled bet ($9.40) returned to radibay
radibay collected $9.28 from pot
*** SUMMARY ***
Total pot $9.90 | Rake $0.62 
Board [5s Ad Ks 6s 8h]
Seat 1: MaRKiToScoK (big blind) folded before Flop
Seat 2: radibay collected ($9.28)
Seat 3: coeeeelho folded on the River
Seat 4: Ysiven folded before Flop (didn't bet)
Seat 5: LuckyShikari (button) folded before Flop (didn't bet)
Seat 6: blistein (small blind) folded before Flop



PokerStars Hand #254328777144:  Hold'em No Limit ($0.50/$1.00 USD) - 2025/01/12 11:02:58 WET [2025/01/12 6:02:58 ET]
Table 'Kentaurus II' 6-max Seat #6 is the button
Seat 1: MaRKiToScoK ($211.52 in chips) 
Seat 2: radibay ($42.12 in chips) 
Seat 3: coeeeelho ($108.86 in chips) 
Seat 4: Ysiven ($107.44 in chips) 
Seat 5: LuckyShikari ($214.83 in chips) 
Seat 6: blistein ($195.94 in chips) 
MaRKiToScoK: posts small blind $0.50
radibay: posts big blind $1
*** HOLE CARDS ***
coeeeelho: folds 
Ysiven: raises $1 to $2
LuckyShikari: folds 
blistein: folds 
MaRKiToScoK: folds 
radibay: folds 
Uncalled bet ($1) returned to Ysiven
Ysiven collected $2.50 from pot
Ysiven: doesn't show hand 
*** SUMMARY ***
Total pot $2.50 | Rake $0 
Seat 1: MaRKiToScoK (small blind) folded before Flop
Seat 2: radibay (big blind) folded before Flop
Seat 3: coeeeelho folded before Flop (didn't bet)
Seat 4: Ysiven collected ($2.50)
Seat 5: LuckyShikari folded before Flop (didn't bet)
Seat 6: blistein (button) folded before Flop (didn't bet)



PokerStars Hand #254328778900:  Hold'em No Limit ($0.50/$1.00 USD) - 2025/01/12 11:03:11 WET [2025/01/12 6:03:11 ET]
Table 'Kentaurus II' 6-max Seat #1 is the button
Seat 1: MaRKiToScoK ($211.02 in chips) 
Seat 2: radibay ($41.12 in chips) 
Seat 3: coeeeelho ($108.86 in chips) 
Seat 4: Ysiven ($108.94 in chips) 
Seat 5: LuckyShikari ($214.83 in chips) 
Seat 6: blistein ($195.94 in chips) 
radibay: posts small blind $0.50
coeeeelho: posts big blind $1
*** HOLE CARDS ***
Ysiven: raises $1 to $2
LuckyShikari: folds 
blistein: folds 
MaRKiToScoK: folds 
radibay: calls $1.50
coeeeelho: folds 
*** FLOP *** [6h Ad 6c]
radibay: checks 
Ysiven: checks 
*** TURN *** [6h Ad 6c] [6d]
radibay: checks 
Ysiven: bets $2.85
radibay: folds 
Uncalled bet ($2.85) returned to Ysiven
Ysiven collected $4.75 from pot
Ysiven: doesn't show hand 
*** SUMMARY ***
Total pot $5 | Rake $0.25 
Board [6h Ad 6c 6d]
Seat 1: MaRKiToScoK (button) folded before Flop (didn't bet)
Seat 2: radibay (small blind) folded on the Turn
Seat 3: coeeeelho (big blind) folded before Flop
Seat 4: Ysiven collected ($4.75)
Seat 5: LuckyShikari folded before Flop (didn't bet)
Seat 6: blistein folded before Flop (didn't bet)



PokerStars Hand #254328784031:  Hold'em No Limit ($0.50/$1.00 USD) - 2025/01/12 11:03:48 WET [2025/01/12 6:03:48 ET]
Table 'Kentaurus II' 6-max Seat #2 is the button
Seat 1: MaRKiToScoK ($211.02 in chips) 
Seat 2: radibay ($39.12 in chips) 
Seat 3: coeeeelho ($107.86 in chips) 
Seat 4: Ysiven ($111.69 in chips) 
Seat 5: LuckyShikari ($214.83 in chips) 
Seat 6: blistein ($195.94 in chips) 
coeeeelho: posts small blind $0.50
Ysiven: posts big blind $1
*** HOLE CARDS ***
LuckyShikari: folds 
blistein: folds 
MaRKiToScoK: raises $1.22 to $2.22
radibay: calls $2.22
coeeeelho: folds 
Ysiven: folds 
*** FLOP *** [7s Qs 6c]
MaRKiToScoK: bets $4.23
radibay: calls $4.23
*** TURN *** [7s Qs 6c] [9c]
MaRKiToScoK: bets $204.57 and is all-in
radibay: folds 
Uncalled bet ($204.57) returned to MaRKiToScoK
MaRKiToScoK collected $13.68 from pot
*** SUMMARY ***
Total pot $14.40 | Rake $0.72 
Board [7s Qs 6c 9c]
Seat 1: MaRKiToScoK collected ($13.68)
Seat 2: radibay (button) folded on the Turn
Seat 3: coeeeelho (small blind) folded before Flop
Seat 4: Ysiven (big blind) folded before Flop
Seat 5: LuckyShikari folded before Flop (didn't bet)
Seat 6: blistein folded before Flop (didn't bet)



PokerStars Hand #254328788909:  Hold'em No Limit ($0.50/$1.00 USD) - 2025/01/12 11:04:24 WET [2025/01/12 6:04:24 ET]
Table 'Kentaurus II' 6-max Seat #3 is the button
Seat 1: MaRKiToScoK ($218.25 in chips) 
Seat 2: radibay ($32.67 in chips) 
Seat 3: coeeeelho ($107.36 in chips) 
Seat 4: Ysiven ($110.69 in chips) 
Seat 5: LuckyShikari ($214.83 in chips) 
Seat 6: blistein ($195.94 in chips) 
Ysiven: posts small blind $0.50
LuckyShikari: posts big blind $1
*** HOLE CARDS ***
blistein: folds 
MaRKiToScoK: raises $1.07 to $2.07
radibay: raises $30.60 to $32.67 and is all-in
coeeeelho: folds 
Ysiven: folds 
LuckyShikari: folds 
MaRKiToScoK: calls $30.60
*** FLOP *** [Qs 8s 8d]
*** TURN *** [Qs 8s 8d] [Kh]
*** RIVER *** [Qs 8s 8d Kh] [6s]
*** SHOW DOWN ***
MaRKiToScoK: shows [Ad Js] (a pair of Eights)
radibay: shows [7c Ac] (a pair of Eights)
MaRKiToScoK collected $32.17 from pot
radibay collected $31.86 from pot
*** SUMMARY ***
Total pot $66.84 | Rake $2.81 
Board [Qs 8s 8d Kh 6s]
Seat 1: MaRKiToScoK showed [Ad Js] and won ($32.17) with a pair of Eights
Seat 2: radibay showed [7c Ac] and won ($31.86) with a pair of Eights
Seat 3: coeeeelho (button) folded before Flop (didn't bet)
Seat 4: Ysiven (small blind) folded before Flop
Seat 5: LuckyShikari (big blind) folded before Flop
Seat 6: blistein folded before Flop (didn't bet)



PokerStars Hand #254328792963:  Hold'em No Limit ($0.50/$1.00 USD) - 2025/01/12 11:04:54 WET [2025/01/12 6:04:54 ET]
Table 'Kentaurus II' 6-max Seat #4 is the button
Seat 1: MaRKiToScoK ($217.75 in chips) 
Seat 2: radibay ($31.86 in chips) 
Seat 3: coeeeelho ($107.36 in chips) 
Seat 4: Ysiven ($110.19 in chips) 
Seat 5: LuckyShikari ($213.83 in chips) 
Seat 6: blistein ($195.94 in chips) 
LuckyShikari: posts small blind $0.50
blistein: posts big blind $1
*** HOLE CARDS ***
MaRKiToScoK: raises $1.07 to $2.07
radibay: calls $2.07
coeeeelho: folds 
Ysiven: folds 
LuckyShikari: folds 
blistein: folds 
*** FLOP *** [5s Jc Tc]
MaRKiToScoK: bets $1.61
radibay: raises $28.18 to $29.79 and is all-in
MaRKiToScoK: calls $28.18
*** TURN *** [5s Jc Tc] [8c]
*** RIVER *** [5s Jc Tc 8c] [9h]
*** SHOW DOWN ***
MaRKiToScoK: shows [Ah Qh] (a straight, Eight to Queen)
radibay: shows [Td Ts] (three of a kind, Tens)
MaRKiToScoK collected $62.72 from pot
*** SUMMARY ***
Total pot $65.22 | Rake $2.50 
Board [5s Jc Tc 8c 9h]
Seat 1: MaRKiToScoK showed [Ah Qh] and won ($62.72) with a straight, Eight to Queen
Seat 2: radibay showed [Td Ts] and lost with three of a kind, Tens
Seat 3: coeeeelho folded before Flop (didn't bet)
Seat 4: Ysiven (button) folded before Flop (didn't bet)
Seat 5: LuckyShikari (small blind) folded before Flop
Seat 6: blistein (big blind) folded before Flop



PokerStars Hand #254328799158:  Hold'em No Limit ($0.50/$1.00 USD) - 2025/01/12 11:05:39 WET [2025/01/12 6:05:39 ET]
Table 'Kentaurus II' 6-max Seat #5 is the button
Seat 2: radibay ($0 in chips) is sitting out
Seat 1: MaRKiToScoK ($248.61 in chips) 
Seat 3: coeeeelho ($107.36 in chips) 
Seat 4: Ysiven ($110.19 in chips) 
Seat 5: LuckyShikari ($213.33 in chips) 
Seat 6: blistein ($194.94 in chips) 
blistein: posts small blind $0.50
MaRKiToScoK: posts big blind $1
*** HOLE CARDS ***
coeeeelho: folds 
Ysiven: folds 
LuckyShikari: raises $1 to $2
blistein: folds 
MaRKiToScoK: folds 
Uncalled bet ($1) returned to LuckyShikari
LuckyShikari collected $2.50 from pot
LuckyShikari: doesn't show hand 
*** SUMMARY ***
Total pot $2.50 | Rake $0 
Seat 2: radibay
Seat 1: MaRKiToScoK (big blind) folded before Flop
Seat 3: coeeeelho folded before Flop (didn't bet)
Seat 4: Ysiven folded before Flop (didn't bet)
Seat 5: LuckyShikari (button) collected ($2.50)
Seat 6: blistein (small blind) folded before Flop



PokerStars Hand #254328801400:  Hold'em No Limit ($0.50/$1.00 USD) - 2025/01/12 11:05:55 WET [2025/01/12 6:05:55 ET]
Table 'Kentaurus II' 6-max Seat #6 is the button
Seat 2: radibay ($0 in chips) is sitting out
Seat 1: MaRKiToScoK ($247.61 in chips) 
Seat 3: coeeeelho ($107.36 in chips) 
Seat 4: Ysiven ($110.19 in chips) 
Seat 5: LuckyShikari ($214.83 in chips) 
Seat 6: blistein ($194.44 in chips) 
MaRKiToScoK: posts small blind $0.50
coeeeelho: posts big blind $1
*** HOLE CARDS ***
Ysiven: raises $1 to $2
radibay leaves the table
LuckyShikari: calls $2
blistein: folds 
MaRKiToScoK: folds 
EAroca joins the table at seat #2 
coeeeelho: calls $1
*** FLOP *** [7h As 2h]
coeeeelho: checks 
Ysiven: checks 
LuckyShikari: bets $3.58
coeeeelho: folds 
Ysiven: calls $3.58
*** TURN *** [7h As 2h] [Jc]
Ysiven: checks 
LuckyShikari: checks 
*** RIVER *** [7h As 2h Jc] [2s]
Ysiven: bets $12.98
LuckyShikari: folds 
Uncalled bet ($12.98) returned to Ysiven
blistein leaves the table
Ysiven collected $12.98 from pot
Ysiven: doesn't show hand 
*** SUMMARY ***
Total pot $13.66 | Rake $0.68 
Board [7h As 2h Jc 2s]
Seat 2: radibay
Seat 1: MaRKiToScoK (small blind) folded before Flop
Seat 3: coeeeelho (big blind) folded on the Flop
Seat 4: Ysiven collected ($12.98)
Seat 5: LuckyShikari folded on the River
Seat 6: blistein (button) folded before Flop (didn't bet)



PokerStars Hand #254328814795:  Hold'em No Limit ($0.50/$1.00 USD) - 2025/01/12 11:07:33 WET [2025/01/12 6:07:33 ET]
Table 'Kentaurus II' 6-max Seat #1 is the button
Seat 2: EAroca ($100 in chips) is sitting out
Seat 1: MaRKiToScoK ($247.11 in chips) 
Seat 3: coeeeelho ($105.36 in chips) 
Seat 4: Ysiven ($117.59 in chips) 
Seat 5: LuckyShikari ($209.25 in chips) 
coeeeelho: posts small blind $0.50
Ysiven: posts big blind $1
*** HOLE CARDS ***
LuckyShikari: raises $1 to $2
MaRKiToScoK: calls $2
coeeeelho: folds 
Burlica2013 joins the table at seat #6 
Ysiven: folds 
*** FLOP *** [8s 9s 9c]
LuckyShikari: checks 
MaRKiToScoK: checks 
*** TURN *** [8s 9s 9c] [2c]
LuckyShikari: checks 
MaRKiToScoK: checks 
*** RIVER *** [8s 9s 9c 2c] [5d]
LuckyShikari: checks 
MaRKiToScoK: checks 
*** SHOW DOWN ***
LuckyShikari: shows [7d 7h] (two pair, Nines and Sevens)
MaRKiToScoK: mucks hand 
LuckyShikari collected $5.22 from pot
*** SUMMARY ***
Total pot $5.50 | Rake $0.28 
Board [8s 9s 9c 2c 5d]
Seat 2: EAroca
Seat 1: MaRKiToScoK (button) mucked
Seat 3: coeeeelho (small blind) folded before Flop
Seat 4: Ysiven (big blind) folded before Flop
Seat 5: LuckyShikari showed [7d 7h] and won ($5.22) with two pair, Nines and Sevens



PokerStars Hand #254328824020:  Hold'em No Limit ($0.50/$1.00 USD) - 2025/01/12 11:08:39 WET [2025/01/12 6:08:39 ET]
Table 'Kentaurus II' 6-max Seat #3 is the button
Seat 2: EAroca ($100 in chips) is sitting out
Seat 5: LuckyShikari ($212.47 in chips) is sitting out
Seat 1: MaRKiToScoK ($245.11 in chips) 
Seat 3: coeeeelho ($104.86 in chips) 
Seat 4: Ysiven ($116.59 in chips) 
Seat 6: Burlica2013 ($100 in chips) 
Ysiven: posts small blind $0.50
LuckyShikari: is sitting out 
Burlica2013: posts big blind $1
EAroca: sits out 
*** HOLE CARDS ***
LuckyShikari leaves the table
MaRKiToScoK: folds 
coeeeelho: folds 
Ysiven: folds 
Uncalled bet ($0.50) returned to Burlica2013
Burlica2013 collected $1 from pot
Burlica2013: doesn't show hand 
MaRKiToScoK leaves the table
*** SUMMARY ***
Total pot $1 | Rake $0 
Seat 2: EAroca
Seat 5: LuckyShikari
Seat 1: MaRKiToScoK folded before Flop (didn't bet)
Seat 3: coeeeelho (button) folded before Flop (didn't bet)
Seat 4: Ysiven (small blind) folded before Flop
Seat 6: Burlica2013 (big blind) collected ($1)



PokerStars Hand #254328826719:  Hold'em No Limit ($0.50/$1.00 USD) - 2025/01/12 11:08:58 WET [2025/01/12 6:08:58 ET]
Table 'Kentaurus II' 6-max Seat #4 is the button
Seat 2: EAroca ($100 in chips) is sitting out
Seat 3: coeeeelho ($104.86 in chips) 
Seat 4: Ysiven ($116.09 in chips) 
Seat 6: Burlica2013 ($100.50 in chips) 
Burlica2013: posts small blind $0.50
EAroca: is sitting out 
coeeeelho: posts big blind $1
*** HOLE CARDS ***
Ysiven: raises $1.50 to $2.50
Burlica2013: folds 
coeeeelho: folds 
Uncalled bet ($1.50) returned to Ysiven
Ysiven collected $2.50 from pot
Ysiven: doesn't show hand 
*** SUMMARY ***
Total pot $2.50 | Rake $0 
Seat 2: EAroca
Seat 3: coeeeelho (big blind) folded before Flop
Seat 4: Ysiven (button) collected ($2.50)
Seat 6: Burlica2013 (small blind) folded before Flop



PokerStars Hand #254328829904:  Hold'em No Limit ($0.50/$1.00 USD) - 2025/01/12 11:09:21 WET [2025/01/12 6:09:21 ET]
Table 'Kentaurus II' 6-max Seat #6 is the button
Seat 2: EAroca ($100 in chips) is sitting out
Seat 3: coeeeelho ($103.86 in chips) 
Seat 4: Ysiven ($117.59 in chips) 
Seat 6: Burlica2013 ($100 in chips) 
coeeeelho: posts small blind $0.50
Ysiven: posts big blind $1
*** HOLE CARDS ***
erpaye joins the table at seat #5 
erpaye leaves the table
Burlica2013: raises $1.45 to $2.45
coeeeelho: folds 
Ysiven: calls $1.45
*** FLOP *** [6h Qc Ah]
Ysiven: checks 
Burlica2013: bets $1.69
Ysiven: calls $1.69
*** TURN *** [6h Qc Ah] [8s]
Ysiven: checks 
Burlica2013: bets $9.34
Ysiven: calls $9.34
*** RIVER *** [6h Qc Ah 8s] [5h]
Ysiven: checks 
Burlica2013: bets $19.84
Ysiven: raises $84.27 to $104.11 and is all-in
Burlica2013: folds 
Uncalled bet ($84.27) returned to Ysiven
Ysiven collected $66.14 from pot
Ysiven: doesn't show hand 
*** SUMMARY ***
Total pot $67.14 | Rake $1 
Board [6h Qc Ah 8s 5h]
Seat 2: EAroca
Seat 3: coeeeelho (small blind) folded before Flop
Seat 4: Ysiven (big blind) collected ($66.14)
Seat 6: Burlica2013 (button) folded on the River



PokerStars Hand #254328845247:  Hold'em No Limit ($0.50/$1.00 USD) - 2025/01/12 11:11:11 WET [2025/01/12 6:11:11 ET]
Table 'Kentaurus II' 6-max Seat #3 is the button
Seat 2: EAroca ($100 in chips) is sitting out
Seat 3: coeeeelho ($103.36 in chips) 
Seat 4: Ysiven ($150.41 in chips) 
Seat 6: Burlica2013 ($100 in chips) 
Ysiven: posts small blind $0.50
Burlica2013: posts big blind $1
EAroca: sits out 
*** HOLE CARDS ***
coeeeelho: folds 
Ysiven: folds 
Uncalled bet ($0.50) returned to Burlica2013
Burlica2013 collected $1 from pot
Burlica2013: doesn't show hand 
*** SUMMARY ***
Total pot $1 | Rake $0 
Seat 2: EAroca
Seat 3: coeeeelho (button) folded before Flop (didn't bet)
Seat 4: Ysiven (small blind) folded before Flop
Seat 6: Burlica2013 (big blind) collected ($1)



PokerStars Hand #254328846586:  Hold'em No Limit ($0.50/$1.00 USD) - 2025/01/12 11:11:21 WET [2025/01/12 6:11:21 ET]
Table 'Kentaurus II' 6-max Seat #4 is the button
Seat 2: EAroca ($100 in chips) 
Seat 3: coeeeelho ($103.36 in chips) 
Seat 4: Ysiven ($149.91 in chips) 
Seat 6: Burlica2013 ($100.50 in chips) 
Burlica2013: posts small blind $0.50
EAroca: posts big blind $1
*** HOLE CARDS ***
coeeeelho: folds 
Ysiven: folds 
Burlica2013: folds 
Uncalled bet ($0.50) returned to EAroca
EAroca collected $1 from pot
EAroca: doesn't show hand 
*** SUMMARY ***
Total pot $1 | Rake $0 
Seat 2: EAroca (big blind) collected ($1)
Seat 3: coeeeelho folded before Flop (didn't bet)
Seat 4: Ysiven (button) folded before Flop (didn't bet)
Seat 6: Burlica2013 (small blind) folded before Flop



PokerStars Hand #254328848730:  Hold'em No Limit ($0.50/$1.00 USD) - 2025/01/12 11:11:36 WET [2025/01/12 6:11:36 ET]
Table 'Kentaurus II' 6-max Seat #6 is the button
Seat 2: EAroca ($100.50 in chips) 
Seat 3: coeeeelho ($103.36 in chips) 
Seat 4: Ysiven ($149.91 in chips) 
Seat 6: Burlica2013 ($100 in chips) 
EAroca: posts small blind $0.50
coeeeelho: posts big blind $1
*** HOLE CARDS ***
Ysiven: folds 
Burlica2013: folds 
EAroca: folds 
Uncalled bet ($0.50) returned to coeeeelho
coeeeelho collected $1 from pot
*** SUMMARY ***
Total pot $1 | Rake $0 
Seat 2: EAroca (small blind) folded before Flop
Seat 3: coeeeelho (big blind) collected ($1)
Seat 4: Ysiven folded before Flop (didn't bet)
Seat 6: Burlica2013 (button) folded before Flop (didn't bet)



PokerStars Hand #254328849807:  Hold'em No Limit ($0.50/$1.00 USD) - 2025/01/12 11:11:44 WET [2025/01/12 6:11:44 ET]
Table 'Kentaurus II' 6-max Seat #2 is the button
Seat 4: Ysiven ($149.91 in chips) is sitting out
Seat 2: EAroca ($100 in chips) 
Seat 3: coeeeelho ($103.86 in chips) 
Seat 6: Burlica2013 ($100 in chips) 
coeeeelho: posts small blind $0.50
Ysiven: is sitting out 
Burlica2013: posts big blind $1
*** HOLE CARDS ***
EAroca: folds 
coeeeelho: folds 
Uncalled bet ($0.50) returned to Burlica2013
Burlica2013 collected $1 from pot
Burlica2013: doesn't show hand 
*** SUMMARY ***
Total pot $1 | Rake $0 
Seat 4: Ysiven
Seat 2: EAroca (button) folded before Flop (didn't bet)
Seat 3: coeeeelho (small blind) folded before Flop
Seat 6: Burlica2013 (big blind) collected ($1)



PokerStars Hand #254328851489:  Hold'em No Limit ($0.50/$1.00 USD) - 2025/01/12 11:11:56 WET [2025/01/12 6:11:56 ET]
Table 'Kentaurus II' 6-max Seat #6 is the button
Seat 2: EAroca ($100 in chips) is sitting out
Seat 4: Ysiven ($149.91 in chips) is sitting out
Seat 3: coeeeelho ($103.36 in chips) 
Seat 6: Burlica2013 ($100.50 in chips) 
Burlica2013: posts small blind $0.50
EAroca: is sitting out 
coeeeelho: posts big blind $1
*** HOLE CARDS ***
Burlica2013: raises $2 to $3
Ysiven leaves the table
coeeeelho: folds 
Uncalled bet ($2) returned to Burlica2013
Burlica2013 collected $2 from pot
Burlica2013: doesn't show hand 
*** SUMMARY ***
Total pot $2 | Rake $0 
Seat 2: EAroca
Seat 4: Ysiven
Seat 3: coeeeelho (big blind) folded before Flop
Seat 6: Burlica2013 (button) (small blind) collected ($2)



