PokerStars Hand #254327588651:  Hold'em No Limit ($0.50/$1.00 USD) - 2025/01/12 8:01:22 WET [2025/01/12 3:01:22 ET]
Table 'Tureis II' 6-max Seat #4 is the button
Seat 1: 50CandyJoe ($105.09 in chips) 
Seat 4: b2k-Snick ($102 in chips) 
b2k-Snick: posts small blind $0.50
50CandyJoe: posts big blind $1
*** HOLE CARDS ***
b2k-Snick: folds 
Uncalled bet ($0.50) returned to 50CandyJoe
50CandyJoe collected $1 from pot
50CandyJoe: doesn't show hand 
*** SUMMARY ***
Total pot $1 | Rake $0 
Seat 1: 50CandyJoe (big blind) collected ($1)
Seat 4: b2k-Snick (button) (small blind) folded before Flop



PokerStars Hand #254327589249:  Hold'em No Limit ($0.50/$1.00 USD) - 2025/01/12 8:01:29 WET [2025/01/12 3:01:29 ET]
Table 'Tureis II' 6-max Seat #1 is the button
Seat 1: 50CandyJoe ($105.59 in chips) 
Seat 4: b2k-Snick ($101.50 in chips) 
50CandyJoe: posts small blind $0.50
b2k-Snick: posts big blind $1
*** HOLE CARDS ***
50CandyJoe: raises $1.20 to $2.20
b2k-Snick: raises $7.80 to $10
50CandyJoe: raises $14 to $24
b2k-Snick: calls $14
*** FLOP *** [4c 4h Tc]
b2k-Snick: checks 
50CandyJoe: bets $15.51
b2k-Snick: calls $15.51
*** TURN *** [4c 4h Tc] [7c]
b2k-Snick: checks 
50CandyJoe: checks 
*** RIVER *** [4c 4h Tc 7c] [5s]
b2k-Snick: bets $61.99 and is all-in
50CandyJoe is connected 
50CandyJoe: folds 
Uncalled bet ($61.99) returned to b2k-Snick
b2k-Snick collected $78.02 from pot
b2k-Snick: doesn't show hand 
*** SUMMARY ***
Total pot $79.02 | Rake $1 
Board [4c 4h Tc 7c 5s]
Seat 1: 50CandyJoe (button) (small blind) folded on the River
Seat 4: b2k-Snick (big blind) collected ($78.02)



PokerStars Hand #254327597426:  Hold'em No Limit ($0.50/$1.00 USD) - 2025/01/12 8:03:04 WET [2025/01/12 3:03:04 ET]
Table 'Tureis II' 6-max Seat #4 is the button
Seat 1: 50CandyJoe ($100 in chips) 
Seat 4: b2k-Snick ($140.01 in chips) 
b2k-Snick: posts small blind $0.50
50CandyJoe: posts big blind $1
*** HOLE CARDS ***
b2k-Snick: raises $1.50 to $2.50
50CandyJoe: folds 
Uncalled bet ($1.50) returned to b2k-Snick
b2k-Snick collected $2 from pot
b2k-Snick: doesn't show hand 
*** SUMMARY ***
Total pot $2 | Rake $0 
Seat 1: 50CandyJoe (big blind) folded before Flop
Seat 4: b2k-Snick (button) (small blind) collected ($2)



PokerStars Hand #254327598123:  Hold'em No Limit ($0.50/$1.00 USD) - 2025/01/12 8:03:12 WET [2025/01/12 3:03:12 ET]
Table 'Tureis II' 6-max Seat #1 is the button
Seat 1: 50CandyJoe ($100 in chips) 
Seat 4: b2k-Snick ($141.01 in chips) 
50CandyJoe: posts small blind $0.50
b2k-Snick: posts big blind $1
*** HOLE CARDS ***
50CandyJoe: raises $1.50 to $2.50
b2k-Snick: calls $1.50
*** FLOP *** [Ts 9h Ac]
b2k-Snick: checks 
50CandyJoe: checks 
*** TURN *** [Ts 9h Ac] [4h]
b2k-Snick: checks 
50CandyJoe: bets $6.41
b2k-Snick: folds 
Uncalled bet ($6.41) returned to 50CandyJoe
MAXBZT joins the table at seat #2 
MAXBZT is disconnected 
50CandyJoe collected $4.75 from pot
50CandyJoe: doesn't show hand 
*** SUMMARY ***
Total pot $5 | Rake $0.25 
Board [Ts 9h Ac 4h]
Seat 1: 50CandyJoe (button) (small blind) collected ($4.75)
Seat 4: b2k-Snick (big blind) folded on the Turn



PokerStars Hand #254327600615:  Hold'em No Limit ($0.50/$1.00 USD) - 2025/01/12 8:03:40 WET [2025/01/12 3:03:40 ET]
Table 'Tureis II' 6-max Seat #4 is the button
Seat 1: 50CandyJoe ($102.25 in chips) 
Seat 2: MAXBZT ($40 in chips) 
Seat 4: b2k-Snick ($138.51 in chips) 
50CandyJoe: posts small blind $0.50
MAXBZT: posts big blind $1
*** HOLE CARDS ***
b2k-Snick: folds 
50CandyJoe: raises $1.50 to $2.50
MAXBZT: folds 
Uncalled bet ($1.50) returned to 50CandyJoe
50CandyJoe collected $2 from pot
50CandyJoe: doesn't show hand 
Y_19 joins the table at seat #6 
*** SUMMARY ***
Total pot $2 | Rake $0 
Seat 1: 50CandyJoe (small blind) collected ($2)
Seat 2: MAXBZT (big blind) folded before Flop
Seat 4: b2k-Snick (button) folded before Flop (didn't bet)



PokerStars Hand #254327601474:  Hold'em No Limit ($0.50/$1.00 USD) - 2025/01/12 8:03:50 WET [2025/01/12 3:03:50 ET]
Table 'Tureis II' 6-max Seat #1 is the button
Seat 6: Y_19 ($100 in chips) is sitting out
Seat 1: 50CandyJoe ($103.25 in chips) 
Seat 2: MAXBZT ($39 in chips) 
Seat 4: b2k-Snick ($138.51 in chips) 
MAXBZT: posts small blind $0.50
b2k-Snick: posts big blind $1
Y_19: sits out 
*** HOLE CARDS ***
50CandyJoe: raises $1.50 to $2.50
MAXBZT: folds 
LuckyShikari joins the table at seat #3 
b2k-Snick: folds 
Uncalled bet ($1.50) returned to 50CandyJoe
50CandyJoe collected $2.50 from pot
50CandyJoe: doesn't show hand 
*** SUMMARY ***
Total pot $2.50 | Rake $0 
Seat 6: Y_19
Seat 1: 50CandyJoe (button) collected ($2.50)
Seat 2: MAXBZT (small blind) folded before Flop
Seat 4: b2k-Snick (big blind) folded before Flop



PokerStars Hand #254327602236:  Hold'em No Limit ($0.50/$1.00 USD) - 2025/01/12 8:03:59 WET [2025/01/12 3:03:59 ET]
Table 'Tureis II' 6-max Seat #2 is the button
Seat 3: LuckyShikari ($100 in chips) is sitting out
Seat 1: 50CandyJoe ($104.75 in chips) 
Seat 2: MAXBZT ($38.50 in chips) 
Seat 4: b2k-Snick ($137.51 in chips) 
Seat 6: Y_19 ($100 in chips) 
b2k-Snick: posts small blind $0.50
Y_19: posts big blind $1
*** HOLE CARDS ***
50CandyJoe: folds 
MAXBZT: folds 
b2k-Snick: folds 
Uncalled bet ($0.50) returned to Y_19
Y_19 collected $1 from pot
Edi131313 joins the table at seat #5 
Y_19: doesn't show hand 
*** SUMMARY ***
Total pot $1 | Rake $0 
Seat 3: LuckyShikari
Seat 1: 50CandyJoe folded before Flop (didn't bet)
Seat 2: MAXBZT (button) folded before Flop (didn't bet)
Seat 4: b2k-Snick (small blind) folded before Flop
Seat 6: Y_19 (big blind) collected ($1)



PokerStars Hand #254327602923:  Hold'em No Limit ($0.50/$1.00 USD) - 2025/01/12 8:04:07 WET [2025/01/12 3:04:07 ET]
Table 'Tureis II' 6-max Seat #4 is the button
Seat 3: LuckyShikari ($100 in chips) is sitting out
Seat 5: Edi131313 ($58.53 in chips) is sitting out
Seat 1: 50CandyJoe ($104.75 in chips) 
Seat 2: MAXBZT ($38.50 in chips) 
Seat 4: b2k-Snick ($137.01 in chips) 
Seat 6: Y_19 ($100.50 in chips) 
Y_19: posts small blind $0.50
50CandyJoe: posts big blind $1
LuckyShikari: sits out 
*** HOLE CARDS ***
MAXBZT: folds 
b2k-Snick: raises $1.50 to $2.50
Y_19: folds 
50CandyJoe: folds 
Uncalled bet ($1.50) returned to b2k-Snick
b2k-Snick collected $2.50 from pot
b2k-Snick: doesn't show hand 
*** SUMMARY ***
Total pot $2.50 | Rake $0 
Seat 3: LuckyShikari
Seat 5: Edi131313
Seat 1: 50CandyJoe (big blind) folded before Flop
Seat 2: MAXBZT folded before Flop (didn't bet)
Seat 4: b2k-Snick (button) collected ($2.50)
Seat 6: Y_19 (small blind) folded before Flop



PokerStars Hand #254327604778:  Hold'em No Limit ($0.50/$1.00 USD) - 2025/01/12 8:04:29 WET [2025/01/12 3:04:29 ET]
Table 'Tureis II' 6-max Seat #6 is the button
Seat 3: LuckyShikari ($100 in chips) is sitting out
Seat 5: Edi131313 ($58.53 in chips) is sitting out
Seat 1: 50CandyJoe ($103.75 in chips) 
Seat 2: MAXBZT ($38.50 in chips) 
Seat 4: b2k-Snick ($138.51 in chips) 
Seat 6: Y_19 ($100 in chips) 
50CandyJoe: posts small blind $0.50
MAXBZT: posts big blind $1
LuckyShikari: sits out 
Edi131313: sits out 
*** HOLE CARDS ***
b2k-Snick: folds 
Y_19: raises $1.23 to $2.23
50CandyJoe: folds 
MAXBZT: calls $1.23
*** FLOP *** [2d 5s Kh]
MAXBZT: checks 
Y_19: bets $1.55
MAXBZT: folds 
Uncalled bet ($1.55) returned to Y_19
Y_19 collected $4.71 from pot
Y_19: doesn't show hand 
*** SUMMARY ***
Total pot $4.96 | Rake $0.25 
Board [2d 5s Kh]
Seat 3: LuckyShikari
Seat 5: Edi131313
Seat 1: 50CandyJoe (small blind) folded before Flop
Seat 2: MAXBZT (big blind) folded on the Flop
Seat 4: b2k-Snick folded before Flop (didn't bet)
Seat 6: Y_19 (button) collected ($4.71)



PokerStars Hand #254327606847:  Hold'em No Limit ($0.50/$1.00 USD) - 2025/01/12 8:04:53 WET [2025/01/12 3:04:53 ET]
Table 'Tureis II' 6-max Seat #1 is the button
Seat 5: Edi131313 ($58.53 in chips) is sitting out
Seat 1: 50CandyJoe ($103.25 in chips) 
Seat 2: MAXBZT ($36.27 in chips) 
Seat 3: LuckyShikari ($100 in chips) 
Seat 4: b2k-Snick ($138.51 in chips) 
Seat 6: Y_19 ($102.48 in chips) 
MAXBZT: posts small blind $0.50
LuckyShikari: posts big blind $1
Edi131313: sits out 
*** HOLE CARDS ***
b2k-Snick: folds 
Y_19: folds 
50CandyJoe: raises $1.50 to $2.50
MAXBZT: folds 
LuckyShikari: calls $1.50
*** FLOP *** [5d 9s 6h]
LuckyShikari: checks 
50CandyJoe: checks 
*** TURN *** [5d 9s 6h] [6c]
LuckyShikari: bets $1.25
50CandyJoe: calls $1.25
*** RIVER *** [5d 9s 6h 6c] [8h]
LuckyShikari: checks 
50CandyJoe: checks 
*** SHOW DOWN ***
LuckyShikari: shows [5h 4h] (two pair, Sixes and Fives)
50CandyJoe: mucks hand 
LuckyShikari collected $7.60 from pot
*** SUMMARY ***
Total pot $8 | Rake $0.40 
Board [5d 9s 6h 6c 8h]
Seat 5: Edi131313
Seat 1: 50CandyJoe (button) mucked
Seat 2: MAXBZT (small blind) folded before Flop
Seat 3: LuckyShikari (big blind) showed [5h 4h] and won ($7.60) with two pair, Sixes and Fives
Seat 4: b2k-Snick folded before Flop (didn't bet)
Seat 6: Y_19 folded before Flop (didn't bet)



PokerStars Hand #254327609825:  Hold'em No Limit ($0.50/$1.00 USD) - 2025/01/12 8:05:27 WET [2025/01/12 3:05:27 ET]
Table 'Tureis II' 6-max Seat #2 is the button
Seat 5: Edi131313 ($58.53 in chips) is sitting out
Seat 1: 50CandyJoe ($100 in chips) 
Seat 2: MAXBZT ($35.77 in chips) 
Seat 3: LuckyShikari ($103.85 in chips) 
Seat 4: b2k-Snick ($138.51 in chips) 
Seat 6: Y_19 ($102.48 in chips) 
LuckyShikari: posts small blind $0.50
b2k-Snick: posts big blind $1
Edi131313: sits out 
*** HOLE CARDS ***
Y_19: folds 
50CandyJoe: folds 
MAXBZT: raises $1 to $2
LuckyShikari: folds 
b2k-Snick: folds 
Uncalled bet ($1) returned to MAXBZT
MAXBZT collected $2.50 from pot
MAXBZT: doesn't show hand 
*** SUMMARY ***
Total pot $2.50 | Rake $0 
Seat 5: Edi131313
Seat 1: 50CandyJoe folded before Flop (didn't bet)
Seat 2: MAXBZT (button) collected ($2.50)
Seat 3: LuckyShikari (small blind) folded before Flop
Seat 4: b2k-Snick (big blind) folded before Flop
Seat 6: Y_19 folded before Flop (didn't bet)



PokerStars Hand #254327611848:  Hold'em No Limit ($0.50/$1.00 USD) - 2025/01/12 8:05:50 WET [2025/01/12 3:05:50 ET]
Table 'Tureis II' 6-max Seat #3 is the button
Seat 1: 50CandyJoe ($100 in chips) 
Seat 2: MAXBZT ($37.27 in chips) 
Seat 3: LuckyShikari ($103.35 in chips) 
Seat 4: b2k-Snick ($137.51 in chips) 
Seat 5: Edi131313 ($58.53 in chips) 
Seat 6: Y_19 ($102.48 in chips) 
b2k-Snick: posts small blind $0.50
Edi131313: posts big blind $1
*** HOLE CARDS ***
Y_19: folds 
50CandyJoe: folds 
MAXBZT: folds 
LuckyShikari: folds 
b2k-Snick: folds 
Uncalled bet ($0.50) returned to Edi131313
Edi131313 collected $1 from pot
Edi131313: doesn't show hand 
*** SUMMARY ***
Total pot $1 | Rake $0 
Seat 1: 50CandyJoe folded before Flop (didn't bet)
Seat 2: MAXBZT folded before Flop (didn't bet)
Seat 3: LuckyShikari (button) folded before Flop (didn't bet)
Seat 4: b2k-Snick (small blind) folded before Flop
Seat 5: Edi131313 (big blind) collected ($1)
Seat 6: Y_19 folded before Flop (didn't bet)



PokerStars Hand #254327612850:  Hold'em No Limit ($0.50/$1.00 USD) - 2025/01/12 8:06:01 WET [2025/01/12 3:06:01 ET]
Table 'Tureis II' 6-max Seat #4 is the button
Seat 1: 50CandyJoe ($100 in chips) 
Seat 2: MAXBZT ($37.27 in chips) 
Seat 3: LuckyShikari ($103.35 in chips) 
Seat 4: b2k-Snick ($137.01 in chips) 
Seat 5: Edi131313 ($59.03 in chips) 
Seat 6: Y_19 ($102.48 in chips) 
Edi131313: posts small blind $0.50
Y_19: posts big blind $1
*** HOLE CARDS ***
50CandyJoe: folds 
MAXBZT: folds 
LuckyShikari: folds 
b2k-Snick: folds 
Edi131313: folds 
Uncalled bet ($0.50) returned to Y_19
Y_19 collected $1 from pot
Y_19: doesn't show hand 
*** SUMMARY ***
Total pot $1 | Rake $0 
Seat 1: 50CandyJoe folded before Flop (didn't bet)
Seat 2: MAXBZT folded before Flop (didn't bet)
Seat 3: LuckyShikari folded before Flop (didn't bet)
Seat 4: b2k-Snick (button) folded before Flop (didn't bet)
Seat 5: Edi131313 (small blind) folded before Flop
Seat 6: Y_19 (big blind) collected ($1)



PokerStars Hand #254327613773:  Hold'em No Limit ($0.50/$1.00 USD) - 2025/01/12 8:06:11 WET [2025/01/12 3:06:11 ET]
Table 'Tureis II' 6-max Seat #5 is the button
Seat 1: 50CandyJoe ($100 in chips) 
Seat 2: MAXBZT ($37.27 in chips) 
Seat 3: LuckyShikari ($103.35 in chips) 
Seat 4: b2k-Snick ($137.01 in chips) 
Seat 5: Edi131313 ($58.53 in chips) 
Seat 6: Y_19 ($102.98 in chips) 
Y_19: posts small blind $0.50
50CandyJoe: posts big blind $1
*** HOLE CARDS ***
MAXBZT: raises $1 to $2
LuckyShikari: folds 
b2k-Snick: folds 
Edi131313: folds 
Y_19: folds 
50CandyJoe: folds 
Uncalled bet ($1) returned to MAXBZT
MAXBZT collected $2.50 from pot
MAXBZT: doesn't show hand 
*** SUMMARY ***
Total pot $2.50 | Rake $0 
Seat 1: 50CandyJoe (big blind) folded before Flop
Seat 2: MAXBZT collected ($2.50)
Seat 3: LuckyShikari folded before Flop (didn't bet)
Seat 4: b2k-Snick folded before Flop (didn't bet)
Seat 5: Edi131313 (button) folded before Flop (didn't bet)
Seat 6: Y_19 (small blind) folded before Flop



PokerStars Hand #254327615796:  Hold'em No Limit ($0.50/$1.00 USD) - 2025/01/12 8:06:35 WET [2025/01/12 3:06:35 ET]
Table 'Tureis II' 6-max Seat #6 is the button
Seat 1: 50CandyJoe ($100 in chips) 
Seat 2: MAXBZT ($38.77 in chips) 
Seat 3: LuckyShikari ($103.35 in chips) 
Seat 4: b2k-Snick ($137.01 in chips) 
Seat 5: Edi131313 ($58.53 in chips) 
Seat 6: Y_19 ($102.48 in chips) 
50CandyJoe: posts small blind $0.50
MAXBZT: posts big blind $1
*** HOLE CARDS ***
LuckyShikari: folds 
b2k-Snick: folds 
Edi131313: raises $1 to $2
Y_19: folds 
50CandyJoe: folds 
MAXBZT: calls $1
*** FLOP *** [2s Kh 2d]
MAXBZT: checks 
Edi131313: bets $2.14
MAXBZT: folds 
Uncalled bet ($2.14) returned to Edi131313
Edi131313 collected $4.28 from pot
Edi131313: doesn't show hand 
*** SUMMARY ***
Total pot $4.50 | Rake $0.22 
Board [2s Kh 2d]
Seat 1: 50CandyJoe (small blind) folded before Flop
Seat 2: MAXBZT (big blind) folded on the Flop
Seat 3: LuckyShikari folded before Flop (didn't bet)
Seat 4: b2k-Snick folded before Flop (didn't bet)
Seat 5: Edi131313 collected ($4.28)
Seat 6: Y_19 (button) folded before Flop (didn't bet)



PokerStars Hand #254327617815:  Hold'em No Limit ($0.50/$1.00 USD) - 2025/01/12 8:06:57 WET [2025/01/12 3:06:57 ET]
Table 'Tureis II' 6-max Seat #1 is the button
Seat 1: 50CandyJoe ($100 in chips) 
Seat 2: MAXBZT ($36.77 in chips) 
Seat 3: LuckyShikari ($103.35 in chips) 
Seat 4: b2k-Snick ($137.01 in chips) 
Seat 5: Edi131313 ($60.81 in chips) 
Seat 6: Y_19 ($102.48 in chips) 
MAXBZT: posts small blind $0.50
LuckyShikari: posts big blind $1
*** HOLE CARDS ***
b2k-Snick: folds 
Edi131313: folds 
Y_19: folds 
50CandyJoe: folds 
MAXBZT: raises $1 to $2
LuckyShikari: raises $5 to $7
MAXBZT: folds 
Uncalled bet ($5) returned to LuckyShikari
LuckyShikari collected $4 from pot
LuckyShikari: doesn't show hand 
*** SUMMARY ***
Total pot $4 | Rake $0 
Seat 1: 50CandyJoe (button) folded before Flop (didn't bet)
Seat 2: MAXBZT (small blind) folded before Flop
Seat 3: LuckyShikari (big blind) collected ($4)
Seat 4: b2k-Snick folded before Flop (didn't bet)
Seat 5: Edi131313 folded before Flop (didn't bet)
Seat 6: Y_19 folded before Flop (didn't bet)



PokerStars Hand #254327619825:  Hold'em No Limit ($0.50/$1.00 USD) - 2025/01/12 8:07:20 WET [2025/01/12 3:07:20 ET]
Table 'Tureis II' 6-max Seat #2 is the button
Seat 1: 50CandyJoe ($100 in chips) 
Seat 2: MAXBZT ($34.77 in chips) 
Seat 3: LuckyShikari ($105.35 in chips) 
Seat 4: b2k-Snick ($137.01 in chips) 
Seat 5: Edi131313 ($60.81 in chips) 
Seat 6: Y_19 ($102.48 in chips) 
LuckyShikari: posts small blind $0.50
b2k-Snick: posts big blind $1
*** HOLE CARDS ***
Edi131313: raises $1 to $2
Y_19: folds 
50CandyJoe: folds 
MAXBZT: calls $2
LuckyShikari: folds 
b2k-Snick: folds 
*** FLOP *** [5s 8h 3d]
Edi131313: checks 
MAXBZT: bets $2.61
Edi131313: raises $2.61 to $5.22
MAXBZT: calls $2.61
*** TURN *** [5s 8h 3d] [7d]
Edi131313: bets $7.57
MAXBZT: calls $7.57
*** RIVER *** [5s 8h 3d 7d] [3h]
Edi131313: bets $14.77
MAXBZT: calls $14.77
*** SHOW DOWN ***
Edi131313: shows [9s 9h] (two pair, Nines and Threes)
MAXBZT: mucks hand 
Edi131313 collected $58.12 from pot
*** SUMMARY ***
Total pot $60.62 | Rake $2.50 
Board [5s 8h 3d 7d 3h]
Seat 1: 50CandyJoe folded before Flop (didn't bet)
Seat 2: MAXBZT (button) mucked
Seat 3: LuckyShikari (small blind) folded before Flop
Seat 4: b2k-Snick (big blind) folded before Flop
Seat 5: Edi131313 showed [9s 9h] and won ($58.12) with two pair, Nines and Threes
Seat 6: Y_19 folded before Flop (didn't bet)



PokerStars Hand #254327623796:  Hold'em No Limit ($0.50/$1.00 USD) - 2025/01/12 8:08:05 WET [2025/01/12 3:08:05 ET]
Table 'Tureis II' 6-max Seat #3 is the button
Seat 1: 50CandyJoe ($100 in chips) 
Seat 2: MAXBZT ($5.21 in chips) 
Seat 3: LuckyShikari ($104.85 in chips) 
Seat 4: b2k-Snick ($136.01 in chips) 
Seat 5: Edi131313 ($89.37 in chips) 
Seat 6: Y_19 ($102.48 in chips) 
b2k-Snick: posts small blind $0.50
Edi131313: posts big blind $1
*** HOLE CARDS ***
Y_19: folds 
50CandyJoe: folds 
MAXBZT: folds 
MAXBZT leaves the table
LuckyShikari: folds 
b2k-Snick: folds 
Uncalled bet ($0.50) returned to Edi131313
Edi131313 collected $1 from pot
Edi131313: doesn't show hand 
*** SUMMARY ***
Total pot $1 | Rake $0 
Seat 1: 50CandyJoe folded before Flop (didn't bet)
Seat 2: MAXBZT folded before Flop (didn't bet)
Seat 3: LuckyShikari (button) folded before Flop (didn't bet)
Seat 4: b2k-Snick (small blind) folded before Flop
Seat 5: Edi131313 (big blind) collected ($1)
Seat 6: Y_19 folded before Flop (didn't bet)



PokerStars Hand #254327624929:  Hold'em No Limit ($0.50/$1.00 USD) - 2025/01/12 8:08:18 WET [2025/01/12 3:08:18 ET]
Table 'Tureis II' 6-max Seat #4 is the button
Seat 1: 50CandyJoe ($100 in chips) 
Seat 3: LuckyShikari ($104.85 in chips) 
Seat 4: b2k-Snick ($135.51 in chips) 
Seat 5: Edi131313 ($89.87 in chips) 
Seat 6: Y_19 ($102.48 in chips) 
Edi131313: posts small blind $0.50
Y_19: posts big blind $1
*** HOLE CARDS ***
50CandyJoe: folds 
MAXBZT joins the table at seat #2 
MAXBZT is disconnected 
LuckyShikari: folds 
b2k-Snick: folds 
Edi131313: folds 
Uncalled bet ($0.50) returned to Y_19
Y_19 collected $1 from pot
Y_19: doesn't show hand 
MAXBZT leaves the table
*** SUMMARY ***
Total pot $1 | Rake $0 
Seat 1: 50CandyJoe folded before Flop (didn't bet)
Seat 3: LuckyShikari folded before Flop (didn't bet)
Seat 4: b2k-Snick (button) folded before Flop (didn't bet)
Seat 5: Edi131313 (small blind) folded before Flop
Seat 6: Y_19 (big blind) collected ($1)



PokerStars Hand #254327625871:  Hold'em No Limit ($0.50/$1.00 USD) - 2025/01/12 8:08:28 WET [2025/01/12 3:08:28 ET]
Table 'Tureis II' 6-max Seat #5 is the button
Seat 1: 50CandyJoe ($100 in chips) 
Seat 3: LuckyShikari ($104.85 in chips) 
Seat 4: b2k-Snick ($135.51 in chips) 
Seat 5: Edi131313 ($89.37 in chips) 
Seat 6: Y_19 ($102.98 in chips) 
Y_19: posts small blind $0.50
50CandyJoe: posts big blind $1
*** HOLE CARDS ***
LuckyShikari: folds 
b2k-Snick: folds 
Edi131313: raises $1 to $2
Y_19: folds 
MaRKiToScoK joins the table at seat #2 
50CandyJoe: calls $1
*** FLOP *** [3c 8s 4h]
50CandyJoe: checks 
Edi131313: checks 
*** TURN *** [3c 8s 4h] [Tc]
50CandyJoe: bets $3
Edi131313: calls $3
*** RIVER *** [3c 8s 4h Tc] [Kh]
50CandyJoe: bets $15
Edi131313: folds 
Uncalled bet ($15) returned to 50CandyJoe
50CandyJoe collected $9.98 from pot
50CandyJoe: doesn't show hand 
*** SUMMARY ***
Total pot $10.50 | Rake $0.52 
Board [3c 8s 4h Tc Kh]
Seat 1: 50CandyJoe (big blind) collected ($9.98)
Seat 3: LuckyShikari folded before Flop (didn't bet)
Seat 4: b2k-Snick folded before Flop (didn't bet)
Seat 5: Edi131313 (button) folded on the River
Seat 6: Y_19 (small blind) folded before Flop



PokerStars Hand #254327630670:  Hold'em No Limit ($0.50/$1.00 USD) - 2025/01/12 8:09:23 WET [2025/01/12 3:09:23 ET]
Table 'Tureis II' 6-max Seat #6 is the button
Seat 1: 50CandyJoe ($104.98 in chips) 
Seat 2: MaRKiToScoK ($100 in chips) 
Seat 3: LuckyShikari ($104.85 in chips) 
Seat 4: b2k-Snick ($135.51 in chips) 
Seat 5: Edi131313 ($84.37 in chips) 
Seat 6: Y_19 ($102.48 in chips) 
50CandyJoe: posts small blind $0.50
MaRKiToScoK: posts big blind $1
*** HOLE CARDS ***
LuckyShikari: folds 
b2k-Snick: folds 
Edi131313: folds 
Y_19: folds 
50CandyJoe: folds 
Uncalled bet ($0.50) returned to MaRKiToScoK
MaRKiToScoK collected $1 from pot
*** SUMMARY ***
Total pot $1 | Rake $0 
Seat 1: 50CandyJoe (small blind) folded before Flop
Seat 2: MaRKiToScoK (big blind) collected ($1)
Seat 3: LuckyShikari folded before Flop (didn't bet)
Seat 4: b2k-Snick folded before Flop (didn't bet)
Seat 5: Edi131313 folded before Flop (didn't bet)
Seat 6: Y_19 (button) folded before Flop (didn't bet)



PokerStars Hand #254327632048:  Hold'em No Limit ($0.50/$1.00 USD) - 2025/01/12 8:09:39 WET [2025/01/12 3:09:39 ET]
Table 'Tureis II' 6-max Seat #1 is the button
Seat 1: 50CandyJoe ($104.48 in chips) 
Seat 2: MaRKiToScoK ($100.50 in chips) 
Seat 3: LuckyShikari ($104.85 in chips) 
Seat 4: b2k-Snick ($135.51 in chips) 
Seat 5: Edi131313 ($84.37 in chips) 
Seat 6: Y_19 ($102.48 in chips) 
MaRKiToScoK: posts small blind $0.50
LuckyShikari: posts big blind $1
*** HOLE CARDS ***
b2k-Snick: raises $1.50 to $2.50
Edi131313: folds 
Y_19: folds 
50CandyJoe: folds 
MaRKiToScoK: folds 
LuckyShikari: folds 
Uncalled bet ($1.50) returned to b2k-Snick
b2k-Snick collected $2.50 from pot
b2k-Snick: doesn't show hand 
*** SUMMARY ***
Total pot $2.50 | Rake $0 
Seat 1: 50CandyJoe (button) folded before Flop (didn't bet)
Seat 2: MaRKiToScoK (small blind) folded before Flop
Seat 3: LuckyShikari (big blind) folded before Flop
Seat 4: b2k-Snick collected ($2.50)
Seat 5: Edi131313 folded before Flop (didn't bet)
Seat 6: Y_19 folded before Flop (didn't bet)



PokerStars Hand #254327633523:  Hold'em No Limit ($0.50/$1.00 USD) - 2025/01/12 8:09:56 WET [2025/01/12 3:09:56 ET]
Table 'Tureis II' 6-max Seat #2 is the button
Seat 1: 50CandyJoe ($104.48 in chips) 
Seat 2: MaRKiToScoK ($100 in chips) 
Seat 3: LuckyShikari ($103.85 in chips) 
Seat 4: b2k-Snick ($137.01 in chips) 
Seat 5: Edi131313 ($84.37 in chips) 
Seat 6: Y_19 ($102.48 in chips) 
LuckyShikari: posts small blind $0.50
b2k-Snick: posts big blind $1
*** HOLE CARDS ***
Edi131313: raises $1 to $2
Y_19: folds 
50CandyJoe: folds 
MaRKiToScoK: folds 
LuckyShikari: calls $1.50
b2k-Snick: folds 
*** FLOP *** [Th Qh Kc]
LuckyShikari: checks 
Edi131313: checks 
*** TURN *** [Th Qh Kc] [5d]
LuckyShikari: checks 
Edi131313: checks 
*** RIVER *** [Th Qh Kc 5d] [8d]
LuckyShikari: checks 
Edi131313: checks 
*** SHOW DOWN ***
LuckyShikari: shows [9s 8s] (a pair of Eights)
Edi131313: shows [9d Qc] (a pair of Queens)
Edi131313 collected $4.75 from pot
*** SUMMARY ***
Total pot $5 | Rake $0.25 
Board [Th Qh Kc 5d 8d]
Seat 1: 50CandyJoe folded before Flop (didn't bet)
Seat 2: MaRKiToScoK (button) folded before Flop (didn't bet)
Seat 3: LuckyShikari (small blind) showed [9s 8s] and lost with a pair of Eights
Seat 4: b2k-Snick (big blind) folded before Flop
Seat 5: Edi131313 showed [9d Qc] and won ($4.75) with a pair of Queens
Seat 6: Y_19 folded before Flop (didn't bet)



PokerStars Hand #254327637837:  Hold'em No Limit ($0.50/$1.00 USD) - 2025/01/12 8:10:45 WET [2025/01/12 3:10:45 ET]
Table 'Tureis II' 6-max Seat #3 is the button
Seat 1: 50CandyJoe ($104.48 in chips) 
Seat 2: MaRKiToScoK ($100 in chips) 
Seat 3: LuckyShikari ($101.85 in chips) 
Seat 4: b2k-Snick ($136.01 in chips) 
Seat 5: Edi131313 ($87.12 in chips) 
Seat 6: Y_19 ($102.48 in chips) 
b2k-Snick: posts small blind $0.50
Edi131313: posts big blind $1
*** HOLE CARDS ***
Y_19: folds 
50CandyJoe: folds 
MaRKiToScoK: raises $1.22 to $2.22
LuckyShikari: calls $2.22
b2k-Snick: folds 
Edi131313: folds 
*** FLOP *** [5d 7d Ks]
MaRKiToScoK: checks 
LuckyShikari: checks 
*** TURN *** [5d 7d Ks] [4c]
MaRKiToScoK: checks 
LuckyShikari: bets $3
MaRKiToScoK: calls $3
*** RIVER *** [5d 7d Ks 4c] [9s]
MaRKiToScoK: checks 
LuckyShikari: checks 
*** SHOW DOWN ***
MaRKiToScoK: shows [Ah 8h] (high card Ace)
LuckyShikari: shows [7c Tc] (a pair of Sevens)
LuckyShikari collected $11.34 from pot
*** SUMMARY ***
Total pot $11.94 | Rake $0.60 
Board [5d 7d Ks 4c 9s]
Seat 1: 50CandyJoe folded before Flop (didn't bet)
Seat 2: MaRKiToScoK showed [Ah 8h] and lost with high card Ace
Seat 3: LuckyShikari (button) showed [7c Tc] and won ($11.34) with a pair of Sevens
Seat 4: b2k-Snick (small blind) folded before Flop
Seat 5: Edi131313 (big blind) folded before Flop
Seat 6: Y_19 folded before Flop (didn't bet)



PokerStars Hand #254327642977:  Hold'em No Limit ($0.50/$1.00 USD) - 2025/01/12 8:11:43 WET [2025/01/12 3:11:43 ET]
Table 'Tureis II' 6-max Seat #4 is the button
Seat 6: Y_19 ($102.48 in chips) is sitting out
Seat 1: 50CandyJoe ($104.48 in chips) 
Seat 2: MaRKiToScoK ($100 in chips) 
Seat 3: LuckyShikari ($107.97 in chips) 
Seat 4: b2k-Snick ($135.51 in chips) 
Seat 5: Edi131313 ($86.12 in chips) 
Edi131313: posts small blind $0.50
Y_19: is sitting out 
50CandyJoe: posts big blind $1
*** HOLE CARDS ***
MaRKiToScoK: folds 
Y_19 leaves the table
Pon4uk.ua joins the table at seat #6 
LuckyShikari: raises $2.50 to $3.50
b2k-Snick: folds 
Edi131313: folds 
50CandyJoe: folds 
Uncalled bet ($2.50) returned to LuckyShikari
LuckyShikari collected $2.50 from pot
LuckyShikari: doesn't show hand 
*** SUMMARY ***
Total pot $2.50 | Rake $0 
Seat 6: Y_19
Seat 1: 50CandyJoe (big blind) folded before Flop
Seat 2: MaRKiToScoK folded before Flop (didn't bet)
Seat 3: LuckyShikari collected ($2.50)
Seat 4: b2k-Snick (button) folded before Flop (didn't bet)
Seat 5: Edi131313 (small blind) folded before Flop



PokerStars Hand #254327645012:  Hold'em No Limit ($0.50/$1.00 USD) - 2025/01/12 8:12:06 WET [2025/01/12 3:12:06 ET]
Table 'Tureis II' 6-max Seat #5 is the button
Seat 6: Pon4uk.ua ($100 in chips) is sitting out
Seat 1: 50CandyJoe ($103.48 in chips) 
Seat 2: MaRKiToScoK ($100 in chips) 
Seat 3: LuckyShikari ($109.47 in chips) 
Seat 4: b2k-Snick ($135.51 in chips) 
Seat 5: Edi131313 ($85.62 in chips) 
50CandyJoe: posts small blind $0.50
MaRKiToScoK: posts big blind $1
*** HOLE CARDS ***
LuckyShikari: folds 
b2k-Snick: raises $1.10 to $2.10
Edi131313: calls $2.10
50CandyJoe: raises $10.40 to $12.50
MaRKiToScoK: folds 
b2k-Snick: folds 
Edi131313: folds 
Uncalled bet ($10.40) returned to 50CandyJoe
50CandyJoe collected $7.30 from pot
50CandyJoe: doesn't show hand 
*** SUMMARY ***
Total pot $7.30 | Rake $0 
Seat 6: Pon4uk.ua
Seat 1: 50CandyJoe (small blind) collected ($7.30)
Seat 2: MaRKiToScoK (big blind) folded before Flop
Seat 3: LuckyShikari folded before Flop (didn't bet)
Seat 4: b2k-Snick folded before Flop
Seat 5: Edi131313 (button) folded before Flop



PokerStars Hand #254327648394:  Hold'em No Limit ($0.50/$1.00 USD) - 2025/01/12 8:12:44 WET [2025/01/12 3:12:44 ET]
Table 'Tureis II' 6-max Seat #1 is the button
Seat 6: Pon4uk.ua ($100 in chips) is sitting out
Seat 1: 50CandyJoe ($108.68 in chips) 
Seat 2: MaRKiToScoK ($100 in chips) 
Seat 3: LuckyShikari ($109.47 in chips) 
Seat 4: b2k-Snick ($133.41 in chips) 
Seat 5: Edi131313 ($83.52 in chips) 
MaRKiToScoK: posts small blind $0.50
LuckyShikari: posts big blind $1
Pon4uk.ua: sits out 
*** HOLE CARDS ***
b2k-Snick: folds 
Edi131313: raises $1 to $2
50CandyJoe: folds 
MaRKiToScoK: folds 
LuckyShikari: calls $1
*** FLOP *** [9d Kh Qd]
LuckyShikari: checks 
Edi131313: checks 
*** TURN *** [9d Kh Qd] [8h]
LuckyShikari: checks 
Edi131313: checks 
*** RIVER *** [9d Kh Qd 8h] [Ks]
LuckyShikari: checks 
Edi131313: checks 
*** SHOW DOWN ***
LuckyShikari: shows [4c 5s] (a pair of Kings)
Edi131313: shows [2h 2c] (two pair, Kings and Deuces)
Edi131313 collected $4.28 from pot
*** SUMMARY ***
Total pot $4.50 | Rake $0.22 
Board [9d Kh Qd 8h Ks]
Seat 6: Pon4uk.ua
Seat 1: 50CandyJoe (button) folded before Flop (didn't bet)
Seat 2: MaRKiToScoK (small blind) folded before Flop
Seat 3: LuckyShikari (big blind) showed [4c 5s] and lost with a pair of Kings
Seat 4: b2k-Snick folded before Flop (didn't bet)
Seat 5: Edi131313 showed [2h 2c] and won ($4.28) with two pair, Kings and Deuces



PokerStars Hand #254327651877:  Hold'em No Limit ($0.50/$1.00 USD) - 2025/01/12 8:13:24 WET [2025/01/12 3:13:24 ET]
Table 'Tureis II' 6-max Seat #2 is the button
Seat 6: Pon4uk.ua ($100 in chips) is sitting out
Seat 1: 50CandyJoe ($108.68 in chips) 
Seat 2: MaRKiToScoK ($100 in chips) 
Seat 3: LuckyShikari ($107.47 in chips) 
Seat 4: b2k-Snick ($133.41 in chips) 
Seat 5: Edi131313 ($85.80 in chips) 
LuckyShikari: posts small blind $0.50
b2k-Snick: posts big blind $1
Pon4uk.ua: sits out 
*** HOLE CARDS ***
Edi131313: raises $1 to $2
50CandyJoe: folds 
MaRKiToScoK: raises $4.40 to $6.40
LuckyShikari: folds 
b2k-Snick: folds 
Edi131313: folds 
Uncalled bet ($4.40) returned to MaRKiToScoK
MaRKiToScoK collected $5.50 from pot
*** SUMMARY ***
Total pot $5.50 | Rake $0 
Seat 6: Pon4uk.ua
Seat 1: 50CandyJoe folded before Flop (didn't bet)
Seat 2: MaRKiToScoK (button) collected ($5.50)
Seat 3: LuckyShikari (small blind) folded before Flop
Seat 4: b2k-Snick (big blind) folded before Flop
Seat 5: Edi131313 folded before Flop



PokerStars Hand #254327653809:  Hold'em No Limit ($0.50/$1.00 USD) - 2025/01/12 8:13:46 WET [2025/01/12 3:13:46 ET]
Table 'Tureis II' 6-max Seat #3 is the button
Seat 6: Pon4uk.ua ($100 in chips) is sitting out
Seat 1: 50CandyJoe ($108.68 in chips) 
Seat 2: MaRKiToScoK ($103.50 in chips) 
Seat 3: LuckyShikari ($106.97 in chips) 
Seat 4: b2k-Snick ($132.41 in chips) 
Seat 5: Edi131313 ($83.80 in chips) 
b2k-Snick: posts small blind $0.50
Edi131313: posts big blind $1
Pon4uk.ua: sits out 
*** HOLE CARDS ***
50CandyJoe: folds 
MaRKiToScoK: raises $1.22 to $2.22
LuckyShikari: calls $2.22
b2k-Snick: folds 
Edi131313: folds 
*** FLOP *** [2d Js Ad]
MaRKiToScoK: bets $5.64
LuckyShikari: folds 
Uncalled bet ($5.64) returned to MaRKiToScoK
MaRKiToScoK collected $5.64 from pot
*** SUMMARY ***
Total pot $5.94 | Rake $0.30 
Board [2d Js Ad]
Seat 6: Pon4uk.ua
Seat 1: 50CandyJoe folded before Flop (didn't bet)
Seat 2: MaRKiToScoK collected ($5.64)
Seat 3: LuckyShikari (button) folded on the Flop
Seat 4: b2k-Snick (small blind) folded before Flop
Seat 5: Edi131313 (big blind) folded before Flop



PokerStars Hand #254327656822:  Hold'em No Limit ($0.50/$1.00 USD) - 2025/01/12 8:14:19 WET [2025/01/12 3:14:19 ET]
Table 'Tureis II' 6-max Seat #4 is the button
Seat 1: 50CandyJoe ($108.68 in chips) 
Seat 2: MaRKiToScoK ($106.92 in chips) 
Seat 3: LuckyShikari ($104.75 in chips) 
Seat 4: b2k-Snick ($131.91 in chips) 
Seat 5: Edi131313 ($82.80 in chips) 
Seat 6: Pon4uk.ua ($100 in chips) 
Edi131313: posts small blind $0.50
Pon4uk.ua: posts big blind $1
*** HOLE CARDS ***
50CandyJoe: folds 
MaRKiToScoK: raises $1.50 to $2.50
LuckyShikari: folds 
b2k-Snick: folds 
Edi131313: folds 
Pon4uk.ua: folds 
Uncalled bet ($1.50) returned to MaRKiToScoK
MaRKiToScoK collected $2.50 from pot
*** SUMMARY ***
Total pot $2.50 | Rake $0 
Seat 1: 50CandyJoe folded before Flop (didn't bet)
Seat 2: MaRKiToScoK collected ($2.50)
Seat 3: LuckyShikari folded before Flop (didn't bet)
Seat 4: b2k-Snick (button) folded before Flop (didn't bet)
Seat 5: Edi131313 (small blind) folded before Flop
Seat 6: Pon4uk.ua (big blind) folded before Flop



PokerStars Hand #254327660471:  Hold'em No Limit ($0.50/$1.00 USD) - 2025/01/12 8:14:59 WET [2025/01/12 3:14:59 ET]
Table 'Tureis II' 6-max Seat #5 is the button
Seat 1: 50CandyJoe ($108.68 in chips) 
Seat 2: MaRKiToScoK ($108.42 in chips) 
Seat 3: LuckyShikari ($104.75 in chips) 
Seat 4: b2k-Snick ($131.91 in chips) 
Seat 5: Edi131313 ($82.30 in chips) 
Seat 6: Pon4uk.ua ($100 in chips) 
Pon4uk.ua: posts small blind $0.50
50CandyJoe: posts big blind $1
*** HOLE CARDS ***
MaRKiToScoK: folds 
LuckyShikari: folds 
b2k-Snick: folds 
Edi131313: folds 
Pon4uk.ua: raises $1.75 to $2.75
50CandyJoe: folds 
Uncalled bet ($1.75) returned to Pon4uk.ua
Pon4uk.ua collected $2 from pot
Pon4uk.ua: doesn't show hand 
*** SUMMARY ***
Total pot $2 | Rake $0 
Seat 1: 50CandyJoe (big blind) folded before Flop
Seat 2: MaRKiToScoK folded before Flop (didn't bet)
Seat 3: LuckyShikari folded before Flop (didn't bet)
Seat 4: b2k-Snick folded before Flop (didn't bet)
Seat 5: Edi131313 (button) folded before Flop (didn't bet)
Seat 6: Pon4uk.ua (small blind) collected ($2)



PokerStars Hand #254327662946:  Hold'em No Limit ($0.50/$1.00 USD) - 2025/01/12 8:15:26 WET [2025/01/12 3:15:26 ET]
Table 'Tureis II' 6-max Seat #6 is the button
Seat 1: 50CandyJoe ($107.68 in chips) 
Seat 2: MaRKiToScoK ($108.42 in chips) 
Seat 3: LuckyShikari ($104.75 in chips) 
Seat 4: b2k-Snick ($131.91 in chips) 
Seat 5: Edi131313 ($82.30 in chips) 
Seat 6: Pon4uk.ua ($101 in chips) 
50CandyJoe: posts small blind $0.50
MaRKiToScoK: posts big blind $1
*** HOLE CARDS ***
LuckyShikari: folds 
b2k-Snick: folds 
Edi131313: folds 
Pon4uk.ua: raises $1.50 to $2.50
50CandyJoe: folds 
MaRKiToScoK: folds 
Uncalled bet ($1.50) returned to Pon4uk.ua
Pon4uk.ua collected $2.50 from pot
Pon4uk.ua: doesn't show hand 
*** SUMMARY ***
Total pot $2.50 | Rake $0 
Seat 1: 50CandyJoe (small blind) folded before Flop
Seat 2: MaRKiToScoK (big blind) folded before Flop
Seat 3: LuckyShikari folded before Flop (didn't bet)
Seat 4: b2k-Snick folded before Flop (didn't bet)
Seat 5: Edi131313 folded before Flop (didn't bet)
Seat 6: Pon4uk.ua (button) collected ($2.50)



PokerStars Hand #254327665318:  Hold'em No Limit ($0.50/$1.00 USD) - 2025/01/12 8:15:53 WET [2025/01/12 3:15:53 ET]
Table 'Tureis II' 6-max Seat #1 is the button
Seat 1: 50CandyJoe ($107.18 in chips) 
Seat 2: MaRKiToScoK ($107.42 in chips) 
Seat 3: LuckyShikari ($104.75 in chips) 
Seat 4: b2k-Snick ($131.91 in chips) 
Seat 5: Edi131313 ($82.30 in chips) 
Seat 6: Pon4uk.ua ($102.50 in chips) 
MaRKiToScoK: posts small blind $0.50
LuckyShikari: posts big blind $1
*** HOLE CARDS ***
b2k-Snick: raises $1.10 to $2.10
Edi131313: folds 
Pon4uk.ua: folds 
50CandyJoe: raises $4.65 to $6.75
MaRKiToScoK: folds 
LuckyShikari: folds 
b2k-Snick: calls $4.65
*** FLOP *** [Ac 9c 7s]
b2k-Snick: checks 
50CandyJoe: checks 
*** TURN *** [Ac 9c 7s] [Kd]
b2k-Snick: bets $10
50CandyJoe: calls $10
*** RIVER *** [Ac 9c 7s Kd] [Qh]
b2k-Snick: checks 
50CandyJoe: bets $8.31
b2k-Snick: calls $8.31
*** SHOW DOWN ***
50CandyJoe: shows [Ts As] (a pair of Aces)
b2k-Snick: shows [Js Ad] (a pair of Aces - King+Queen+Jack kicker)
b2k-Snick collected $49.12 from pot
*** SUMMARY ***
Total pot $51.62 | Rake $2.50 
Board [Ac 9c 7s Kd Qh]
Seat 1: 50CandyJoe (button) showed [Ts As] and lost with a pair of Aces
Seat 2: MaRKiToScoK (small blind) folded before Flop
Seat 3: LuckyShikari (big blind) folded before Flop
Seat 4: b2k-Snick showed [Js Ad] and won ($49.12) with a pair of Aces
Seat 5: Edi131313 folded before Flop (didn't bet)
Seat 6: Pon4uk.ua folded before Flop (didn't bet)



PokerStars Hand #254327671589:  Hold'em No Limit ($0.50/$1.00 USD) - 2025/01/12 8:17:01 WET [2025/01/12 3:17:01 ET]
Table 'Tureis II' 6-max Seat #2 is the button
Seat 1: 50CandyJoe ($100 in chips) 
Seat 2: MaRKiToScoK ($106.92 in chips) 
Seat 3: LuckyShikari ($103.75 in chips) 
Seat 4: b2k-Snick ($155.97 in chips) 
Seat 5: Edi131313 ($82.30 in chips) 
Seat 6: Pon4uk.ua ($102.50 in chips) 
LuckyShikari: posts small blind $0.50
b2k-Snick: posts big blind $1
*** HOLE CARDS ***
Edi131313: folds 
Pon4uk.ua: folds 
50CandyJoe: folds 
MaRKiToScoK: raises $1.33 to $2.33
LuckyShikari: folds 
b2k-Snick: calls $1.33
*** FLOP *** [9c Kh 8h]
b2k-Snick: checks 
MaRKiToScoK: bets $3.68
b2k-Snick: folds 
Uncalled bet ($3.68) returned to MaRKiToScoK
MaRKiToScoK collected $4.90 from pot
*** SUMMARY ***
Total pot $5.16 | Rake $0.26 
Board [9c Kh 8h]
Seat 1: 50CandyJoe folded before Flop (didn't bet)
Seat 2: MaRKiToScoK (button) collected ($4.90)
Seat 3: LuckyShikari (small blind) folded before Flop
Seat 4: b2k-Snick (big blind) folded on the Flop
Seat 5: Edi131313 folded before Flop (didn't bet)
Seat 6: Pon4uk.ua folded before Flop (didn't bet)



PokerStars Hand #254327675641:  Hold'em No Limit ($0.50/$1.00 USD) - 2025/01/12 8:17:46 WET [2025/01/12 3:17:46 ET]
Table 'Tureis II' 6-max Seat #3 is the button
Seat 1: 50CandyJoe ($100 in chips) 
Seat 2: MaRKiToScoK ($109.49 in chips) 
Seat 3: LuckyShikari ($103.25 in chips) 
Seat 4: b2k-Snick ($153.64 in chips) 
Seat 5: Edi131313 ($82.30 in chips) 
Seat 6: Pon4uk.ua ($102.50 in chips) 
b2k-Snick: posts small blind $0.50
Edi131313: posts big blind $1
*** HOLE CARDS ***
Pon4uk.ua: folds 
50CandyJoe: folds 
MaRKiToScoK: raises $1.22 to $2.22
LuckyShikari: calls $2.22
b2k-Snick: folds 
Edi131313: folds 
*** FLOP *** [Kh 6d 6h]
MaRKiToScoK: bets $1.69
LuckyShikari: calls $1.69
*** TURN *** [Kh 6d 6h] [5d]
MaRKiToScoK: checks 
LuckyShikari: bets $4
MaRKiToScoK: folds 
Uncalled bet ($4) returned to LuckyShikari
LuckyShikari collected $8.85 from pot
LuckyShikari: doesn't show hand 
*** SUMMARY ***
Total pot $9.32 | Rake $0.47 
Board [Kh 6d 6h 5d]
Seat 1: 50CandyJoe folded before Flop (didn't bet)
Seat 2: MaRKiToScoK folded on the Turn
Seat 3: LuckyShikari (button) collected ($8.85)
Seat 4: b2k-Snick (small blind) folded before Flop
Seat 5: Edi131313 (big blind) folded before Flop
Seat 6: Pon4uk.ua folded before Flop (didn't bet)



PokerStars Hand #254327680905:  Hold'em No Limit ($0.50/$1.00 USD) - 2025/01/12 8:18:45 WET [2025/01/12 3:18:45 ET]
Table 'Tureis II' 6-max Seat #4 is the button
Seat 1: 50CandyJoe ($100 in chips) 
Seat 2: MaRKiToScoK ($105.58 in chips) 
Seat 3: LuckyShikari ($108.19 in chips) 
Seat 4: b2k-Snick ($153.14 in chips) 
Seat 5: Edi131313 ($81.30 in chips) 
Seat 6: Pon4uk.ua ($102.50 in chips) 
Edi131313: posts small blind $0.50
Pon4uk.ua: posts big blind $1
*** HOLE CARDS ***
50CandyJoe: folds 
MaRKiToScoK: raises $1.07 to $2.07
LuckyShikari: folds 
b2k-Snick: folds 
Edi131313: folds 
Pon4uk.ua: folds 
Uncalled bet ($1.07) returned to MaRKiToScoK
MaRKiToScoK collected $2.50 from pot
*** SUMMARY ***
Total pot $2.50 | Rake $0 
Seat 1: 50CandyJoe folded before Flop (didn't bet)
Seat 2: MaRKiToScoK collected ($2.50)
Seat 3: LuckyShikari folded before Flop (didn't bet)
Seat 4: b2k-Snick (button) folded before Flop (didn't bet)
Seat 5: Edi131313 (small blind) folded before Flop
Seat 6: Pon4uk.ua (big blind) folded before Flop



PokerStars Hand #254327683454:  Hold'em No Limit ($0.50/$1.00 USD) - 2025/01/12 8:19:12 WET [2025/01/12 3:19:12 ET]
Table 'Tureis II' 6-max Seat #5 is the button
Seat 1: 50CandyJoe ($100 in chips) 
Seat 2: MaRKiToScoK ($107.08 in chips) 
Seat 3: LuckyShikari ($108.19 in chips) 
Seat 4: b2k-Snick ($153.14 in chips) 
Seat 5: Edi131313 ($80.80 in chips) 
Seat 6: Pon4uk.ua ($101.50 in chips) 
Pon4uk.ua: posts small blind $0.50
50CandyJoe: posts big blind $1
*** HOLE CARDS ***
MaRKiToScoK: folds 
LuckyShikari: folds 
b2k-Snick: folds 
Edi131313: folds 
Pon4uk.ua: folds 
Uncalled bet ($0.50) returned to 50CandyJoe
50CandyJoe collected $1 from pot
50CandyJoe: doesn't show hand 
*** SUMMARY ***
Total pot $1 | Rake $0 
Seat 1: 50CandyJoe (big blind) collected ($1)
Seat 2: MaRKiToScoK folded before Flop (didn't bet)
Seat 3: LuckyShikari folded before Flop (didn't bet)
Seat 4: b2k-Snick folded before Flop (didn't bet)
Seat 5: Edi131313 (button) folded before Flop (didn't bet)
Seat 6: Pon4uk.ua (small blind) folded before Flop



PokerStars Hand #254327684568:  Hold'em No Limit ($0.50/$1.00 USD) - 2025/01/12 8:19:25 WET [2025/01/12 3:19:25 ET]
Table 'Tureis II' 6-max Seat #6 is the button
Seat 1: 50CandyJoe ($100.50 in chips) 
Seat 2: MaRKiToScoK ($107.08 in chips) 
Seat 3: LuckyShikari ($108.19 in chips) 
Seat 4: b2k-Snick ($153.14 in chips) 
Seat 5: Edi131313 ($80.80 in chips) 
Seat 6: Pon4uk.ua ($101 in chips) 
50CandyJoe: posts small blind $0.50
MaRKiToScoK: posts big blind $1
*** HOLE CARDS ***
LuckyShikari: folds 
b2k-Snick: folds 
Edi131313: folds 
Pon4uk.ua: folds 
50CandyJoe: folds 
Uncalled bet ($0.50) returned to MaRKiToScoK
MaRKiToScoK collected $1 from pot
*** SUMMARY ***
Total pot $1 | Rake $0 
Seat 1: 50CandyJoe (small blind) folded before Flop
Seat 2: MaRKiToScoK (big blind) collected ($1)
Seat 3: LuckyShikari folded before Flop (didn't bet)
Seat 4: b2k-Snick folded before Flop (didn't bet)
Seat 5: Edi131313 folded before Flop (didn't bet)
Seat 6: Pon4uk.ua (button) folded before Flop (didn't bet)



PokerStars Hand #254327685680:  Hold'em No Limit ($0.50/$1.00 USD) - 2025/01/12 8:19:37 WET [2025/01/12 3:19:37 ET]
Table 'Tureis II' 6-max Seat #1 is the button
Seat 1: 50CandyJoe ($100 in chips) 
Seat 2: MaRKiToScoK ($107.58 in chips) 
Seat 3: LuckyShikari ($108.19 in chips) 
Seat 4: b2k-Snick ($153.14 in chips) 
Seat 5: Edi131313 ($80.80 in chips) 
Seat 6: Pon4uk.ua ($101 in chips) 
MaRKiToScoK: posts small blind $0.50
LuckyShikari: posts big blind $1
*** HOLE CARDS ***
b2k-Snick: folds 
Edi131313 has timed out
Edi131313: folds 
Pon4uk.ua: folds 
50CandyJoe: raises $1.50 to $2.50
MaRKiToScoK: folds 
LuckyShikari: calls $1.50
*** FLOP *** [2c Ac 3s]
LuckyShikari: checks 
50CandyJoe: bets $1.31
LuckyShikari: calls $1.31
*** TURN *** [2c Ac 3s] [6s]
LuckyShikari: checks 
50CandyJoe: bets $2.54
LuckyShikari has timed out
LuckyShikari: folds 
Uncalled bet ($2.54) returned to 50CandyJoe
50CandyJoe collected $7.71 from pot
50CandyJoe: doesn't show hand 
*** SUMMARY ***
Total pot $8.12 | Rake $0.41 
Board [2c Ac 3s 6s]
Seat 1: 50CandyJoe (button) collected ($7.71)
Seat 2: MaRKiToScoK (small blind) folded before Flop
Seat 3: LuckyShikari (big blind) folded on the Turn
Seat 4: b2k-Snick folded before Flop (didn't bet)
Seat 5: Edi131313 folded before Flop (didn't bet)
Seat 6: Pon4uk.ua folded before Flop (didn't bet)



PokerStars Hand #254327694779:  Hold'em No Limit ($0.50/$1.00 USD) - 2025/01/12 8:21:18 WET [2025/01/12 3:21:18 ET]
Table 'Tureis II' 6-max Seat #2 is the button
Seat 1: 50CandyJoe ($103.90 in chips) 
Seat 2: MaRKiToScoK ($107.08 in chips) 
Seat 3: LuckyShikari ($104.38 in chips) 
Seat 4: b2k-Snick ($153.14 in chips) 
Seat 5: Edi131313 ($80.80 in chips) 
Seat 6: Pon4uk.ua ($101 in chips) 
LuckyShikari: posts small blind $0.50
b2k-Snick: posts big blind $1
*** HOLE CARDS ***
Edi131313: folds 
Pon4uk.ua: folds 
50CandyJoe: folds 
Edi131313 leaves the table
MaRKiToScoK: raises $1.33 to $2.33
LuckyShikari: calls $1.83
b2k-Snick: folds 
*** FLOP *** [3c 6h 3d]
LuckyShikari: checks 
MaRKiToScoK: bets $1.61
LuckyShikari: folds 
Uncalled bet ($1.61) returned to MaRKiToScoK
MaRKiToScoK collected $5.38 from pot
*** SUMMARY ***
Total pot $5.66 | Rake $0.28 
Board [3c 6h 3d]
Seat 1: 50CandyJoe folded before Flop (didn't bet)
Seat 2: MaRKiToScoK (button) collected ($5.38)
Seat 3: LuckyShikari (small blind) folded on the Flop
Seat 4: b2k-Snick (big blind) folded before Flop
Seat 5: Edi131313 folded before Flop (didn't bet)
Seat 6: Pon4uk.ua folded before Flop (didn't bet)



PokerStars Hand #254327701059:  Hold'em No Limit ($0.50/$1.00 USD) - 2025/01/12 8:22:26 WET [2025/01/12 3:22:26 ET]
Table 'Tureis II' 6-max Seat #3 is the button
Seat 1: 50CandyJoe ($103.90 in chips) 
Seat 2: MaRKiToScoK ($110.13 in chips) 
Seat 3: LuckyShikari ($102.05 in chips) 
Seat 4: b2k-Snick ($152.14 in chips) 
Seat 6: Pon4uk.ua ($101 in chips) 
b2k-Snick: posts small blind $0.50
Pon4uk.ua: posts big blind $1
*** HOLE CARDS ***
50CandyJoe: raises $1.20 to $2.20
MaRKiToScoK: folds 
LuckyShikari: folds 
b2k-Snick: folds 
LulusFinest joins the table at seat #5 
Pon4uk.ua: folds 
Uncalled bet ($1.20) returned to 50CandyJoe
LulusFinest is disconnected 
50CandyJoe collected $2.50 from pot
50CandyJoe: doesn't show hand 
*** SUMMARY ***
Total pot $2.50 | Rake $0 
Seat 1: 50CandyJoe collected ($2.50)
Seat 2: MaRKiToScoK folded before Flop (didn't bet)
Seat 3: LuckyShikari (button) folded before Flop (didn't bet)
Seat 4: b2k-Snick (small blind) folded before Flop
Seat 6: Pon4uk.ua (big blind) folded before Flop



PokerStars Hand #254327703725:  Hold'em No Limit ($0.50/$1.00 USD) - 2025/01/12 8:22:54 WET [2025/01/12 3:22:54 ET]
Table 'Tureis II' 6-max Seat #4 is the button
Seat 5: LulusFinest ($40 in chips) is sitting out
Seat 1: 50CandyJoe ($105.40 in chips) 
Seat 2: MaRKiToScoK ($110.13 in chips) 
Seat 3: LuckyShikari ($102.05 in chips) 
Seat 4: b2k-Snick ($151.64 in chips) 
Seat 6: Pon4uk.ua ($100 in chips) 
Pon4uk.ua: posts small blind $0.50
50CandyJoe: posts big blind $1
*** HOLE CARDS ***
MaRKiToScoK: folds 
LuckyShikari: folds 
b2k-Snick: folds 
Pon4uk.ua: folds 
Uncalled bet ($0.50) returned to 50CandyJoe
50CandyJoe collected $1 from pot
50CandyJoe: doesn't show hand 
*** SUMMARY ***
Total pot $1 | Rake $0 
Seat 5: LulusFinest
Seat 1: 50CandyJoe (big blind) collected ($1)
Seat 2: MaRKiToScoK folded before Flop (didn't bet)
Seat 3: LuckyShikari folded before Flop (didn't bet)
Seat 4: b2k-Snick (button) folded before Flop (didn't bet)
Seat 6: Pon4uk.ua (small blind) folded before Flop



PokerStars Hand #254327705146:  Hold'em No Limit ($0.50/$1.00 USD) - 2025/01/12 8:23:09 WET [2025/01/12 3:23:09 ET]
Table 'Tureis II' 6-max Seat #6 is the button
Seat 5: LulusFinest ($40 in chips) is sitting out
Seat 1: 50CandyJoe ($105.90 in chips) 
Seat 2: MaRKiToScoK ($110.13 in chips) 
Seat 3: LuckyShikari ($102.05 in chips) 
Seat 4: b2k-Snick ($151.64 in chips) 
Seat 6: Pon4uk.ua ($100 in chips) 
50CandyJoe: posts small blind $0.50
MaRKiToScoK: posts big blind $1
LulusFinest: sits out 
*** HOLE CARDS ***
LuckyShikari: folds 
b2k-Snick: raises $1.50 to $2.50
Pon4uk.ua: folds 
50CandyJoe: folds 
MaRKiToScoK: folds 
Uncalled bet ($1.50) returned to b2k-Snick
b2k-Snick collected $2.50 from pot
b2k-Snick: doesn't show hand 
*** SUMMARY ***
Total pot $2.50 | Rake $0 
Seat 5: LulusFinest
Seat 1: 50CandyJoe (small blind) folded before Flop
Seat 2: MaRKiToScoK (big blind) folded before Flop
Seat 3: LuckyShikari folded before Flop (didn't bet)
Seat 4: b2k-Snick collected ($2.50)
Seat 6: Pon4uk.ua (button) folded before Flop (didn't bet)



PokerStars Hand #254327707512:  Hold'em No Limit ($0.50/$1.00 USD) - 2025/01/12 8:23:34 WET [2025/01/12 3:23:34 ET]
Table 'Tureis II' 6-max Seat #1 is the button
Seat 5: LulusFinest ($40 in chips) is sitting out
Seat 1: 50CandyJoe ($105.40 in chips) 
Seat 2: MaRKiToScoK ($109.13 in chips) 
Seat 3: LuckyShikari ($102.05 in chips) 
Seat 4: b2k-Snick ($153.14 in chips) 
Seat 6: Pon4uk.ua ($100 in chips) 
MaRKiToScoK: posts small blind $0.50
LuckyShikari: posts big blind $1
LulusFinest: sits out 
*** HOLE CARDS ***
b2k-Snick: folds 
Pon4uk.ua: folds 
50CandyJoe: folds 
MaRKiToScoK: folds 
Uncalled bet ($0.50) returned to LuckyShikari
LuckyShikari collected $1 from pot
LuckyShikari: doesn't show hand 
*** SUMMARY ***
Total pot $1 | Rake $0 
Seat 5: LulusFinest
Seat 1: 50CandyJoe (button) folded before Flop (didn't bet)
Seat 2: MaRKiToScoK (small blind) folded before Flop
Seat 3: LuckyShikari (big blind) collected ($1)
Seat 4: b2k-Snick folded before Flop (didn't bet)
Seat 6: Pon4uk.ua folded before Flop (didn't bet)



PokerStars Hand #254327709351:  Hold'em No Limit ($0.50/$1.00 USD) - 2025/01/12 8:23:54 WET [2025/01/12 3:23:54 ET]
Table 'Tureis II' 6-max Seat #2 is the button
Seat 5: LulusFinest ($40 in chips) is sitting out
Seat 1: 50CandyJoe ($105.40 in chips) 
Seat 2: MaRKiToScoK ($108.63 in chips) 
Seat 3: LuckyShikari ($102.55 in chips) 
Seat 4: b2k-Snick ($153.14 in chips) 
Seat 6: Pon4uk.ua ($100 in chips) 
LuckyShikari: posts small blind $0.50
b2k-Snick: posts big blind $1
LulusFinest: sits out 
*** HOLE CARDS ***
Pon4uk.ua: raises $1 to $2
50CandyJoe: folds 
MaRKiToScoK: folds 
LuckyShikari: folds 
b2k-Snick: folds 
Uncalled bet ($1) returned to Pon4uk.ua
Pon4uk.ua collected $2.50 from pot
Pon4uk.ua: doesn't show hand 
*** SUMMARY ***
Total pot $2.50 | Rake $0 
Seat 5: LulusFinest
Seat 1: 50CandyJoe folded before Flop (didn't bet)
Seat 2: MaRKiToScoK (button) folded before Flop (didn't bet)
Seat 3: LuckyShikari (small blind) folded before Flop
Seat 4: b2k-Snick (big blind) folded before Flop
Seat 6: Pon4uk.ua collected ($2.50)



PokerStars Hand #254327711467:  Hold'em No Limit ($0.50/$1.00 USD) - 2025/01/12 8:24:17 WET [2025/01/12 3:24:17 ET]
Table 'Tureis II' 6-max Seat #3 is the button
Seat 1: 50CandyJoe ($105.40 in chips) 
Seat 2: MaRKiToScoK ($108.63 in chips) 
Seat 3: LuckyShikari ($102.05 in chips) 
Seat 4: b2k-Snick ($152.14 in chips) 
Seat 5: LulusFinest ($40 in chips) 
Seat 6: Pon4uk.ua ($101.50 in chips) 
b2k-Snick: posts small blind $0.50
LulusFinest: posts big blind $1
*** HOLE CARDS ***
Pon4uk.ua: folds 
50CandyJoe: raises $1.20 to $2.20
MaRKiToScoK: raises $4.84 to $7.04
LuckyShikari: folds 
b2k-Snick: folds 
LulusFinest: folds 
50CandyJoe: folds 
Uncalled bet ($4.84) returned to MaRKiToScoK
MaRKiToScoK collected $5.90 from pot
*** SUMMARY ***
Total pot $5.90 | Rake $0 
Seat 1: 50CandyJoe folded before Flop
Seat 2: MaRKiToScoK collected ($5.90)
Seat 3: LuckyShikari (button) folded before Flop (didn't bet)
Seat 4: b2k-Snick (small blind) folded before Flop
Seat 5: LulusFinest (big blind) folded before Flop
Seat 6: Pon4uk.ua folded before Flop (didn't bet)



PokerStars Hand #254327713884:  Hold'em No Limit ($0.50/$1.00 USD) - 2025/01/12 8:24:43 WET [2025/01/12 3:24:43 ET]
Table 'Tureis II' 6-max Seat #4 is the button
Seat 1: 50CandyJoe ($103.20 in chips) 
Seat 2: MaRKiToScoK ($112.33 in chips) 
Seat 3: LuckyShikari ($102.05 in chips) 
Seat 4: b2k-Snick ($151.64 in chips) 
Seat 5: LulusFinest ($39 in chips) 
Seat 6: Pon4uk.ua ($101.50 in chips) 
LulusFinest: posts small blind $0.50
Pon4uk.ua: posts big blind $1
*** HOLE CARDS ***
50CandyJoe: raises $1.20 to $2.20
MaRKiToScoK: folds 
LuckyShikari: folds 
b2k-Snick: folds 
LulusFinest: calls $1.70
Pon4uk.ua: calls $1.20
*** FLOP *** [Jc Jd Kh]
LulusFinest: checks 
Pon4uk.ua: checks 
50CandyJoe: bets $2.07
LulusFinest: folds 
Pon4uk.ua: folds 
Uncalled bet ($2.07) returned to 50CandyJoe
50CandyJoe collected $6.27 from pot
50CandyJoe: doesn't show hand 
*** SUMMARY ***
Total pot $6.60 | Rake $0.33 
Board [Jc Jd Kh]
Seat 1: 50CandyJoe collected ($6.27)
Seat 2: MaRKiToScoK folded before Flop (didn't bet)
Seat 3: LuckyShikari folded before Flop (didn't bet)
Seat 4: b2k-Snick (button) folded before Flop (didn't bet)
Seat 5: LulusFinest (small blind) folded on the Flop
Seat 6: Pon4uk.ua (big blind) folded on the Flop



PokerStars Hand #254327718181:  Hold'em No Limit ($0.50/$1.00 USD) - 2025/01/12 8:25:29 WET [2025/01/12 3:25:29 ET]
Table 'Tureis II' 6-max Seat #5 is the button
Seat 1: 50CandyJoe ($107.27 in chips) 
Seat 2: MaRKiToScoK ($112.33 in chips) 
Seat 3: LuckyShikari ($102.05 in chips) 
Seat 4: b2k-Snick ($151.64 in chips) 
Seat 5: LulusFinest ($36.80 in chips) 
Seat 6: Pon4uk.ua ($100 in chips) 
Pon4uk.ua: posts small blind $0.50
50CandyJoe: posts big blind $1
*** HOLE CARDS ***
MaRKiToScoK: folds 
LuckyShikari: folds 
b2k-Snick: folds 
LulusFinest: folds 
Pon4uk.ua: folds 
Uncalled bet ($0.50) returned to 50CandyJoe
50CandyJoe collected $1 from pot
50CandyJoe: doesn't show hand 
*** SUMMARY ***
Total pot $1 | Rake $0 
Seat 1: 50CandyJoe (big blind) collected ($1)
Seat 2: MaRKiToScoK folded before Flop (didn't bet)
Seat 3: LuckyShikari folded before Flop (didn't bet)
Seat 4: b2k-Snick folded before Flop (didn't bet)
Seat 5: LulusFinest (button) folded before Flop (didn't bet)
Seat 6: Pon4uk.ua (small blind) folded before Flop



PokerStars Hand #254327719370:  Hold'em No Limit ($0.50/$1.00 USD) - 2025/01/12 8:25:42 WET [2025/01/12 3:25:42 ET]
Table 'Tureis II' 6-max Seat #6 is the button
Seat 1: 50CandyJoe ($107.77 in chips) 
Seat 2: MaRKiToScoK ($112.33 in chips) 
Seat 3: LuckyShikari ($102.05 in chips) 
Seat 4: b2k-Snick ($151.64 in chips) 
Seat 5: LulusFinest ($36.80 in chips) 
Seat 6: Pon4uk.ua ($100 in chips) 
50CandyJoe: posts small blind $0.50
MaRKiToScoK: posts big blind $1
*** HOLE CARDS ***
LuckyShikari: folds 
b2k-Snick: folds 
LulusFinest: folds 
Pon4uk.ua: raises $1.50 to $2.50
50CandyJoe: folds 
MaRKiToScoK: calls $1.50
*** FLOP *** [3c 8h 9d]
MaRKiToScoK: checks 
Pon4uk.ua: checks 
*** TURN *** [3c 8h 9d] [6d]
MaRKiToScoK: bets $3.92
Pon4uk.ua: calls $3.92
*** RIVER *** [3c 8h 9d 6d] [7h]
MaRKiToScoK: checks 
Pon4uk.ua: checks 
*** SHOW DOWN ***
MaRKiToScoK: shows [8d 7s] (two pair, Eights and Sevens)
Pon4uk.ua: mucks hand 
MaRKiToScoK collected $12.67 from pot
*** SUMMARY ***
Total pot $13.34 | Rake $0.67 
Board [3c 8h 9d 6d 7h]
Seat 1: 50CandyJoe (small blind) folded before Flop
Seat 2: MaRKiToScoK (big blind) showed [8d 7s] and won ($12.67) with two pair, Eights and Sevens
Seat 3: LuckyShikari folded before Flop (didn't bet)
Seat 4: b2k-Snick folded before Flop (didn't bet)
Seat 5: LulusFinest folded before Flop (didn't bet)
Seat 6: Pon4uk.ua (button) mucked



PokerStars Hand #254327725149:  Hold'em No Limit ($0.50/$1.00 USD) - 2025/01/12 8:26:44 WET [2025/01/12 3:26:44 ET]
Table 'Tureis II' 6-max Seat #1 is the button
Seat 1: 50CandyJoe ($107.27 in chips) 
Seat 2: MaRKiToScoK ($118.58 in chips) 
Seat 3: LuckyShikari ($102.05 in chips) 
Seat 4: b2k-Snick ($151.64 in chips) 
Seat 5: LulusFinest ($36.80 in chips) 
Seat 6: Pon4uk.ua ($100 in chips) 
MaRKiToScoK: posts small blind $0.50
LuckyShikari: posts big blind $1
*** HOLE CARDS ***
b2k-Snick: folds 
LulusFinest: folds 
Pon4uk.ua: raises $1.50 to $2.50
50CandyJoe: raises $5 to $7.50
MaRKiToScoK: folds 
LuckyShikari: folds 
Pon4uk.ua: folds 
Uncalled bet ($5) returned to 50CandyJoe
50CandyJoe collected $6.50 from pot
50CandyJoe: doesn't show hand 
*** SUMMARY ***
Total pot $6.50 | Rake $0 
Seat 1: 50CandyJoe (button) collected ($6.50)
Seat 2: MaRKiToScoK (small blind) folded before Flop
Seat 3: LuckyShikari (big blind) folded before Flop
Seat 4: b2k-Snick folded before Flop (didn't bet)
Seat 5: LulusFinest folded before Flop (didn't bet)
Seat 6: Pon4uk.ua folded before Flop



PokerStars Hand #254327727982:  Hold'em No Limit ($0.50/$1.00 USD) - 2025/01/12 8:27:15 WET [2025/01/12 3:27:15 ET]
Table 'Tureis II' 6-max Seat #2 is the button
Seat 1: 50CandyJoe ($111.27 in chips) 
Seat 2: MaRKiToScoK ($118.08 in chips) 
Seat 3: LuckyShikari ($101.05 in chips) 
Seat 4: b2k-Snick ($151.64 in chips) 
Seat 5: LulusFinest ($36.80 in chips) 
Seat 6: Pon4uk.ua ($100 in chips) 
LuckyShikari: posts small blind $0.50
b2k-Snick: posts big blind $1
*** HOLE CARDS ***
LulusFinest: folds 
Pon4uk.ua: folds 
50CandyJoe: raises $1.20 to $2.20
MaRKiToScoK: folds 
LuckyShikari: calls $1.70
b2k-Snick: folds 
*** FLOP *** [Qs 9d 2d]
LuckyShikari: checks 
50CandyJoe: bets $1.69
LuckyShikari: calls $1.69
*** TURN *** [Qs 9d 2d] [Td]
LuckyShikari: checks 
50CandyJoe: bets $2.75
LuckyShikari: folds 
Uncalled bet ($2.75) returned to 50CandyJoe
50CandyJoe collected $8.34 from pot
50CandyJoe: doesn't show hand 
*** SUMMARY ***
Total pot $8.78 | Rake $0.44 
Board [Qs 9d 2d Td]
Seat 1: 50CandyJoe collected ($8.34)
Seat 2: MaRKiToScoK (button) folded before Flop (didn't bet)
Seat 3: LuckyShikari (small blind) folded on the Turn
Seat 4: b2k-Snick (big blind) folded before Flop
Seat 5: LulusFinest folded before Flop (didn't bet)
Seat 6: Pon4uk.ua folded before Flop (didn't bet)



PokerStars Hand #254327733964:  Hold'em No Limit ($0.50/$1.00 USD) - 2025/01/12 8:28:20 WET [2025/01/12 3:28:20 ET]
Table 'Tureis II' 6-max Seat #3 is the button
Seat 1: 50CandyJoe ($115.72 in chips) 
Seat 2: MaRKiToScoK ($118.08 in chips) 
Seat 3: LuckyShikari ($100 in chips) 
Seat 4: b2k-Snick ($150.64 in chips) 
Seat 5: LulusFinest ($36.80 in chips) 
Seat 6: Pon4uk.ua ($100 in chips) 
b2k-Snick: posts small blind $0.50
LulusFinest: posts big blind $1
*** HOLE CARDS ***
Pon4uk.ua: raises $1 to $2
50CandyJoe: raises $5 to $7
MaRKiToScoK: folds 
LuckyShikari: folds 
b2k-Snick: folds 
LulusFinest: folds 
Pon4uk.ua: raises $13 to $20
50CandyJoe: folds 
Uncalled bet ($13) returned to Pon4uk.ua
Pon4uk.ua collected $15.50 from pot
Pon4uk.ua: doesn't show hand 
*** SUMMARY ***
Total pot $15.50 | Rake $0 
Seat 1: 50CandyJoe folded before Flop
Seat 2: MaRKiToScoK folded before Flop (didn't bet)
Seat 3: LuckyShikari (button) folded before Flop (didn't bet)
Seat 4: b2k-Snick (small blind) folded before Flop
Seat 5: LulusFinest (big blind) folded before Flop
Seat 6: Pon4uk.ua collected ($15.50)



PokerStars Hand #254327741044:  Hold'em No Limit ($0.50/$1.00 USD) - 2025/01/12 8:29:37 WET [2025/01/12 3:29:37 ET]
Table 'Tureis II' 6-max Seat #4 is the button
Seat 1: 50CandyJoe ($108.72 in chips) 
Seat 2: MaRKiToScoK ($118.08 in chips) 
Seat 3: LuckyShikari ($100 in chips) 
Seat 4: b2k-Snick ($150.14 in chips) 
Seat 5: LulusFinest ($35.80 in chips) 
Seat 6: Pon4uk.ua ($108.50 in chips) 
LulusFinest: posts small blind $0.50
Pon4uk.ua: posts big blind $1
*** HOLE CARDS ***
50CandyJoe: raises $1.20 to $2.20
MaRKiToScoK: folds 
LuckyShikari: folds 
b2k-Snick: folds 
LulusFinest: folds 
Pon4uk.ua: calls $1.20
*** FLOP *** [3h Jd 7s]
Pon4uk.ua: checks 
50CandyJoe: bets $1.54
Pon4uk.ua: folds 
Uncalled bet ($1.54) returned to 50CandyJoe
50CandyJoe collected $4.66 from pot
50CandyJoe: doesn't show hand 
*** SUMMARY ***
Total pot $4.90 | Rake $0.24 
Board [3h Jd 7s]
Seat 1: 50CandyJoe collected ($4.66)
Seat 2: MaRKiToScoK folded before Flop (didn't bet)
Seat 3: LuckyShikari folded before Flop (didn't bet)
Seat 4: b2k-Snick (button) folded before Flop (didn't bet)
Seat 5: LulusFinest (small blind) folded before Flop
Seat 6: Pon4uk.ua (big blind) folded on the Flop



PokerStars Hand #254327744280:  Hold'em No Limit ($0.50/$1.00 USD) - 2025/01/12 8:30:12 WET [2025/01/12 3:30:12 ET]
Table 'Tureis II' 6-max Seat #5 is the button
Seat 1: 50CandyJoe ($111.18 in chips) 
Seat 2: MaRKiToScoK ($118.08 in chips) 
Seat 3: LuckyShikari ($100 in chips) 
Seat 4: b2k-Snick ($150.14 in chips) 
Seat 5: LulusFinest ($35.30 in chips) 
Seat 6: Pon4uk.ua ($106.30 in chips) 
Pon4uk.ua: posts small blind $0.50
50CandyJoe: posts big blind $1
*** HOLE CARDS ***
MaRKiToScoK: folds 
LuckyShikari: raises $1.50 to $2.50
b2k-Snick: folds 
LulusFinest: folds 
Pon4uk.ua: folds 
50CandyJoe: calls $1.50
*** FLOP *** [6d 9c 2d]
50CandyJoe: checks 
LuckyShikari: bets $3.50
50CandyJoe: folds 
Uncalled bet ($3.50) returned to LuckyShikari
LuckyShikari collected $5.22 from pot
LuckyShikari: doesn't show hand 
*** SUMMARY ***
Total pot $5.50 | Rake $0.28 
Board [6d 9c 2d]
Seat 1: 50CandyJoe (big blind) folded on the Flop
Seat 2: MaRKiToScoK folded before Flop (didn't bet)
Seat 3: LuckyShikari collected ($5.22)
Seat 4: b2k-Snick folded before Flop (didn't bet)
Seat 5: LulusFinest (button) folded before Flop (didn't bet)
Seat 6: Pon4uk.ua (small blind) folded before Flop



PokerStars Hand #254327747281:  Hold'em No Limit ($0.50/$1.00 USD) - 2025/01/12 8:30:44 WET [2025/01/12 3:30:44 ET]
Table 'Tureis II' 6-max Seat #6 is the button
Seat 1: 50CandyJoe ($108.68 in chips) 
Seat 2: MaRKiToScoK ($118.08 in chips) 
Seat 3: LuckyShikari ($102.72 in chips) 
Seat 4: b2k-Snick ($150.14 in chips) 
Seat 5: LulusFinest ($35.30 in chips) 
Seat 6: Pon4uk.ua ($105.80 in chips) 
50CandyJoe: posts small blind $0.50
MaRKiToScoK: posts big blind $1
*** HOLE CARDS ***
LuckyShikari: folds 
b2k-Snick: folds 
LulusFinest: folds 
Pon4uk.ua: raises $1.50 to $2.50
50CandyJoe: raises $7.50 to $10
MaRKiToScoK: folds 
Pon4uk.ua: folds 
Uncalled bet ($7.50) returned to 50CandyJoe
50CandyJoe collected $6 from pot
50CandyJoe: doesn't show hand 
*** SUMMARY ***
Total pot $6 | Rake $0 
Seat 1: 50CandyJoe (small blind) collected ($6)
Seat 2: MaRKiToScoK (big blind) folded before Flop
Seat 3: LuckyShikari folded before Flop (didn't bet)
Seat 4: b2k-Snick folded before Flop (didn't bet)
Seat 5: LulusFinest folded before Flop (didn't bet)
Seat 6: Pon4uk.ua (button) folded before Flop



PokerStars Hand #254327749275:  Hold'em No Limit ($0.50/$1.00 USD) - 2025/01/12 8:31:06 WET [2025/01/12 3:31:06 ET]
Table 'Tureis II' 6-max Seat #1 is the button
Seat 1: 50CandyJoe ($112.18 in chips) 
Seat 2: MaRKiToScoK ($117.08 in chips) 
Seat 3: LuckyShikari ($102.72 in chips) 
Seat 4: b2k-Snick ($150.14 in chips) 
Seat 5: LulusFinest ($35.30 in chips) 
Seat 6: Pon4uk.ua ($103.30 in chips) 
MaRKiToScoK: posts small blind $0.50
LuckyShikari: posts big blind $1
*** HOLE CARDS ***
b2k-Snick: folds 
LulusFinest: folds 
Pon4uk.ua: folds 
50CandyJoe: folds 
MaRKiToScoK: folds 
Uncalled bet ($0.50) returned to LuckyShikari
LuckyShikari collected $1 from pot
LuckyShikari: doesn't show hand 
*** SUMMARY ***
Total pot $1 | Rake $0 
Seat 1: 50CandyJoe (button) folded before Flop (didn't bet)
Seat 2: MaRKiToScoK (small blind) folded before Flop
Seat 3: LuckyShikari (big blind) collected ($1)
Seat 4: b2k-Snick folded before Flop (didn't bet)
Seat 5: LulusFinest folded before Flop (didn't bet)
Seat 6: Pon4uk.ua folded before Flop (didn't bet)



PokerStars Hand #254327751755:  Hold'em No Limit ($0.50/$1.00 USD) - 2025/01/12 8:31:33 WET [2025/01/12 3:31:33 ET]
Table 'Tureis II' 6-max Seat #2 is the button
Seat 1: 50CandyJoe ($112.18 in chips) 
Seat 2: MaRKiToScoK ($116.58 in chips) 
Seat 3: LuckyShikari ($103.22 in chips) 
Seat 4: b2k-Snick ($150.14 in chips) 
Seat 5: LulusFinest ($35.30 in chips) 
Seat 6: Pon4uk.ua ($103.30 in chips) 
LuckyShikari: posts small blind $0.50
b2k-Snick: posts big blind $1
*** HOLE CARDS ***
LulusFinest: folds 
Pon4uk.ua: folds 
50CandyJoe: raises $1.20 to $2.20
MaRKiToScoK: folds 
LuckyShikari: folds 
b2k-Snick: folds 
Uncalled bet ($1.20) returned to 50CandyJoe
50CandyJoe collected $2.50 from pot
50CandyJoe: doesn't show hand 
*** SUMMARY ***
Total pot $2.50 | Rake $0 
Seat 1: 50CandyJoe collected ($2.50)
Seat 2: MaRKiToScoK (button) folded before Flop (didn't bet)
Seat 3: LuckyShikari (small blind) folded before Flop
Seat 4: b2k-Snick (big blind) folded before Flop
Seat 5: LulusFinest folded before Flop (didn't bet)
Seat 6: Pon4uk.ua folded before Flop (didn't bet)



PokerStars Hand #254327753721:  Hold'em No Limit ($0.50/$1.00 USD) - 2025/01/12 8:31:55 WET [2025/01/12 3:31:55 ET]
Table 'Tureis II' 6-max Seat #3 is the button
Seat 1: 50CandyJoe ($113.68 in chips) 
Seat 2: MaRKiToScoK ($116.58 in chips) 
Seat 3: LuckyShikari ($102.72 in chips) 
Seat 4: b2k-Snick ($149.14 in chips) 
Seat 5: LulusFinest ($35.30 in chips) 
Seat 6: Pon4uk.ua ($103.30 in chips) 
b2k-Snick: posts small blind $0.50
LulusFinest: posts big blind $1
*** HOLE CARDS ***
Pon4uk.ua: folds 
50CandyJoe: folds 
MaRKiToScoK: folds 
LuckyShikari: folds 
b2k-Snick: folds 
Uncalled bet ($0.50) returned to LulusFinest
LulusFinest collected $1 from pot
*** SUMMARY ***
Total pot $1 | Rake $0 
Seat 1: 50CandyJoe folded before Flop (didn't bet)
Seat 2: MaRKiToScoK folded before Flop (didn't bet)
Seat 3: LuckyShikari (button) folded before Flop (didn't bet)
Seat 4: b2k-Snick (small blind) folded before Flop
Seat 5: LulusFinest (big blind) collected ($1)
Seat 6: Pon4uk.ua folded before Flop (didn't bet)



PokerStars Hand #254327755310:  Hold'em No Limit ($0.50/$1.00 USD) - 2025/01/12 8:32:12 WET [2025/01/12 3:32:12 ET]
Table 'Tureis II' 6-max Seat #4 is the button
Seat 1: 50CandyJoe ($113.68 in chips) 
Seat 2: MaRKiToScoK ($116.58 in chips) 
Seat 3: LuckyShikari ($102.72 in chips) 
Seat 4: b2k-Snick ($148.64 in chips) 
Seat 5: LulusFinest ($35.80 in chips) 
Seat 6: Pon4uk.ua ($103.30 in chips) 
LulusFinest: posts small blind $0.50
Pon4uk.ua: posts big blind $1
*** HOLE CARDS ***
50CandyJoe: folds 
MaRKiToScoK: folds 
LuckyShikari: folds 
b2k-Snick: raises $1.50 to $2.50
LulusFinest: folds 
Pon4uk.ua: calls $1.50
*** FLOP *** [7c 8s 2c]
Pon4uk.ua: checks 
b2k-Snick: bets $2.87
Pon4uk.ua: calls $2.87
*** TURN *** [7c 8s 2c] [Js]
Pon4uk.ua: checks 
b2k-Snick: checks 
*** RIVER *** [7c 8s 2c Js] [Ts]
Pon4uk.ua: checks 
b2k-Snick: bets $7.50
Pon4uk.ua: folds 
Uncalled bet ($7.50) returned to b2k-Snick
b2k-Snick collected $10.68 from pot
b2k-Snick: doesn't show hand 
*** SUMMARY ***
Total pot $11.24 | Rake $0.56 
Board [7c 8s 2c Js Ts]
Seat 1: 50CandyJoe folded before Flop (didn't bet)
Seat 2: MaRKiToScoK folded before Flop (didn't bet)
Seat 3: LuckyShikari folded before Flop (didn't bet)
Seat 4: b2k-Snick (button) collected ($10.68)
Seat 5: LulusFinest (small blind) folded before Flop
Seat 6: Pon4uk.ua (big blind) folded on the River



PokerStars Hand #254327761734:  Hold'em No Limit ($0.50/$1.00 USD) - 2025/01/12 8:33:23 WET [2025/01/12 3:33:23 ET]
Table 'Tureis II' 6-max Seat #5 is the button
Seat 1: 50CandyJoe ($113.68 in chips) 
Seat 2: MaRKiToScoK ($116.58 in chips) 
Seat 3: LuckyShikari ($102.72 in chips) 
Seat 4: b2k-Snick ($153.95 in chips) 
Seat 5: LulusFinest ($35.30 in chips) 
Seat 6: Pon4uk.ua ($100 in chips) 
Pon4uk.ua: posts small blind $0.50
50CandyJoe: posts big blind $1
*** HOLE CARDS ***
MaRKiToScoK: raises $1.07 to $2.07
LuckyShikari: folds 
b2k-Snick: folds 
LulusFinest: calls $2.07
Pon4uk.ua: folds 
50CandyJoe: calls $1.07
*** FLOP *** [2h Ts 2s]
50CandyJoe: checks 
MaRKiToScoK: checks 
LulusFinest: bets $3
50CandyJoe: folds 
MaRKiToScoK: calls $3
*** TURN *** [2h Ts 2s] [7c]
MaRKiToScoK: checks 
LulusFinest: checks 
*** RIVER *** [2h Ts 2s 7c] [2c]
MaRKiToScoK: checks 
LulusFinest: checks 
*** SHOW DOWN ***
MaRKiToScoK: shows [Tc Th] (a full house, Tens full of Deuces)
LulusFinest: mucks hand 
MaRKiToScoK collected $12.07 from pot
*** SUMMARY ***
Total pot $12.71 | Rake $0.64 
Board [2h Ts 2s 7c 2c]
Seat 1: 50CandyJoe (big blind) folded on the Flop
Seat 2: MaRKiToScoK showed [Tc Th] and won ($12.07) with a full house, Tens full of Deuces
Seat 3: LuckyShikari folded before Flop (didn't bet)
Seat 4: b2k-Snick folded before Flop (didn't bet)
Seat 5: LulusFinest (button) mucked
Seat 6: Pon4uk.ua (small blind) folded before Flop



PokerStars Hand #254327768328:  Hold'em No Limit ($0.50/$1.00 USD) - 2025/01/12 8:34:36 WET [2025/01/12 3:34:36 ET]
Table 'Tureis II' 6-max Seat #6 is the button
Seat 1: 50CandyJoe ($111.61 in chips) 
Seat 2: MaRKiToScoK ($123.58 in chips) 
Seat 3: LuckyShikari ($102.72 in chips) 
Seat 4: b2k-Snick ($153.95 in chips) 
Seat 5: LulusFinest ($30.23 in chips) 
Seat 6: Pon4uk.ua ($100 in chips) 
50CandyJoe: posts small blind $0.50
MaRKiToScoK: posts big blind $1
*** HOLE CARDS ***
LuckyShikari: folds 
b2k-Snick: folds 
LulusFinest: folds 
LuckyShikari leaves the table
Pon4uk.ua: raises $1.50 to $2.50
50CandyJoe: raises $7.50 to $10
MaRKiToScoK: folds 
Pon4uk.ua: calls $7.50
*** FLOP *** [7s 3d 8h]
Y_19 joins the table at seat #3 
50CandyJoe: bets $10
Pon4uk.ua: calls $10
*** TURN *** [7s 3d 8h] [Ad]
50CandyJoe: checks 
Pon4uk.ua: checks 
*** RIVER *** [7s 3d 8h Ad] [6c]
50CandyJoe: checks 
Pon4uk.ua: bets $19.48
50CandyJoe: calls $19.48
*** SHOW DOWN ***
Pon4uk.ua: shows [Tc Ah] (a pair of Aces)
50CandyJoe: shows [8d 6d] (two pair, Eights and Sixes)
50CandyJoe collected $77.46 from pot
*** SUMMARY ***
Total pot $79.96 | Rake $2.50 
Board [7s 3d 8h Ad 6c]
Seat 1: 50CandyJoe (small blind) showed [8d 6d] and won ($77.46) with two pair, Eights and Sixes
Seat 2: MaRKiToScoK (big blind) folded before Flop
Seat 3: LuckyShikari folded before Flop (didn't bet)
Seat 4: b2k-Snick folded before Flop (didn't bet)
Seat 5: LulusFinest folded before Flop (didn't bet)
Seat 6: Pon4uk.ua (button) showed [Tc Ah] and lost with a pair of Aces



PokerStars Hand #254327776687:  Hold'em No Limit ($0.50/$1.00 USD) - 2025/01/12 8:36:06 WET [2025/01/12 3:36:06 ET]
Table 'Tureis II' 6-max Seat #1 is the button
Seat 1: 50CandyJoe ($149.59 in chips) 
Seat 2: MaRKiToScoK ($122.58 in chips) 
Seat 3: Y_19 ($102.48 in chips) 
Seat 4: b2k-Snick ($153.95 in chips) 
Seat 5: LulusFinest ($30.23 in chips) 
Seat 6: Pon4uk.ua ($100 in chips) 
MaRKiToScoK: posts small blind $0.50
Y_19: posts big blind $1
*** HOLE CARDS ***
b2k-Snick: folds 
LulusFinest: folds 
Pon4uk.ua: raises $1.50 to $2.50
50CandyJoe: folds 
MaRKiToScoK: folds 
Y_19: folds 
Uncalled bet ($1.50) returned to Pon4uk.ua
Pon4uk.ua collected $2.50 from pot
Pon4uk.ua: doesn't show hand 
*** SUMMARY ***
Total pot $2.50 | Rake $0 
Seat 1: 50CandyJoe (button) folded before Flop (didn't bet)
Seat 2: MaRKiToScoK (small blind) folded before Flop
Seat 3: Y_19 (big blind) folded before Flop
Seat 4: b2k-Snick folded before Flop (didn't bet)
Seat 5: LulusFinest folded before Flop (didn't bet)
Seat 6: Pon4uk.ua collected ($2.50)



PokerStars Hand #254327778120:  Hold'em No Limit ($0.50/$1.00 USD) - 2025/01/12 8:36:21 WET [2025/01/12 3:36:21 ET]
Table 'Tureis II' 6-max Seat #2 is the button
Seat 1: 50CandyJoe ($149.59 in chips) 
Seat 2: MaRKiToScoK ($122.08 in chips) 
Seat 3: Y_19 ($101.48 in chips) 
Seat 4: b2k-Snick ($153.95 in chips) 
Seat 5: LulusFinest ($30.23 in chips) 
Seat 6: Pon4uk.ua ($101.50 in chips) 
Y_19: posts small blind $0.50
b2k-Snick: posts big blind $1
*** HOLE CARDS ***
LulusFinest: folds 
Pon4uk.ua: folds 
50CandyJoe: folds 
MaRKiToScoK: folds 
Y_19: folds 
Uncalled bet ($0.50) returned to b2k-Snick
b2k-Snick collected $1 from pot
b2k-Snick: doesn't show hand 
*** SUMMARY ***
Total pot $1 | Rake $0 
Seat 1: 50CandyJoe folded before Flop (didn't bet)
Seat 2: MaRKiToScoK (button) folded before Flop (didn't bet)
Seat 3: Y_19 (small blind) folded before Flop
Seat 4: b2k-Snick (big blind) collected ($1)
Seat 5: LulusFinest folded before Flop (didn't bet)
Seat 6: Pon4uk.ua folded before Flop (didn't bet)



PokerStars Hand #254327779809:  Hold'em No Limit ($0.50/$1.00 USD) - 2025/01/12 8:36:39 WET [2025/01/12 3:36:39 ET]
Table 'Tureis II' 6-max Seat #3 is the button
Seat 1: 50CandyJoe ($149.59 in chips) 
Seat 2: MaRKiToScoK ($122.08 in chips) 
Seat 3: Y_19 ($100.98 in chips) 
Seat 4: b2k-Snick ($154.45 in chips) 
Seat 5: LulusFinest ($30.23 in chips) 
Seat 6: Pon4uk.ua ($101.50 in chips) 
b2k-Snick: posts small blind $0.50
LulusFinest: posts big blind $1
*** HOLE CARDS ***
Pon4uk.ua: raises $1 to $2
50CandyJoe: folds 
MaRKiToScoK: folds 
Y_19: folds 
b2k-Snick: folds 
LulusFinest: calls $1
*** FLOP *** [5d As 8h]
LulusFinest: checks 
Pon4uk.ua: bets $2
LulusFinest: folds 
Uncalled bet ($2) returned to Pon4uk.ua
Pon4uk.ua collected $4.28 from pot
Pon4uk.ua: doesn't show hand 
*** SUMMARY ***
Total pot $4.50 | Rake $0.22 
Board [5d As 8h]
Seat 1: 50CandyJoe folded before Flop (didn't bet)
Seat 2: MaRKiToScoK folded before Flop (didn't bet)
Seat 3: Y_19 (button) folded before Flop (didn't bet)
Seat 4: b2k-Snick (small blind) folded before Flop
Seat 5: LulusFinest (big blind) folded on the Flop
Seat 6: Pon4uk.ua collected ($4.28)



PokerStars Hand #254327783260:  Hold'em No Limit ($0.50/$1.00 USD) - 2025/01/12 8:37:17 WET [2025/01/12 3:37:17 ET]
Table 'Tureis II' 6-max Seat #4 is the button
Seat 1: 50CandyJoe ($149.59 in chips) 
Seat 2: MaRKiToScoK ($122.08 in chips) 
Seat 3: Y_19 ($100.98 in chips) 
Seat 4: b2k-Snick ($153.95 in chips) 
Seat 5: LulusFinest ($28.23 in chips) 
Seat 6: Pon4uk.ua ($103.78 in chips) 
LulusFinest: posts small blind $0.50
Pon4uk.ua: posts big blind $1
*** HOLE CARDS ***
50CandyJoe: folds 
MaRKiToScoK: raises $1.07 to $2.07
Y_19: folds 
b2k-Snick: raises $5.43 to $7.50
LulusFinest: folds 
Pon4uk.ua: folds 
MaRKiToScoK: raises $14 to $21.50
b2k-Snick: calls $14
*** FLOP *** [5c Jd 5d]
MaRKiToScoK: checks 
b2k-Snick: checks 
*** TURN *** [5c Jd 5d] [4d]
MaRKiToScoK: checks 
b2k-Snick: checks 
*** RIVER *** [5c Jd 5d 4d] [6d]
MaRKiToScoK: bets $13.95
b2k-Snick: folds 
Uncalled bet ($13.95) returned to MaRKiToScoK
MaRKiToScoK collected $42.28 from pot
*** SUMMARY ***
Total pot $44.50 | Rake $2.22 
Board [5c Jd 5d 4d 6d]
Seat 1: 50CandyJoe folded before Flop (didn't bet)
Seat 2: MaRKiToScoK collected ($42.28)
Seat 3: Y_19 folded before Flop (didn't bet)
Seat 4: b2k-Snick (button) folded on the River
Seat 5: LulusFinest (small blind) folded before Flop
Seat 6: Pon4uk.ua (big blind) folded before Flop



PokerStars Hand #254327791342:  Hold'em No Limit ($0.50/$1.00 USD) - 2025/01/12 8:38:45 WET [2025/01/12 3:38:45 ET]
Table 'Tureis II' 6-max Seat #5 is the button
Seat 1: 50CandyJoe ($149.59 in chips) 
Seat 2: MaRKiToScoK ($142.86 in chips) 
Seat 3: Y_19 ($100.98 in chips) 
Seat 4: b2k-Snick ($132.45 in chips) 
Seat 5: LulusFinest ($27.73 in chips) 
Seat 6: Pon4uk.ua ($102.78 in chips) 
Pon4uk.ua: posts small blind $0.50
50CandyJoe: posts big blind $1
*** HOLE CARDS ***
MaRKiToScoK: folds 
Y_19: folds 
b2k-Snick: folds 
LulusFinest: folds 
Pon4uk.ua: raises $1.75 to $2.75
50CandyJoe: calls $1.75
*** FLOP *** [Kd Ad Jc]
Pon4uk.ua: bets $1.72
50CandyJoe: calls $1.72
*** TURN *** [Kd Ad Jc] [7h]
Pon4uk.ua: bets $6.37
50CandyJoe: folds 
Uncalled bet ($6.37) returned to Pon4uk.ua
Pon4uk.ua collected $8.49 from pot
Pon4uk.ua: doesn't show hand 
*** SUMMARY ***
Total pot $8.94 | Rake $0.45 
Board [Kd Ad Jc 7h]
Seat 1: 50CandyJoe (big blind) folded on the Turn
Seat 2: MaRKiToScoK folded before Flop (didn't bet)
Seat 3: Y_19 folded before Flop (didn't bet)
Seat 4: b2k-Snick folded before Flop (didn't bet)
Seat 5: LulusFinest (button) folded before Flop (didn't bet)
Seat 6: Pon4uk.ua (small blind) collected ($8.49)



PokerStars Hand #254327795227:  Hold'em No Limit ($0.50/$1.00 USD) - 2025/01/12 8:39:28 WET [2025/01/12 3:39:28 ET]
Table 'Tureis II' 6-max Seat #6 is the button
Seat 1: 50CandyJoe ($145.12 in chips) 
Seat 2: MaRKiToScoK ($142.86 in chips) 
Seat 3: Y_19 ($100.98 in chips) 
Seat 4: b2k-Snick ($132.45 in chips) 
Seat 5: LulusFinest ($27.73 in chips) 
Seat 6: Pon4uk.ua ($106.80 in chips) 
50CandyJoe: posts small blind $0.50
MaRKiToScoK: posts big blind $1
*** HOLE CARDS ***
Y_19: folds 
b2k-Snick: folds 
LulusFinest: raises $2 to $3
Pon4uk.ua: raises $5.50 to $8.50
50CandyJoe: folds 
MaRKiToScoK: folds 
LulusFinest: raises $5.50 to $14
Pon4uk.ua: calls $5.50
*** FLOP *** [Ad 6h 6s]
LulusFinest: checks 
Pon4uk.ua: checks 
*** TURN *** [Ad 6h 6s] [8h]
LulusFinest: bets $10
Pon4uk.ua: raises $10 to $20
LulusFinest: calls $3.73 and is all-in
Uncalled bet ($6.27) returned to Pon4uk.ua
*** RIVER *** [Ad 6h 6s 8h] [3c]
*** SHOW DOWN ***
LulusFinest: shows [As Ks] (two pair, Aces and Sixes)
Pon4uk.ua: shows [8s 8c] (a full house, Eights full of Sixes)
Pon4uk.ua collected $54.46 from pot
*** SUMMARY ***
Total pot $56.96 | Rake $2.50 
Board [Ad 6h 6s 8h 3c]
Seat 1: 50CandyJoe (small blind) folded before Flop
Seat 2: MaRKiToScoK (big blind) folded before Flop
Seat 3: Y_19 folded before Flop (didn't bet)
Seat 4: b2k-Snick folded before Flop (didn't bet)
Seat 5: LulusFinest showed [As Ks] and lost with two pair, Aces and Sixes
Seat 6: Pon4uk.ua (button) showed [8s 8c] and won ($54.46) with a full house, Eights full of Sixes



PokerStars Hand #254327801209:  Hold'em No Limit ($0.50/$1.00 USD) - 2025/01/12 8:40:32 WET [2025/01/12 3:40:32 ET]
Table 'Tureis II' 6-max Seat #1 is the button
Seat 5: LulusFinest ($0 in chips) is sitting out
Seat 1: 50CandyJoe ($144.62 in chips) 
Seat 2: MaRKiToScoK ($141.86 in chips) 
Seat 3: Y_19 ($100.98 in chips) 
Seat 4: b2k-Snick ($132.45 in chips) 
Seat 6: Pon4uk.ua ($133.53 in chips) 
MaRKiToScoK: posts small blind $0.50
Y_19: posts big blind $1
*** HOLE CARDS ***
b2k-Snick: folds 
Pon4uk.ua: folds 
50CandyJoe: raises $1.50 to $2.50
MaRKiToScoK: folds 
LulusFinest leaves the table
Ysiven joins the table at seat #5 
Y_19: folds 
Uncalled bet ($1.50) returned to 50CandyJoe
50CandyJoe collected $2.50 from pot
50CandyJoe: doesn't show hand 
*** SUMMARY ***
Total pot $2.50 | Rake $0 
Seat 5: LulusFinest
Seat 1: 50CandyJoe (button) collected ($2.50)
Seat 2: MaRKiToScoK (small blind) folded before Flop
Seat 3: Y_19 (big blind) folded before Flop
Seat 4: b2k-Snick folded before Flop (didn't bet)
Seat 6: Pon4uk.ua folded before Flop (didn't bet)



PokerStars Hand #254327803324:  Hold'em No Limit ($0.50/$1.00 USD) - 2025/01/12 8:40:54 WET [2025/01/12 3:40:54 ET]
Table 'Tureis II' 6-max Seat #2 is the button
Seat 5: Ysiven ($100 in chips) is sitting out
Seat 1: 50CandyJoe ($146.12 in chips) 
Seat 2: MaRKiToScoK ($141.36 in chips) 
Seat 3: Y_19 ($100 in chips) 
Seat 4: b2k-Snick ($132.45 in chips) 
Seat 6: Pon4uk.ua ($133.53 in chips) 
Y_19: posts small blind $0.50
b2k-Snick: posts big blind $1
Ysiven: sits out 
*** HOLE CARDS ***
Ysiven leaves the table
Pon4uk.ua: folds 
50CandyJoe: folds 
MaRKiToScoK: raises $1.33 to $2.33
Y_19: folds 
b2k-Snick: calls $1.33
*** FLOP *** [Jc Qh 2h]
b2k-Snick: checks 
MaRKiToScoK: checks 
*** TURN *** [Jc Qh 2h] [Td]
b2k-Snick: checks 
MaRKiToScoK: bets $2.45
b2k-Snick: folds 
Uncalled bet ($2.45) returned to MaRKiToScoK
MaRKiToScoK collected $4.90 from pot
*** SUMMARY ***
Total pot $5.16 | Rake $0.26 
Board [Jc Qh 2h Td]
Seat 5: Ysiven
Seat 1: 50CandyJoe folded before Flop (didn't bet)
Seat 2: MaRKiToScoK (button) collected ($4.90)
Seat 3: Y_19 (small blind) folded before Flop
Seat 4: b2k-Snick (big blind) folded on the Turn
Seat 6: Pon4uk.ua folded before Flop (didn't bet)



PokerStars Hand #254327807837:  Hold'em No Limit ($0.50/$1.00 USD) - 2025/01/12 8:41:42 WET [2025/01/12 3:41:42 ET]
Table 'Tureis II' 6-max Seat #3 is the button
Seat 6: Pon4uk.ua ($133.53 in chips) is sitting out
Seat 1: 50CandyJoe ($146.12 in chips) 
Seat 2: MaRKiToScoK ($143.93 in chips) 
Seat 3: Y_19 ($100 in chips) 
Seat 4: b2k-Snick ($130.12 in chips) 
b2k-Snick: posts small blind $0.50
Pon4uk.ua: is sitting out 
50CandyJoe: posts big blind $1
*** HOLE CARDS ***
MaRKiToScoK: raises $1.22 to $2.22
Y_19: folds 
b2k-Snick: folds 
50CandyJoe: folds 
Uncalled bet ($1.22) returned to MaRKiToScoK
MaRKiToScoK collected $2.50 from pot
*** SUMMARY ***
Total pot $2.50 | Rake $0 
Seat 6: Pon4uk.ua
Seat 1: 50CandyJoe (big blind) folded before Flop
Seat 2: MaRKiToScoK collected ($2.50)
Seat 3: Y_19 (button) folded before Flop (didn't bet)
Seat 4: b2k-Snick (small blind) folded before Flop



PokerStars Hand #254327810905:  Hold'em No Limit ($0.50/$1.00 USD) - 2025/01/12 8:42:15 WET [2025/01/12 3:42:15 ET]
Table 'Tureis II' 6-max Seat #6 is the button
Seat 3: Y_19 ($100 in chips) is sitting out
Seat 1: 50CandyJoe ($145.12 in chips) 
Seat 6: Pon4uk.ua ($133.53 in chips) 
Pon4uk.ua: posts small blind $0.50
50CandyJoe: posts big blind $1
*** HOLE CARDS ***
Pon4uk.ua: folds 
Uncalled bet ($0.50) returned to 50CandyJoe
50CandyJoe collected $1 from pot
50CandyJoe: doesn't show hand 
*** SUMMARY ***
Total pot $1 | Rake $0 
Seat 3: Y_19
Seat 1: 50CandyJoe (big blind) collected ($1)
Seat 6: Pon4uk.ua (button) (small blind) folded before Flop



