PokerStars Hand #254339389371:  Hold'em No Limit ($0.50/$1.00 USD) - 2025/01/12 21:22:15 WET [2025/01/12 16:22:15 ET]
Table 'Unuk II' 6-max Seat #1 is the button
Seat 2: BumHuntKing ($100 in chips) is sitting out
Seat 1: rafaelleadeb ($99.50 in chips) 
Seat 3: Maximysss85 ($100.50 in chips) 
Seat 5: [FB]Voodoo ($100 in chips) 
Maximysss85: posts small blind $0.50
[FB]Voodoo: posts big blind $1
*** HOLE CARDS ***
rafaelleadeb: folds 
Maximysss85: folds 
Uncalled bet ($0.50) returned to [FB]Voodoo
[FB]Voodoo collected $1 from pot
[FB]Voodoo: doesn't show hand 
*** SUMMARY ***
Total pot $1 | Rake $0 
Seat 2: BumHuntKing
Seat 1: rafaelleadeb (button) folded before Flop (didn't bet)
Seat 3: Maximysss85 (small blind) folded before Flop
Seat 5: [FB]Voodoo (big blind) collected ($1)



PokerStars Hand #254339392237:  Hold'em No Limit ($0.50/$1.00 USD) - 2025/01/12 21:22:22 WET [2025/01/12 16:22:22 ET]
Table 'Unuk II' 6-max Seat #3 is the button
Seat 2: BumHuntKing ($100 in chips) is sitting out
Seat 1: rafaelleadeb ($99.50 in chips) 
Seat 3: Maximysss85 ($100 in chips) 
Seat 5: [FB]Voodoo ($100.50 in chips) 
[FB]Voodoo: posts small blind $0.50
rafaelleadeb: posts big blind $1
BumHuntKing: sits out 
*** HOLE CARDS ***
Maximysss85: folds 
[FB]Voodoo: folds 
Uncalled bet ($0.50) returned to rafaelleadeb
rafaelleadeb collected $1 from pot
*** SUMMARY ***
Total pot $1 | Rake $0 
Seat 2: BumHuntKing
Seat 1: rafaelleadeb (big blind) collected ($1)
Seat 3: Maximysss85 (button) folded before Flop (didn't bet)
Seat 5: [FB]Voodoo (small blind) folded before Flop



PokerStars Hand #254339394812:  Hold'em No Limit ($0.50/$1.00 USD) - 2025/01/12 21:22:28 WET [2025/01/12 16:22:28 ET]
Table 'Unuk II' 6-max Seat #5 is the button
Seat 1: rafaelleadeb ($100 in chips) 
Seat 2: BumHuntKing ($100 in chips) 
Seat 3: Maximysss85 ($100 in chips) 
Seat 5: [FB]Voodoo ($100 in chips) 
rafaelleadeb: posts small blind $0.50
BumHuntKing: posts big blind $1
*** HOLE CARDS ***
Maximysss85: raises $1.50 to $2.50
[FB]Voodoo: folds 
rafaelleadeb: folds 
BumHuntKing: folds 
Uncalled bet ($1.50) returned to Maximysss85
Maximysss85 collected $2.50 from pot
Maximysss85: doesn't show hand 
*** SUMMARY ***
Total pot $2.50 | Rake $0 
Seat 1: rafaelleadeb (small blind) folded before Flop
Seat 2: BumHuntKing (big blind) folded before Flop
Seat 3: Maximysss85 collected ($2.50)
Seat 5: [FB]Voodoo (button) folded before Flop (didn't bet)



PokerStars Hand #254339399708:  Hold'em No Limit ($0.50/$1.00 USD) - 2025/01/12 21:22:40 WET [2025/01/12 16:22:40 ET]
Table 'Unuk II' 6-max Seat #1 is the button
Seat 1: rafaelleadeb ($99.50 in chips) 
Seat 2: BumHuntKing ($100 in chips) 
Seat 3: Maximysss85 ($101.50 in chips) 
Seat 5: [FB]Voodoo ($100 in chips) 
BumHuntKing: posts small blind $0.50
Maximysss85: posts big blind $1
*** HOLE CARDS ***
[FB]Voodoo: folds 
rafaelleadeb: folds 
[FB]Voodoo leaves the table
BumHuntKing: raises $2 to $3
Maximysss85: raises $7 to $10
BumHuntKing: folds 
Uncalled bet ($7) returned to Maximysss85
Maximysss85 collected $6 from pot
Maximysss85: doesn't show hand 
*** SUMMARY ***
Total pot $6 | Rake $0 
Seat 1: rafaelleadeb (button) folded before Flop (didn't bet)
Seat 2: BumHuntKing (small blind) folded before Flop
Seat 3: Maximysss85 (big blind) collected ($6)
Seat 5: [FB]Voodoo folded before Flop (didn't bet)



PokerStars Hand #254339407924:  Hold'em No Limit ($0.50/$1.00 USD) - 2025/01/12 21:23:00 WET [2025/01/12 16:23:00 ET]
Table 'Unuk II' 6-max Seat #2 is the button
Seat 1: rafaelleadeb ($99.50 in chips) 
Seat 2: BumHuntKing ($100 in chips) 
Seat 3: Maximysss85 ($104.50 in chips) 
Maximysss85: posts small blind $0.50
rafaelleadeb: posts big blind $1
*** HOLE CARDS ***
BumHuntKing: raises $1.50 to $2.50
Maximysss85: folds 
rafaelleadeb: folds 
Uncalled bet ($1.50) returned to BumHuntKing
BumHuntKing collected $2.50 from pot
BumHuntKing: doesn't show hand 
*** SUMMARY ***
Total pot $2.50 | Rake $0 
Seat 1: rafaelleadeb (big blind) folded before Flop
Seat 2: BumHuntKing (button) collected ($2.50)
Seat 3: Maximysss85 (small blind) folded before Flop



PokerStars Hand #254339413146:  Hold'em No Limit ($0.50/$1.00 USD) - 2025/01/12 21:23:13 WET [2025/01/12 16:23:13 ET]
Table 'Unuk II' 6-max Seat #3 is the button
Seat 1: rafaelleadeb ($98.50 in chips) 
Seat 2: BumHuntKing ($101.50 in chips) 
Seat 3: Maximysss85 ($104 in chips) 
rafaelleadeb: posts small blind $0.50
BumHuntKing: posts big blind $1
*** HOLE CARDS ***
Maximysss85: raises $1.50 to $2.50
rafaelleadeb: folds 
BumHuntKing: folds 
Uncalled bet ($1.50) returned to Maximysss85
Lucastitos joins the table at seat #4 
Maximysss85 collected $2.50 from pot
Maximysss85: doesn't show hand 
*** SUMMARY ***
Total pot $2.50 | Rake $0 
Seat 1: rafaelleadeb (small blind) folded before Flop
Seat 2: BumHuntKing (big blind) folded before Flop
Seat 3: Maximysss85 (button) collected ($2.50)



PokerStars Hand #254339416400:  Hold'em No Limit ($0.50/$1.00 USD) - 2025/01/12 21:23:21 WET [2025/01/12 16:23:21 ET]
Table 'Unuk II' 6-max Seat #1 is the button
Seat 4: Lucastitos ($100 in chips) is sitting out
Seat 1: rafaelleadeb ($98 in chips) 
Seat 2: BumHuntKing ($100.50 in chips) 
Seat 3: Maximysss85 ($105.50 in chips) 
BumHuntKing: posts small blind $0.50
Maximysss85: posts big blind $1
Lucastitos: sits out 
*** HOLE CARDS ***
TheBraveGirl joins the table at seat #6 
rafaelleadeb: folds 
BumHuntKing: folds 
Uncalled bet ($0.50) returned to Maximysss85
Maximysss85 collected $1 from pot
Maximysss85: doesn't show hand 
*** SUMMARY ***
Total pot $1 | Rake $0 
Seat 4: Lucastitos
Seat 1: rafaelleadeb (button) folded before Flop (didn't bet)
Seat 2: BumHuntKing (small blind) folded before Flop
Seat 3: Maximysss85 (big blind) collected ($1)



PokerStars Hand #254339421381:  Hold'em No Limit ($0.50/$1.00 USD) - 2025/01/12 21:23:33 WET [2025/01/12 16:23:33 ET]
Table 'Unuk II' 6-max Seat #2 is the button
Seat 6: TheBraveGirl ($100 in chips) is sitting out
Seat 1: rafaelleadeb ($98 in chips) 
Seat 2: BumHuntKing ($100 in chips) 
Seat 3: Maximysss85 ($106 in chips) 
Seat 4: Lucastitos ($100 in chips) 
Maximysss85: posts small blind $0.50
Lucastitos: posts big blind $1
TheBraveGirl: sits out 
*** HOLE CARDS ***
IREQO joins the table at seat #5 
rafaelleadeb: raises $2 to $3
BumHuntKing: raises $6 to $9
Maximysss85: folds 
Lucastitos: folds 
rafaelleadeb: folds 
Uncalled bet ($6) returned to BumHuntKing
BumHuntKing collected $7.50 from pot
BumHuntKing: doesn't show hand 
*** SUMMARY ***
Total pot $7.50 | Rake $0 
Seat 6: TheBraveGirl
Seat 1: rafaelleadeb folded before Flop
Seat 2: BumHuntKing (button) collected ($7.50)
Seat 3: Maximysss85 (small blind) folded before Flop
Seat 4: Lucastitos (big blind) folded before Flop



PokerStars Hand #254339428047:  Hold'em No Limit ($0.50/$1.00 USD) - 2025/01/12 21:23:50 WET [2025/01/12 16:23:50 ET]
Table 'Unuk II' 6-max Seat #3 is the button
Seat 6: TheBraveGirl ($100 in chips) is sitting out
Seat 1: rafaelleadeb ($95 in chips) 
Seat 2: BumHuntKing ($104.50 in chips) 
Seat 3: Maximysss85 ($105.50 in chips) 
Seat 4: Lucastitos ($100 in chips) 
Seat 5: IREQO ($88.73 in chips) 
Lucastitos: posts small blind $0.50
IREQO: posts big blind $1
TheBraveGirl: sits out 
*** HOLE CARDS ***
rafaelleadeb: folds 
BumHuntKing: folds 
Maximysss85: raises $1.50 to $2.50
Lucastitos: folds 
IREQO: calls $1.50
*** FLOP *** [Th Kc Qd]
IREQO: checks 
Maximysss85: bets $3.50
IREQO: folds 
Uncalled bet ($3.50) returned to Maximysss85
Maximysss85 collected $5.22 from pot
Maximysss85: doesn't show hand 
*** SUMMARY ***
Total pot $5.50 | Rake $0.28 
Board [Th Kc Qd]
Seat 6: TheBraveGirl
Seat 1: rafaelleadeb folded before Flop (didn't bet)
Seat 2: BumHuntKing folded before Flop (didn't bet)
Seat 3: Maximysss85 (button) collected ($5.22)
Seat 4: Lucastitos (small blind) folded before Flop
Seat 5: IREQO (big blind) folded on the Flop



PokerStars Hand #254339447027:  Hold'em No Limit ($0.50/$1.00 USD) - 2025/01/12 21:24:37 WET [2025/01/12 16:24:37 ET]
Table 'Unuk II' 6-max Seat #4 is the button
Seat 1: rafaelleadeb ($95 in chips) 
Seat 2: BumHuntKing ($104.50 in chips) 
Seat 3: Maximysss85 ($108.22 in chips) 
Seat 4: Lucastitos ($100 in chips) 
Seat 5: IREQO ($86.23 in chips) 
Seat 6: TheBraveGirl ($100 in chips) 
IREQO: posts small blind $0.50
TheBraveGirl: posts big blind $1
*** HOLE CARDS ***
rafaelleadeb: raises $2 to $3
BumHuntKing: folds 
Maximysss85: raises $7.50 to $10.50
Lucastitos: folds 
IREQO: folds 
TheBraveGirl: folds 
rafaelleadeb: calls $7.50
*** FLOP *** [Qc Ts 8h]
rafaelleadeb: checks 
Maximysss85: bets $8.55
rafaelleadeb: calls $8.55
*** TURN *** [Qc Ts 8h] [Jc]
rafaelleadeb: checks 
Maximysss85: bets $15.05
rafaelleadeb: calls $15.05
*** RIVER *** [Qc Ts 8h Jc] [4d]
rafaelleadeb: checks 
Maximysss85: bets $74.12 and is all-in
rafaelleadeb: calls $60.90 and is all-in
Uncalled bet ($13.22) returned to Maximysss85
*** SHOW DOWN ***
Maximysss85: shows [Ah Kc] (a straight, Ten to Ace)
rafaelleadeb: shows [Qs Jh] (two pair, Queens and Jacks)
Maximysss85 collected $189 from pot
*** SUMMARY ***
Total pot $191.50 | Rake $2.50 
Board [Qc Ts 8h Jc 4d]
Seat 1: rafaelleadeb showed [Qs Jh] and lost with two pair, Queens and Jacks
Seat 2: BumHuntKing folded before Flop (didn't bet)
Seat 3: Maximysss85 showed [Ah Kc] and won ($189) with a straight, Ten to Ace
Seat 4: Lucastitos (button) folded before Flop (didn't bet)
Seat 5: IREQO (small blind) folded before Flop
Seat 6: TheBraveGirl (big blind) folded before Flop



PokerStars Hand #254339464607:  Hold'em No Limit ($0.50/$1.00 USD) - 2025/01/12 21:25:21 WET [2025/01/12 16:25:21 ET]
Table 'Unuk II' 6-max Seat #5 is the button
Seat 1: rafaelleadeb ($0 in chips) is sitting out
Seat 2: BumHuntKing ($104.50 in chips) 
Seat 3: Maximysss85 ($202.22 in chips) 
Seat 4: Lucastitos ($100 in chips) 
Seat 5: IREQO ($85.73 in chips) 
Seat 6: TheBraveGirl ($100 in chips) 
TheBraveGirl: posts small blind $0.50
BumHuntKing: posts big blind $1
*** HOLE CARDS ***
Maximysss85: folds 
Lucastitos: folds 
IREQO: raises $1.50 to $2.50
TheBraveGirl: folds 
BumHuntKing: calls $1.50
*** FLOP *** [6h 2d 5c]
BumHuntKing: checks 
rafaelleadeb leaves the table
IREQO: checks 
*** TURN *** [6h 2d 5c] [2h]
BumHuntKing: checks 
IREQO: bets $2.61
BumHuntKing: calls $2.61
*** RIVER *** [6h 2d 5c 2h] [3d]
BumHuntKing: checks 
GlebanuZZ joins the table at seat #1 
IREQO: checks 
*** SHOW DOWN ***
BumHuntKing: shows [Ts Ad] (a pair of Deuces)
IREQO: mucks hand 
BumHuntKing collected $10.18 from pot
*** SUMMARY ***
Total pot $10.72 | Rake $0.54 
Board [6h 2d 5c 2h 3d]
Seat 1: rafaelleadeb
Seat 2: BumHuntKing (big blind) showed [Ts Ad] and won ($10.18) with a pair of Deuces
Seat 3: Maximysss85 folded before Flop (didn't bet)
Seat 4: Lucastitos folded before Flop (didn't bet)
Seat 5: IREQO (button) mucked
Seat 6: TheBraveGirl (small blind) folded before Flop



PokerStars Hand #254339497357:  Hold'em No Limit ($0.50/$1.00 USD) - 2025/01/12 21:26:41 WET [2025/01/12 16:26:41 ET]
Table 'Unuk II' 6-max Seat #6 is the button
Seat 1: GlebanuZZ ($100 in chips) is sitting out
Seat 3: Maximysss85 ($202.22 in chips) is sitting out
Seat 2: BumHuntKing ($109.57 in chips) 
Seat 4: Lucastitos ($100 in chips) 
Seat 5: IREQO ($80.62 in chips) 
Seat 6: TheBraveGirl ($100 in chips) 
BumHuntKing: posts small blind $0.50
Maximysss85: is sitting out 
Lucastitos: posts big blind $1
*** HOLE CARDS ***
Maximysss85 leaves the table
IREQO: folds 
TheBraveGirl: folds 
BumHuntKing: folds 
Uncalled bet ($0.50) returned to Lucastitos
Lucastitos collected $1 from pot
Lucastitos: doesn't show hand 
*** SUMMARY ***
Total pot $1 | Rake $0 
Seat 1: GlebanuZZ
Seat 3: Maximysss85
Seat 2: BumHuntKing (small blind) folded before Flop
Seat 4: Lucastitos (big blind) collected ($1)
Seat 5: IREQO folded before Flop (didn't bet)
Seat 6: TheBraveGirl (button) folded before Flop (didn't bet)



PokerStars Hand #254339504478:  Hold'em No Limit ($0.50/$1.00 USD) - 2025/01/12 21:26:59 WET [2025/01/12 16:26:59 ET]
Table 'Unuk II' 6-max Seat #2 is the button
Seat 1: GlebanuZZ ($100 in chips) is sitting out
Seat 5: IREQO ($80.62 in chips) is sitting out
Seat 2: BumHuntKing ($109.07 in chips) 
Seat 4: Lucastitos ($100.50 in chips) 
Seat 6: TheBraveGirl ($100 in chips) 
Lucastitos: posts small blind $0.50
IREQO: is sitting out 
TheBraveGirl: posts big blind $1
GlebanuZZ: sits out 
*** HOLE CARDS ***
BumHuntKing: folds 
Lucastitos: folds 
Uncalled bet ($0.50) returned to TheBraveGirl
TheBraveGirl collected $1 from pot
TheBraveGirl: doesn't show hand 
*** SUMMARY ***
Total pot $1 | Rake $0 
Seat 1: GlebanuZZ
Seat 5: IREQO
Seat 2: BumHuntKing (button) folded before Flop (didn't bet)
Seat 4: Lucastitos (small blind) folded before Flop
Seat 6: TheBraveGirl (big blind) collected ($1)



PokerStars Hand #254339510238:  Hold'em No Limit ($0.50/$1.00 USD) - 2025/01/12 21:27:13 WET [2025/01/12 16:27:13 ET]
Table 'Unuk II' 6-max Seat #4 is the button
Seat 5: IREQO ($80.62 in chips) is sitting out
Seat 1: GlebanuZZ ($100 in chips) 
Seat 2: BumHuntKing ($109.07 in chips) 
Seat 4: Lucastitos ($100 in chips) 
Seat 6: TheBraveGirl ($100.50 in chips) 
TheBraveGirl: posts small blind $0.50
GlebanuZZ: posts big blind $1
*** HOLE CARDS ***
BumHuntKing: folds 
Lucastitos: raises $1.40 to $2.40
TheBraveGirl: folds 
GlebanuZZ: folds 
Uncalled bet ($1.40) returned to Lucastitos
Lucastitos collected $2.50 from pot
Lucastitos: doesn't show hand 
*** SUMMARY ***
Total pot $2.50 | Rake $0 
Seat 5: IREQO
Seat 1: GlebanuZZ (big blind) folded before Flop
Seat 2: BumHuntKing folded before Flop (didn't bet)
Seat 4: Lucastitos (button) collected ($2.50)
Seat 6: TheBraveGirl (small blind) folded before Flop



PokerStars Hand #254339516795:  Hold'em No Limit ($0.50/$1.00 USD) - 2025/01/12 21:27:29 WET [2025/01/12 16:27:29 ET]
Table 'Unuk II' 6-max Seat #6 is the button
Seat 5: IREQO ($80.62 in chips) is sitting out
Seat 1: GlebanuZZ ($100 in chips) 
Seat 2: BumHuntKing ($109.07 in chips) 
Seat 4: Lucastitos ($101.50 in chips) 
Seat 6: TheBraveGirl ($100 in chips) 
GlebanuZZ: posts small blind $0.50
BumHuntKing: posts big blind $1
IREQO: sits out 
*** HOLE CARDS ***
Lucastitos: folds 
TheBraveGirl: raises $1 to $2
GlebanuZZ: folds 
BumHuntKing: folds 
Uncalled bet ($1) returned to TheBraveGirl
TheBraveGirl collected $2.50 from pot
TheBraveGirl: doesn't show hand 
*** SUMMARY ***
Total pot $2.50 | Rake $0 
Seat 5: IREQO
Seat 1: GlebanuZZ (small blind) folded before Flop
Seat 2: BumHuntKing (big blind) folded before Flop
Seat 4: Lucastitos folded before Flop (didn't bet)
Seat 6: TheBraveGirl (button) collected ($2.50)



PokerStars Hand #254339527712:  Hold'em No Limit ($0.50/$1.00 USD) - 2025/01/12 21:27:56 WET [2025/01/12 16:27:56 ET]
Table 'Unuk II' 6-max Seat #1 is the button
Seat 4: Lucastitos ($101.50 in chips) is sitting out
Seat 1: GlebanuZZ ($100 in chips) 
Seat 2: BumHuntKing ($108.07 in chips) 
Seat 5: IREQO ($80.62 in chips) 
Seat 6: TheBraveGirl ($101.50 in chips) 
BumHuntKing: posts small blind $0.50
Lucastitos: is sitting out 
IREQO: posts big blind $1
*** HOLE CARDS ***
TheBraveGirl: folds 
GlebanuZZ: folds 
Lucastitos leaves the table
BumHuntKing: folds 
Uncalled bet ($0.50) returned to IREQO
IREQO collected $1 from pot
IREQO: doesn't show hand 
*** SUMMARY ***
Total pot $1 | Rake $0 
Seat 4: Lucastitos
Seat 1: GlebanuZZ (button) folded before Flop (didn't bet)
Seat 2: BumHuntKing (small blind) folded before Flop
Seat 5: IREQO (big blind) collected ($1)
Seat 6: TheBraveGirl folded before Flop (didn't bet)



PokerStars Hand #254339531054:  Hold'em No Limit ($0.50/$1.00 USD) - 2025/01/12 21:28:04 WET [2025/01/12 16:28:04 ET]
Table 'Unuk II' 6-max Seat #2 is the button
Seat 1: GlebanuZZ ($100 in chips) 
Seat 2: BumHuntKing ($107.57 in chips) 
Seat 5: IREQO ($81.12 in chips) 
Seat 6: TheBraveGirl ($101.50 in chips) 
IREQO: posts small blind $0.50
TheBraveGirl: posts big blind $1
*** HOLE CARDS ***
GlebanuZZ: folds 
BumHuntKing: raises $1.50 to $2.50
IREQO: folds 
TheBraveGirl: raises $10.50 to $13
BumHuntKing: folds 
Uncalled bet ($10.50) returned to TheBraveGirl
TheBraveGirl collected $5.50 from pot
TheBraveGirl: doesn't show hand 
*** SUMMARY ***
Total pot $5.50 | Rake $0 
Seat 1: GlebanuZZ folded before Flop (didn't bet)
Seat 2: BumHuntKing (button) folded before Flop
Seat 5: IREQO (small blind) folded before Flop
Seat 6: TheBraveGirl (big blind) collected ($5.50)



PokerStars Hand #254339768436:  Hold'em No Limit ($0.50/$1.00 USD) - 2025/01/12 21:37:51 WET [2025/01/12 16:37:51 ET]
Table 'Unuk II' 6-max Seat #3 is the button
Seat 1: dreyko.01 ($49 in chips) 
Seat 2: MAO_DZEDYN_S ($100 in chips) 
Seat 3: nikalas22 ($100 in chips) 
Seat 4: XneferX ($100 in chips) 
Seat 5: IREQO ($100 in chips) 
Seat 6: TheBraveGirl ($104.50 in chips) 
XneferX: posts small blind $0.50
IREQO: posts big blind $1
*** HOLE CARDS ***
TheBraveGirl: folds 
dreyko.01: folds 
MAO_DZEDYN_S: raises $1.25 to $2.25
nikalas22: folds 
XneferX: folds 
IREQO: folds 
Uncalled bet ($1.25) returned to MAO_DZEDYN_S
MAO_DZEDYN_S collected $2.50 from pot
MAO_DZEDYN_S: doesn't show hand 
*** SUMMARY ***
Total pot $2.50 | Rake $0 
Seat 1: dreyko.01 folded before Flop (didn't bet)
Seat 2: MAO_DZEDYN_S collected ($2.50)
Seat 3: nikalas22 (button) folded before Flop (didn't bet)
Seat 4: XneferX (small blind) folded before Flop
Seat 5: IREQO (big blind) folded before Flop
Seat 6: TheBraveGirl folded before Flop (didn't bet)



PokerStars Hand #254339781972:  Hold'em No Limit ($0.50/$1.00 USD) - 2025/01/12 21:38:25 WET [2025/01/12 16:38:25 ET]
Table 'Unuk II' 6-max Seat #5 is the button
Seat 4: XneferX ($100 in chips) is sitting out
Seat 1: dreyko.01 ($49 in chips) 
Seat 2: MAO_DZEDYN_S ($101.50 in chips) 
Seat 3: nikalas22 ($100 in chips) 
Seat 5: IREQO ($100 in chips) 
Seat 6: TheBraveGirl ($104.50 in chips) 
TheBraveGirl: posts small blind $0.50
dreyko.01: posts big blind $1
*** HOLE CARDS ***
MAO_DZEDYN_S: folds 
nikalas22: folds 
IREQO: raises $1.50 to $2.50
TheBraveGirl: folds 
dreyko.01: calls $1.50
*** FLOP *** [9d 3c 6s]
dreyko.01: checks 
IREQO: bets $1.72
dreyko.01: raises $4.72 to $6.44
IREQO: folds 
Uncalled bet ($4.72) returned to dreyko.01
dreyko.01 collected $8.49 from pot
dreyko.01: doesn't show hand 
*** SUMMARY ***
Total pot $8.94 | Rake $0.45 
Board [9d 3c 6s]
Seat 4: XneferX
Seat 1: dreyko.01 (big blind) collected ($8.49)
Seat 2: MAO_DZEDYN_S folded before Flop (didn't bet)
Seat 3: nikalas22 folded before Flop (didn't bet)
Seat 5: IREQO (button) folded on the Flop
Seat 6: TheBraveGirl (small blind) folded before Flop



PokerStars Hand #254339804492:  Hold'em No Limit ($0.50/$1.00 USD) - 2025/01/12 21:39:21 WET [2025/01/12 16:39:21 ET]
Table 'Unuk II' 6-max Seat #6 is the button
Seat 4: XneferX ($100 in chips) is sitting out
Seat 1: dreyko.01 ($53.27 in chips) 
Seat 2: MAO_DZEDYN_S ($101.50 in chips) 
Seat 3: nikalas22 ($100 in chips) 
Seat 5: IREQO ($100 in chips) 
Seat 6: TheBraveGirl ($104 in chips) 
dreyko.01: posts small blind $0.50
MAO_DZEDYN_S: posts big blind $1
*** HOLE CARDS ***
nikalas22: folds 
IREQO: folds 
TheBraveGirl: folds 
dreyko.01: folds 
Uncalled bet ($0.50) returned to MAO_DZEDYN_S
MAO_DZEDYN_S collected $1 from pot
MAO_DZEDYN_S: doesn't show hand 
*** SUMMARY ***
Total pot $1 | Rake $0 
Seat 4: XneferX
Seat 1: dreyko.01 (small blind) folded before Flop
Seat 2: MAO_DZEDYN_S (big blind) collected ($1)
Seat 3: nikalas22 folded before Flop (didn't bet)
Seat 5: IREQO folded before Flop (didn't bet)
Seat 6: TheBraveGirl (button) folded before Flop (didn't bet)



PokerStars Hand #254339809258:  Hold'em No Limit ($0.50/$1.00 USD) - 2025/01/12 21:39:33 WET [2025/01/12 16:39:33 ET]
Table 'Unuk II' 6-max Seat #1 is the button
Seat 4: XneferX ($100 in chips) is sitting out
Seat 1: dreyko.01 ($52.77 in chips) 
Seat 2: MAO_DZEDYN_S ($102 in chips) 
Seat 3: nikalas22 ($100 in chips) 
Seat 5: IREQO ($100 in chips) 
Seat 6: TheBraveGirl ($104 in chips) 
MAO_DZEDYN_S: posts small blind $0.50
nikalas22: posts big blind $1
*** HOLE CARDS ***
IREQO: folds 
TheBraveGirl: folds 
IREQO leaves the table
dreyko.01: folds 
MAO_DZEDYN_S: folds 
Uncalled bet ($0.50) returned to nikalas22
nikalas22 collected $1 from pot
nikalas22: doesn't show hand 
Cositorto joins the table at seat #5 
*** SUMMARY ***
Total pot $1 | Rake $0 
Seat 4: XneferX
Seat 1: dreyko.01 (button) folded before Flop (didn't bet)
Seat 2: MAO_DZEDYN_S (small blind) folded before Flop
Seat 3: nikalas22 (big blind) collected ($1)
Seat 5: IREQO folded before Flop (didn't bet)
Seat 6: TheBraveGirl folded before Flop (didn't bet)



PokerStars Hand #254339814681:  Hold'em No Limit ($0.50/$1.00 USD) - 2025/01/12 21:39:46 WET [2025/01/12 16:39:46 ET]
Table 'Unuk II' 6-max Seat #2 is the button
Seat 4: XneferX ($100 in chips) is sitting out
Seat 1: dreyko.01 ($52.77 in chips) 
Seat 2: MAO_DZEDYN_S ($101.50 in chips) 
Seat 3: nikalas22 ($100.50 in chips) 
Seat 5: Cositorto ($100 in chips) 
Seat 6: TheBraveGirl ($104 in chips) 
nikalas22: posts small blind $0.50
Cositorto: posts big blind $1
*** HOLE CARDS ***
TheBraveGirl: folds 
dreyko.01: folds 
MAO_DZEDYN_S: raises $1.50 to $2.50
nikalas22: folds 
Cositorto: folds 
Uncalled bet ($1.50) returned to MAO_DZEDYN_S
MAO_DZEDYN_S collected $2.50 from pot
MAO_DZEDYN_S: doesn't show hand 
*** SUMMARY ***
Total pot $2.50 | Rake $0 
Seat 4: XneferX
Seat 1: dreyko.01 folded before Flop (didn't bet)
Seat 2: MAO_DZEDYN_S (button) collected ($2.50)
Seat 3: nikalas22 (small blind) folded before Flop
Seat 5: Cositorto (big blind) folded before Flop
Seat 6: TheBraveGirl folded before Flop (didn't bet)



PokerStars Hand #254339828028:  Hold'em No Limit ($0.50/$1.00 USD) - 2025/01/12 21:40:19 WET [2025/01/12 16:40:19 ET]
Table 'Unuk II' 6-max Seat #3 is the button
Seat 4: XneferX ($100 in chips) is sitting out
Seat 1: dreyko.01 ($52.77 in chips) 
Seat 2: MAO_DZEDYN_S ($103 in chips) 
Seat 3: nikalas22 ($100 in chips) 
Seat 5: Cositorto ($100 in chips) 
Seat 6: TheBraveGirl ($104 in chips) 
Cositorto: posts small blind $0.50
TheBraveGirl: posts big blind $1
*** HOLE CARDS ***
dreyko.01: folds 
MAO_DZEDYN_S: folds 
nikalas22: raises $1.50 to $2.50
Cositorto: raises $8.50 to $11
TheBraveGirl: folds 
nikalas22: folds 
Uncalled bet ($8.50) returned to Cositorto
Cositorto collected $6 from pot
Cositorto: doesn't show hand 
*** SUMMARY ***
Total pot $6 | Rake $0 
Seat 4: XneferX
Seat 1: dreyko.01 folded before Flop (didn't bet)
Seat 2: MAO_DZEDYN_S folded before Flop (didn't bet)
Seat 3: nikalas22 (button) folded before Flop
Seat 5: Cositorto (small blind) collected ($6)
Seat 6: TheBraveGirl (big blind) folded before Flop



PokerStars Hand #254339836626:  Hold'em No Limit ($0.50/$1.00 USD) - 2025/01/12 21:40:41 WET [2025/01/12 16:40:41 ET]
Table 'Unuk II' 6-max Seat #5 is the button
Seat 4: XneferX ($100 in chips) is sitting out
Seat 1: dreyko.01 ($52.77 in chips) 
Seat 2: MAO_DZEDYN_S ($103 in chips) 
Seat 3: nikalas22 ($100 in chips) 
Seat 5: Cositorto ($103.50 in chips) 
Seat 6: TheBraveGirl ($103 in chips) 
TheBraveGirl: posts small blind $0.50
dreyko.01: posts big blind $1
*** HOLE CARDS ***
MAO_DZEDYN_S: folds 
MAO_DZEDYN_S leaves the table
nikalas22: folds 
Cositorto: folds 
TheBraveGirl: raises $2 to $3
dreyko.01: calls $2
*** FLOP *** [Jc 2d 8d]
ImaPeppaPig joins the table at seat #2 
TheBraveGirl: checks 
dreyko.01: bets $5
TheBraveGirl: folds 
Uncalled bet ($5) returned to dreyko.01
dreyko.01 collected $5.70 from pot
dreyko.01: doesn't show hand 
*** SUMMARY ***
Total pot $6 | Rake $0.30 
Board [Jc 2d 8d]
Seat 4: XneferX
Seat 1: dreyko.01 (big blind) collected ($5.70)
Seat 2: MAO_DZEDYN_S folded before Flop (didn't bet)
Seat 3: nikalas22 folded before Flop (didn't bet)
Seat 5: Cositorto (button) folded before Flop (didn't bet)
Seat 6: TheBraveGirl (small blind) folded on the Flop



PokerStars Hand #254339857361:  Hold'em No Limit ($0.50/$1.00 USD) - 2025/01/12 21:41:32 WET [2025/01/12 16:41:32 ET]
Table 'Unuk II' 6-max Seat #6 is the button
Seat 4: XneferX ($100 in chips) is sitting out
Seat 1: dreyko.01 ($55.47 in chips) 
Seat 2: ImaPeppaPig ($100 in chips) 
Seat 3: nikalas22 ($100 in chips) 
Seat 5: Cositorto ($103.50 in chips) 
Seat 6: TheBraveGirl ($100 in chips) 
dreyko.01: posts small blind $0.50
ImaPeppaPig: posts big blind $1
*** HOLE CARDS ***
nikalas22: folds 
Cositorto: folds 
TheBraveGirl: folds 
dreyko.01: calls $0.50
ImaPeppaPig: checks 
*** FLOP *** [Js As 7d]
dreyko.01: checks 
ImaPeppaPig: checks 
*** TURN *** [Js As 7d] [Ac]
dreyko.01: checks 
ImaPeppaPig: checks 
*** RIVER *** [Js As 7d Ac] [Jd]
dreyko.01: bets $1.90
ImaPeppaPig: folds 
Uncalled bet ($1.90) returned to dreyko.01
dreyko.01 collected $1.90 from pot
dreyko.01: doesn't show hand 
*** SUMMARY ***
Total pot $2 | Rake $0.10 
Board [Js As 7d Ac Jd]
Seat 4: XneferX
Seat 1: dreyko.01 (small blind) collected ($1.90)
Seat 2: ImaPeppaPig (big blind) folded on the River
Seat 3: nikalas22 folded before Flop (didn't bet)
Seat 5: Cositorto folded before Flop (didn't bet)
Seat 6: TheBraveGirl (button) folded before Flop (didn't bet)



PokerStars Hand #254339880372:  Hold'em No Limit ($0.50/$1.00 USD) - 2025/01/12 21:42:31 WET [2025/01/12 16:42:31 ET]
Table 'Unuk II' 6-max Seat #1 is the button
Seat 4: XneferX ($100 in chips) is sitting out
Seat 1: dreyko.01 ($56.37 in chips) 
Seat 2: ImaPeppaPig ($100 in chips) 
Seat 3: nikalas22 ($100 in chips) 
Seat 5: Cositorto ($103.50 in chips) 
Seat 6: TheBraveGirl ($100 in chips) 
ImaPeppaPig: posts small blind $0.50
nikalas22: posts big blind $1
*** HOLE CARDS ***
Cositorto: folds 
TheBraveGirl: raises $1 to $2
dreyko.01: calls $2
ImaPeppaPig: folds 
nikalas22: calls $1
*** FLOP *** [Qh 5c 6c]
nikalas22: checks 
TheBraveGirl: checks 
dreyko.01: bets $4
nikalas22: raises $8.50 to $12.50
TheBraveGirl: folds 
dreyko.01: folds 
Uncalled bet ($8.50) returned to nikalas22
nikalas22 collected $13.78 from pot
nikalas22: doesn't show hand 
*** SUMMARY ***
Total pot $14.50 | Rake $0.72 
Board [Qh 5c 6c]
Seat 4: XneferX
Seat 1: dreyko.01 (button) folded on the Flop
Seat 2: ImaPeppaPig (small blind) folded before Flop
Seat 3: nikalas22 (big blind) collected ($13.78)
Seat 5: Cositorto folded before Flop (didn't bet)
Seat 6: TheBraveGirl folded on the Flop



PokerStars Hand #254339901653:  Hold'em No Limit ($0.50/$1.00 USD) - 2025/01/12 21:43:25 WET [2025/01/12 16:43:25 ET]
Table 'Unuk II' 6-max Seat #2 is the button
Seat 1: dreyko.01 ($50.37 in chips) 
Seat 2: ImaPeppaPig ($100 in chips) 
Seat 3: nikalas22 ($107.78 in chips) 
Seat 4: XneferX ($100 in chips) 
Seat 5: Cositorto ($103.50 in chips) 
Seat 6: TheBraveGirl ($100 in chips) 
nikalas22: posts small blind $0.50
XneferX: posts big blind $1
*** HOLE CARDS ***
Cositorto: folds 
TheBraveGirl: folds 
dreyko.01: folds 
ImaPeppaPig: raises $1.50 to $2.50
nikalas22: folds 
XneferX: folds 
Uncalled bet ($1.50) returned to ImaPeppaPig
ImaPeppaPig collected $2.50 from pot
ImaPeppaPig: doesn't show hand 
*** SUMMARY ***
Total pot $2.50 | Rake $0 
Seat 1: dreyko.01 folded before Flop (didn't bet)
Seat 2: ImaPeppaPig (button) collected ($2.50)
Seat 3: nikalas22 (small blind) folded before Flop
Seat 4: XneferX (big blind) folded before Flop
Seat 5: Cositorto folded before Flop (didn't bet)
Seat 6: TheBraveGirl folded before Flop (didn't bet)



PokerStars Hand #254339983350:  Hold'em No Limit ($0.50/$1.00 USD) - 2025/01/12 21:46:51 WET [2025/01/12 16:46:51 ET]
Table 'Unuk II' 6-max Seat #1 is the button
Seat 1: dreyko.01 ($35.95 in chips) 
Seat 2: ImaPeppaPig ($100 in chips) 
Seat 3: nikalas22 ($120.33 in chips) 
Seat 4: XneferX ($100 in chips) 
Seat 5: Cositorto ($100 in chips) 
Seat 6: TheBraveGirl ($153.16 in chips) 
ImaPeppaPig: posts small blind $0.50
nikalas22: posts big blind $1
*** HOLE CARDS ***
XneferX: folds 
Cositorto: folds 
TheBraveGirl: folds 
dreyko.01: folds 
ImaPeppaPig: folds 
Uncalled bet ($0.50) returned to nikalas22
nikalas22 collected $1 from pot
nikalas22: doesn't show hand 
*** SUMMARY ***
Total pot $1 | Rake $0 
Seat 1: dreyko.01 (button) folded before Flop (didn't bet)
Seat 2: ImaPeppaPig (small blind) folded before Flop
Seat 3: nikalas22 (big blind) collected ($1)
Seat 4: XneferX folded before Flop (didn't bet)
Seat 5: Cositorto folded before Flop (didn't bet)
Seat 6: TheBraveGirl folded before Flop (didn't bet)



PokerStars Hand #254340546683:  Hold'em No Limit ($0.50/$1.00 USD) - 2025/01/12 22:13:33 WET [2025/01/12 17:13:33 ET]
Table 'Unuk II' 6-max Seat #1 is the button
Seat 1: kexa13 ($80 in chips) 
Seat 2: XneferX ($100 in chips) 
Seat 3: Becar_06 ($100 in chips) 
Seat 4: EvilReality ($100 in chips) 
Seat 5: nikalas22 ($134.33 in chips) 
Seat 6: GuigaMan ($100 in chips) 
XneferX: posts small blind $0.50
Becar_06: posts big blind $1
*** HOLE CARDS ***
EvilReality: folds 
nikalas22: folds 
GuigaMan: folds 
kexa13: raises $1 to $2
XneferX: folds 
Becar_06: calls $1
*** FLOP *** [Ts 5h 7c]
Becar_06: checks 
kexa13: bets $4.28
Becar_06: folds 
Uncalled bet ($4.28) returned to kexa13
kexa13 collected $4.28 from pot
*** SUMMARY ***
Total pot $4.50 | Rake $0.22 
Board [Ts 5h 7c]
Seat 1: kexa13 (button) collected ($4.28)
Seat 2: XneferX (small blind) folded before Flop
Seat 3: Becar_06 (big blind) folded on the Flop
Seat 4: EvilReality folded before Flop (didn't bet)
Seat 5: nikalas22 folded before Flop (didn't bet)
Seat 6: GuigaMan folded before Flop (didn't bet)



PokerStars Hand #254340559660:  Hold'em No Limit ($0.50/$1.00 USD) - 2025/01/12 22:14:09 WET [2025/01/12 17:14:09 ET]
Table 'Unuk II' 6-max Seat #2 is the button
Seat 1: kexa13 ($82.28 in chips) 
Seat 2: XneferX ($100 in chips) 
Seat 3: Becar_06 ($100 in chips) 
Seat 4: EvilReality ($100 in chips) 
Seat 5: nikalas22 ($134.33 in chips) 
Seat 6: GuigaMan ($100 in chips) 
Becar_06: posts small blind $0.50
EvilReality: posts big blind $1
*** HOLE CARDS ***
nikalas22: folds 
GuigaMan: raises $1.10 to $2.10
kexa13: calls $2.10
XneferX: folds 
Becar_06: folds 
EvilReality: calls $1.10
*** FLOP *** [9c 3c Jd]
EvilReality: checks 
GuigaMan: checks 
kexa13: bets $6.46
EvilReality: folds 
GuigaMan: raises $12.54 to $19
kexa13: raises $61.18 to $80.18 and is all-in
GuigaMan: calls $61.18
*** TURN *** [9c 3c Jd] [Ah]
*** RIVER *** [9c 3c Jd Ah] [7h]
*** SHOW DOWN ***
GuigaMan: shows [Tc Qs] (high card Ace)
kexa13: shows [3d 9d] (two pair, Nines and Threes)
kexa13 collected $164.66 from pot
*** SUMMARY ***
Total pot $167.16 | Rake $2.50 
Board [9c 3c Jd Ah 7h]
Seat 1: kexa13 showed [3d 9d] and won ($164.66) with two pair, Nines and Threes
Seat 2: XneferX (button) folded before Flop (didn't bet)
Seat 3: Becar_06 (small blind) folded before Flop
Seat 4: EvilReality (big blind) folded on the Flop
Seat 5: nikalas22 folded before Flop (didn't bet)
Seat 6: GuigaMan showed [Tc Qs] and lost with high card Ace



PokerStars Hand #254340581618:  Hold'em No Limit ($0.50/$1.00 USD) - 2025/01/12 22:15:08 WET [2025/01/12 17:15:08 ET]
Table 'Unuk II' 6-max Seat #3 is the button
Seat 1: kexa13 ($164.66 in chips) 
Seat 2: XneferX ($100 in chips) 
Seat 3: Becar_06 ($100 in chips) 
Seat 4: EvilReality ($100 in chips) 
Seat 5: nikalas22 ($134.33 in chips) 
Seat 6: GuigaMan ($100 in chips) 
EvilReality: posts small blind $0.50
nikalas22: posts big blind $1
*** HOLE CARDS ***
GuigaMan: folds 
kexa13: folds 
XneferX: folds 
Becar_06: raises $1.50 to $2.50
kexa13 leaves the table
EvilReality: folds 
nikalas22: folds 
Uncalled bet ($1.50) returned to Becar_06
Becar_06 collected $2.50 from pot
*** SUMMARY ***
Total pot $2.50 | Rake $0 
Seat 1: kexa13 folded before Flop (didn't bet)
Seat 2: XneferX folded before Flop (didn't bet)
Seat 3: Becar_06 (button) collected ($2.50)
Seat 4: EvilReality (small blind) folded before Flop
Seat 5: nikalas22 (big blind) folded before Flop
Seat 6: GuigaMan folded before Flop (didn't bet)



PokerStars Hand #254340586823:  Hold'em No Limit ($0.50/$1.00 USD) - 2025/01/12 22:15:22 WET [2025/01/12 17:15:22 ET]
Table 'Unuk II' 6-max Seat #4 is the button
Seat 2: XneferX ($100 in chips) 
Seat 3: Becar_06 ($101.50 in chips) 
Seat 4: EvilReality ($100 in chips) 
Seat 5: nikalas22 ($133.33 in chips) 
Seat 6: GuigaMan ($100 in chips) 
nikalas22: posts small blind $0.50
GuigaMan: posts big blind $1
*** HOLE CARDS ***
XneferX: folds 
Becar_06: folds 
EvilReality: raises $1.50 to $2.50
nikalas22: folds 
GuigaMan: folds 
Uncalled bet ($1.50) returned to EvilReality
EvilReality collected $2.50 from pot
EvilReality: doesn't show hand 
*** SUMMARY ***
Total pot $2.50 | Rake $0 
Seat 2: XneferX folded before Flop (didn't bet)
Seat 3: Becar_06 folded before Flop (didn't bet)
Seat 4: EvilReality (button) collected ($2.50)
Seat 5: nikalas22 (small blind) folded before Flop
Seat 6: GuigaMan (big blind) folded before Flop



PokerStars Hand #254339988309:  Hold'em No Limit ($0.50/$1.00 USD) - 2025/01/12 21:47:03 WET [2025/01/12 16:47:03 ET]
Table 'Unuk II' 6-max Seat #2 is the button
Seat 4: XneferX ($100 in chips) is sitting out
Seat 1: dreyko.01 ($35.95 in chips) 
Seat 2: ImaPeppaPig ($100 in chips) 
Seat 3: nikalas22 ($120.83 in chips) 
Seat 5: Cositorto ($100 in chips) 
Seat 6: TheBraveGirl ($153.16 in chips) 
nikalas22: posts small blind $0.50
XneferX: is sitting out 
Cositorto: posts big blind $1
*** HOLE CARDS ***
XneferX leaves the table
TheBraveGirl: folds 
dreyko.01: raises $3 to $4
ImaPeppaPig: folds 
nikalas22: folds 
Cositorto: folds 
Uncalled bet ($3) returned to dreyko.01
dreyko.01 collected $2.50 from pot
dreyko.01: doesn't show hand 
*** SUMMARY ***
Total pot $2.50 | Rake $0 
Seat 4: XneferX
Seat 1: dreyko.01 collected ($2.50)
Seat 2: ImaPeppaPig (button) folded before Flop (didn't bet)
Seat 3: nikalas22 (small blind) folded before Flop
Seat 5: Cositorto (big blind) folded before Flop
Seat 6: TheBraveGirl folded before Flop (didn't bet)



PokerStars Hand #254339996266:  Hold'em No Limit ($0.50/$1.00 USD) - 2025/01/12 21:47:23 WET [2025/01/12 16:47:23 ET]
Table 'Unuk II' 6-max Seat #3 is the button
Seat 1: dreyko.01 ($37.45 in chips) 
Seat 2: ImaPeppaPig ($100 in chips) 
Seat 3: nikalas22 ($120.33 in chips) 
Seat 5: Cositorto ($100 in chips) 
Seat 6: TheBraveGirl ($153.16 in chips) 
Cositorto: posts small blind $0.50
TheBraveGirl: posts big blind $1
*** HOLE CARDS ***
dreyko.01: raises $1 to $2
ImaPeppaPig: folds 
nikalas22: folds 
Cositorto: folds 
TheBraveGirl: calls $1
*** FLOP *** [Ac 5d 4c]
domibroski joins the table at seat #4 
domibroski is disconnected 
TheBraveGirl: checks 
dreyko.01: bets $4
TheBraveGirl: folds 
Uncalled bet ($4) returned to dreyko.01
dreyko.01 collected $4.28 from pot
dreyko.01: doesn't show hand 
*** SUMMARY ***
Total pot $4.50 | Rake $0.22 
Board [Ac 5d 4c]
Seat 1: dreyko.01 collected ($4.28)
Seat 2: ImaPeppaPig folded before Flop (didn't bet)
Seat 3: nikalas22 (button) folded before Flop (didn't bet)
Seat 5: Cositorto (small blind) folded before Flop
Seat 6: TheBraveGirl (big blind) folded on the Flop



PokerStars Hand #254340017269:  Hold'em No Limit ($0.50/$1.00 USD) - 2025/01/12 21:48:16 WET [2025/01/12 16:48:16 ET]
Table 'Unuk II' 6-max Seat #5 is the button
Seat 1: dreyko.01 ($39.73 in chips) 
Seat 2: ImaPeppaPig ($100 in chips) 
Seat 3: nikalas22 ($120.33 in chips) 
Seat 4: domibroski ($65.69 in chips) 
Seat 5: Cositorto ($100 in chips) 
Seat 6: TheBraveGirl ($151.16 in chips) 
TheBraveGirl: posts small blind $0.50
dreyko.01: posts big blind $1
domibroski: posts big blind $1
*** HOLE CARDS ***
ImaPeppaPig: folds 
nikalas22: folds 
domibroski: checks 
Cositorto: folds 
TheBraveGirl: folds 
dreyko.01: checks 
*** FLOP *** [Qd Ad 4d]
dreyko.01: checks 
domibroski: bets $1
dreyko.01: folds 
Uncalled bet ($1) returned to domibroski
domibroski collected $2.38 from pot
*** SUMMARY ***
Total pot $2.50 | Rake $0.12 
Board [Qd Ad 4d]
Seat 1: dreyko.01 (big blind) folded on the Flop
Seat 2: ImaPeppaPig folded before Flop (didn't bet)
Seat 3: nikalas22 folded before Flop (didn't bet)
Seat 4: domibroski collected ($2.38)
Seat 5: Cositorto (button) folded before Flop (didn't bet)
Seat 6: TheBraveGirl (small blind) folded before Flop



PokerStars Hand #254340028686:  Hold'em No Limit ($0.50/$1.00 USD) - 2025/01/12 21:48:45 WET [2025/01/12 16:48:45 ET]
Table 'Unuk II' 6-max Seat #6 is the button
Seat 1: dreyko.01 ($38.73 in chips) 
Seat 2: ImaPeppaPig ($100 in chips) 
Seat 3: nikalas22 ($120.33 in chips) 
Seat 4: domibroski ($67.07 in chips) 
Seat 5: Cositorto ($100 in chips) 
Seat 6: TheBraveGirl ($150.66 in chips) 
dreyko.01: posts small blind $0.50
ImaPeppaPig: posts big blind $1
*** HOLE CARDS ***
nikalas22: folds 
domibroski: calls $1
Cositorto: raises $2.50 to $3.50
TheBraveGirl: folds 
dreyko.01: folds 
ImaPeppaPig: calls $2.50
domibroski: folds 
*** FLOP *** [Qs 8c Qc]
ImaPeppaPig: checks 
Cositorto: bets $2.18
ImaPeppaPig: folds 
Uncalled bet ($2.18) returned to Cositorto
Cositorto collected $8.08 from pot
Cositorto: doesn't show hand 
*** SUMMARY ***
Total pot $8.50 | Rake $0.42 
Board [Qs 8c Qc]
Seat 1: dreyko.01 (small blind) folded before Flop
Seat 2: ImaPeppaPig (big blind) folded on the Flop
Seat 3: nikalas22 folded before Flop (didn't bet)
Seat 4: domibroski folded before Flop
Seat 5: Cositorto collected ($8.08)
Seat 6: TheBraveGirl (button) folded before Flop (didn't bet)



PokerStars Hand #254340048859:  Hold'em No Limit ($0.50/$1.00 USD) - 2025/01/12 21:49:36 WET [2025/01/12 16:49:36 ET]
Table 'Unuk II' 6-max Seat #1 is the button
Seat 1: dreyko.01 ($38.23 in chips) 
Seat 2: ImaPeppaPig ($100 in chips) 
Seat 3: nikalas22 ($120.33 in chips) 
Seat 4: domibroski ($66.07 in chips) 
Seat 5: Cositorto ($104.58 in chips) 
Seat 6: TheBraveGirl ($150.66 in chips) 
ImaPeppaPig: posts small blind $0.50
nikalas22: posts big blind $1
*** HOLE CARDS ***
domibroski: calls $1
Cositorto: folds 
TheBraveGirl: folds 
dreyko.01: raises $1 to $2
ImaPeppaPig: folds 
nikalas22: folds 
domibroski: calls $1
*** FLOP *** [Tc 8h 9h]
domibroski: bets $5.22
dreyko.01: folds 
Uncalled bet ($5.22) returned to domibroski
domibroski collected $5.22 from pot
*** SUMMARY ***
Total pot $5.50 | Rake $0.28 
Board [Tc 8h 9h]
Seat 1: dreyko.01 (button) folded on the Flop
Seat 2: ImaPeppaPig (small blind) folded before Flop
Seat 3: nikalas22 (big blind) folded before Flop
Seat 4: domibroski collected ($5.22)
Seat 5: Cositorto folded before Flop (didn't bet)
Seat 6: TheBraveGirl folded before Flop (didn't bet)



PokerStars Hand #254340059982:  Hold'em No Limit ($0.50/$1.00 USD) - 2025/01/12 21:50:05 WET [2025/01/12 16:50:05 ET]
Table 'Unuk II' 6-max Seat #2 is the button
Seat 1: dreyko.01 ($36.23 in chips) 
Seat 2: ImaPeppaPig ($100 in chips) 
Seat 3: nikalas22 ($119.33 in chips) 
Seat 4: domibroski ($69.29 in chips) 
Seat 5: Cositorto ($104.58 in chips) 
Seat 6: TheBraveGirl ($150.66 in chips) 
nikalas22: posts small blind $0.50
domibroski: posts big blind $1
*** HOLE CARDS ***
Cositorto: folds 
TheBraveGirl: folds 
dreyko.01: raises $2 to $3
ImaPeppaPig: folds 
nikalas22: folds 
domibroski: calls $2
*** FLOP *** [7h 2d 2h]
domibroski: bets $1
dreyko.01: calls $1
*** TURN *** [7h 2d 2h] [Th]
domibroski: bets $4.04
dreyko.01: folds 
Uncalled bet ($4.04) returned to domibroski
domibroski collected $8.08 from pot
*** SUMMARY ***
Total pot $8.50 | Rake $0.42 
Board [7h 2d 2h Th]
Seat 1: dreyko.01 folded on the Turn
Seat 2: ImaPeppaPig (button) folded before Flop (didn't bet)
Seat 3: nikalas22 (small blind) folded before Flop
Seat 4: domibroski (big blind) collected ($8.08)
Seat 5: Cositorto folded before Flop (didn't bet)
Seat 6: TheBraveGirl folded before Flop (didn't bet)



PokerStars Hand #254340080004:  Hold'em No Limit ($0.50/$1.00 USD) - 2025/01/12 21:50:56 WET [2025/01/12 16:50:56 ET]
Table 'Unuk II' 6-max Seat #3 is the button
Seat 1: dreyko.01 ($32.23 in chips) 
Seat 2: ImaPeppaPig ($100 in chips) 
Seat 3: nikalas22 ($118.83 in chips) 
Seat 4: domibroski ($73.37 in chips) 
Seat 5: Cositorto ($104.58 in chips) 
Seat 6: TheBraveGirl ($150.66 in chips) 
domibroski: posts small blind $0.50
Cositorto: posts big blind $1
*** HOLE CARDS ***
TheBraveGirl: folds 
dreyko.01: folds 
ImaPeppaPig: folds 
nikalas22: raises $1.50 to $2.50
domibroski: folds 
Cositorto: folds 
Uncalled bet ($1.50) returned to nikalas22
nikalas22 collected $2.50 from pot
nikalas22: doesn't show hand 
*** SUMMARY ***
Total pot $2.50 | Rake $0 
Seat 1: dreyko.01 folded before Flop (didn't bet)
Seat 2: ImaPeppaPig folded before Flop (didn't bet)
Seat 3: nikalas22 (button) collected ($2.50)
Seat 4: domibroski (small blind) folded before Flop
Seat 5: Cositorto (big blind) folded before Flop
Seat 6: TheBraveGirl folded before Flop (didn't bet)



PokerStars Hand #254340089634:  Hold'em No Limit ($0.50/$1.00 USD) - 2025/01/12 21:51:20 WET [2025/01/12 16:51:20 ET]
Table 'Unuk II' 6-max Seat #4 is the button
Seat 1: dreyko.01 ($32.23 in chips) 
Seat 2: ImaPeppaPig ($100 in chips) 
Seat 3: nikalas22 ($120.33 in chips) 
Seat 4: domibroski ($72.87 in chips) 
Seat 5: Cositorto ($103.58 in chips) 
Seat 6: TheBraveGirl ($150.66 in chips) 
Cositorto: posts small blind $0.50
TheBraveGirl: posts big blind $1
*** HOLE CARDS ***
dreyko.01: raises $2 to $3
ImaPeppaPig: folds 
nikalas22: folds 
domibroski: calls $3
Cositorto: raises $10 to $13
TheBraveGirl: folds 
dreyko.01: folds 
domibroski: calls $10
*** FLOP *** [7c 2h 6c]
Cositorto: bets $7.70
domibroski: raises $43.90 to $51.60
Cositorto: raises $38.98 to $90.58 and is all-in
domibroski: calls $8.27 and is all-in
Uncalled bet ($30.71) returned to Cositorto
*** TURN *** [7c 2h 6c] [2s]
*** RIVER *** [7c 2h 6c 2s] [Qs]
*** SHOW DOWN ***
Cositorto: shows [Qc Ad] (two pair, Queens and Deuces)
domibroski: shows [Ac Ks] (a pair of Deuces)
Cositorto collected $147.24 from pot
*** SUMMARY ***
Total pot $149.74 | Rake $2.50 
Board [7c 2h 6c 2s Qs]
Seat 1: dreyko.01 folded before Flop
Seat 2: ImaPeppaPig folded before Flop (didn't bet)
Seat 3: nikalas22 folded before Flop (didn't bet)
Seat 4: domibroski (button) showed [Ac Ks] and lost with a pair of Deuces
Seat 5: Cositorto (small blind) showed [Qc Ad] and won ($147.24) with two pair, Queens and Deuces
Seat 6: TheBraveGirl (big blind) folded before Flop



PokerStars Hand #254340121099:  Hold'em No Limit ($0.50/$1.00 USD) - 2025/01/12 21:52:41 WET [2025/01/12 16:52:41 ET]
Table 'Unuk II' 6-max Seat #5 is the button
Seat 4: domibroski ($0 in chips) is sitting out
Seat 1: dreyko.01 ($29.23 in chips) 
Seat 2: ImaPeppaPig ($100 in chips) 
Seat 3: nikalas22 ($120.33 in chips) 
Seat 5: Cositorto ($177.95 in chips) 
Seat 6: TheBraveGirl ($149.66 in chips) 
TheBraveGirl: posts small blind $0.50
dreyko.01: posts big blind $1
*** HOLE CARDS ***
ImaPeppaPig: folds 
nikalas22: folds 
Cositorto: folds 
domibroski is disconnected 
TheBraveGirl: folds 
Uncalled bet ($0.50) returned to dreyko.01
dreyko.01 collected $1 from pot
dreyko.01: doesn't show hand 
*** SUMMARY ***
Total pot $1 | Rake $0 
Seat 4: domibroski
Seat 1: dreyko.01 (big blind) collected ($1)
Seat 2: ImaPeppaPig folded before Flop (didn't bet)
Seat 3: nikalas22 folded before Flop (didn't bet)
Seat 5: Cositorto (button) folded before Flop (didn't bet)
Seat 6: TheBraveGirl (small blind) folded before Flop



PokerStars Hand #254340125869:  Hold'em No Limit ($0.50/$1.00 USD) - 2025/01/12 21:52:53 WET [2025/01/12 16:52:53 ET]
Table 'Unuk II' 6-max Seat #6 is the button
Seat 4: domibroski ($0 in chips) is sitting out
Seat 1: dreyko.01 ($29.73 in chips) 
Seat 2: ImaPeppaPig ($100 in chips) 
Seat 3: nikalas22 ($120.33 in chips) 
Seat 5: Cositorto ($177.95 in chips) 
Seat 6: TheBraveGirl ($149.16 in chips) 
dreyko.01: posts small blind $0.50
ImaPeppaPig: posts big blind $1
*** HOLE CARDS ***
nikalas22: raises $1.50 to $2.50
Cositorto: folds 
TheBraveGirl: folds 
dreyko.01: calls $2
ImaPeppaPig: folds 
*** FLOP *** [7h 2h 8h]
dreyko.01: checks 
nikalas22: checks 
*** TURN *** [7h 2h 8h] [Tc]
dreyko.01: bets $4
nikalas22: calls $4
*** RIVER *** [7h 2h 8h Tc] [5c]
dreyko.01: bets $8
nikalas22: calls $8
*** SHOW DOWN ***
dreyko.01: shows [Kd 5s] (a pair of Fives)
nikalas22: shows [Th As] (a pair of Tens)
nikalas22 collected $28.50 from pot
*** SUMMARY ***
Total pot $30 | Rake $1.50 
Board [7h 2h 8h Tc 5c]
Seat 4: domibroski
Seat 1: dreyko.01 (small blind) showed [Kd 5s] and lost with a pair of Fives
Seat 2: ImaPeppaPig (big blind) folded before Flop
Seat 3: nikalas22 showed [Th As] and won ($28.50) with a pair of Tens
Seat 5: Cositorto folded before Flop (didn't bet)
Seat 6: TheBraveGirl (button) folded before Flop (didn't bet)



PokerStars Hand #254340143089:  Hold'em No Limit ($0.50/$1.00 USD) - 2025/01/12 21:53:37 WET [2025/01/12 16:53:37 ET]
Table 'Unuk II' 6-max Seat #1 is the button
Seat 3: nikalas22 ($134.33 in chips) is sitting out
Seat 4: domibroski ($0 in chips) is sitting out
Seat 1: dreyko.01 ($15.23 in chips) 
Seat 2: ImaPeppaPig ($100 in chips) 
Seat 5: Cositorto ($177.95 in chips) 
Seat 6: TheBraveGirl ($149.16 in chips) 
ImaPeppaPig: posts small blind $0.50
nikalas22: is sitting out 
Cositorto: posts big blind $1
*** HOLE CARDS ***
nikalas22 leaves the table
TheBraveGirl: folds 
dreyko.01: raises $14.23 to $15.23 and is all-in
ImaPeppaPig: folds 
Cositorto: folds 
Uncalled bet ($14.23) returned to dreyko.01
kars0n joins the table at seat #3 
dreyko.01 collected $2.50 from pot
dreyko.01: doesn't show hand 
*** SUMMARY ***
Total pot $2.50 | Rake $0 
Seat 3: nikalas22
Seat 4: domibroski
Seat 1: dreyko.01 (button) collected ($2.50)
Seat 2: ImaPeppaPig (small blind) folded before Flop
Seat 5: Cositorto (big blind) folded before Flop
Seat 6: TheBraveGirl folded before Flop (didn't bet)



PokerStars Hand #254340148494:  Hold'em No Limit ($0.50/$1.00 USD) - 2025/01/12 21:53:51 WET [2025/01/12 16:53:51 ET]
Table 'Unuk II' 6-max Seat #2 is the button
Seat 3: kars0n ($100 in chips) is sitting out
Seat 4: domibroski ($0 in chips) is sitting out
Seat 1: dreyko.01 ($16.73 in chips) 
Seat 2: ImaPeppaPig ($100 in chips) 
Seat 5: Cositorto ($176.95 in chips) 
Seat 6: TheBraveGirl ($149.16 in chips) 
Cositorto: posts small blind $0.50
TheBraveGirl: posts big blind $1
*** HOLE CARDS ***
dreyko.01: folds 
ImaPeppaPig: folds 
Cositorto: raises $2 to $3
TheBraveGirl: folds 
Uncalled bet ($2) returned to Cositorto
Cositorto collected $2 from pot
Cositorto: doesn't show hand 
*** SUMMARY ***
Total pot $2 | Rake $0 
Seat 3: kars0n
Seat 4: domibroski
Seat 1: dreyko.01 folded before Flop (didn't bet)
Seat 2: ImaPeppaPig (button) folded before Flop (didn't bet)
Seat 5: Cositorto (small blind) collected ($2)
Seat 6: TheBraveGirl (big blind) folded before Flop



PokerStars Hand #254340157395:  Hold'em No Limit ($0.50/$1.00 USD) - 2025/01/12 21:54:14 WET [2025/01/12 16:54:14 ET]
Table 'Unuk II' 6-max Seat #5 is the button
Seat 3: kars0n ($100 in chips) is sitting out
Seat 4: domibroski ($0 in chips) is sitting out
Seat 1: dreyko.01 ($16.73 in chips) 
Seat 2: ImaPeppaPig ($100 in chips) 
Seat 5: Cositorto ($177.95 in chips) 
Seat 6: TheBraveGirl ($148.16 in chips) 
TheBraveGirl: posts small blind $0.50
dreyko.01: posts big blind $1
kars0n: sits out 
*** HOLE CARDS ***
ImaPeppaPig: raises $1.50 to $2.50
Cositorto: raises $5 to $7.50
TheBraveGirl: folds 
dreyko.01: folds 
ImaPeppaPig: folds 
Uncalled bet ($5) returned to Cositorto
Cositorto collected $6.50 from pot
Cositorto: doesn't show hand 
*** SUMMARY ***
Total pot $6.50 | Rake $0 
Seat 3: kars0n
Seat 4: domibroski
Seat 1: dreyko.01 (big blind) folded before Flop
Seat 2: ImaPeppaPig folded before Flop
Seat 5: Cositorto (button) collected ($6.50)
Seat 6: TheBraveGirl (small blind) folded before Flop



PokerStars Hand #254340167385:  Hold'em No Limit ($0.50/$1.00 USD) - 2025/01/12 21:54:39 WET [2025/01/12 16:54:39 ET]
Table 'Unuk II' 6-max Seat #6 is the button
Seat 3: kars0n ($100 in chips) is sitting out
Seat 4: domibroski ($0 in chips) is sitting out
Seat 1: dreyko.01 ($15.73 in chips) 
Seat 2: ImaPeppaPig ($100 in chips) 
Seat 5: Cositorto ($181.95 in chips) 
Seat 6: TheBraveGirl ($147.66 in chips) 
dreyko.01: posts small blind $0.50
ImaPeppaPig: posts big blind $1
kars0n: sits out 
*** HOLE CARDS ***
Cositorto: folds 
TheBraveGirl: raises $1 to $2
dreyko.01: folds 
ImaPeppaPig: folds 
Uncalled bet ($1) returned to TheBraveGirl
TheBraveGirl collected $2.50 from pot
TheBraveGirl: doesn't show hand 
*** SUMMARY ***
Total pot $2.50 | Rake $0 
Seat 3: kars0n
Seat 4: domibroski
Seat 1: dreyko.01 (small blind) folded before Flop
Seat 2: ImaPeppaPig (big blind) folded before Flop
Seat 5: Cositorto folded before Flop (didn't bet)
Seat 6: TheBraveGirl (button) collected ($2.50)



PokerStars Hand #254340173569:  Hold'em No Limit ($0.50/$1.00 USD) - 2025/01/12 21:54:56 WET [2025/01/12 16:54:56 ET]
Table 'Unuk II' 6-max Seat #1 is the button
Seat 4: domibroski ($0 in chips) is sitting out
Seat 1: dreyko.01 ($15.23 in chips) 
Seat 2: ImaPeppaPig ($100 in chips) 
Seat 3: kars0n ($100 in chips) 
Seat 5: Cositorto ($181.95 in chips) 
Seat 6: TheBraveGirl ($149.16 in chips) 
ImaPeppaPig: posts small blind $0.50
kars0n: posts big blind $1
*** HOLE CARDS ***
Cositorto: folds 
TheBraveGirl: folds 
dreyko.01: raises $3 to $4
ImaPeppaPig: folds 
kars0n: folds 
Uncalled bet ($3) returned to dreyko.01
dreyko.01 collected $2.50 from pot
dreyko.01: doesn't show hand 
*** SUMMARY ***
Total pot $2.50 | Rake $0 
Seat 4: domibroski
Seat 1: dreyko.01 (button) collected ($2.50)
Seat 2: ImaPeppaPig (small blind) folded before Flop
Seat 3: kars0n (big blind) folded before Flop
Seat 5: Cositorto folded before Flop (didn't bet)
Seat 6: TheBraveGirl folded before Flop (didn't bet)



PokerStars Hand #254340177918:  Hold'em No Limit ($0.50/$1.00 USD) - 2025/01/12 21:55:10 WET [2025/01/12 16:55:10 ET]
Table 'Unuk II' 6-max Seat #2 is the button
Seat 4: domibroski ($0 in chips) is sitting out
Seat 1: dreyko.01 ($16.73 in chips) 
Seat 2: ImaPeppaPig ($100 in chips) 
Seat 3: kars0n ($100 in chips) 
Seat 5: Cositorto ($181.95 in chips) 
Seat 6: TheBraveGirl ($149.16 in chips) 
kars0n: posts small blind $0.50
Cositorto: posts big blind $1
*** HOLE CARDS ***
TheBraveGirl: folds 
dreyko.01: raises $2 to $3
ImaPeppaPig: folds 
kars0n: folds 
Cositorto: folds 
Uncalled bet ($2) returned to dreyko.01
kars0n leaves the table
dreyko.01 collected $2.50 from pot
dreyko.01: doesn't show hand 
*** SUMMARY ***
Total pot $2.50 | Rake $0 
Seat 4: domibroski
Seat 1: dreyko.01 collected ($2.50)
Seat 2: ImaPeppaPig (button) folded before Flop (didn't bet)
Seat 3: kars0n (small blind) folded before Flop
Seat 5: Cositorto (big blind) folded before Flop
Seat 6: TheBraveGirl folded before Flop (didn't bet)



PokerStars Hand #254340185087:  Hold'em No Limit ($0.50/$1.00 USD) - 2025/01/12 21:55:41 WET [2025/01/12 16:55:41 ET]
Table 'Unuk II' 6-max Seat #5 is the button
Seat 4: domibroski ($0 in chips) is sitting out
Seat 1: dreyko.01 ($18.23 in chips) 
Seat 2: ImaPeppaPig ($100 in chips) 
Seat 5: Cositorto ($180.95 in chips) 
Seat 6: TheBraveGirl ($149.16 in chips) 
TheBraveGirl: posts small blind $0.50
dreyko.01: posts big blind $1
*** HOLE CARDS ***
ImaPeppaPig: raises $1.50 to $2.50
Cositorto: folds 
TheBraveGirl: folds 
dreyko.01: calls $1.50
*** FLOP *** [3s 4s 4h]
dreyko.01: checks 
ImaPeppaPig: bets $3.97
dreyko.01: calls $3.97
*** TURN *** [3s 4s 4h] [2d]
dreyko.01: checks 
ImaPeppaPig: bets $16.35
dreyko.01: calls $11.76 and is all-in
Uncalled bet ($4.59) returned to ImaPeppaPig
*** RIVER *** [3s 4s 4h 2d] [Ts]
*** SHOW DOWN ***
dreyko.01: shows [3d 6s] (two pair, Fours and Threes)
ImaPeppaPig: shows [8h 8d] (two pair, Eights and Fours)
ImaPeppaPig collected $35.96 from pot
*** SUMMARY ***
Total pot $36.96 | Rake $1 
Board [3s 4s 4h 2d Ts]
Seat 4: domibroski
Seat 1: dreyko.01 (big blind) showed [3d 6s] and lost with two pair, Fours and Threes
Seat 2: ImaPeppaPig showed [8h 8d] and won ($35.96) with two pair, Eights and Fours
Seat 5: Cositorto (button) folded before Flop (didn't bet)
Seat 6: TheBraveGirl (small blind) folded before Flop



PokerStars Hand #254340193721:  Hold'em No Limit ($0.50/$1.00 USD) - 2025/01/12 21:56:17 WET [2025/01/12 16:56:17 ET]
Table 'Unuk II' 6-max Seat #6 is the button
Seat 1: dreyko.01 ($0 in chips) is sitting out
Seat 4: domibroski ($0 in chips) is sitting out
Seat 2: ImaPeppaPig ($117.73 in chips) 
Seat 5: Cositorto ($180.95 in chips) 
Seat 6: TheBraveGirl ($148.66 in chips) 
ImaPeppaPig: posts small blind $0.50
Cositorto: posts big blind $1
*** HOLE CARDS ***
TheBraveGirl: folds 
ImaPeppaPig: folds 
Uncalled bet ($0.50) returned to Cositorto
dreyko.01 leaves the table
Cositorto collected $1 from pot
Cositorto: doesn't show hand 
*** SUMMARY ***
Total pot $1 | Rake $0 
Seat 1: dreyko.01
Seat 4: domibroski
Seat 2: ImaPeppaPig (small blind) folded before Flop
Seat 5: Cositorto (big blind) collected ($1)
Seat 6: TheBraveGirl (button) folded before Flop (didn't bet)



PokerStars Hand #254340196269:  Hold'em No Limit ($0.50/$1.00 USD) - 2025/01/12 21:56:28 WET [2025/01/12 16:56:28 ET]
Table 'Unuk II' 6-max Seat #2 is the button
Seat 4: domibroski ($0 in chips) is sitting out
Seat 2: ImaPeppaPig ($117.23 in chips) 
Seat 5: Cositorto ($181.45 in chips) 
Seat 6: TheBraveGirl ($148.66 in chips) 
Cositorto: posts small blind $0.50
TheBraveGirl: posts big blind $1
*** HOLE CARDS ***
ImaPeppaPig: raises $1.50 to $2.50
Cositorto: folds 
TheBraveGirl: calls $1.50
*** FLOP *** [5s 5d Ah]
TheBraveGirl: checks 
ImaPeppaPig: bets $1.62
TheBraveGirl: calls $1.62
*** TURN *** [5s 5d Ah] [Ts]
TheBraveGirl: checks 
ImaPeppaPig: checks 
*** RIVER *** [5s 5d Ah Ts] [6d]
TheBraveGirl: bets $2.32
ImaPeppaPig: folds 
Uncalled bet ($2.32) returned to TheBraveGirl
TheBraveGirl collected $8.30 from pot
TheBraveGirl: doesn't show hand 
*** SUMMARY ***
Total pot $8.74 | Rake $0.44 
Board [5s 5d Ah Ts 6d]
Seat 4: domibroski
Seat 2: ImaPeppaPig (button) folded on the River
Seat 5: Cositorto (small blind) folded before Flop
Seat 6: TheBraveGirl (big blind) collected ($8.30)



PokerStars Hand #254340204221:  Hold'em No Limit ($0.50/$1.00 USD) - 2025/01/12 21:57:02 WET [2025/01/12 16:57:02 ET]
Table 'Unuk II' 6-max Seat #5 is the button
Seat 4: domibroski ($0 in chips) is sitting out
Seat 2: ImaPeppaPig ($113.11 in chips) 
Seat 5: Cositorto ($180.95 in chips) 
Seat 6: TheBraveGirl ($152.84 in chips) 
TheBraveGirl: posts small blind $0.50
ImaPeppaPig: posts big blind $1
*** HOLE CARDS ***
Cositorto: raises $1.50 to $2.50
TheBraveGirl: folds 
ImaPeppaPig: folds 
Uncalled bet ($1.50) returned to Cositorto
Cositorto collected $2.50 from pot
Cositorto: doesn't show hand 
*** SUMMARY ***
Total pot $2.50 | Rake $0 
Seat 4: domibroski
Seat 2: ImaPeppaPig (big blind) folded before Flop
Seat 5: Cositorto (button) collected ($2.50)
Seat 6: TheBraveGirl (small blind) folded before Flop



PokerStars Hand #254340206739:  Hold'em No Limit ($0.50/$1.00 USD) - 2025/01/12 21:57:12 WET [2025/01/12 16:57:12 ET]
Table 'Unuk II' 6-max Seat #2 is the button
Seat 4: domibroski ($0 in chips) is sitting out
Seat 5: Cositorto ($182.45 in chips) is sitting out
Seat 2: ImaPeppaPig ($112.11 in chips) 
Seat 6: TheBraveGirl ($152.34 in chips) 
ImaPeppaPig: posts small blind $0.50
Cositorto: is sitting out 
TheBraveGirl: posts big blind $1
*** HOLE CARDS ***
ImaPeppaPig: raises $1.50 to $2.50
TheBraveGirl: folds 
Uncalled bet ($1.50) returned to ImaPeppaPig
ImaPeppaPig collected $2 from pot
ImaPeppaPig: doesn't show hand 
*** SUMMARY ***
Total pot $2 | Rake $0 
Seat 4: domibroski
Seat 5: Cositorto
Seat 2: ImaPeppaPig (button) (small blind) collected ($2)
Seat 6: TheBraveGirl (big blind) folded before Flop



PokerStars Hand #254340209208:  Hold'em No Limit ($0.50/$1.00 USD) - 2025/01/12 21:57:22 WET [2025/01/12 16:57:22 ET]
Table 'Unuk II' 6-max Seat #6 is the button
Seat 4: domibroski ($0 in chips) is sitting out
Seat 5: Cositorto ($182.45 in chips) is sitting out
Seat 2: ImaPeppaPig ($113.11 in chips) 
Seat 6: TheBraveGirl ($151.34 in chips) 
TheBraveGirl: posts small blind $0.50
ImaPeppaPig: posts big blind $1
*** HOLE CARDS ***
TheBraveGirl: folds 
Uncalled bet ($0.50) returned to ImaPeppaPig
Cositorto leaves the table
ImaPeppaPig collected $1 from pot
ImaPeppaPig: doesn't show hand 
*** SUMMARY ***
Total pot $1 | Rake $0 
Seat 4: domibroski
Seat 5: Cositorto
Seat 2: ImaPeppaPig (big blind) collected ($1)
Seat 6: TheBraveGirl (button) (small blind) folded before Flop



