PokerStars Hand #254332869724:  Hold'em No Limit ($0.50/$1.00 USD) - 2025/01/12 16:35:28 WET [2025/01/12 11:35:28 ET]
Table 'Sahlia II' 6-max Seat #5 is the button
Seat 4: app1e_j@ck ($100 in chips) is sitting out
Seat 1: Pitagaraga ($77.39 in chips) 
Seat 2: tintin641 ($117.52 in chips) 
Seat 3: nastja336 ($107.69 in chips) 
Seat 5: AlexPinsk1 ($100 in chips) 
Seat 6: VahTang_89 ($100 in chips) 
VahTang_89: posts small blind $0.50
Pitagaraga: posts big blind $1
app1e_j@ck: sits out 
*** HOLE CARDS ***
tintin641: raises $1.50 to $2.50
nastja336: folds 
AlexPinsk1: folds 
VahTang_89: folds 
Pitagaraga: calls $1.50
*** FLOP *** [Kd 5d Qc]
Pitagaraga: checks 
tintin641: bets $3.92
Pitagaraga: folds 
Uncalled bet ($3.92) returned to tintin641
tintin641 collected $5.22 from pot
tintin641: doesn't show hand 
*** SUMMARY ***
Total pot $5.50 | Rake $0.28 
Board [Kd 5d Qc]
Seat 4: app1e_j@ck
Seat 1: Pitagaraga (big blind) folded on the Flop
Seat 2: tintin641 collected ($5.22)
Seat 3: nastja336 folded before Flop (didn't bet)
Seat 5: AlexPinsk1 (button) folded before Flop (didn't bet)
Seat 6: VahTang_89 (small blind) folded before Flop



PokerStars Hand #254332880287:  Hold'em No Limit ($0.50/$1.00 USD) - 2025/01/12 16:36:03 WET [2025/01/12 11:36:03 ET]
Table 'Sahlia II' 6-max Seat #6 is the button
Seat 4: app1e_j@ck ($100 in chips) is sitting out
Seat 1: Pitagaraga ($74.89 in chips) 
Seat 2: tintin641 ($120.24 in chips) 
Seat 3: nastja336 ($107.69 in chips) 
Seat 5: AlexPinsk1 ($100 in chips) 
Seat 6: VahTang_89 ($100 in chips) 
Pitagaraga: posts small blind $0.50
tintin641: posts big blind $1
app1e_j@ck: sits out 
*** HOLE CARDS ***
nastja336: raises $1.50 to $2.50
AlexPinsk1: folds 
VahTang_89: folds 
Pitagaraga: folds 
tintin641: calls $1.50
*** FLOP *** [Jh Ac 8h]
tintin641: checks 
nastja336: bets $6.94
tintin641: folds 
Uncalled bet ($6.94) returned to nastja336
nastja336 collected $5.22 from pot
nastja336: doesn't show hand 
*** SUMMARY ***
Total pot $5.50 | Rake $0.28 
Board [Jh Ac 8h]
Seat 4: app1e_j@ck
Seat 1: Pitagaraga (small blind) folded before Flop
Seat 2: tintin641 (big blind) folded on the Flop
Seat 3: nastja336 collected ($5.22)
Seat 5: AlexPinsk1 folded before Flop (didn't bet)
Seat 6: VahTang_89 (button) folded before Flop (didn't bet)



PokerStars Hand #254332890984:  Hold'em No Limit ($0.50/$1.00 USD) - 2025/01/12 16:36:37 WET [2025/01/12 11:36:37 ET]
Table 'Sahlia II' 6-max Seat #1 is the button
Seat 4: app1e_j@ck ($100 in chips) is sitting out
Seat 1: Pitagaraga ($74.39 in chips) 
Seat 2: tintin641 ($117.74 in chips) 
Seat 3: nastja336 ($110.41 in chips) 
Seat 5: AlexPinsk1 ($100 in chips) 
Seat 6: VahTang_89 ($100 in chips) 
tintin641: posts small blind $0.50
nastja336: posts big blind $1
app1e_j@ck: sits out 
*** HOLE CARDS ***
AlexPinsk1: folds 
VahTang_89: folds 
Pitagaraga: folds 
tintin641: folds 
Uncalled bet ($0.50) returned to nastja336
nastja336 collected $1 from pot
nastja336: doesn't show hand 
*** SUMMARY ***
Total pot $1 | Rake $0 
Seat 4: app1e_j@ck
Seat 1: Pitagaraga (button) folded before Flop (didn't bet)
Seat 2: tintin641 (small blind) folded before Flop
Seat 3: nastja336 (big blind) collected ($1)
Seat 5: AlexPinsk1 folded before Flop (didn't bet)
Seat 6: VahTang_89 folded before Flop (didn't bet)



PokerStars Hand #254332894169:  Hold'em No Limit ($0.50/$1.00 USD) - 2025/01/12 16:36:47 WET [2025/01/12 11:36:47 ET]
Table 'Sahlia II' 6-max Seat #2 is the button
Seat 1: Pitagaraga ($74.39 in chips) 
Seat 2: tintin641 ($117.24 in chips) 
Seat 3: nastja336 ($110.91 in chips) 
Seat 4: app1e_j@ck ($100 in chips) 
Seat 5: AlexPinsk1 ($100 in chips) 
Seat 6: VahTang_89 ($100 in chips) 
nastja336: posts small blind $0.50
app1e_j@ck: posts big blind $1
*** HOLE CARDS ***
AlexPinsk1: folds 
VahTang_89: raises $1.20 to $2.20
Pitagaraga: folds 
tintin641: folds 
nastja336: folds 
app1e_j@ck: raises $10.30 to $12.50
VahTang_89: folds 
Uncalled bet ($10.30) returned to app1e_j@ck
app1e_j@ck collected $4.90 from pot
app1e_j@ck: doesn't show hand 
*** SUMMARY ***
Total pot $4.90 | Rake $0 
Seat 1: Pitagaraga folded before Flop (didn't bet)
Seat 2: tintin641 (button) folded before Flop (didn't bet)
Seat 3: nastja336 (small blind) folded before Flop
Seat 4: app1e_j@ck (big blind) collected ($4.90)
Seat 5: AlexPinsk1 folded before Flop (didn't bet)
Seat 6: VahTang_89 folded before Flop



PokerStars Hand #254332904453:  Hold'em No Limit ($0.50/$1.00 USD) - 2025/01/12 16:37:21 WET [2025/01/12 11:37:21 ET]
Table 'Sahlia II' 6-max Seat #3 is the button
Seat 1: Pitagaraga ($74.39 in chips) 
Seat 2: tintin641 ($117.24 in chips) 
Seat 3: nastja336 ($110.41 in chips) 
Seat 4: app1e_j@ck ($102.70 in chips) 
Seat 5: AlexPinsk1 ($100 in chips) 
Seat 6: VahTang_89 ($100 in chips) 
app1e_j@ck: posts small blind $0.50
AlexPinsk1: posts big blind $1
*** HOLE CARDS ***
VahTang_89: folds 
Pitagaraga: folds 
tintin641: folds 
nastja336: folds 
app1e_j@ck: raises $2 to $3
AlexPinsk1: raises $6 to $9
app1e_j@ck: folds 
Uncalled bet ($6) returned to AlexPinsk1
AlexPinsk1 collected $6 from pot
AlexPinsk1: doesn't show hand 
*** SUMMARY ***
Total pot $6 | Rake $0 
Seat 1: Pitagaraga folded before Flop (didn't bet)
Seat 2: tintin641 folded before Flop (didn't bet)
Seat 3: nastja336 (button) folded before Flop (didn't bet)
Seat 4: app1e_j@ck (small blind) folded before Flop
Seat 5: AlexPinsk1 (big blind) collected ($6)
Seat 6: VahTang_89 folded before Flop (didn't bet)



PokerStars Hand #254332916192:  Hold'em No Limit ($0.50/$1.00 USD) - 2025/01/12 16:37:59 WET [2025/01/12 11:37:59 ET]
Table 'Sahlia II' 6-max Seat #4 is the button
Seat 6: VahTang_89 ($100 in chips) is sitting out
Seat 1: Pitagaraga ($74.39 in chips) 
Seat 2: tintin641 ($117.24 in chips) 
Seat 3: nastja336 ($110.41 in chips) 
Seat 4: app1e_j@ck ($100 in chips) 
Seat 5: AlexPinsk1 ($103 in chips) 
AlexPinsk1: posts small blind $0.50
VahTang_89: is sitting out 
Pitagaraga: posts big blind $1
*** HOLE CARDS ***
VahTang_89 leaves the table
tintin641: raises $1.50 to $2.50
nastja336: folds 
app1e_j@ck: folds 
AlexPinsk1: folds 
Pitagaraga: calls $1.50
*** FLOP *** [Kc 5d 8s]
Pitagaraga: checks 
tintin641: bets $1.72
Pitagaraga: calls $1.72
*** TURN *** [Kc 5d 8s] [5c]
wladys09 joins the table at seat #6 
wladys09 is disconnected 
Pitagaraga: checks 
tintin641: bets $6.37
Pitagaraga: raises $6.37 to $12.74
tintin641: folds 
Uncalled bet ($6.37) returned to Pitagaraga
Pitagaraga collected $20.60 from pot
Pitagaraga: doesn't show hand 
*** SUMMARY ***
Total pot $21.68 | Rake $1.08 
Board [Kc 5d 8s 5c]
Seat 6: VahTang_89
Seat 1: Pitagaraga (big blind) collected ($20.60)
Seat 2: tintin641 folded on the Turn
Seat 3: nastja336 folded before Flop (didn't bet)
Seat 4: app1e_j@ck (button) folded before Flop (didn't bet)
Seat 5: AlexPinsk1 (small blind) folded before Flop



PokerStars Hand #254332939216:  Hold'em No Limit ($0.50/$1.00 USD) - 2025/01/12 16:39:13 WET [2025/01/12 11:39:13 ET]
Table 'Sahlia II' 6-max Seat #5 is the button
Seat 6: wladys09 ($100 in chips) is sitting out
Seat 1: Pitagaraga ($84.40 in chips) 
Seat 2: tintin641 ($106.65 in chips) 
Seat 3: nastja336 ($110.41 in chips) 
Seat 4: app1e_j@ck ($100 in chips) 
Seat 5: AlexPinsk1 ($102.50 in chips) 
Pitagaraga: posts small blind $0.50
tintin641: posts big blind $1
*** HOLE CARDS ***
nastja336: raises $1.50 to $2.50
app1e_j@ck: folds 
AlexPinsk1: folds 
Pitagaraga: folds 
tintin641: raises $10 to $12.50
nastja336: folds 
Uncalled bet ($10) returned to tintin641
tintin641 collected $5.50 from pot
tintin641: doesn't show hand 
*** SUMMARY ***
Total pot $5.50 | Rake $0 
Seat 6: wladys09
Seat 1: Pitagaraga (small blind) folded before Flop
Seat 2: tintin641 (big blind) collected ($5.50)
Seat 3: nastja336 folded before Flop
Seat 4: app1e_j@ck folded before Flop (didn't bet)
Seat 5: AlexPinsk1 (button) folded before Flop (didn't bet)



PokerStars Hand #254332949151:  Hold'em No Limit ($0.50/$1.00 USD) - 2025/01/12 16:39:45 WET [2025/01/12 11:39:45 ET]
Table 'Sahlia II' 6-max Seat #1 is the button
Seat 1: Pitagaraga ($83.90 in chips) 
Seat 2: tintin641 ($109.65 in chips) 
Seat 3: nastja336 ($107.91 in chips) 
Seat 4: app1e_j@ck ($100 in chips) 
Seat 5: AlexPinsk1 ($102.50 in chips) 
Seat 6: wladys09 ($100 in chips) 
tintin641: posts small blind $0.50
nastja336: posts big blind $1
wladys09: posts big blind $1
*** HOLE CARDS ***
app1e_j@ck: folds 
AlexPinsk1: folds 
wladys09: checks 
Pitagaraga: calls $1
tintin641: folds 
nastja336: checks 
*** FLOP *** [Ac 3h 2s]
nastja336: checks 
wladys09: bets $1.66
Pitagaraga: folds 
nastja336: folds 
Uncalled bet ($1.66) returned to wladys09
wladys09 collected $3.32 from pot
*** SUMMARY ***
Total pot $3.50 | Rake $0.18 
Board [Ac 3h 2s]
Seat 1: Pitagaraga (button) folded on the Flop
Seat 2: tintin641 (small blind) folded before Flop
Seat 3: nastja336 (big blind) folded on the Flop
Seat 4: app1e_j@ck folded before Flop (didn't bet)
Seat 5: AlexPinsk1 folded before Flop (didn't bet)
Seat 6: wladys09 collected ($3.32)



PokerStars Hand #254332962097:  Hold'em No Limit ($0.50/$1.00 USD) - 2025/01/12 16:40:27 WET [2025/01/12 11:40:27 ET]
Table 'Sahlia II' 6-max Seat #2 is the button
Seat 1: Pitagaraga ($82.90 in chips) 
Seat 2: tintin641 ($109.15 in chips) 
Seat 3: nastja336 ($106.91 in chips) 
Seat 4: app1e_j@ck ($100 in chips) 
Seat 5: AlexPinsk1 ($102.50 in chips) 
Seat 6: wladys09 ($102.32 in chips) 
nastja336: posts small blind $0.50
app1e_j@ck: posts big blind $1
*** HOLE CARDS ***
AlexPinsk1: folds 
wladys09: raises $1 to $2
Pitagaraga: folds 
tintin641: folds 
nastja336: raises $10 to $12
app1e_j@ck: raises $13 to $25
wladys09: folds 
nastja336: folds 
Uncalled bet ($13) returned to app1e_j@ck
app1e_j@ck collected $26 from pot
app1e_j@ck: doesn't show hand 
*** SUMMARY ***
Total pot $26 | Rake $0 
Seat 1: Pitagaraga folded before Flop (didn't bet)
Seat 2: tintin641 (button) folded before Flop (didn't bet)
Seat 3: nastja336 (small blind) folded before Flop
Seat 4: app1e_j@ck (big blind) collected ($26)
Seat 5: AlexPinsk1 folded before Flop (didn't bet)
Seat 6: wladys09 folded before Flop



PokerStars Hand #254332970396:  Hold'em No Limit ($0.50/$1.00 USD) - 2025/01/12 16:40:54 WET [2025/01/12 11:40:54 ET]
Table 'Sahlia II' 6-max Seat #3 is the button
Seat 1: Pitagaraga ($82.90 in chips) 
Seat 2: tintin641 ($109.15 in chips) 
Seat 3: nastja336 ($100 in chips) 
Seat 4: app1e_j@ck ($114 in chips) 
Seat 5: AlexPinsk1 ($102.50 in chips) 
Seat 6: wladys09 ($100.32 in chips) 
app1e_j@ck: posts small blind $0.50
AlexPinsk1: posts big blind $1
*** HOLE CARDS ***
wladys09: raises $1 to $2
Pitagaraga: folds 
tintin641: raises $5 to $7
nastja336: folds 
app1e_j@ck: folds 
AlexPinsk1: folds 
wladys09: calls $5
*** FLOP *** [Kc 7c 6s]
wladys09: bets $3
tintin641: calls $3
*** TURN *** [Kc 7c 6s] [Jc]
wladys09: checks 
tintin641: bets $10.21
wladys09: raises $80.11 to $90.32 and is all-in
tintin641: folds 
Uncalled bet ($80.11) returned to wladys09
wladys09 collected $39.82 from pot
*** SUMMARY ***
Total pot $41.92 | Rake $2.10 
Board [Kc 7c 6s Jc]
Seat 1: Pitagaraga folded before Flop (didn't bet)
Seat 2: tintin641 folded on the Turn
Seat 3: nastja336 (button) folded before Flop (didn't bet)
Seat 4: app1e_j@ck (small blind) folded before Flop
Seat 5: AlexPinsk1 (big blind) folded before Flop
Seat 6: wladys09 collected ($39.82)



PokerStars Hand #254332997146:  Hold'em No Limit ($0.50/$1.00 USD) - 2025/01/12 16:42:20 WET [2025/01/12 11:42:20 ET]
Table 'Sahlia II' 6-max Seat #4 is the button
Seat 1: Pitagaraga ($82.90 in chips) 
Seat 2: tintin641 ($100 in chips) 
Seat 3: nastja336 ($100 in chips) 
Seat 4: app1e_j@ck ($113.50 in chips) 
Seat 5: AlexPinsk1 ($101.50 in chips) 
Seat 6: wladys09 ($119.93 in chips) 
AlexPinsk1: posts small blind $0.50
wladys09: posts big blind $1
*** HOLE CARDS ***
Pitagaraga: folds 
tintin641: folds 
nastja336: folds 
app1e_j@ck: raises $1.50 to $2.50
AlexPinsk1: folds 
wladys09: calls $1.50
*** FLOP *** [Qs Jc Jd]
wladys09: checks 
app1e_j@ck: bets $1.72
wladys09: raises $4.33 to $6.05
app1e_j@ck: calls $4.33
*** TURN *** [Qs Jc Jd] [Ah]
wladys09: checks 
app1e_j@ck: checks 
*** RIVER *** [Qs Jc Jd Ah] [5h]
wladys09: bets $8.36
app1e_j@ck: folds 
Uncalled bet ($8.36) returned to wladys09
wladys09 collected $16.72 from pot
*** SUMMARY ***
Total pot $17.60 | Rake $0.88 
Board [Qs Jc Jd Ah 5h]
Seat 1: Pitagaraga folded before Flop (didn't bet)
Seat 2: tintin641 folded before Flop (didn't bet)
Seat 3: nastja336 folded before Flop (didn't bet)
Seat 4: app1e_j@ck (button) folded on the River
Seat 5: AlexPinsk1 (small blind) folded before Flop
Seat 6: wladys09 (big blind) collected ($16.72)



PokerStars Hand #254333017443:  Hold'em No Limit ($0.50/$1.00 USD) - 2025/01/12 16:43:25 WET [2025/01/12 11:43:25 ET]
Table 'Sahlia II' 6-max Seat #5 is the button
Seat 1: Pitagaraga ($82.90 in chips) 
Seat 2: tintin641 ($100 in chips) 
Seat 3: nastja336 ($100 in chips) 
Seat 4: app1e_j@ck ($104.95 in chips) 
Seat 5: AlexPinsk1 ($101 in chips) 
Seat 6: wladys09 ($128.10 in chips) 
wladys09: posts small blind $0.50
Pitagaraga: posts big blind $1
*** HOLE CARDS ***
tintin641: raises $1.50 to $2.50
nastja336: folds 
app1e_j@ck: folds 
AlexPinsk1: folds 
wladys09: folds 
Pitagaraga: calls $1.50
*** FLOP *** [Qh Jh 4c]
Pitagaraga: checks 
tintin641: bets $1.72
Pitagaraga: folds 
Uncalled bet ($1.72) returned to tintin641
tintin641 collected $5.22 from pot
tintin641: doesn't show hand 
*** SUMMARY ***
Total pot $5.50 | Rake $0.28 
Board [Qh Jh 4c]
Seat 1: Pitagaraga (big blind) folded on the Flop
Seat 2: tintin641 collected ($5.22)
Seat 3: nastja336 folded before Flop (didn't bet)
Seat 4: app1e_j@ck folded before Flop (didn't bet)
Seat 5: AlexPinsk1 (button) folded before Flop (didn't bet)
Seat 6: wladys09 (small blind) folded before Flop



PokerStars Hand #254333026748:  Hold'em No Limit ($0.50/$1.00 USD) - 2025/01/12 16:43:54 WET [2025/01/12 11:43:54 ET]
Table 'Sahlia II' 6-max Seat #6 is the button
Seat 1: Pitagaraga ($80.40 in chips) 
Seat 2: tintin641 ($102.72 in chips) 
Seat 3: nastja336 ($100 in chips) 
Seat 4: app1e_j@ck ($104.95 in chips) 
Seat 5: AlexPinsk1 ($101 in chips) 
Seat 6: wladys09 ($127.60 in chips) 
Pitagaraga: posts small blind $0.50
tintin641: posts big blind $1
*** HOLE CARDS ***
nastja336: folds 
app1e_j@ck: raises $1.50 to $2.50
AlexPinsk1: folds 
wladys09: folds 
Pitagaraga: folds 
tintin641: folds 
Uncalled bet ($1.50) returned to app1e_j@ck
app1e_j@ck collected $2.50 from pot
app1e_j@ck: doesn't show hand 
*** SUMMARY ***
Total pot $2.50 | Rake $0 
Seat 1: Pitagaraga (small blind) folded before Flop
Seat 2: tintin641 (big blind) folded before Flop
Seat 3: nastja336 folded before Flop (didn't bet)
Seat 4: app1e_j@ck collected ($2.50)
Seat 5: AlexPinsk1 folded before Flop (didn't bet)
Seat 6: wladys09 (button) folded before Flop (didn't bet)



PokerStars Hand #254333031360:  Hold'em No Limit ($0.50/$1.00 USD) - 2025/01/12 16:44:09 WET [2025/01/12 11:44:09 ET]
Table 'Sahlia II' 6-max Seat #1 is the button
Seat 1: Pitagaraga ($79.90 in chips) 
Seat 2: tintin641 ($101.72 in chips) 
Seat 3: nastja336 ($100 in chips) 
Seat 4: app1e_j@ck ($106.45 in chips) 
Seat 5: AlexPinsk1 ($101 in chips) 
Seat 6: wladys09 ($127.60 in chips) 
tintin641: posts small blind $0.50
nastja336: posts big blind $1
*** HOLE CARDS ***
app1e_j@ck: raises $1.50 to $2.50
AlexPinsk1: folds 
wladys09: folds 
Pitagaraga: folds 
tintin641: folds 
nastja336: folds 
Uncalled bet ($1.50) returned to app1e_j@ck
app1e_j@ck collected $2.50 from pot
app1e_j@ck: doesn't show hand 
*** SUMMARY ***
Total pot $2.50 | Rake $0 
Seat 1: Pitagaraga (button) folded before Flop (didn't bet)
Seat 2: tintin641 (small blind) folded before Flop
Seat 3: nastja336 (big blind) folded before Flop
Seat 4: app1e_j@ck collected ($2.50)
Seat 5: AlexPinsk1 folded before Flop (didn't bet)
Seat 6: wladys09 folded before Flop (didn't bet)



PokerStars Hand #254333036322:  Hold'em No Limit ($0.50/$1.00 USD) - 2025/01/12 16:44:25 WET [2025/01/12 11:44:25 ET]
Table 'Sahlia II' 6-max Seat #2 is the button
Seat 1: Pitagaraga ($79.90 in chips) 
Seat 2: tintin641 ($101.22 in chips) 
Seat 3: nastja336 ($100 in chips) 
Seat 4: app1e_j@ck ($107.95 in chips) 
Seat 5: AlexPinsk1 ($101 in chips) 
Seat 6: wladys09 ($127.60 in chips) 
nastja336: posts small blind $0.50
app1e_j@ck: posts big blind $1
*** HOLE CARDS ***
AlexPinsk1: folds 
wladys09: folds 
Pitagaraga: folds 
wladys09 leaves the table
tintin641: raises $1.50 to $2.50
nastja336: folds 
app1e_j@ck: folds 
Uncalled bet ($1.50) returned to tintin641
tintin641 collected $2.50 from pot
tintin641: doesn't show hand 
*** SUMMARY ***
Total pot $2.50 | Rake $0 
Seat 1: Pitagaraga folded before Flop (didn't bet)
Seat 2: tintin641 (button) collected ($2.50)
Seat 3: nastja336 (small blind) folded before Flop
Seat 4: app1e_j@ck (big blind) folded before Flop
Seat 5: AlexPinsk1 folded before Flop (didn't bet)
Seat 6: wladys09 folded before Flop (didn't bet)



PokerStars Hand #254333041983:  Hold'em No Limit ($0.50/$1.00 USD) - 2025/01/12 16:44:43 WET [2025/01/12 11:44:43 ET]
Table 'Sahlia II' 6-max Seat #3 is the button
Seat 1: Pitagaraga ($79.90 in chips) 
Seat 2: tintin641 ($102.72 in chips) 
Seat 3: nastja336 ($100 in chips) 
Seat 4: app1e_j@ck ($106.95 in chips) 
Seat 5: AlexPinsk1 ($101 in chips) 
app1e_j@ck: posts small blind $0.50
AlexPinsk1: posts big blind $1
*** HOLE CARDS ***
Pitagaraga: raises $2 to $3
tintin641: folds 
nastja336: folds 
app1e_j@ck: folds 
AlexPinsk1: calls $2
*** FLOP *** [5d 3c 9h]
AlexPinsk1: checks 
Pitagaraga: bets $3
AlexPinsk1: folds 
Uncalled bet ($3) returned to Pitagaraga
Pitagaraga collected $6.18 from pot
Pitagaraga: doesn't show hand 
*** SUMMARY ***
Total pot $6.50 | Rake $0.32 
Board [5d 3c 9h]
Seat 1: Pitagaraga collected ($6.18)
Seat 2: tintin641 folded before Flop (didn't bet)
Seat 3: nastja336 (button) folded before Flop (didn't bet)
Seat 4: app1e_j@ck (small blind) folded before Flop
Seat 5: AlexPinsk1 (big blind) folded on the Flop



PokerStars Hand #254333051663:  Hold'em No Limit ($0.50/$1.00 USD) - 2025/01/12 16:45:14 WET [2025/01/12 11:45:14 ET]
Table 'Sahlia II' 6-max Seat #4 is the button
Seat 1: Pitagaraga ($83.08 in chips) 
Seat 2: tintin641 ($102.72 in chips) 
Seat 3: nastja336 ($100 in chips) 
Seat 4: app1e_j@ck ($106.45 in chips) 
Seat 5: AlexPinsk1 ($100 in chips) 
AlexPinsk1: posts small blind $0.50
Pitagaraga: posts big blind $1
*** HOLE CARDS ***
coeeeelho joins the table at seat #6 
tintin641: folds 
nastja336: folds 
app1e_j@ck: folds 
AlexPinsk1: folds 
Uncalled bet ($0.50) returned to Pitagaraga
Pitagaraga collected $1 from pot
Pitagaraga: doesn't show hand 
*** SUMMARY ***
Total pot $1 | Rake $0 
Seat 1: Pitagaraga (big blind) collected ($1)
Seat 2: tintin641 folded before Flop (didn't bet)
Seat 3: nastja336 folded before Flop (didn't bet)
Seat 4: app1e_j@ck (button) folded before Flop (didn't bet)
Seat 5: AlexPinsk1 (small blind) folded before Flop



PokerStars Hand #254333054178:  Hold'em No Limit ($0.50/$1.00 USD) - 2025/01/12 16:45:22 WET [2025/01/12 11:45:22 ET]
Table 'Sahlia II' 6-max Seat #5 is the button
Seat 6: coeeeelho ($100 in chips) is sitting out
Seat 1: Pitagaraga ($83.58 in chips) 
Seat 2: tintin641 ($102.72 in chips) 
Seat 3: nastja336 ($100 in chips) 
Seat 4: app1e_j@ck ($106.45 in chips) 
Seat 5: AlexPinsk1 ($100 in chips) 
Pitagaraga: posts small blind $0.50
tintin641: posts big blind $1
*** HOLE CARDS ***
nastja336: folds 
app1e_j@ck: raises $1.50 to $2.50
AlexPinsk1: folds 
Pitagaraga: folds 
tintin641: calls $1.50
*** FLOP *** [Kc 8s Js]
tintin641: checks 
app1e_j@ck: checks 
*** TURN *** [Kc 8s Js] [2c]
tintin641: checks 
app1e_j@ck: bets $1.72
tintin641: calls $1.72
*** RIVER *** [Kc 8s Js 2c] [9s]
tintin641: bets $6.37
app1e_j@ck: raises $8.87 to $15.24
tintin641: folds 
Uncalled bet ($8.87) returned to app1e_j@ck
app1e_j@ck collected $20.60 from pot
app1e_j@ck: doesn't show hand 
*** SUMMARY ***
Total pot $21.68 | Rake $1.08 
Board [Kc 8s Js 2c 9s]
Seat 6: coeeeelho
Seat 1: Pitagaraga (small blind) folded before Flop
Seat 2: tintin641 (big blind) folded on the River
Seat 3: nastja336 folded before Flop (didn't bet)
Seat 4: app1e_j@ck collected ($20.60)
Seat 5: AlexPinsk1 (button) folded before Flop (didn't bet)



PokerStars Hand #254333082610:  Hold'em No Limit ($0.50/$1.00 USD) - 2025/01/12 16:46:53 WET [2025/01/12 11:46:53 ET]
Table 'Sahlia II' 6-max Seat #1 is the button
Seat 6: coeeeelho ($100 in chips) is sitting out
Seat 1: Pitagaraga ($83.08 in chips) 
Seat 2: tintin641 ($100 in chips) 
Seat 3: nastja336 ($100 in chips) 
Seat 4: app1e_j@ck ($116.46 in chips) 
Seat 5: AlexPinsk1 ($100 in chips) 
tintin641: posts small blind $0.50
nastja336: posts big blind $1
coeeeelho: sits out 
*** HOLE CARDS ***
app1e_j@ck: folds 
AlexPinsk1: folds 
Pitagaraga: folds 
tintin641: folds 
Uncalled bet ($0.50) returned to nastja336
nastja336 collected $1 from pot
nastja336: doesn't show hand 
*** SUMMARY ***
Total pot $1 | Rake $0 
Seat 6: coeeeelho
Seat 1: Pitagaraga (button) folded before Flop (didn't bet)
Seat 2: tintin641 (small blind) folded before Flop
Seat 3: nastja336 (big blind) collected ($1)
Seat 4: app1e_j@ck folded before Flop (didn't bet)
Seat 5: AlexPinsk1 folded before Flop (didn't bet)



PokerStars Hand #254333085661:  Hold'em No Limit ($0.50/$1.00 USD) - 2025/01/12 16:47:03 WET [2025/01/12 11:47:03 ET]
Table 'Sahlia II' 6-max Seat #2 is the button
Seat 6: coeeeelho ($100 in chips) is sitting out
Seat 1: Pitagaraga ($83.08 in chips) 
Seat 2: tintin641 ($100 in chips) 
Seat 3: nastja336 ($100.50 in chips) 
Seat 4: app1e_j@ck ($116.46 in chips) 
Seat 5: AlexPinsk1 ($100 in chips) 
nastja336: posts small blind $0.50
app1e_j@ck: posts big blind $1
coeeeelho: sits out 
*** HOLE CARDS ***
AlexPinsk1: folds 
Pitagaraga: folds 
tintin641: raises $1.50 to $2.50
nastja336: folds 
app1e_j@ck: folds 
Uncalled bet ($1.50) returned to tintin641
tintin641 collected $2.50 from pot
tintin641: doesn't show hand 
*** SUMMARY ***
Total pot $2.50 | Rake $0 
Seat 6: coeeeelho
Seat 1: Pitagaraga folded before Flop (didn't bet)
Seat 2: tintin641 (button) collected ($2.50)
Seat 3: nastja336 (small blind) folded before Flop
Seat 4: app1e_j@ck (big blind) folded before Flop
Seat 5: AlexPinsk1 folded before Flop (didn't bet)



PokerStars Hand #254333092404:  Hold'em No Limit ($0.50/$1.00 USD) - 2025/01/12 16:47:25 WET [2025/01/12 11:47:25 ET]
Table 'Sahlia II' 6-max Seat #3 is the button
Seat 6: coeeeelho ($100 in chips) is sitting out
Seat 1: Pitagaraga ($83.08 in chips) 
Seat 2: tintin641 ($101.50 in chips) 
Seat 3: nastja336 ($100 in chips) 
Seat 4: app1e_j@ck ($115.46 in chips) 
Seat 5: AlexPinsk1 ($100 in chips) 
app1e_j@ck: posts small blind $0.50
AlexPinsk1: posts big blind $1
coeeeelho: sits out 
*** HOLE CARDS ***
Pitagaraga: folds 
tintin641: folds 
nastja336: folds 
app1e_j@ck: folds 
Uncalled bet ($0.50) returned to AlexPinsk1
AlexPinsk1 collected $1 from pot
AlexPinsk1: doesn't show hand 
*** SUMMARY ***
Total pot $1 | Rake $0 
Seat 6: coeeeelho
Seat 1: Pitagaraga folded before Flop (didn't bet)
Seat 2: tintin641 folded before Flop (didn't bet)
Seat 3: nastja336 (button) folded before Flop (didn't bet)
Seat 4: app1e_j@ck (small blind) folded before Flop
Seat 5: AlexPinsk1 (big blind) collected ($1)



PokerStars Hand #254333099626:  Hold'em No Limit ($0.50/$1.00 USD) - 2025/01/12 16:47:48 WET [2025/01/12 11:47:48 ET]
Table 'Sahlia II' 6-max Seat #4 is the button
Seat 1: Pitagaraga ($83.08 in chips) 
Seat 2: tintin641 ($101.50 in chips) 
Seat 3: nastja336 ($100 in chips) 
Seat 4: app1e_j@ck ($114.96 in chips) 
Seat 5: AlexPinsk1 ($100.50 in chips) 
Seat 6: coeeeelho ($100 in chips) 
AlexPinsk1: posts small blind $0.50
coeeeelho: posts big blind $1
*** HOLE CARDS ***
Pitagaraga: folds 
tintin641: folds 
nastja336: folds 
nastja336 leaves the table
app1e_j@ck: folds 
AlexPinsk1: folds 
Uncalled bet ($0.50) returned to coeeeelho
coeeeelho collected $1 from pot
*** SUMMARY ***
Total pot $1 | Rake $0 
Seat 1: Pitagaraga folded before Flop (didn't bet)
Seat 2: tintin641 folded before Flop (didn't bet)
Seat 3: nastja336 folded before Flop (didn't bet)
Seat 4: app1e_j@ck (button) folded before Flop (didn't bet)
Seat 5: AlexPinsk1 (small blind) folded before Flop
Seat 6: coeeeelho (big blind) collected ($1)



PokerStars Hand #254333102919:  Hold'em No Limit ($0.50/$1.00 USD) - 2025/01/12 16:47:58 WET [2025/01/12 11:47:58 ET]
Table 'Sahlia II' 6-max Seat #5 is the button
Seat 1: Pitagaraga ($83.08 in chips) 
Seat 2: tintin641 ($101.50 in chips) 
Seat 4: app1e_j@ck ($114.96 in chips) 
Seat 5: AlexPinsk1 ($100 in chips) 
Seat 6: coeeeelho ($100.50 in chips) 
coeeeelho: posts small blind $0.50
Pitagaraga: posts big blind $1
*** HOLE CARDS ***
tintin641: raises $1.50 to $2.50
TheBraveGirl joins the table at seat #3 
app1e_j@ck: calls $2.50
AlexPinsk1: folds 
coeeeelho: folds 
Pitagaraga: calls $1.50
*** FLOP *** [9h 4d 5d]
Pitagaraga: checks 
tintin641: checks 
app1e_j@ck: checks 
*** TURN *** [9h 4d 5d] [8d]
Pitagaraga: bets $3.80
tintin641: folds 
app1e_j@ck: folds 
Uncalled bet ($3.80) returned to Pitagaraga
Pitagaraga collected $7.60 from pot
Pitagaraga: doesn't show hand 
*** SUMMARY ***
Total pot $8 | Rake $0.40 
Board [9h 4d 5d 8d]
Seat 1: Pitagaraga (big blind) collected ($7.60)
Seat 2: tintin641 folded on the Turn
Seat 4: app1e_j@ck folded on the Turn
Seat 5: AlexPinsk1 (button) folded before Flop (didn't bet)
Seat 6: coeeeelho (small blind) folded before Flop



PokerStars Hand #254333121115:  Hold'em No Limit ($0.50/$1.00 USD) - 2025/01/12 16:48:56 WET [2025/01/12 11:48:56 ET]
Table 'Sahlia II' 6-max Seat #6 is the button
Seat 3: TheBraveGirl ($100 in chips) is sitting out
Seat 1: Pitagaraga ($88.18 in chips) 
Seat 2: tintin641 ($100 in chips) 
Seat 4: app1e_j@ck ($112.46 in chips) 
Seat 5: AlexPinsk1 ($100 in chips) 
Seat 6: coeeeelho ($100 in chips) 
Pitagaraga: posts small blind $0.50
tintin641: posts big blind $1
TheBraveGirl: sits out 
*** HOLE CARDS ***
app1e_j@ck: raises $1.50 to $2.50
AlexPinsk1: folds 
coeeeelho: folds 
Pitagaraga: calls $2
tintin641: folds 
*** FLOP *** [4h 9c Kh]
Pitagaraga: checks 
app1e_j@ck: checks 
*** TURN *** [4h 9c Kh] [2h]
Pitagaraga: bets $2.85
app1e_j@ck: folds 
Uncalled bet ($2.85) returned to Pitagaraga
Pitagaraga collected $5.70 from pot
Pitagaraga: doesn't show hand 
*** SUMMARY ***
Total pot $6 | Rake $0.30 
Board [4h 9c Kh 2h]
Seat 3: TheBraveGirl
Seat 1: Pitagaraga (small blind) collected ($5.70)
Seat 2: tintin641 (big blind) folded before Flop
Seat 4: app1e_j@ck folded on the Turn
Seat 5: AlexPinsk1 folded before Flop (didn't bet)
Seat 6: coeeeelho (button) folded before Flop (didn't bet)



PokerStars Hand #254333130414:  Hold'em No Limit ($0.50/$1.00 USD) - 2025/01/12 16:49:26 WET [2025/01/12 11:49:26 ET]
Table 'Sahlia II' 6-max Seat #1 is the button
Seat 1: Pitagaraga ($91.38 in chips) 
Seat 2: tintin641 ($100 in chips) 
Seat 3: TheBraveGirl ($100 in chips) 
Seat 4: app1e_j@ck ($109.96 in chips) 
Seat 5: AlexPinsk1 ($100 in chips) 
Seat 6: coeeeelho ($100 in chips) 
tintin641: posts small blind $0.50
TheBraveGirl: posts big blind $1
*** HOLE CARDS ***
app1e_j@ck: folds 
AlexPinsk1: folds 
coeeeelho: folds 
Pitagaraga: raises $2 to $3
tintin641: folds 
TheBraveGirl: calls $2
*** FLOP *** [9h 2s 2c]
TheBraveGirl: checks 
Pitagaraga: bets $3
TheBraveGirl: raises $6.09 to $9.09
Pitagaraga: folds 
Uncalled bet ($6.09) returned to TheBraveGirl
TheBraveGirl collected $11.88 from pot
TheBraveGirl: doesn't show hand 
*** SUMMARY ***
Total pot $12.50 | Rake $0.62 
Board [9h 2s 2c]
Seat 1: Pitagaraga (button) folded on the Flop
Seat 2: tintin641 (small blind) folded before Flop
Seat 3: TheBraveGirl (big blind) collected ($11.88)
Seat 4: app1e_j@ck folded before Flop (didn't bet)
Seat 5: AlexPinsk1 folded before Flop (didn't bet)
Seat 6: coeeeelho folded before Flop (didn't bet)



PokerStars Hand #254333146200:  Hold'em No Limit ($0.50/$1.00 USD) - 2025/01/12 16:50:17 WET [2025/01/12 11:50:17 ET]
Table 'Sahlia II' 6-max Seat #2 is the button
Seat 1: Pitagaraga ($85.38 in chips) 
Seat 2: tintin641 ($100 in chips) 
Seat 3: TheBraveGirl ($105.88 in chips) 
Seat 4: app1e_j@ck ($109.96 in chips) 
Seat 5: AlexPinsk1 ($100 in chips) 
Seat 6: coeeeelho ($100 in chips) 
TheBraveGirl: posts small blind $0.50
app1e_j@ck: posts big blind $1
*** HOLE CARDS ***
AlexPinsk1: folds 
coeeeelho: folds 
Pitagaraga: folds 
tintin641: folds 
TheBraveGirl: raises $2 to $3
app1e_j@ck: raises $6 to $9
TheBraveGirl: folds 
Uncalled bet ($6) returned to app1e_j@ck
Pitagaraga is disconnected 
app1e_j@ck collected $6 from pot
app1e_j@ck: doesn't show hand 
*** SUMMARY ***
Total pot $6 | Rake $0 
Seat 1: Pitagaraga folded before Flop (didn't bet)
Seat 2: tintin641 (button) folded before Flop (didn't bet)
Seat 3: TheBraveGirl (small blind) folded before Flop
Seat 4: app1e_j@ck (big blind) collected ($6)
Seat 5: AlexPinsk1 folded before Flop (didn't bet)
Seat 6: coeeeelho folded before Flop (didn't bet)



PokerStars Hand #254333157330:  Hold'em No Limit ($0.50/$1.00 USD) - 2025/01/12 16:50:53 WET [2025/01/12 11:50:53 ET]
Table 'Sahlia II' 6-max Seat #3 is the button
Seat 1: Pitagaraga ($85.38 in chips) is sitting out
Seat 2: tintin641 ($100 in chips) 
Seat 3: TheBraveGirl ($102.88 in chips) 
Seat 4: app1e_j@ck ($112.96 in chips) 
Seat 5: AlexPinsk1 ($100 in chips) 
Seat 6: coeeeelho ($100 in chips) 
app1e_j@ck: posts small blind $0.50
AlexPinsk1: posts big blind $1
*** HOLE CARDS ***
coeeeelho: folds 
tintin641: raises $1.50 to $2.50
TheBraveGirl: folds 
app1e_j@ck: folds 
AlexPinsk1: calls $1.50
*** FLOP *** [Kh 9s 8c]
AlexPinsk1: checks 
tintin641: bets $1.72
AlexPinsk1: calls $1.72
*** TURN *** [Kh 9s 8c] [3d]
AlexPinsk1: checks 
tintin641: checks 
*** RIVER *** [Kh 9s 8c 3d] [Qs]
AlexPinsk1: checks 
tintin641: bets $6.37
AlexPinsk1: folds 
Uncalled bet ($6.37) returned to tintin641
tintin641 collected $8.49 from pot
tintin641: doesn't show hand 
*** SUMMARY ***
Total pot $8.94 | Rake $0.45 
Board [Kh 9s 8c 3d Qs]
Seat 1: Pitagaraga
Seat 2: tintin641 collected ($8.49)
Seat 3: TheBraveGirl (button) folded before Flop (didn't bet)
Seat 4: app1e_j@ck (small blind) folded before Flop
Seat 5: AlexPinsk1 (big blind) folded on the River
Seat 6: coeeeelho folded before Flop (didn't bet)



PokerStars Hand #254333184048:  Hold'em No Limit ($0.50/$1.00 USD) - 2025/01/12 16:52:17 WET [2025/01/12 11:52:17 ET]
Table 'Sahlia II' 6-max Seat #4 is the button
Seat 1: Pitagaraga ($85.38 in chips) is sitting out
Seat 6: coeeeelho ($100 in chips) is sitting out
Seat 2: tintin641 ($104.27 in chips) 
Seat 3: TheBraveGirl ($102.88 in chips) 
Seat 4: app1e_j@ck ($112.46 in chips) 
Seat 5: AlexPinsk1 ($100 in chips) 
AlexPinsk1: posts small blind $0.50
coeeeelho: is sitting out 
tintin641: posts big blind $1
*** HOLE CARDS ***
TheBraveGirl: folds 
app1e_j@ck: folds 
AlexPinsk1: folds 
Uncalled bet ($0.50) returned to tintin641
tintin641 collected $1 from pot
tintin641: doesn't show hand 
*** SUMMARY ***
Total pot $1 | Rake $0 
Seat 1: Pitagaraga
Seat 6: coeeeelho
Seat 2: tintin641 (big blind) collected ($1)
Seat 3: TheBraveGirl folded before Flop (didn't bet)
Seat 4: app1e_j@ck (button) folded before Flop (didn't bet)
Seat 5: AlexPinsk1 (small blind) folded before Flop



PokerStars Hand #254333186843:  Hold'em No Limit ($0.50/$1.00 USD) - 2025/01/12 16:52:26 WET [2025/01/12 11:52:26 ET]
Table 'Sahlia II' 6-max Seat #5 is the button
Seat 1: Pitagaraga ($85.38 in chips) is sitting out
Seat 6: coeeeelho ($100 in chips) is sitting out
Seat 2: tintin641 ($104.77 in chips) 
Seat 3: TheBraveGirl ($102.88 in chips) 
Seat 4: app1e_j@ck ($112.46 in chips) 
Seat 5: AlexPinsk1 ($100 in chips) 
tintin641: posts small blind $0.50
TheBraveGirl: posts big blind $1
*** HOLE CARDS ***
app1e_j@ck: raises $1.50 to $2.50
AlexPinsk1: folds 
tintin641: folds 
TheBraveGirl: calls $1.50
*** FLOP *** [5d Jd Kd]
TheBraveGirl: checks 
app1e_j@ck: checks 
*** TURN *** [5d Jd Kd] [Qc]
TheBraveGirl: bets $2.61
app1e_j@ck: calls $2.61
*** RIVER *** [5d Jd Kd Qc] [2s]
TheBraveGirl: bets $12.73
app1e_j@ck: calls $12.73
*** SHOW DOWN ***
TheBraveGirl: shows [Ts 9d] (a straight, Nine to King)
app1e_j@ck: mucks hand 
TheBraveGirl collected $35.18 from pot
*** SUMMARY ***
Total pot $36.18 | Rake $1 
Board [5d Jd Kd Qc 2s]
Seat 1: Pitagaraga
Seat 6: coeeeelho
Seat 2: tintin641 (small blind) folded before Flop
Seat 3: TheBraveGirl (big blind) showed [Ts 9d] and won ($35.18) with a straight, Nine to King
Seat 4: app1e_j@ck mucked
Seat 5: AlexPinsk1 (button) folded before Flop (didn't bet)



PokerStars Hand #254333207028:  Hold'em No Limit ($0.50/$1.00 USD) - 2025/01/12 16:53:31 WET [2025/01/12 11:53:31 ET]
Table 'Sahlia II' 6-max Seat #2 is the button
Seat 1: Pitagaraga ($85.38 in chips) is sitting out
Seat 6: coeeeelho ($100 in chips) is sitting out
Seat 2: tintin641 ($104.27 in chips) 
Seat 3: TheBraveGirl ($120.22 in chips) 
Seat 4: app1e_j@ck ($100 in chips) 
Seat 5: AlexPinsk1 ($100 in chips) 
TheBraveGirl: posts small blind $0.50
app1e_j@ck: posts big blind $1
*** HOLE CARDS ***
AlexPinsk1: folds 
tintin641: folds 
TheBraveGirl: folds 
Uncalled bet ($0.50) returned to app1e_j@ck
app1e_j@ck collected $1 from pot
app1e_j@ck: doesn't show hand 
*** SUMMARY ***
Total pot $1 | Rake $0 
Seat 1: Pitagaraga
Seat 6: coeeeelho
Seat 2: tintin641 (button) folded before Flop (didn't bet)
Seat 3: TheBraveGirl (small blind) folded before Flop
Seat 4: app1e_j@ck (big blind) collected ($1)
Seat 5: AlexPinsk1 folded before Flop (didn't bet)



PokerStars Hand #254333211857:  Hold'em No Limit ($0.50/$1.00 USD) - 2025/01/12 16:53:46 WET [2025/01/12 11:53:46 ET]
Table 'Sahlia II' 6-max Seat #3 is the button
Seat 1: Pitagaraga ($85.38 in chips) is sitting out
Seat 6: coeeeelho ($100 in chips) is sitting out
Seat 2: tintin641 ($104.27 in chips) 
Seat 3: TheBraveGirl ($119.72 in chips) 
Seat 4: app1e_j@ck ($100.50 in chips) 
Seat 5: AlexPinsk1 ($100 in chips) 
app1e_j@ck: posts small blind $0.50
AlexPinsk1: posts big blind $1
*** HOLE CARDS ***
tintin641: raises $1.50 to $2.50
TheBraveGirl: folds 
app1e_j@ck: folds 
AlexPinsk1: calls $1.50
*** FLOP *** [4s 2s 4h]
AlexPinsk1: checks 
tintin641: bets $1.72
AlexPinsk1: calls $1.72
*** TURN *** [4s 2s 4h] [Jd]
AlexPinsk1: checks 
tintin641: bets $6.37
AlexPinsk1: folds 
Uncalled bet ($6.37) returned to tintin641
tintin641 collected $8.49 from pot
tintin641: doesn't show hand 
*** SUMMARY ***
Total pot $8.94 | Rake $0.45 
Board [4s 2s 4h Jd]
Seat 1: Pitagaraga
Seat 6: coeeeelho
Seat 2: tintin641 collected ($8.49)
Seat 3: TheBraveGirl (button) folded before Flop (didn't bet)
Seat 4: app1e_j@ck (small blind) folded before Flop
Seat 5: AlexPinsk1 (big blind) folded on the Turn



PokerStars Hand #254333233463:  Hold'em No Limit ($0.50/$1.00 USD) - 2025/01/12 16:54:55 WET [2025/01/12 11:54:55 ET]
Table 'Sahlia II' 6-max Seat #4 is the button
Seat 1: Pitagaraga ($85.38 in chips) is sitting out
Seat 6: coeeeelho ($100 in chips) is sitting out
Seat 2: tintin641 ($108.54 in chips) 
Seat 3: TheBraveGirl ($119.72 in chips) 
Seat 4: app1e_j@ck ($100 in chips) 
Seat 5: AlexPinsk1 ($100 in chips) 
AlexPinsk1: posts small blind $0.50
tintin641: posts big blind $1
*** HOLE CARDS ***
TheBraveGirl: folds 
app1e_j@ck: raises $1.50 to $2.50
AlexPinsk1: folds 
tintin641: calls $1.50
*** FLOP *** [9h 6c 9d]
tintin641: checks 
app1e_j@ck: checks 
*** TURN *** [9h 6c 9d] [7h]
tintin641: checks 
app1e_j@ck: checks 
*** RIVER *** [9h 6c 9d 7h] [Qs]
tintin641: checks 
app1e_j@ck: checks 
*** SHOW DOWN ***
tintin641: shows [8d 8h] (two pair, Nines and Eights)
app1e_j@ck: mucks hand 
tintin641 collected $5.22 from pot
*** SUMMARY ***
Total pot $5.50 | Rake $0.28 
Board [9h 6c 9d 7h Qs]
Seat 1: Pitagaraga
Seat 6: coeeeelho
Seat 2: tintin641 (big blind) showed [8d 8h] and won ($5.22) with two pair, Nines and Eights
Seat 3: TheBraveGirl folded before Flop (didn't bet)
Seat 4: app1e_j@ck (button) mucked
Seat 5: AlexPinsk1 (small blind) folded before Flop



PokerStars Hand #254333249208:  Hold'em No Limit ($0.50/$1.00 USD) - 2025/01/12 16:56:11 WET [2025/01/12 11:56:11 ET]
Table 'Sahlia II' 6-max Seat #5 is the button
Seat 1: Pitagaraga ($85.38 in chips) is sitting out
Seat 3: TheBraveGirl ($119.72 in chips) is sitting out
Seat 6: coeeeelho ($100 in chips) is sitting out
Seat 2: tintin641 ($111.26 in chips) 
Seat 4: app1e_j@ck ($100 in chips) 
Seat 5: AlexPinsk1 ($100 in chips) 
tintin641: posts small blind $0.50
TheBraveGirl: is sitting out 
app1e_j@ck: posts big blind $1
*** HOLE CARDS ***
AlexPinsk1: raises $1.50 to $2.50
tintin641: folds 
app1e_j@ck: folds 
Uncalled bet ($1.50) returned to AlexPinsk1
AlexPinsk1 collected $2.50 from pot
AlexPinsk1: doesn't show hand 
*** SUMMARY ***
Total pot $2.50 | Rake $0 
Seat 1: Pitagaraga
Seat 3: TheBraveGirl
Seat 6: coeeeelho
Seat 2: tintin641 (small blind) folded before Flop
Seat 4: app1e_j@ck (big blind) folded before Flop
Seat 5: AlexPinsk1 (button) collected ($2.50)



PokerStars Hand #254333251333:  Hold'em No Limit ($0.50/$1.00 USD) - 2025/01/12 16:56:22 WET [2025/01/12 11:56:22 ET]
Table 'Sahlia II' 6-max Seat #2 is the button
Seat 1: Pitagaraga ($85.38 in chips) is sitting out
Seat 3: TheBraveGirl ($119.72 in chips) is sitting out
Seat 6: coeeeelho ($100 in chips) is sitting out
Seat 2: tintin641 ($110.76 in chips) 
Seat 4: app1e_j@ck ($100 in chips) 
Seat 5: AlexPinsk1 ($101.50 in chips) 
app1e_j@ck: posts small blind $0.50
AlexPinsk1: posts big blind $1
*** HOLE CARDS ***
tintin641: folds 
app1e_j@ck: folds 
Uncalled bet ($0.50) returned to AlexPinsk1
AlexPinsk1 collected $1 from pot
AlexPinsk1: doesn't show hand 
*** SUMMARY ***
Total pot $1 | Rake $0 
Seat 1: Pitagaraga
Seat 3: TheBraveGirl
Seat 6: coeeeelho
Seat 2: tintin641 (button) folded before Flop (didn't bet)
Seat 4: app1e_j@ck (small blind) folded before Flop
Seat 5: AlexPinsk1 (big blind) collected ($1)



PokerStars Hand #254333252725:  Hold'em No Limit ($0.50/$1.00 USD) - 2025/01/12 16:56:29 WET [2025/01/12 11:56:29 ET]
Table 'Sahlia II' 6-max Seat #4 is the button
Seat 1: Pitagaraga ($85.38 in chips) is sitting out
Seat 3: TheBraveGirl ($119.72 in chips) is sitting out
Seat 6: coeeeelho ($100 in chips) is sitting out
Seat 2: tintin641 ($110.76 in chips) 
Seat 4: app1e_j@ck ($100 in chips) 
Seat 5: AlexPinsk1 ($102 in chips) 
AlexPinsk1: posts small blind $0.50
tintin641: posts big blind $1
*** HOLE CARDS ***
app1e_j@ck: folds 
AlexPinsk1: folds 
Uncalled bet ($0.50) returned to tintin641
tintin641 collected $1 from pot
tintin641: doesn't show hand 
*** SUMMARY ***
Total pot $1 | Rake $0 
Seat 1: Pitagaraga
Seat 3: TheBraveGirl
Seat 6: coeeeelho
Seat 2: tintin641 (big blind) collected ($1)
Seat 4: app1e_j@ck (button) folded before Flop (didn't bet)
Seat 5: AlexPinsk1 (small blind) folded before Flop



PokerStars Hand #254333255582:  Hold'em No Limit ($0.50/$1.00 USD) - 2025/01/12 16:56:43 WET [2025/01/12 11:56:43 ET]
Table 'Sahlia II' 6-max Seat #2 is the button
Seat 1: Pitagaraga ($85.38 in chips) is sitting out
Seat 3: TheBraveGirl ($119.72 in chips) is sitting out
Seat 4: app1e_j@ck ($100 in chips) is sitting out
Seat 6: coeeeelho ($100 in chips) is sitting out
Seat 2: tintin641 ($111.26 in chips) 
Seat 5: AlexPinsk1 ($101.50 in chips) 
tintin641: posts small blind $0.50
app1e_j@ck: is sitting out 
AlexPinsk1: posts big blind $1
*** HOLE CARDS ***
TheBraveGirl leaves the table
tintin641: folds 
Uncalled bet ($0.50) returned to AlexPinsk1
app1e_j@ck leaves the table
AlexPinsk1 collected $1 from pot
Pitagaraga leaves the table
coeeeelho leaves the table
AlexPinsk1: doesn't show hand 
*** SUMMARY ***
Total pot $1 | Rake $0 
Seat 1: Pitagaraga
Seat 3: TheBraveGirl
Seat 4: app1e_j@ck
Seat 6: coeeeelho
Seat 2: tintin641 (button) (small blind) folded before Flop
Seat 5: AlexPinsk1 (big blind) collected ($1)



