PokerStars Hand #254340909031:  Hold'em No Limit ($0.50/$1.00 USD) - 2025/01/12 22:29:58 WET [2025/01/12 17:29:58 ET]
Table 'Fama III' 6-max Seat #5 is the button
Seat 3: nikalas22 ($100 in chips) is sitting out
Seat 1: ImaPeppaPig ($100 in chips) 
Seat 5: Becar_06 ($10 in chips) 
Becar_06: posts small blind $0.50
ImaPeppaPig: posts big blind $1
*** HOLE CARDS ***
Becar_06: folds 
Uncalled bet ($0.50) returned to ImaPeppaPig
ImaPeppaPig collected $1 from pot
ImaPeppaPig: doesn't show hand 
*** SUMMARY ***
Total pot $1 | Rake $0 
Seat 3: nikalas22
Seat 1: ImaPeppaPig (big blind) collected ($1)
Seat 5: Becar_06 (button) (small blind) folded before Flop



PokerStars Hand #254340912358:  Hold'em No Limit ($0.50/$1.00 USD) - 2025/01/12 22:30:08 WET [2025/01/12 17:30:08 ET]
Table 'Fama III' 6-max Seat #5 is the button
Seat 1: ImaPeppaPig ($100.50 in chips) 
Seat 3: nikalas22 ($100 in chips) 
Seat 5: Becar_06 ($10 in chips) 
ImaPeppaPig: posts small blind $0.50
nikalas22: posts big blind $1
*** HOLE CARDS ***
Becar_06: folds 
ImaPeppaPig: folds 
Uncalled bet ($0.50) returned to nikalas22
nikalas22 collected $1 from pot
nikalas22: doesn't show hand 
*** SUMMARY ***
Total pot $1 | Rake $0 
Seat 1: ImaPeppaPig (small blind) folded before Flop
Seat 3: nikalas22 (big blind) collected ($1)
Seat 5: Becar_06 (button) folded before Flop (didn't bet)



PokerStars Hand #254340914869:  Hold'em No Limit ($0.50/$1.00 USD) - 2025/01/12 22:30:15 WET [2025/01/12 17:30:15 ET]
Table 'Fama III' 6-max Seat #1 is the button
Seat 1: ImaPeppaPig ($100 in chips) 
Seat 3: nikalas22 ($100.50 in chips) 
Seat 5: Becar_06 ($10 in chips) 
nikalas22: posts small blind $0.50
Becar_06: posts big blind $1
*** HOLE CARDS ***
ImaPeppaPig: raises $1 to $2
nikalas22: folds 
Becar_06: calls $1
*** FLOP *** [Td 2s Qd]
Becar_06: checks 
ImaPeppaPig: bets $1.33
Becar_06: calls $1.33
*** TURN *** [Td 2s Qd] [Ac]
Becar_06: checks 
ImaPeppaPig: bets $8.70
Becar_06: folds 
Uncalled bet ($8.70) returned to ImaPeppaPig
ImaPeppaPig collected $6.80 from pot
ImaPeppaPig: doesn't show hand 
*** SUMMARY ***
Total pot $7.16 | Rake $0.36 
Board [Td 2s Qd Ac]
Seat 1: ImaPeppaPig (button) collected ($6.80)
Seat 3: nikalas22 (small blind) folded before Flop
Seat 5: Becar_06 (big blind) folded on the Turn



PokerStars Hand #254340930538:  Hold'em No Limit ($0.50/$1.00 USD) - 2025/01/12 22:30:59 WET [2025/01/12 17:30:59 ET]
Table 'Fama III' 6-max Seat #3 is the button
Seat 1: ImaPeppaPig ($103.47 in chips) 
Seat 3: nikalas22 ($100 in chips) 
Seat 5: Becar_06 ($10 in chips) 
Becar_06: posts small blind $0.50
ImaPeppaPig: posts big blind $1
*** HOLE CARDS ***
nikalas22: raises $1.50 to $2.50
Becar_06: raises $7.50 to $10 and is all-in
ImaPeppaPig: folds 
nikalas22: folds 
Uncalled bet ($7.50) returned to Becar_06
Becar_06 collected $6 from pot
*** SUMMARY ***
Total pot $6 | Rake $0 
Seat 1: ImaPeppaPig (big blind) folded before Flop
Seat 3: nikalas22 (button) folded before Flop
Seat 5: Becar_06 (small blind) collected ($6)



PokerStars Hand #254340938556:  Hold'em No Limit ($0.50/$1.00 USD) - 2025/01/12 22:31:21 WET [2025/01/12 17:31:21 ET]
Table 'Fama III' 6-max Seat #5 is the button
Seat 1: ImaPeppaPig ($102.47 in chips) 
Seat 3: nikalas22 ($100 in chips) 
Seat 5: Becar_06 ($13.50 in chips) 
ImaPeppaPig: posts small blind $0.50
nikalas22: posts big blind $1
*** HOLE CARDS ***
Becar_06: raises $1 to $2
ImaPeppaPig: folds 
nikalas22: folds 
Uncalled bet ($1) returned to Becar_06
Becar_06 collected $2.50 from pot
*** SUMMARY ***
Total pot $2.50 | Rake $0 
Seat 1: ImaPeppaPig (small blind) folded before Flop
Seat 3: nikalas22 (big blind) folded before Flop
Seat 5: Becar_06 (button) collected ($2.50)



PokerStars Hand #254340943143:  Hold'em No Limit ($0.50/$1.00 USD) - 2025/01/12 22:31:34 WET [2025/01/12 17:31:34 ET]
Table 'Fama III' 6-max Seat #1 is the button
Seat 1: ImaPeppaPig ($101.97 in chips) 
Seat 3: nikalas22 ($100 in chips) 
Seat 5: Becar_06 ($15 in chips) 
nikalas22: posts small blind $0.50
Becar_06: posts big blind $1
*** HOLE CARDS ***
ImaPeppaPig: folds 
nikalas22: raises $99 to $100 and is all-in
Becar_06: folds 
Uncalled bet ($99) returned to nikalas22
nikalas22 collected $2 from pot
nikalas22: doesn't show hand 
*** SUMMARY ***
Total pot $2 | Rake $0 
Seat 1: ImaPeppaPig (button) folded before Flop (didn't bet)
Seat 3: nikalas22 (small blind) collected ($2)
Seat 5: Becar_06 (big blind) folded before Flop



PokerStars Hand #254340951589:  Hold'em No Limit ($0.50/$1.00 USD) - 2025/01/12 22:31:58 WET [2025/01/12 17:31:58 ET]
Table 'Fama III' 6-max Seat #3 is the button
Seat 1: ImaPeppaPig ($101.97 in chips) 
Seat 3: nikalas22 ($101 in chips) 
Seat 5: Becar_06 ($14 in chips) 
Becar_06: posts small blind $0.50
ImaPeppaPig: posts big blind $1
*** HOLE CARDS ***
nikalas22: raises $1.50 to $2.50
Becar_06: folds 
ImaPeppaPig: raises $9.50 to $12
nikalas22: calls $9.50
*** FLOP *** [Qd 9c Kc]
ImaPeppaPig: checks 
nikalas22: checks 
*** TURN *** [Qd 9c Kc] [2s]
ImaPeppaPig: checks 
nikalas22: checks 
*** RIVER *** [Qd 9c Kc 2s] [5h]
ImaPeppaPig: checks 
nikalas22: checks 
*** SHOW DOWN ***
ImaPeppaPig: shows [Js Jd] (a pair of Jacks)
nikalas22: mucks hand 
ImaPeppaPig collected $23.50 from pot
*** SUMMARY ***
Total pot $24.50 | Rake $1 
Board [Qd 9c Kc 2s 5h]
Seat 1: ImaPeppaPig (big blind) showed [Js Jd] and won ($23.50) with a pair of Jacks
Seat 3: nikalas22 (button) mucked
Seat 5: Becar_06 (small blind) folded before Flop



PokerStars Hand #254340964398:  Hold'em No Limit ($0.50/$1.00 USD) - 2025/01/12 22:32:34 WET [2025/01/12 17:32:34 ET]
Table 'Fama III' 6-max Seat #5 is the button
Seat 1: ImaPeppaPig ($113.47 in chips) 
Seat 3: nikalas22 ($100 in chips) 
Seat 5: Becar_06 ($13.50 in chips) 
ImaPeppaPig: posts small blind $0.50
nikalas22: posts big blind $1
*** HOLE CARDS ***
Becar_06: folds 
ImaPeppaPig: folds 
Uncalled bet ($0.50) returned to nikalas22
nikalas22 collected $1 from pot
nikalas22: doesn't show hand 
*** SUMMARY ***
Total pot $1 | Rake $0 
Seat 1: ImaPeppaPig (small blind) folded before Flop
Seat 3: nikalas22 (big blind) collected ($1)
Seat 5: Becar_06 (button) folded before Flop (didn't bet)



PokerStars Hand #254340967095:  Hold'em No Limit ($0.50/$1.00 USD) - 2025/01/12 22:32:42 WET [2025/01/12 17:32:42 ET]
Table 'Fama III' 6-max Seat #1 is the button
Seat 1: ImaPeppaPig ($112.97 in chips) 
Seat 3: nikalas22 ($100.50 in chips) 
Seat 5: Becar_06 ($13.50 in chips) 
nikalas22: posts small blind $0.50
Becar_06: posts big blind $1
*** HOLE CARDS ***
ImaPeppaPig: raises $1 to $2
nikalas22: folds 
Becar_06: raises $11.50 to $13.50 and is all-in
ImaPeppaPig: folds 
Uncalled bet ($11.50) returned to Becar_06
Becar_06 collected $4.50 from pot
*** SUMMARY ***
Total pot $4.50 | Rake $0 
Seat 1: ImaPeppaPig (button) folded before Flop
Seat 3: nikalas22 (small blind) folded before Flop
Seat 5: Becar_06 (big blind) collected ($4.50)



PokerStars Hand #254340972843:  Hold'em No Limit ($0.50/$1.00 USD) - 2025/01/12 22:32:58 WET [2025/01/12 17:32:58 ET]
Table 'Fama III' 6-max Seat #3 is the button
Seat 1: ImaPeppaPig ($110.97 in chips) 
Seat 3: nikalas22 ($100 in chips) 
Seat 5: Becar_06 ($16 in chips) 
Becar_06: posts small blind $0.50
ImaPeppaPig: posts big blind $1
*** HOLE CARDS ***
nikalas22: folds 
Becar_06: folds 
Uncalled bet ($0.50) returned to ImaPeppaPig
ImaPeppaPig collected $1 from pot
ImaPeppaPig: doesn't show hand 
*** SUMMARY ***
Total pot $1 | Rake $0 
Seat 1: ImaPeppaPig (big blind) collected ($1)
Seat 3: nikalas22 (button) folded before Flop (didn't bet)
Seat 5: Becar_06 (small blind) folded before Flop



PokerStars Hand #254340975770:  Hold'em No Limit ($0.50/$1.00 USD) - 2025/01/12 22:33:06 WET [2025/01/12 17:33:06 ET]
Table 'Fama III' 6-max Seat #5 is the button
Seat 1: ImaPeppaPig ($111.47 in chips) 
Seat 3: nikalas22 ($100 in chips) 
Seat 5: Becar_06 ($15.50 in chips) 
ImaPeppaPig: posts small blind $0.50
nikalas22: posts big blind $1
*** HOLE CARDS ***
Becar_06: folds 
ImaPeppaPig: raises $2 to $3
nikalas22: calls $2
*** FLOP *** [7h Qc 4s]
ImaPeppaPig: checks 
nikalas22: checks 
*** TURN *** [7h Qc 4s] [3d]
ImaPeppaPig: bets $4.33
nikalas22: folds 
Uncalled bet ($4.33) returned to ImaPeppaPig
ImaPeppaPig collected $5.70 from pot
ImaPeppaPig: doesn't show hand 
*** SUMMARY ***
Total pot $6 | Rake $0.30 
Board [7h Qc 4s 3d]
Seat 1: ImaPeppaPig (small blind) collected ($5.70)
Seat 3: nikalas22 (big blind) folded on the Turn
Seat 5: Becar_06 (button) folded before Flop (didn't bet)



PokerStars Hand #254340985351:  Hold'em No Limit ($0.50/$1.00 USD) - 2025/01/12 22:33:33 WET [2025/01/12 17:33:33 ET]
Table 'Fama III' 6-max Seat #1 is the button
Seat 1: ImaPeppaPig ($114.17 in chips) 
Seat 3: nikalas22 ($100 in chips) 
Seat 5: Becar_06 ($15.50 in chips) 
nikalas22: posts small blind $0.50
Becar_06: posts big blind $1
*** HOLE CARDS ***
ImaPeppaPig: folds 
nikalas22: folds 
Uncalled bet ($0.50) returned to Becar_06
Becar_06 collected $1 from pot
*** SUMMARY ***
Total pot $1 | Rake $0 
Seat 1: ImaPeppaPig (button) folded before Flop (didn't bet)
Seat 3: nikalas22 (small blind) folded before Flop
Seat 5: Becar_06 (big blind) collected ($1)



PokerStars Hand #254340988927:  Hold'em No Limit ($0.50/$1.00 USD) - 2025/01/12 22:33:43 WET [2025/01/12 17:33:43 ET]
Table 'Fama III' 6-max Seat #3 is the button
Seat 1: ImaPeppaPig ($114.17 in chips) 
Seat 3: nikalas22 ($100 in chips) 
Seat 5: Becar_06 ($16 in chips) 
Becar_06: posts small blind $0.50
ImaPeppaPig: posts big blind $1
*** HOLE CARDS ***
nikalas22: raises $1.50 to $2.50
Becar_06: folds 
ImaPeppaPig: folds 
Uncalled bet ($1.50) returned to nikalas22
nikalas22 collected $2.50 from pot
nikalas22: doesn't show hand 
*** SUMMARY ***
Total pot $2.50 | Rake $0 
Seat 1: ImaPeppaPig (big blind) folded before Flop
Seat 3: nikalas22 (button) collected ($2.50)
Seat 5: Becar_06 (small blind) folded before Flop



PokerStars Hand #254340993999:  Hold'em No Limit ($0.50/$1.00 USD) - 2025/01/12 22:33:57 WET [2025/01/12 17:33:57 ET]
Table 'Fama III' 6-max Seat #5 is the button
Seat 1: ImaPeppaPig ($113.17 in chips) 
Seat 3: nikalas22 ($101.50 in chips) 
Seat 5: Becar_06 ($15.50 in chips) 
ImaPeppaPig: posts small blind $0.50
nikalas22: posts big blind $1
*** HOLE CARDS ***
Becar_06: folds 
ImaPeppaPig: folds 
Uncalled bet ($0.50) returned to nikalas22
nikalas22 collected $1 from pot
nikalas22: doesn't show hand 
*** SUMMARY ***
Total pot $1 | Rake $0 
Seat 1: ImaPeppaPig (small blind) folded before Flop
Seat 3: nikalas22 (big blind) collected ($1)
Seat 5: Becar_06 (button) folded before Flop (didn't bet)



PokerStars Hand #254340997509:  Hold'em No Limit ($0.50/$1.00 USD) - 2025/01/12 22:34:07 WET [2025/01/12 17:34:07 ET]
Table 'Fama III' 6-max Seat #1 is the button
Seat 1: ImaPeppaPig ($112.67 in chips) 
Seat 3: nikalas22 ($102 in chips) 
Seat 5: Becar_06 ($15.50 in chips) 
nikalas22: posts small blind $0.50
Becar_06: posts big blind $1
*** HOLE CARDS ***
ImaPeppaPig: folds 
nikalas22: folds 
Uncalled bet ($0.50) returned to Becar_06
Becar_06 collected $1 from pot
*** SUMMARY ***
Total pot $1 | Rake $0 
Seat 1: ImaPeppaPig (button) folded before Flop (didn't bet)
Seat 3: nikalas22 (small blind) folded before Flop
Seat 5: Becar_06 (big blind) collected ($1)



PokerStars Hand #254341000483:  Hold'em No Limit ($0.50/$1.00 USD) - 2025/01/12 22:34:15 WET [2025/01/12 17:34:15 ET]
Table 'Fama III' 6-max Seat #3 is the button
Seat 1: ImaPeppaPig ($112.67 in chips) 
Seat 3: nikalas22 ($101.50 in chips) 
Seat 5: Becar_06 ($16 in chips) 
Becar_06: posts small blind $0.50
ImaPeppaPig: posts big blind $1
*** HOLE CARDS ***
nikalas22: folds 
85BB joins the table at seat #6 
Becar_06: folds 
Uncalled bet ($0.50) returned to ImaPeppaPig
ImaPeppaPig collected $1 from pot
ImaPeppaPig: doesn't show hand 
value_ftw joins the table at seat #2 
*** SUMMARY ***
Total pot $1 | Rake $0 
Seat 1: ImaPeppaPig (big blind) collected ($1)
Seat 3: nikalas22 (button) folded before Flop (didn't bet)
Seat 5: Becar_06 (small blind) folded before Flop



PokerStars Hand #254341006433:  Hold'em No Limit ($0.50/$1.00 USD) - 2025/01/12 22:34:32 WET [2025/01/12 17:34:32 ET]
Table 'Fama III' 6-max Seat #5 is the button
Seat 6: 85BB ($13 in chips) is sitting out
Seat 1: ImaPeppaPig ($113.17 in chips) 
Seat 2: value_ftw ($100 in chips) 
Seat 3: nikalas22 ($101.50 in chips) 
Seat 5: Becar_06 ($15.50 in chips) 
ImaPeppaPig: posts small blind $0.50
value_ftw: posts big blind $1
*** HOLE CARDS ***
MaRKiToScoK joins the table at seat #4 
nikalas22: folds 
Becar_06: folds 
ImaPeppaPig: raises $2 to $3
value_ftw: calls $2
*** FLOP *** [6s Ah Tc]
ImaPeppaPig: checks 
value_ftw: checks 
*** TURN *** [6s Ah Tc] [Ts]
ImaPeppaPig: checks 
value_ftw: checks 
*** RIVER *** [6s Ah Tc Ts] [3h]
ImaPeppaPig: checks 
value_ftw: bets $4.28
ImaPeppaPig: folds 
Uncalled bet ($4.28) returned to value_ftw
value_ftw collected $5.70 from pot
value_ftw: doesn't show hand 
*** SUMMARY ***
Total pot $6 | Rake $0.30 
Board [6s Ah Tc Ts 3h]
Seat 6: 85BB
Seat 1: ImaPeppaPig (small blind) folded on the River
Seat 2: value_ftw (big blind) collected ($5.70)
Seat 3: nikalas22 folded before Flop (didn't bet)
Seat 5: Becar_06 (button) folded before Flop (didn't bet)



PokerStars Hand #254341028366:  Hold'em No Limit ($0.50/$1.00 USD) - 2025/01/12 22:35:34 WET [2025/01/12 17:35:34 ET]
Table 'Fama III' 6-max Seat #1 is the button
Seat 4: MaRKiToScoK ($100 in chips) is sitting out
Seat 1: ImaPeppaPig ($110.17 in chips) 
Seat 2: value_ftw ($102.70 in chips) 
Seat 3: nikalas22 ($101.50 in chips) 
Seat 5: Becar_06 ($15.50 in chips) 
Seat 6: 85BB ($13 in chips) 
value_ftw: posts small blind $0.50
nikalas22: posts big blind $1
MaRKiToScoK: sits out 
85BB: posts big blind $1
*** HOLE CARDS ***
Becar_06: folds 
85BB: raises $1 to $2
ImaPeppaPig: folds 
value_ftw: folds 
nikalas22: calls $1
*** FLOP *** [Kh 7h 5c]
nikalas22: checks 
85BB: bets $1
nikalas22: folds 
Uncalled bet ($1) returned to 85BB
85BB collected $4.28 from pot
85BB: doesn't show hand 
*** SUMMARY ***
Total pot $4.50 | Rake $0.22 
Board [Kh 7h 5c]
Seat 4: MaRKiToScoK
Seat 1: ImaPeppaPig (button) folded before Flop (didn't bet)
Seat 2: value_ftw (small blind) folded before Flop
Seat 3: nikalas22 (big blind) folded on the Flop
Seat 5: Becar_06 folded before Flop (didn't bet)
Seat 6: 85BB collected ($4.28)



PokerStars Hand #254341039813:  Hold'em No Limit ($0.50/$1.00 USD) - 2025/01/12 22:36:07 WET [2025/01/12 17:36:07 ET]
Table 'Fama III' 6-max Seat #2 is the button
Seat 1: ImaPeppaPig ($110.17 in chips) 
Seat 2: value_ftw ($102.20 in chips) 
Seat 3: nikalas22 ($100 in chips) 
Seat 4: MaRKiToScoK ($100 in chips) 
Seat 5: Becar_06 ($15.50 in chips) 
Seat 6: 85BB ($15.28 in chips) 
nikalas22: posts small blind $0.50
MaRKiToScoK: posts big blind $1
*** HOLE CARDS ***
Becar_06: folds 
85BB: folds 
ImaPeppaPig: folds 
value_ftw: raises $1.50 to $2.50
nikalas22: folds 
MaRKiToScoK: raises $9.50 to $12
value_ftw: folds 
Uncalled bet ($9.50) returned to MaRKiToScoK
MaRKiToScoK collected $5.50 from pot
*** SUMMARY ***
Total pot $5.50 | Rake $0 
Seat 1: ImaPeppaPig folded before Flop (didn't bet)
Seat 2: value_ftw (button) folded before Flop
Seat 3: nikalas22 (small blind) folded before Flop
Seat 4: MaRKiToScoK (big blind) collected ($5.50)
Seat 5: Becar_06 folded before Flop (didn't bet)
Seat 6: 85BB folded before Flop (didn't bet)



PokerStars Hand #254341048799:  Hold'em No Limit ($0.50/$1.00 USD) - 2025/01/12 22:36:32 WET [2025/01/12 17:36:32 ET]
Table 'Fama III' 6-max Seat #3 is the button
Seat 1: ImaPeppaPig ($110.17 in chips) 
Seat 2: value_ftw ($100 in chips) 
Seat 3: nikalas22 ($100 in chips) 
Seat 4: MaRKiToScoK ($103 in chips) 
Seat 5: Becar_06 ($15.50 in chips) 
Seat 6: 85BB ($15.28 in chips) 
MaRKiToScoK: posts small blind $0.50
Becar_06: posts big blind $1
*** HOLE CARDS ***
85BB: calls $1
ImaPeppaPig: raises $2 to $3
value_ftw: folds 
nikalas22: folds 
MaRKiToScoK: calls $2.50
Becar_06: folds 
85BB: folds 
*** FLOP *** [Ad 4s 6d]
MaRKiToScoK: checks 
ImaPeppaPig: bets $2.20
MaRKiToScoK: calls $2.20
*** TURN *** [Ad 4s 6d] [4d]
MaRKiToScoK: checks 
ImaPeppaPig: bets $6.13
MaRKiToScoK: folds 
Uncalled bet ($6.13) returned to ImaPeppaPig
ImaPeppaPig collected $11.78 from pot
ImaPeppaPig: doesn't show hand 
*** SUMMARY ***
Total pot $12.40 | Rake $0.62 
Board [Ad 4s 6d 4d]
Seat 1: ImaPeppaPig collected ($11.78)
Seat 2: value_ftw folded before Flop (didn't bet)
Seat 3: nikalas22 (button) folded before Flop (didn't bet)
Seat 4: MaRKiToScoK (small blind) folded on the Turn
Seat 5: Becar_06 (big blind) folded before Flop
Seat 6: 85BB folded before Flop



PokerStars Hand #254341084811:  Hold'em No Limit ($0.50/$1.00 USD) - 2025/01/12 22:38:15 WET [2025/01/12 17:38:15 ET]
Table 'Fama III' 6-max Seat #4 is the button
Seat 1: ImaPeppaPig ($116.75 in chips) 
Seat 2: value_ftw ($100 in chips) 
Seat 3: nikalas22 ($100 in chips) 
Seat 4: MaRKiToScoK ($100 in chips) 
Seat 5: Becar_06 ($14.50 in chips) 
Seat 6: 85BB ($14.28 in chips) 
Becar_06: posts small blind $0.50
85BB: posts big blind $1
*** HOLE CARDS ***
ImaPeppaPig: folds 
value_ftw: folds 
nikalas22: raises $1.50 to $2.50
MaRKiToScoK: folds 
Becar_06: raises $12 to $14.50 and is all-in
85BB: folds 
nikalas22: calls $12
*** FLOP *** [3c 9d Jd]
*** TURN *** [3c 9d Jd] [Qh]
*** RIVER *** [3c 9d Jd Qh] [4h]
*** SHOW DOWN ***
Becar_06: shows [Kc Qs] (a pair of Queens)
nikalas22: shows [Qd Qc] (three of a kind, Queens)
nikalas22 collected $28.50 from pot
*** SUMMARY ***
Total pot $30 | Rake $1.50 
Board [3c 9d Jd Qh 4h]
Seat 1: ImaPeppaPig folded before Flop (didn't bet)
Seat 2: value_ftw folded before Flop (didn't bet)
Seat 3: nikalas22 showed [Qd Qc] and won ($28.50) with three of a kind, Queens
Seat 4: MaRKiToScoK (button) folded before Flop (didn't bet)
Seat 5: Becar_06 (small blind) showed [Kc Qs] and lost with a pair of Queens
Seat 6: 85BB (big blind) folded before Flop



PokerStars Hand #254341096377:  Hold'em No Limit ($0.50/$1.00 USD) - 2025/01/12 22:38:48 WET [2025/01/12 17:38:48 ET]
Table 'Fama III' 6-max Seat #5 is the button
Seat 1: ImaPeppaPig ($116.75 in chips) 
Seat 2: value_ftw ($100 in chips) 
Seat 3: nikalas22 ($114 in chips) 
Seat 4: MaRKiToScoK ($100 in chips) 
Seat 5: Becar_06 ($10 in chips) 
Seat 6: 85BB ($13.28 in chips) 
85BB: posts small blind $0.50
ImaPeppaPig: posts big blind $1
*** HOLE CARDS ***
value_ftw: folds 
nikalas22: folds 
MaRKiToScoK: folds 
Becar_06: folds 
85BB: calls $0.50
ImaPeppaPig: checks 
*** FLOP *** [7h 3s 6h]
85BB: bets $1
ImaPeppaPig: folds 
Uncalled bet ($1) returned to 85BB
85BB collected $1.90 from pot
85BB: doesn't show hand 
*** SUMMARY ***
Total pot $2 | Rake $0.10 
Board [7h 3s 6h]
Seat 1: ImaPeppaPig (big blind) folded on the Flop
Seat 2: value_ftw folded before Flop (didn't bet)
Seat 3: nikalas22 folded before Flop (didn't bet)
Seat 4: MaRKiToScoK folded before Flop (didn't bet)
Seat 5: Becar_06 (button) folded before Flop (didn't bet)
Seat 6: 85BB (small blind) collected ($1.90)



PokerStars Hand #254341108674:  Hold'em No Limit ($0.50/$1.00 USD) - 2025/01/12 22:39:23 WET [2025/01/12 17:39:23 ET]
Table 'Fama III' 6-max Seat #6 is the button
Seat 1: ImaPeppaPig ($115.75 in chips) 
Seat 2: value_ftw ($100 in chips) 
Seat 3: nikalas22 ($114 in chips) 
Seat 4: MaRKiToScoK ($100 in chips) 
Seat 5: Becar_06 ($10 in chips) 
Seat 6: 85BB ($14.18 in chips) 
ImaPeppaPig: posts small blind $0.50
value_ftw: posts big blind $1
*** HOLE CARDS ***
nikalas22: folds 
MaRKiToScoK: folds 
Becar_06: folds 
85BB: calls $1
ImaPeppaPig: folds 
value_ftw: checks 
*** FLOP *** [Th 3s Kd]
value_ftw: checks 
85BB: bets $1
value_ftw: calls $1
*** TURN *** [Th 3s Kd] [Ks]
value_ftw: checks 
85BB: checks 
*** RIVER *** [Th 3s Kd Ks] [5s]
value_ftw: bets $1.41
85BB: folds 
Uncalled bet ($1.41) returned to value_ftw
value_ftw collected $4.28 from pot
value_ftw: doesn't show hand 
*** SUMMARY ***
Total pot $4.50 | Rake $0.22 
Board [Th 3s Kd Ks 5s]
Seat 1: ImaPeppaPig (small blind) folded before Flop
Seat 2: value_ftw (big blind) collected ($4.28)
Seat 3: nikalas22 folded before Flop (didn't bet)
Seat 4: MaRKiToScoK folded before Flop (didn't bet)
Seat 5: Becar_06 folded before Flop (didn't bet)
Seat 6: 85BB (button) folded on the River



PokerStars Hand #254341124715:  Hold'em No Limit ($0.50/$1.00 USD) - 2025/01/12 22:40:09 WET [2025/01/12 17:40:09 ET]
Table 'Fama III' 6-max Seat #1 is the button
Seat 1: ImaPeppaPig ($115.25 in chips) 
Seat 2: value_ftw ($102.28 in chips) 
Seat 3: nikalas22 ($114 in chips) 
Seat 4: MaRKiToScoK ($100 in chips) 
Seat 5: Becar_06 ($20 in chips) 
Seat 6: 85BB ($12.18 in chips) 
value_ftw: posts small blind $0.50
nikalas22: posts big blind $1
*** HOLE CARDS ***
MaRKiToScoK: folds 
Becar_06: folds 
85BB: calls $1
ImaPeppaPig: folds 
value_ftw: folds 
nikalas22: checks 
*** FLOP *** [2s 6c 4h]
nikalas22: checks 
85BB: bets $1.19
nikalas22: raises $2.38 to $3.57
85BB: calls $2.38
*** TURN *** [2s 6c 4h] [4d]
nikalas22: checks 
85BB: checks 
*** RIVER *** [2s 6c 4h 4d] [7s]
nikalas22: checks 
85BB: checks 
*** SHOW DOWN ***
nikalas22: shows [3c Qc] (a pair of Fours)
85BB: shows [Js Ac] (a pair of Fours - Ace kicker)
85BB collected $9.16 from pot
*** SUMMARY ***
Total pot $9.64 | Rake $0.48 
Board [2s 6c 4h 4d 7s]
Seat 1: ImaPeppaPig (button) folded before Flop (didn't bet)
Seat 2: value_ftw (small blind) folded before Flop
Seat 3: nikalas22 (big blind) showed [3c Qc] and lost with a pair of Fours
Seat 4: MaRKiToScoK folded before Flop (didn't bet)
Seat 5: Becar_06 folded before Flop (didn't bet)
Seat 6: 85BB showed [Js Ac] and won ($9.16) with a pair of Fours



PokerStars Hand #254341138916:  Hold'em No Limit ($0.50/$1.00 USD) - 2025/01/12 22:40:50 WET [2025/01/12 17:40:50 ET]
Table 'Fama III' 6-max Seat #2 is the button
Seat 4: MaRKiToScoK ($100 in chips) is sitting out
Seat 1: ImaPeppaPig ($115.25 in chips) 
Seat 2: value_ftw ($101.78 in chips) 
Seat 3: nikalas22 ($109.43 in chips) 
Seat 5: Becar_06 ($20 in chips) 
Seat 6: 85BB ($16.77 in chips) 
nikalas22: posts small blind $0.50
MaRKiToScoK: is sitting out 
Becar_06: posts big blind $1
*** HOLE CARDS ***
85BB: calls $1
MaRKiToScoK leaves the table
ImaPeppaPig: folds 
value_ftw: folds 
nikalas22: folds 
Becar_06: checks 
*** FLOP *** [Qc Ah 7h]
Becar_06: checks 
85BB: bets $1
Becar_06: folds 
Uncalled bet ($1) returned to 85BB
85BB collected $2.38 from pot
85BB: doesn't show hand 
*** SUMMARY ***
Total pot $2.50 | Rake $0.12 
Board [Qc Ah 7h]
Seat 4: MaRKiToScoK
Seat 1: ImaPeppaPig folded before Flop (didn't bet)
Seat 2: value_ftw (button) folded before Flop (didn't bet)
Seat 3: nikalas22 (small blind) folded before Flop
Seat 5: Becar_06 (big blind) folded on the Flop
Seat 6: 85BB collected ($2.38)



PokerStars Hand #254341147749:  Hold'em No Limit ($0.50/$1.00 USD) - 2025/01/12 22:41:15 WET [2025/01/12 17:41:15 ET]
Table 'Fama III' 6-max Seat #3 is the button
Seat 1: ImaPeppaPig ($115.25 in chips) 
Seat 2: value_ftw ($101.78 in chips) 
Seat 3: nikalas22 ($108.93 in chips) 
Seat 5: Becar_06 ($19 in chips) 
Seat 6: 85BB ($18.15 in chips) 
Becar_06: posts small blind $0.50
85BB: posts big blind $1
*** HOLE CARDS ***
ImaPeppaPig: raises $1.50 to $2.50
value_ftw: folds 
nikalas22: folds 
Becar_06: folds 
85BB: raises $15.65 to $18.15 and is all-in
ImaPeppaPig: calls $15.65
*** FLOP *** [Ah 3c Ts]
XneferX joins the table at seat #4 
*** TURN *** [Ah 3c Ts] [6h]
*** RIVER *** [Ah 3c Ts 6h] [2c]
*** SHOW DOWN ***
85BB: shows [As Qs] (a pair of Aces)
ImaPeppaPig: shows [Qd Ac] (a pair of Aces)
85BB collected $17.48 from pot
ImaPeppaPig collected $17.48 from pot
*** SUMMARY ***
Total pot $36.80 | Rake $1.84 
Board [Ah 3c Ts 6h 2c]
Seat 1: ImaPeppaPig showed [Qd Ac] and won ($17.48) with a pair of Aces
Seat 2: value_ftw folded before Flop (didn't bet)
Seat 3: nikalas22 (button) folded before Flop (didn't bet)
Seat 5: Becar_06 (small blind) folded before Flop
Seat 6: 85BB (big blind) showed [As Qs] and won ($17.48) with a pair of Aces



PokerStars Hand #254341157640:  Hold'em No Limit ($0.50/$1.00 USD) - 2025/01/12 22:41:44 WET [2025/01/12 17:41:44 ET]
Table 'Fama III' 6-max Seat #5 is the button
Seat 4: XneferX ($100 in chips) is sitting out
Seat 1: ImaPeppaPig ($114.58 in chips) 
Seat 2: value_ftw ($101.78 in chips) 
Seat 3: nikalas22 ($108.93 in chips) 
Seat 5: Becar_06 ($18.50 in chips) 
Seat 6: 85BB ($17.48 in chips) 
85BB: posts small blind $0.50
ImaPeppaPig: posts big blind $1
XneferX: sits out 
*** HOLE CARDS ***
value_ftw: folds 
nikalas22: folds 
Becar_06: raises $1 to $2
85BB: calls $1.50
ImaPeppaPig: calls $1
*** FLOP *** [9d Tc 8d]
85BB: bets $5.70
ImaPeppaPig: raises $21.89 to $27.59
Becar_06: folds 
85BB: calls $9.78 and is all-in
Uncalled bet ($12.11) returned to ImaPeppaPig
*** TURN *** [9d Tc 8d] [8h]
*** RIVER *** [9d Tc 8d 8h] [4d]
*** SHOW DOWN ***
85BB: shows [Ah 9s] (two pair, Nines and Eights)
ImaPeppaPig: shows [Qs Jd] (a straight, Eight to Queen)
ImaPeppaPig collected $35.11 from pot
*** SUMMARY ***
Total pot $36.96 | Rake $1.85 
Board [9d Tc 8d 8h 4d]
Seat 4: XneferX
Seat 1: ImaPeppaPig (big blind) showed [Qs Jd] and won ($35.11) with a straight, Eight to Queen
Seat 2: value_ftw folded before Flop (didn't bet)
Seat 3: nikalas22 folded before Flop (didn't bet)
Seat 5: Becar_06 (button) folded on the Flop
Seat 6: 85BB (small blind) showed [Ah 9s] and lost with two pair, Nines and Eights



PokerStars Hand #254341173473:  Hold'em No Limit ($0.50/$1.00 USD) - 2025/01/12 22:42:30 WET [2025/01/12 17:42:30 ET]
Table 'Fama III' 6-max Seat #1 is the button
Seat 4: XneferX ($100 in chips) is sitting out
Seat 1: ImaPeppaPig ($132.21 in chips) 
Seat 2: value_ftw ($101.78 in chips) 
Seat 3: nikalas22 ($108.93 in chips) 
Seat 5: Becar_06 ($16.50 in chips) 
value_ftw: posts small blind $0.50
85BB leaves the table
nikalas22: posts big blind $1
XneferX: sits out 
*** HOLE CARDS ***
Becar_06: folds 
ImaPeppaPig: folds 
value_ftw: folds 
Uncalled bet ($0.50) returned to nikalas22
nikalas22 collected $1 from pot
nikalas22: doesn't show hand 
*** SUMMARY ***
Total pot $1 | Rake $0 
Seat 4: XneferX
Seat 1: ImaPeppaPig (button) folded before Flop (didn't bet)
Seat 2: value_ftw (small blind) folded before Flop
Seat 3: nikalas22 (big blind) collected ($1)
Seat 5: Becar_06 folded before Flop (didn't bet)



PokerStars Hand #254341176799:  Hold'em No Limit ($0.50/$1.00 USD) - 2025/01/12 22:42:40 WET [2025/01/12 17:42:40 ET]
Table 'Fama III' 6-max Seat #2 is the button
Seat 1: ImaPeppaPig ($132.21 in chips) 
Seat 2: value_ftw ($101.28 in chips) 
Seat 3: nikalas22 ($109.43 in chips) 
Seat 4: XneferX ($100 in chips) 
Seat 5: Becar_06 ($16.50 in chips) 
nikalas22: posts small blind $0.50
XneferX: posts big blind $1
*** HOLE CARDS ***
Becar_06: folds 
ImaPeppaPig: raises $1.50 to $2.50
value_ftw: folds 
nikalas22: folds 
XneferX: folds 
Uncalled bet ($1.50) returned to ImaPeppaPig
ImaPeppaPig collected $2.50 from pot
ImaPeppaPig: doesn't show hand 
*** SUMMARY ***
Total pot $2.50 | Rake $0 
Seat 1: ImaPeppaPig collected ($2.50)
Seat 2: value_ftw (button) folded before Flop (didn't bet)
Seat 3: nikalas22 (small blind) folded before Flop
Seat 4: XneferX (big blind) folded before Flop
Seat 5: Becar_06 folded before Flop (didn't bet)



PokerStars Hand #254341186276:  Hold'em No Limit ($0.50/$1.00 USD) - 2025/01/12 22:43:07 WET [2025/01/12 17:43:07 ET]
Table 'Fama III' 6-max Seat #3 is the button
Seat 5: Becar_06 ($16.50 in chips) is sitting out
Seat 1: ImaPeppaPig ($133.71 in chips) 
Seat 2: value_ftw ($101.28 in chips) 
Seat 3: nikalas22 ($108.93 in chips) 
Seat 4: XneferX ($100 in chips) 
XneferX: posts small blind $0.50
Becar_06: is sitting out 
ImaPeppaPig: posts big blind $1
*** HOLE CARDS ***
Becar_06 leaves the table
value_ftw: folds 
nikalas22: raises $1.50 to $2.50
XneferX: folds 
ImaPeppaPig: calls $1.50
*** FLOP *** [Jd 3s 7c]
ImaPeppaPig: checks 
nikalas22: checks 
*** TURN *** [Jd 3s 7c] [Jh]
ImaPeppaPig: checks 
nikalas22: bets $1.57
ImaPeppaPig: folds 
Uncalled bet ($1.57) returned to nikalas22
nikalas22 collected $5.22 from pot
nikalas22: doesn't show hand 
*** SUMMARY ***
Total pot $5.50 | Rake $0.28 
Board [Jd 3s 7c Jh]
Seat 5: Becar_06
Seat 1: ImaPeppaPig (big blind) folded on the Turn
Seat 2: value_ftw folded before Flop (didn't bet)
Seat 3: nikalas22 (button) collected ($5.22)
Seat 4: XneferX (small blind) folded before Flop



PokerStars Hand #254341310283:  Hold'em No Limit ($0.50/$1.00 USD) - 2025/01/12 22:49:13 WET [2025/01/12 17:49:13 ET]
Table 'Fama III' 6-max Seat #5 is the button
Seat 1: Becar_06 ($100 in chips) 
Seat 2: nastja336 ($100 in chips) 
Seat 5: nikalas22 ($111.65 in chips) 
Seat 6: AllRaise101 ($100 in chips) 
AllRaise101: posts small blind $0.50
Becar_06: posts big blind $1
*** HOLE CARDS ***
nastja336: raises $1.50 to $2.50
nikalas22: folds 
AllRaise101: raises $8 to $10.50
Becar_06: folds 
nastja336: folds 
Uncalled bet ($8) returned to AllRaise101
AllRaise101 collected $6 from pot
*** SUMMARY ***
Total pot $6 | Rake $0 
Seat 1: Becar_06 (big blind) folded before Flop
Seat 2: nastja336 folded before Flop
Seat 5: nikalas22 (button) folded before Flop (didn't bet)
Seat 6: AllRaise101 (small blind) collected ($6)



PokerStars Hand #254341315428:  Hold'em No Limit ($0.50/$1.00 USD) - 2025/01/12 22:49:29 WET [2025/01/12 17:49:29 ET]
Table 'Fama III' 6-max Seat #6 is the button
Seat 1: Becar_06 ($100 in chips) 
Seat 2: nastja336 ($100 in chips) 
Seat 5: nikalas22 ($111.65 in chips) 
Seat 6: AllRaise101 ($103.50 in chips) 
Becar_06: posts small blind $0.50
nastja336: posts big blind $1
*** HOLE CARDS ***
nikalas22: folds 
AllRaise101: raises $1.50 to $2.50
Becar_06: folds 
nastja336: calls $1.50
*** FLOP *** [Jh 5s 7s]
nastja336: checks 
AllRaise101: bets $1.61
nastja336: calls $1.61
*** TURN *** [Jh 5s 7s] [7d]
nastja336: checks 
AllRaise101: checks 
*** RIVER *** [Jh 5s 7s 7d] [3d]
nastja336: checks 
AllRaise101: checks 
*** SHOW DOWN ***
nastja336: shows [Qs Jd] (two pair, Jacks and Sevens)
AllRaise101: mucks hand 
nastja336 collected $8.28 from pot
*** SUMMARY ***
Total pot $8.72 | Rake $0.44 
Board [Jh 5s 7s 7d 3d]
Seat 1: Becar_06 (small blind) folded before Flop
Seat 2: nastja336 (big blind) showed [Qs Jd] and won ($8.28) with two pair, Jacks and Sevens
Seat 5: nikalas22 folded before Flop (didn't bet)
Seat 6: AllRaise101 (button) mucked



PokerStars Hand #254341330193:  Hold'em No Limit ($0.50/$1.00 USD) - 2025/01/12 22:50:13 WET [2025/01/12 17:50:13 ET]
Table 'Fama III' 6-max Seat #1 is the button
Seat 1: Becar_06 ($100 in chips) 
Seat 2: nastja336 ($104.17 in chips) 
Seat 5: nikalas22 ($111.65 in chips) 
Seat 6: AllRaise101 ($100 in chips) 
nastja336: posts small blind $0.50
nikalas22: posts big blind $1
*** HOLE CARDS ***
AllRaise101: folds 
Becar_06: raises $1.50 to $2.50
nastja336: folds 
nikalas22: folds 
Uncalled bet ($1.50) returned to Becar_06
Becar_06 collected $2.50 from pot
*** SUMMARY ***
Total pot $2.50 | Rake $0 
Seat 1: Becar_06 (button) collected ($2.50)
Seat 2: nastja336 (small blind) folded before Flop
Seat 5: nikalas22 (big blind) folded before Flop
Seat 6: AllRaise101 folded before Flop (didn't bet)



PokerStars Hand #254341334378:  Hold'em No Limit ($0.50/$1.00 USD) - 2025/01/12 22:50:26 WET [2025/01/12 17:50:26 ET]
Table 'Fama III' 6-max Seat #2 is the button
Seat 1: Becar_06 ($101.50 in chips) 
Seat 2: nastja336 ($103.67 in chips) 
Seat 5: nikalas22 ($110.65 in chips) 
Seat 6: AllRaise101 ($100 in chips) 
nikalas22: posts small blind $0.50
AllRaise101: posts big blind $1
*** HOLE CARDS ***
Becar_06: folds 
nastja336: folds 
nikalas22: folds 
Uncalled bet ($0.50) returned to AllRaise101
Becar_06 leaves the table
AllRaise101 collected $1 from pot
*** SUMMARY ***
Total pot $1 | Rake $0 
Seat 1: Becar_06 folded before Flop (didn't bet)
Seat 2: nastja336 (button) folded before Flop (didn't bet)
Seat 5: nikalas22 (small blind) folded before Flop
Seat 6: AllRaise101 (big blind) collected ($1)



PokerStars Hand #254341337673:  Hold'em No Limit ($0.50/$1.00 USD) - 2025/01/12 22:50:36 WET [2025/01/12 17:50:36 ET]
Table 'Fama III' 6-max Seat #6 is the button
Seat 2: nastja336 ($103.67 in chips) is sitting out
Seat 5: nikalas22 ($110.15 in chips) 
Seat 6: AllRaise101 ($100.50 in chips) 
AllRaise101: posts small blind $0.50
nastja336: is sitting out 
nikalas22: posts big blind $1
*** HOLE CARDS ***
nastja336 leaves the table
AllRaise101: raises $1 to $2
nikalas22: folds 
Uncalled bet ($1) returned to AllRaise101
AllRaise101 collected $2 from pot
*** SUMMARY ***
Total pot $2 | Rake $0 
Seat 2: nastja336
Seat 5: nikalas22 (big blind) folded before Flop
Seat 6: AllRaise101 (button) (small blind) collected ($2)



PokerStars Hand #254341340447:  Hold'em No Limit ($0.50/$1.00 USD) - 2025/01/12 22:50:45 WET [2025/01/12 17:50:45 ET]
Table 'Fama III' 6-max Seat #5 is the button
Seat 5: nikalas22 ($109.15 in chips) 
Seat 6: AllRaise101 ($101.50 in chips) 
nikalas22: posts small blind $0.50
AllRaise101: posts big blind $1
*** HOLE CARDS ***
nikalas22: folds 
Uncalled bet ($0.50) returned to AllRaise101
AllRaise101 collected $1 from pot
*** SUMMARY ***
Total pot $1 | Rake $0 
Seat 5: nikalas22 (button) (small blind) folded before Flop
Seat 6: AllRaise101 (big blind) collected ($1)



