PokerStars Hand #254577284071:  Hold'em No Limit ($0.50/$1.00 USD) - 2025/01/27 11:28:58 WET [2025/01/27 6:28:58 ET]
Table 'Aralia IV' 6-max Seat #1 is the button
Seat 1: valmble ($10 in chips) 
Seat 2: elcutez ($100 in chips) 
valmble: posts small blind $0.50
elcutez: posts big blind $1
*** HOLE CARDS ***
valmble: raises $1 to $2
elcutez: folds 
Uncalled bet ($1) returned to valmble
valmble collected $2 from pot
valmble: doesn't show hand 
*** SUMMARY ***
Total pot $2 | Rake $0 
Seat 1: valmble (button) (small blind) collected ($2)
Seat 2: elcutez (big blind) folded before Flop



PokerStars Hand #254577287033:  Hold'em No Limit ($0.50/$1.00 USD) - 2025/01/27 11:29:23 WET [2025/01/27 6:29:23 ET]
Table 'Aralia IV' 6-max Seat #2 is the button
Seat 1: valmble ($11 in chips) 
Seat 2: elcutez ($99 in chips) 
elcutez: posts small blind $0.50
valmble: posts big blind $1
*** HOLE CARDS ***
elcutez: folds 
Uncalled bet ($0.50) returned to valmble
valmble collected $1 from pot
valmble: doesn't show hand 
*** SUMMARY ***
Total pot $1 | Rake $0 
Seat 1: valmble (big blind) collected ($1)
Seat 2: elcutez (button) (small blind) folded before Flop



PokerStars Hand #254577287752:  Hold'em No Limit ($0.50/$1.00 USD) - 2025/01/27 11:29:29 WET [2025/01/27 6:29:29 ET]
Table 'Aralia IV' 6-max Seat #1 is the button
Seat 1: valmble ($11.50 in chips) 
Seat 2: elcutez ($98.50 in chips) 
valmble: posts small blind $0.50
elcutez: posts big blind $1
*** HOLE CARDS ***
valmble: folds 
Uncalled bet ($0.50) returned to elcutez
elcutez collected $1 from pot
*** SUMMARY ***
Total pot $1 | Rake $0 
Seat 1: valmble (button) (small blind) folded before Flop
Seat 2: elcutez (big blind) collected ($1)



PokerStars Hand #254577342080:  Hold'em No Limit ($0.50/$1.00 USD) - 2025/01/27 11:36:44 WET [2025/01/27 6:36:44 ET]
Table 'Aralia IV' 6-max Seat #1 is the button
Seat 1: jeffy27dt1 ($101.80 in chips) 
Seat 5: bartvist ($28.78 in chips) 
Seat 6: elcutez ($95 in chips) 
bartvist: posts small blind $0.50
elcutez: posts big blind $1
*** HOLE CARDS ***
jeffy27dt1: folds 
bartvist: folds 
Uncalled bet ($0.50) returned to elcutez
elcutez collected $1 from pot
Fold Your Cats joins the table at seat #3 
*** SUMMARY ***
Total pot $1 | Rake $0 
Seat 1: jeffy27dt1 (button) folded before Flop (didn't bet)
Seat 5: bartvist (small blind) folded before Flop
Seat 6: elcutez (big blind) collected ($1)



PokerStars Hand #254577343832:  Hold'em No Limit ($0.50/$1.00 USD) - 2025/01/27 11:36:58 WET [2025/01/27 6:36:58 ET]
Table 'Aralia IV' 6-max Seat #5 is the button
Seat 3: Fold Your Cats ($100 in chips) is sitting out
Seat 1: jeffy27dt1 ($101.80 in chips) 
Seat 5: bartvist ($28.28 in chips) 
Seat 6: elcutez ($95.50 in chips) 
elcutez: posts small blind $0.50
jeffy27dt1: posts big blind $1
Fold Your Cats: sits out 
*** HOLE CARDS ***
bartvist: raises $1 to $2
elcutez: folds 
jeffy27dt1: folds 
Uncalled bet ($1) returned to bartvist
bartvist collected $2.50 from pot
*** SUMMARY ***
Total pot $2.50 | Rake $0 
Seat 3: Fold Your Cats
Seat 1: jeffy27dt1 (big blind) folded before Flop
Seat 5: bartvist (button) collected ($2.50)
Seat 6: elcutez (small blind) folded before Flop



PokerStars Hand #254577346054:  Hold'em No Limit ($0.50/$1.00 USD) - 2025/01/27 11:37:15 WET [2025/01/27 6:37:15 ET]
Table 'Aralia IV' 6-max Seat #6 is the button
Seat 1: jeffy27dt1 ($100.80 in chips) 
Seat 3: Fold Your Cats ($100 in chips) 
Seat 5: bartvist ($29.78 in chips) 
Seat 6: elcutez ($95 in chips) 
jeffy27dt1: posts small blind $0.50
Fold Your Cats: posts big blind $1
*** HOLE CARDS ***
bartvist: folds 
elcutez: raises $2 to $3
jeffy27dt1: folds 
Fold Your Cats: calls $2
*** FLOP *** [Ks Ah 4h]
Fold Your Cats: checks 
elcutez: bets $4
Fold Your Cats: folds 
Uncalled bet ($4) returned to elcutez
elcutez collected $6.18 from pot
*** SUMMARY ***
Total pot $6.50 | Rake $0.32 
Board [Ks Ah 4h]
Seat 1: jeffy27dt1 (small blind) folded before Flop
Seat 3: Fold Your Cats (big blind) folded on the Flop
Seat 5: bartvist folded before Flop (didn't bet)
Seat 6: elcutez (button) collected ($6.18)



PokerStars Hand #254577349794:  Hold'em No Limit ($0.50/$1.00 USD) - 2025/01/27 11:37:45 WET [2025/01/27 6:37:45 ET]
Table 'Aralia IV' 6-max Seat #1 is the button
Seat 1: jeffy27dt1 ($100.30 in chips) 
Seat 3: Fold Your Cats ($100 in chips) 
Seat 5: bartvist ($29.78 in chips) 
Seat 6: elcutez ($98.18 in chips) 
Fold Your Cats: posts small blind $0.50
bartvist: posts big blind $1
*** HOLE CARDS ***
elcutez: folds 
jeffy27dt1: folds 
Fold Your Cats: folds 
Uncalled bet ($0.50) returned to bartvist
bartvist collected $1 from pot
*** SUMMARY ***
Total pot $1 | Rake $0 
Seat 1: jeffy27dt1 (button) folded before Flop (didn't bet)
Seat 3: Fold Your Cats (small blind) folded before Flop
Seat 5: bartvist (big blind) collected ($1)
Seat 6: elcutez folded before Flop (didn't bet)



PokerStars Hand #254577350901:  Hold'em No Limit ($0.50/$1.00 USD) - 2025/01/27 11:37:54 WET [2025/01/27 6:37:54 ET]
Table 'Aralia IV' 6-max Seat #3 is the button
Seat 1: jeffy27dt1 ($100.30 in chips) 
Seat 3: Fold Your Cats ($100 in chips) 
Seat 5: bartvist ($30.28 in chips) 
Seat 6: elcutez ($98.18 in chips) 
bartvist: posts small blind $0.50
elcutez: posts big blind $1
*** HOLE CARDS ***
jeffy27dt1: folds 
Fold Your Cats: folds 
bartvist: raises $1 to $2
elcutez: folds 
Uncalled bet ($1) returned to bartvist
bartvist collected $2 from pot
grand GOR joins the table at seat #2 
*** SUMMARY ***
Total pot $2 | Rake $0 
Seat 1: jeffy27dt1 folded before Flop (didn't bet)
Seat 3: Fold Your Cats (button) folded before Flop (didn't bet)
Seat 5: bartvist (small blind) collected ($2)
Seat 6: elcutez (big blind) folded before Flop



PokerStars Hand #254577353216:  Hold'em No Limit ($0.50/$1.00 USD) - 2025/01/27 11:38:13 WET [2025/01/27 6:38:13 ET]
Table 'Aralia IV' 6-max Seat #5 is the button
Seat 2: grand GOR ($98.06 in chips) is sitting out
Seat 1: jeffy27dt1 ($100.30 in chips) 
Seat 3: Fold Your Cats ($100 in chips) 
Seat 5: bartvist ($31.28 in chips) 
Seat 6: elcutez ($97.18 in chips) 
elcutez: posts small blind $0.50
jeffy27dt1: posts big blind $1
grand GOR: sits out 
*** HOLE CARDS ***
Fold Your Cats: folds 
bartvist: folds 
elcutez: raises $2 to $3
jeffy27dt1: folds 
Uncalled bet ($2) returned to elcutez
elcutez collected $2 from pot
*** SUMMARY ***
Total pot $2 | Rake $0 
Seat 2: grand GOR
Seat 1: jeffy27dt1 (big blind) folded before Flop
Seat 3: Fold Your Cats folded before Flop (didn't bet)
Seat 5: bartvist (button) folded before Flop (didn't bet)
Seat 6: elcutez (small blind) collected ($2)



PokerStars Hand #254577355489:  Hold'em No Limit ($0.50/$1.00 USD) - 2025/01/27 11:38:31 WET [2025/01/27 6:38:31 ET]
Table 'Aralia IV' 6-max Seat #6 is the button
Seat 1: jeffy27dt1 ($100 in chips) 
Seat 2: grand GOR ($98.06 in chips) 
Seat 3: Fold Your Cats ($100 in chips) 
Seat 5: bartvist ($31.28 in chips) 
Seat 6: elcutez ($98.18 in chips) 
jeffy27dt1: posts small blind $0.50
grand GOR: posts big blind $1
*** HOLE CARDS ***
glupakat joins the table at seat #4 
Fold Your Cats: folds 
bartvist: folds 
elcutez: folds 
jeffy27dt1: folds 
Uncalled bet ($0.50) returned to grand GOR
grand GOR collected $1 from pot
grand GOR: doesn't show hand 
*** SUMMARY ***
Total pot $1 | Rake $0 
Seat 1: jeffy27dt1 (small blind) folded before Flop
Seat 2: grand GOR (big blind) collected ($1)
Seat 3: Fold Your Cats folded before Flop (didn't bet)
Seat 5: bartvist folded before Flop (didn't bet)
Seat 6: elcutez (button) folded before Flop (didn't bet)



PokerStars Hand #254577357373:  Hold'em No Limit ($0.50/$1.00 USD) - 2025/01/27 11:38:46 WET [2025/01/27 6:38:46 ET]
Table 'Aralia IV' 6-max Seat #1 is the button
Seat 3: Fold Your Cats ($100 in chips) is sitting out
Seat 1: jeffy27dt1 ($100 in chips) 
Seat 2: grand GOR ($98.56 in chips) 
Seat 4: glupakat ($10 in chips) 
Seat 5: bartvist ($31.28 in chips) 
Seat 6: elcutez ($98.18 in chips) 
grand GOR: posts small blind $0.50
Fold Your Cats: is sitting out 
glupakat: posts big blind $1
*** HOLE CARDS ***
bartvist: raises $1.50 to $2.50
elcutez: folds 
jeffy27dt1: folds 
grand GOR: folds 
glupakat: calls $1.50
*** FLOP *** [8c Qs 4c]
Fold Your Cats leaves the table
glupakat: checks 
bartvist: checks 
*** TURN *** [8c Qs 4c] [8d]
glupakat: bets $5.22
bartvist: folds 
Uncalled bet ($5.22) returned to glupakat
glupakat collected $5.22 from pot
glupakat: doesn't show hand 
*** SUMMARY ***
Total pot $5.50 | Rake $0.28 
Board [8c Qs 4c 8d]
Seat 3: Fold Your Cats
Seat 1: jeffy27dt1 (button) folded before Flop (didn't bet)
Seat 2: grand GOR (small blind) folded before Flop
Seat 4: glupakat (big blind) collected ($5.22)
Seat 5: bartvist folded on the Turn
Seat 6: elcutez folded before Flop (didn't bet)



PokerStars Hand #254577360449:  Hold'em No Limit ($0.50/$1.00 USD) - 2025/01/27 11:39:10 WET [2025/01/27 6:39:10 ET]
Table 'Aralia IV' 6-max Seat #2 is the button
Seat 1: jeffy27dt1 ($100 in chips) 
Seat 2: grand GOR ($98.06 in chips) 
Seat 4: glupakat ($52.72 in chips) 
Seat 5: bartvist ($28.78 in chips) 
Seat 6: elcutez ($98.18 in chips) 
glupakat: posts small blind $0.50
bartvist: posts big blind $1
*** HOLE CARDS ***
elcutez: raises $2 to $3
jeffy27dt1: folds 
grand GOR: folds 
glupakat: folds 
bartvist: folds 
Uncalled bet ($2) returned to elcutez
elcutez collected $2.50 from pot
*** SUMMARY ***
Total pot $2.50 | Rake $0 
Seat 1: jeffy27dt1 folded before Flop (didn't bet)
Seat 2: grand GOR (button) folded before Flop (didn't bet)
Seat 4: glupakat (small blind) folded before Flop
Seat 5: bartvist (big blind) folded before Flop
Seat 6: elcutez collected ($2.50)



PokerStars Hand #254577362472:  Hold'em No Limit ($0.50/$1.00 USD) - 2025/01/27 11:39:26 WET [2025/01/27 6:39:26 ET]
Table 'Aralia IV' 6-max Seat #4 is the button
Seat 1: jeffy27dt1 ($100 in chips) 
Seat 2: grand GOR ($98.06 in chips) 
Seat 4: glupakat ($52.22 in chips) 
Seat 5: bartvist ($27.78 in chips) 
Seat 6: elcutez ($99.68 in chips) 
bartvist: posts small blind $0.50
elcutez: posts big blind $1
*** HOLE CARDS ***
jeffy27dt1: folds 
grand GOR: raises $2 to $3
ponchua joins the table at seat #3 
glupakat: folds 
bartvist: calls $2.50
elcutez: folds 
*** FLOP *** [3h 6d Qd]
bartvist: checks 
grand GOR: bets $3.33
bartvist: folds 
Uncalled bet ($3.33) returned to grand GOR
grand GOR collected $6.65 from pot
grand GOR: doesn't show hand 
*** SUMMARY ***
Total pot $7 | Rake $0.35 
Board [3h 6d Qd]
Seat 1: jeffy27dt1 folded before Flop (didn't bet)
Seat 2: grand GOR collected ($6.65)
Seat 4: glupakat (button) folded before Flop (didn't bet)
Seat 5: bartvist (small blind) folded on the Flop
Seat 6: elcutez (big blind) folded before Flop



PokerStars Hand #254577366725:  Hold'em No Limit ($0.50/$1.00 USD) - 2025/01/27 11:40:00 WET [2025/01/27 6:40:00 ET]
Table 'Aralia IV' 6-max Seat #5 is the button
Seat 3: ponchua ($100 in chips) is sitting out
Seat 1: jeffy27dt1 ($100 in chips) 
Seat 2: grand GOR ($101.71 in chips) 
Seat 4: glupakat ($52.22 in chips) 
Seat 5: bartvist ($24.78 in chips) 
Seat 6: elcutez ($98.68 in chips) 
elcutez: posts small blind $0.50
jeffy27dt1: posts big blind $1
ponchua: sits out 
*** HOLE CARDS ***
grand GOR: folds 
glupakat: folds 
bartvist: raises $1 to $2
elcutez: folds 
jeffy27dt1: calls $1
*** FLOP *** [4c Ad Jh]
jeffy27dt1: checks 
bartvist: bets $2.14
jeffy27dt1: calls $2.14
*** TURN *** [4c Ad Jh] [7h]
jeffy27dt1: checks 
bartvist: checks 
*** RIVER *** [4c Ad Jh 7h] [Td]
jeffy27dt1: checks 
bartvist: checks 
*** SHOW DOWN ***
jeffy27dt1: shows [Th Kd] (a pair of Tens)
bartvist: shows [Qs Jd] (a pair of Jacks)
bartvist collected $8.34 from pot
*** SUMMARY ***
Total pot $8.78 | Rake $0.44 
Board [4c Ad Jh 7h Td]
Seat 3: ponchua
Seat 1: jeffy27dt1 (big blind) showed [Th Kd] and lost with a pair of Tens
Seat 2: grand GOR folded before Flop (didn't bet)
Seat 4: glupakat folded before Flop (didn't bet)
Seat 5: bartvist (button) showed [Qs Jd] and won ($8.34) with a pair of Jacks
Seat 6: elcutez (small blind) folded before Flop



PokerStars Hand #254577374965:  Hold'em No Limit ($0.50/$1.00 USD) - 2025/01/27 11:41:07 WET [2025/01/27 6:41:07 ET]
Table 'Aralia IV' 6-max Seat #6 is the button
Seat 3: ponchua ($100 in chips) is sitting out
Seat 1: jeffy27dt1 ($100 in chips) 
Seat 2: grand GOR ($101.71 in chips) 
Seat 4: glupakat ($52.22 in chips) 
Seat 5: bartvist ($28.98 in chips) 
Seat 6: elcutez ($98.18 in chips) 
jeffy27dt1: posts small blind $0.50
grand GOR: posts big blind $1
ponchua: sits out 
*** HOLE CARDS ***
glupakat: folds 
bartvist: raises $1 to $2
elcutez: folds 
jeffy27dt1: folds 
grand GOR: calls $1
*** FLOP *** [Th Qd 7h]
grand GOR: checks 
bartvist: bets $2.14
grand GOR: folds 
Uncalled bet ($2.14) returned to bartvist
bartvist collected $4.28 from pot
*** SUMMARY ***
Total pot $4.50 | Rake $0.22 
Board [Th Qd 7h]
Seat 3: ponchua
Seat 1: jeffy27dt1 (small blind) folded before Flop
Seat 2: grand GOR (big blind) folded on the Flop
Seat 4: glupakat folded before Flop (didn't bet)
Seat 5: bartvist collected ($4.28)
Seat 6: elcutez (button) folded before Flop (didn't bet)



PokerStars Hand #254577377970:  Hold'em No Limit ($0.50/$1.00 USD) - 2025/01/27 11:41:31 WET [2025/01/27 6:41:31 ET]
Table 'Aralia IV' 6-max Seat #1 is the button
Seat 1: jeffy27dt1 ($100 in chips) 
Seat 2: grand GOR ($99.71 in chips) 
Seat 3: ponchua ($100 in chips) 
Seat 4: glupakat ($52.22 in chips) 
Seat 5: bartvist ($31.26 in chips) 
Seat 6: elcutez ($98.18 in chips) 
grand GOR: posts small blind $0.50
ponchua: posts big blind $1
*** HOLE CARDS ***
glupakat: folds 
bartvist: raises $1 to $2
elcutez: folds 
jeffy27dt1: folds 
grand GOR: folds 
ponchua: folds 
Uncalled bet ($1) returned to bartvist
bartvist collected $2.50 from pot
*** SUMMARY ***
Total pot $2.50 | Rake $0 
Seat 1: jeffy27dt1 (button) folded before Flop (didn't bet)
Seat 2: grand GOR (small blind) folded before Flop
Seat 3: ponchua (big blind) folded before Flop
Seat 4: glupakat folded before Flop (didn't bet)
Seat 5: bartvist collected ($2.50)
Seat 6: elcutez folded before Flop (didn't bet)



PokerStars Hand #254577381118:  Hold'em No Limit ($0.50/$1.00 USD) - 2025/01/27 11:41:56 WET [2025/01/27 6:41:56 ET]
Table 'Aralia IV' 6-max Seat #2 is the button
Seat 4: glupakat ($52.22 in chips) is sitting out
Seat 1: jeffy27dt1 ($100 in chips) 
Seat 2: grand GOR ($99.21 in chips) 
Seat 3: ponchua ($100 in chips) 
Seat 5: bartvist ($32.76 in chips) 
Seat 6: elcutez ($98.18 in chips) 
ponchua: posts small blind $0.50
glupakat: is sitting out 
bartvist: posts big blind $1
*** HOLE CARDS ***
elcutez: raises $2 to $3
jeffy27dt1: raises $5 to $8
grand GOR: folds 
ponchua: folds 
bartvist: folds 
elcutez: folds 
Uncalled bet ($5) returned to jeffy27dt1
jeffy27dt1 collected $7.50 from pot
jeffy27dt1: doesn't show hand 
*** SUMMARY ***
Total pot $7.50 | Rake $0 
Seat 4: glupakat
Seat 1: jeffy27dt1 collected ($7.50)
Seat 2: grand GOR (button) folded before Flop (didn't bet)
Seat 3: ponchua (small blind) folded before Flop
Seat 5: bartvist (big blind) folded before Flop
Seat 6: elcutez folded before Flop



PokerStars Hand #254577384243:  Hold'em No Limit ($0.50/$1.00 USD) - 2025/01/27 11:42:21 WET [2025/01/27 6:42:21 ET]
Table 'Aralia IV' 6-max Seat #3 is the button
Seat 4: glupakat ($52.22 in chips) is sitting out
Seat 1: jeffy27dt1 ($104.50 in chips) 
Seat 2: grand GOR ($99.21 in chips) 
Seat 3: ponchua ($100 in chips) 
Seat 5: bartvist ($31.76 in chips) 
Seat 6: elcutez ($95.18 in chips) 
bartvist: posts small blind $0.50
elcutez: posts big blind $1
*** HOLE CARDS ***
jeffy27dt1: raises $1.50 to $2.50
grand GOR: folds 
ponchua: folds 
bartvist: folds 
elcutez: calls $1.50
*** FLOP *** [9s 6h 8c]
elcutez: checks 
jeffy27dt1: bets $3.92
elcutez: folds 
Uncalled bet ($3.92) returned to jeffy27dt1
jeffy27dt1 collected $5.22 from pot
jeffy27dt1: doesn't show hand 
*** SUMMARY ***
Total pot $5.50 | Rake $0.28 
Board [9s 6h 8c]
Seat 4: glupakat
Seat 1: jeffy27dt1 collected ($5.22)
Seat 2: grand GOR folded before Flop (didn't bet)
Seat 3: ponchua (button) folded before Flop (didn't bet)
Seat 5: bartvist (small blind) folded before Flop
Seat 6: elcutez (big blind) folded on the Flop



PokerStars Hand #254577388249:  Hold'em No Limit ($0.50/$1.00 USD) - 2025/01/27 11:42:53 WET [2025/01/27 6:42:53 ET]
Table 'Aralia IV' 6-max Seat #5 is the button
Seat 4: glupakat ($52.22 in chips) is sitting out
Seat 1: jeffy27dt1 ($107.22 in chips) 
Seat 2: grand GOR ($99.21 in chips) 
Seat 3: ponchua ($100 in chips) 
Seat 5: bartvist ($31.26 in chips) 
Seat 6: elcutez ($92.68 in chips) 
elcutez: posts small blind $0.50
jeffy27dt1: posts big blind $1
*** HOLE CARDS ***
grand GOR: folds 
ponchua: folds 
bartvist: raises $1 to $2
elcutez: folds 
jeffy27dt1: calls $1
*** FLOP *** [9c 5h Qd]
jeffy27dt1: checks 
bartvist: bets $2.14
jeffy27dt1: folds 
Uncalled bet ($2.14) returned to bartvist
bartvist collected $4.28 from pot
*** SUMMARY ***
Total pot $4.50 | Rake $0.22 
Board [9c 5h Qd]
Seat 4: glupakat
Seat 1: jeffy27dt1 (big blind) folded on the Flop
Seat 2: grand GOR folded before Flop (didn't bet)
Seat 3: ponchua folded before Flop (didn't bet)
Seat 5: bartvist (button) collected ($4.28)
Seat 6: elcutez (small blind) folded before Flop



PokerStars Hand #254577393310:  Hold'em No Limit ($0.50/$1.00 USD) - 2025/01/27 11:43:32 WET [2025/01/27 6:43:32 ET]
Table 'Aralia IV' 6-max Seat #6 is the button
Seat 4: glupakat ($52.22 in chips) is sitting out
Seat 1: jeffy27dt1 ($105.22 in chips) 
Seat 2: grand GOR ($99.21 in chips) 
Seat 3: ponchua ($100 in chips) 
Seat 5: bartvist ($33.54 in chips) 
Seat 6: elcutez ($92.18 in chips) 
jeffy27dt1: posts small blind $0.50
grand GOR: posts big blind $1
*** HOLE CARDS ***
ponchua: folds 
bartvist: raises $1 to $2
elcutez: calls $2
jeffy27dt1: folds 
grand GOR: calls $1
*** FLOP *** [Kh 2d 5s]
grand GOR: checks 
bartvist: checks 
elcutez: checks 
*** TURN *** [Kh 2d 5s] [Jc]
grand GOR: checks 
bartvist: bets $2.09
elcutez: folds 
grand GOR: folds 
Uncalled bet ($2.09) returned to bartvist
bartvist collected $6.18 from pot
*** SUMMARY ***
Total pot $6.50 | Rake $0.32 
Board [Kh 2d 5s Jc]
Seat 4: glupakat
Seat 1: jeffy27dt1 (small blind) folded before Flop
Seat 2: grand GOR (big blind) folded on the Turn
Seat 3: ponchua folded before Flop (didn't bet)
Seat 5: bartvist collected ($6.18)
Seat 6: elcutez (button) folded on the Turn



PokerStars Hand #254577397710:  Hold'em No Limit ($0.50/$1.00 USD) - 2025/01/27 11:44:07 WET [2025/01/27 6:44:07 ET]
Table 'Aralia IV' 6-max Seat #1 is the button
Seat 4: glupakat ($52.22 in chips) is sitting out
Seat 1: jeffy27dt1 ($104.72 in chips) 
Seat 2: grand GOR ($97.21 in chips) 
Seat 3: ponchua ($100 in chips) 
Seat 5: bartvist ($37.72 in chips) 
Seat 6: elcutez ($90.18 in chips) 
grand GOR: posts small blind $0.50
ponchua: posts big blind $1
glupakat: sits out 
*** HOLE CARDS ***
bartvist: folds 
elcutez: folds 
jeffy27dt1: folds 
grand GOR: folds 
Uncalled bet ($0.50) returned to ponchua
ponchua collected $1 from pot
ponchua: doesn't show hand 
*** SUMMARY ***
Total pot $1 | Rake $0 
Seat 4: glupakat
Seat 1: jeffy27dt1 (button) folded before Flop (didn't bet)
Seat 2: grand GOR (small blind) folded before Flop
Seat 3: ponchua (big blind) collected ($1)
Seat 5: bartvist folded before Flop (didn't bet)
Seat 6: elcutez folded before Flop (didn't bet)



PokerStars Hand #254577398995:  Hold'em No Limit ($0.50/$1.00 USD) - 2025/01/27 11:44:17 WET [2025/01/27 6:44:17 ET]
Table 'Aralia IV' 6-max Seat #2 is the button
Seat 1: jeffy27dt1 ($104.72 in chips) 
Seat 2: grand GOR ($96.71 in chips) 
Seat 3: ponchua ($100.50 in chips) 
Seat 4: glupakat ($52.22 in chips) 
Seat 5: bartvist ($37.72 in chips) 
Seat 6: elcutez ($90.18 in chips) 
ponchua: posts small blind $0.50
glupakat: posts big blind $1
*** HOLE CARDS ***
bartvist: calls $1
elcutez: folds 
jeffy27dt1: raises $3 to $4
grand GOR: folds 
ponchua: folds 
glupakat: folds 
bartvist: calls $3
*** FLOP *** [3s Kc Qs]
bartvist: checks 
jeffy27dt1: bets $2.98
bartvist: calls $2.98
*** TURN *** [3s Kc Qs] [8d]
bartvist: checks 
jeffy27dt1: bets $9
bartvist: folds [Jh Js]
Uncalled bet ($9) returned to jeffy27dt1
jeffy27dt1 collected $14.69 from pot
jeffy27dt1: doesn't show hand 
*** SUMMARY ***
Total pot $15.46 | Rake $0.77 
Board [3s Kc Qs 8d]
Seat 1: jeffy27dt1 collected ($14.69)
Seat 2: grand GOR (button) folded before Flop (didn't bet)
Seat 3: ponchua (small blind) folded before Flop
Seat 4: glupakat (big blind) folded before Flop
Seat 5: bartvist folded on the Turn
Seat 6: elcutez folded before Flop (didn't bet)



PokerStars Hand #254577405959:  Hold'em No Limit ($0.50/$1.00 USD) - 2025/01/27 11:45:12 WET [2025/01/27 6:45:12 ET]
Table 'Aralia IV' 6-max Seat #3 is the button
Seat 1: jeffy27dt1 ($112.43 in chips) 
Seat 2: grand GOR ($96.71 in chips) 
Seat 3: ponchua ($100 in chips) 
Seat 4: glupakat ($51.22 in chips) 
Seat 5: bartvist ($30.74 in chips) 
Seat 6: elcutez ($90.18 in chips) 
glupakat: posts small blind $0.50
bartvist: posts big blind $1
*** HOLE CARDS ***
elcutez: folds 
jeffy27dt1: raises $1.50 to $2.50
grand GOR: folds 
ponchua: folds 
glupakat: folds 
bartvist: folds 
Uncalled bet ($1.50) returned to jeffy27dt1
jeffy27dt1 collected $2.50 from pot
jeffy27dt1: doesn't show hand 
*** SUMMARY ***
Total pot $2.50 | Rake $0 
Seat 1: jeffy27dt1 collected ($2.50)
Seat 2: grand GOR folded before Flop (didn't bet)
Seat 3: ponchua (button) folded before Flop (didn't bet)
Seat 4: glupakat (small blind) folded before Flop
Seat 5: bartvist (big blind) folded before Flop
Seat 6: elcutez folded before Flop (didn't bet)



PokerStars Hand #254577409469:  Hold'em No Limit ($0.50/$1.00 USD) - 2025/01/27 11:45:39 WET [2025/01/27 6:45:39 ET]
Table 'Aralia IV' 6-max Seat #4 is the button
Seat 1: jeffy27dt1 ($113.93 in chips) 
Seat 2: grand GOR ($96.71 in chips) 
Seat 3: ponchua ($100 in chips) 
Seat 4: glupakat ($50.72 in chips) 
Seat 5: bartvist ($29.74 in chips) 
Seat 6: elcutez ($90.18 in chips) 
bartvist: posts small blind $0.50
elcutez: posts big blind $1
*** HOLE CARDS ***
jeffy27dt1: folds 
grand GOR: folds 
ponchua: folds 
glupakat: calls $1
bartvist: raises $1 to $2
elcutez: folds 
glupakat: calls $1
*** FLOP *** [3s Ad 5c]
bartvist: bets $2.38
glupakat: folds 
Uncalled bet ($2.38) returned to bartvist
bartvist collected $4.75 from pot
*** SUMMARY ***
Total pot $5 | Rake $0.25 
Board [3s Ad 5c]
Seat 1: jeffy27dt1 folded before Flop (didn't bet)
Seat 2: grand GOR folded before Flop (didn't bet)
Seat 3: ponchua folded before Flop (didn't bet)
Seat 4: glupakat (button) folded on the Flop
Seat 5: bartvist (small blind) collected ($4.75)
Seat 6: elcutez (big blind) folded before Flop



PokerStars Hand #254577414394:  Hold'em No Limit ($0.50/$1.00 USD) - 2025/01/27 11:46:18 WET [2025/01/27 6:46:18 ET]
Table 'Aralia IV' 6-max Seat #5 is the button
Seat 1: jeffy27dt1 ($113.93 in chips) 
Seat 2: grand GOR ($96.71 in chips) 
Seat 3: ponchua ($100 in chips) 
Seat 4: glupakat ($48.72 in chips) 
Seat 5: bartvist ($32.49 in chips) 
Seat 6: elcutez ($99 in chips) 
elcutez: posts small blind $0.50
jeffy27dt1: posts big blind $1
*** HOLE CARDS ***
grand GOR: folds 
ponchua: folds 
glupakat: folds 
bartvist: folds 
elcutez: folds 
Uncalled bet ($0.50) returned to jeffy27dt1
jeffy27dt1 collected $1 from pot
jeffy27dt1: doesn't show hand 
*** SUMMARY ***
Total pot $1 | Rake $0 
Seat 1: jeffy27dt1 (big blind) collected ($1)
Seat 2: grand GOR folded before Flop (didn't bet)
Seat 3: ponchua folded before Flop (didn't bet)
Seat 4: glupakat folded before Flop (didn't bet)
Seat 5: bartvist (button) folded before Flop (didn't bet)
Seat 6: elcutez (small blind) folded before Flop



PokerStars Hand #254577417359:  Hold'em No Limit ($0.50/$1.00 USD) - 2025/01/27 11:46:41 WET [2025/01/27 6:46:41 ET]
Table 'Aralia IV' 6-max Seat #6 is the button
Seat 1: jeffy27dt1 ($114.43 in chips) 
Seat 2: grand GOR ($96.71 in chips) 
Seat 3: ponchua ($100 in chips) 
Seat 4: glupakat ($48.72 in chips) 
Seat 5: bartvist ($32.49 in chips) 
Seat 6: elcutez ($98.50 in chips) 
jeffy27dt1: posts small blind $0.50
grand GOR: posts big blind $1
*** HOLE CARDS ***
ponchua: folds 
glupakat: calls $1
bartvist: raises $1 to $2
elcutez: folds 
jeffy27dt1: folds 
grand GOR: folds 
glupakat: raises $7 to $9
bartvist: folds 
Uncalled bet ($7) returned to glupakat
glupakat collected $5.50 from pot
glupakat: doesn't show hand 
*** SUMMARY ***
Total pot $5.50 | Rake $0 
Seat 1: jeffy27dt1 (small blind) folded before Flop
Seat 2: grand GOR (big blind) folded before Flop
Seat 3: ponchua folded before Flop (didn't bet)
Seat 4: glupakat collected ($5.50)
Seat 5: bartvist folded before Flop
Seat 6: elcutez (button) folded before Flop (didn't bet)



PokerStars Hand #254577419586:  Hold'em No Limit ($0.50/$1.00 USD) - 2025/01/27 11:46:58 WET [2025/01/27 6:46:58 ET]
Table 'Aralia IV' 6-max Seat #1 is the button
Seat 1: jeffy27dt1 ($113.93 in chips) 
Seat 2: grand GOR ($95.71 in chips) 
Seat 3: ponchua ($100 in chips) 
Seat 4: glupakat ($52.22 in chips) 
Seat 5: bartvist ($30.49 in chips) 
Seat 6: elcutez ($98.50 in chips) 
grand GOR: posts small blind $0.50
ponchua: posts big blind $1
*** HOLE CARDS ***
glupakat: folds 
bartvist: folds 
elcutez: folds 
jeffy27dt1: raises $1.50 to $2.50
grand GOR: folds 
ponchua: calls $1.50
*** FLOP *** [Qc 6c Ks]
ponchua: checks 
jeffy27dt1: bets $4
ponchua: raises $10 to $14
jeffy27dt1: calls $10
*** TURN *** [Qc 6c Ks] [2d]
ponchua: bets $23.23
jeffy27dt1: folds 
Uncalled bet ($23.23) returned to ponchua
ponchua collected $31.82 from pot
ponchua: doesn't show hand 
*** SUMMARY ***
Total pot $33.50 | Rake $1.68 
Board [Qc 6c Ks 2d]
Seat 1: jeffy27dt1 (button) folded on the Turn
Seat 2: grand GOR (small blind) folded before Flop
Seat 3: ponchua (big blind) collected ($31.82)
Seat 4: glupakat folded before Flop (didn't bet)
Seat 5: bartvist folded before Flop (didn't bet)
Seat 6: elcutez folded before Flop (didn't bet)



PokerStars Hand #254577431092:  Hold'em No Limit ($0.50/$1.00 USD) - 2025/01/27 11:48:28 WET [2025/01/27 6:48:28 ET]
Table 'Aralia IV' 6-max Seat #2 is the button
Seat 1: jeffy27dt1 ($100 in chips) 
Seat 2: grand GOR ($95.21 in chips) 
Seat 3: ponchua ($115.32 in chips) 
Seat 4: glupakat ($52.22 in chips) 
Seat 5: bartvist ($30.49 in chips) 
Seat 6: elcutez ($98.50 in chips) 
ponchua: posts small blind $0.50
glupakat: posts big blind $1
*** HOLE CARDS ***
bartvist: folds 
elcutez: folds 
jeffy27dt1: folds 
grand GOR: raises $1.50 to $2.50
ponchua: folds 
glupakat: folds 
Uncalled bet ($1.50) returned to grand GOR
grand GOR collected $2.50 from pot
grand GOR: doesn't show hand 
*** SUMMARY ***
Total pot $2.50 | Rake $0 
Seat 1: jeffy27dt1 folded before Flop (didn't bet)
Seat 2: grand GOR (button) collected ($2.50)
Seat 3: ponchua (small blind) folded before Flop
Seat 4: glupakat (big blind) folded before Flop
Seat 5: bartvist folded before Flop (didn't bet)
Seat 6: elcutez folded before Flop (didn't bet)



PokerStars Hand #254577434986:  Hold'em No Limit ($0.50/$1.00 USD) - 2025/01/27 11:48:59 WET [2025/01/27 6:48:59 ET]
Table 'Aralia IV' 6-max Seat #3 is the button
Seat 1: jeffy27dt1 ($100 in chips) 
Seat 2: grand GOR ($96.71 in chips) 
Seat 3: ponchua ($114.82 in chips) 
Seat 4: glupakat ($51.22 in chips) 
Seat 5: bartvist ($30.49 in chips) 
Seat 6: elcutez ($98.50 in chips) 
glupakat: posts small blind $0.50
bartvist: posts big blind $1
*** HOLE CARDS ***
elcutez: folds 
jeffy27dt1: raises $3 to $4
grand GOR: folds 
ponchua: folds 
glupakat: folds 
bartvist: folds 
Uncalled bet ($3) returned to jeffy27dt1
jeffy27dt1 collected $2.50 from pot
jeffy27dt1: doesn't show hand 
*** SUMMARY ***
Total pot $2.50 | Rake $0 
Seat 1: jeffy27dt1 collected ($2.50)
Seat 2: grand GOR folded before Flop (didn't bet)
Seat 3: ponchua (button) folded before Flop (didn't bet)
Seat 4: glupakat (small blind) folded before Flop
Seat 5: bartvist (big blind) folded before Flop
Seat 6: elcutez folded before Flop (didn't bet)



PokerStars Hand #254577438863:  Hold'em No Limit ($0.50/$1.00 USD) - 2025/01/27 11:49:29 WET [2025/01/27 6:49:29 ET]
Table 'Aralia IV' 6-max Seat #4 is the button
Seat 6: elcutez ($98.50 in chips) is sitting out
Seat 1: jeffy27dt1 ($101.50 in chips) 
Seat 2: grand GOR ($96.71 in chips) 
Seat 3: ponchua ($114.82 in chips) 
Seat 4: glupakat ($50.72 in chips) 
Seat 5: bartvist ($29.49 in chips) 
bartvist: posts small blind $0.50
jeffy27dt1: posts big blind $1
*** HOLE CARDS ***
grand GOR: folds 
ponchua: folds 
glupakat: folds 
bartvist: raises $1 to $2
jeffy27dt1: folds 
Uncalled bet ($1) returned to bartvist
bartvist collected $2 from pot
*** SUMMARY ***
Total pot $2 | Rake $0 
Seat 6: elcutez
Seat 1: jeffy27dt1 (big blind) folded before Flop
Seat 2: grand GOR folded before Flop (didn't bet)
Seat 3: ponchua folded before Flop (didn't bet)
Seat 4: glupakat (button) folded before Flop (didn't bet)
Seat 5: bartvist (small blind) collected ($2)



PokerStars Hand #254577440925:  Hold'em No Limit ($0.50/$1.00 USD) - 2025/01/27 11:49:45 WET [2025/01/27 6:49:45 ET]
Table 'Aralia IV' 6-max Seat #5 is the button
Seat 6: elcutez ($98.50 in chips) is sitting out
Seat 1: jeffy27dt1 ($100.50 in chips) 
Seat 2: grand GOR ($96.71 in chips) 
Seat 3: ponchua ($114.82 in chips) 
Seat 4: glupakat ($50.72 in chips) 
Seat 5: bartvist ($30.49 in chips) 
jeffy27dt1: posts small blind $0.50
grand GOR: posts big blind $1
*** HOLE CARDS ***
ponchua: raises $1.50 to $2.50
glupakat: folds 
bartvist: calls $2.50
jeffy27dt1: folds 
elcutez is disconnected 
grand GOR: folds 
*** FLOP *** [7s 4d 7d]
ponchua: checks 
bartvist: checks 
*** TURN *** [7s 4d 7d] [Kd]
ponchua: bets $4.14
bartvist: folds 
Uncalled bet ($4.14) returned to ponchua
ponchua collected $6.18 from pot
ponchua: doesn't show hand 
*** SUMMARY ***
Total pot $6.50 | Rake $0.32 
Board [7s 4d 7d Kd]
Seat 6: elcutez
Seat 1: jeffy27dt1 (small blind) folded before Flop
Seat 2: grand GOR (big blind) folded before Flop
Seat 3: ponchua collected ($6.18)
Seat 4: glupakat folded before Flop (didn't bet)
Seat 5: bartvist (button) folded on the Turn



PokerStars Hand #254577444019:  Hold'em No Limit ($0.50/$1.00 USD) - 2025/01/27 11:50:09 WET [2025/01/27 6:50:09 ET]
Table 'Aralia IV' 6-max Seat #1 is the button
Seat 6: elcutez ($98.50 in chips) is sitting out
Seat 1: jeffy27dt1 ($100 in chips) 
Seat 2: grand GOR ($95.71 in chips) 
Seat 3: ponchua ($118.50 in chips) 
Seat 4: glupakat ($50.72 in chips) 
Seat 5: bartvist ($27.99 in chips) 
grand GOR: posts small blind $0.50
ponchua: posts big blind $1
*** HOLE CARDS ***
glupakat: folds 
bartvist: raises $1 to $2
jeffy27dt1: folds 
grand GOR: raises $11 to $13
ponchua: folds 
bartvist: raises $14.99 to $27.99 and is all-in
grand GOR: calls $14.99
*** FLOP *** [Qh 3c Kd]
*** TURN *** [Qh 3c Kd] [Jc]
*** RIVER *** [Qh 3c Kd Jc] [6d]
*** SHOW DOWN ***
grand GOR: shows [Kc Ad] (a pair of Kings)
bartvist: shows [Ts Tc] (a pair of Tens)
grand GOR collected $54.48 from pot
*** SUMMARY ***
Total pot $56.98 | Rake $2.50 
Board [Qh 3c Kd Jc 6d]
Seat 6: elcutez
Seat 1: jeffy27dt1 (button) folded before Flop (didn't bet)
Seat 2: grand GOR (small blind) showed [Kc Ad] and won ($54.48) with a pair of Kings
Seat 3: ponchua (big blind) folded before Flop
Seat 4: glupakat folded before Flop (didn't bet)
Seat 5: bartvist showed [Ts Tc] and lost with a pair of Tens



PokerStars Hand #254577447767:  Hold'em No Limit ($0.50/$1.00 USD) - 2025/01/27 11:50:38 WET [2025/01/27 6:50:38 ET]
Table 'Aralia IV' 6-max Seat #2 is the button
Seat 5: bartvist ($0 in chips) is sitting out
Seat 6: elcutez ($98.50 in chips) is sitting out
Seat 1: jeffy27dt1 ($100 in chips) 
Seat 2: grand GOR ($122.20 in chips) 
Seat 3: ponchua ($117.50 in chips) 
Seat 4: glupakat ($50.72 in chips) 
ponchua: posts small blind $0.50
glupakat: posts big blind $1
*** HOLE CARDS ***
jeffy27dt1: folds 
grand GOR: folds 
ponchua: raises $1.50 to $2.50
glupakat: calls $1.50
*** FLOP *** [Tc 5s 4h]
ponchua: checks 
glupakat: bets $2.38
ponchua: raises $4.62 to $7
glupakat: calls $4.62
*** TURN *** [Tc 5s 4h] [3c]
ponchua: bets $9.21
glupakat: calls $9.21
*** RIVER *** [Tc 5s 4h 3c] [2s]
ponchua: bets $35
glupakat: folds 
Uncalled bet ($35) returned to ponchua
ponchua collected $36.42 from pot
ponchua: doesn't show hand 
*** SUMMARY ***
Total pot $37.42 | Rake $1 
Board [Tc 5s 4h 3c 2s]
Seat 5: bartvist
Seat 6: elcutez
Seat 1: jeffy27dt1 folded before Flop (didn't bet)
Seat 2: grand GOR (button) folded before Flop (didn't bet)
Seat 3: ponchua (small blind) collected ($36.42)
Seat 4: glupakat (big blind) folded on the River



PokerStars Hand #254577456958:  Hold'em No Limit ($0.50/$1.00 USD) - 2025/01/27 11:51:49 WET [2025/01/27 6:51:49 ET]
Table 'Aralia IV' 6-max Seat #3 is the button
Seat 5: bartvist ($0 in chips) is sitting out
Seat 6: elcutez ($98.50 in chips) is sitting out
Seat 1: jeffy27dt1 ($100 in chips) 
Seat 2: grand GOR ($122.20 in chips) 
Seat 3: ponchua ($135.21 in chips) 
Seat 4: glupakat ($32.01 in chips) 
glupakat: posts small blind $0.50
jeffy27dt1: posts big blind $1
*** HOLE CARDS ***
grand GOR: folds 
ponchua: folds 
glupakat: folds 
Uncalled bet ($0.50) returned to jeffy27dt1
jeffy27dt1 collected $1 from pot
jeffy27dt1: doesn't show hand 
*** SUMMARY ***
Total pot $1 | Rake $0 
Seat 5: bartvist
Seat 6: elcutez
Seat 1: jeffy27dt1 (big blind) collected ($1)
Seat 2: grand GOR folded before Flop (didn't bet)
Seat 3: ponchua (button) folded before Flop (didn't bet)
Seat 4: glupakat (small blind) folded before Flop



PokerStars Hand #254577457940:  Hold'em No Limit ($0.50/$1.00 USD) - 2025/01/27 11:51:56 WET [2025/01/27 6:51:56 ET]
Table 'Aralia IV' 6-max Seat #4 is the button
Seat 5: bartvist ($0 in chips) is sitting out
Seat 6: elcutez ($98.50 in chips) is sitting out
Seat 1: jeffy27dt1 ($100.50 in chips) 
Seat 2: grand GOR ($122.20 in chips) 
Seat 3: ponchua ($135.21 in chips) 
Seat 4: glupakat ($31.51 in chips) 
jeffy27dt1: posts small blind $0.50
grand GOR: posts big blind $1
*** HOLE CARDS ***
ponchua: folds 
glupakat: folds 
jeffy27dt1: folds 
Uncalled bet ($0.50) returned to grand GOR
grand GOR collected $1 from pot
grand GOR: doesn't show hand 
*** SUMMARY ***
Total pot $1 | Rake $0 
Seat 5: bartvist
Seat 6: elcutez
Seat 1: jeffy27dt1 (small blind) folded before Flop
Seat 2: grand GOR (big blind) collected ($1)
Seat 3: ponchua folded before Flop (didn't bet)
Seat 4: glupakat (button) folded before Flop (didn't bet)



PokerStars Hand #254577459332:  Hold'em No Limit ($0.50/$1.00 USD) - 2025/01/27 11:52:07 WET [2025/01/27 6:52:07 ET]
Table 'Aralia IV' 6-max Seat #1 is the button
Seat 3: ponchua ($135.21 in chips) is sitting out
Seat 5: bartvist ($0 in chips) is sitting out
Seat 6: elcutez ($98.50 in chips) is sitting out
Seat 1: jeffy27dt1 ($100 in chips) 
Seat 2: grand GOR ($122.70 in chips) 
Seat 4: glupakat ($31.51 in chips) 
grand GOR: posts small blind $0.50
ponchua: is sitting out 
glupakat: posts big blind $1
*** HOLE CARDS ***
jeffy27dt1: raises $1.50 to $2.50
grand GOR: folds 
glupakat: folds 
Uncalled bet ($1.50) returned to jeffy27dt1
jeffy27dt1 collected $2.50 from pot
jeffy27dt1: doesn't show hand 
*** SUMMARY ***
Total pot $2.50 | Rake $0 
Seat 3: ponchua
Seat 5: bartvist
Seat 6: elcutez
Seat 1: jeffy27dt1 (button) collected ($2.50)
Seat 2: grand GOR (small blind) folded before Flop
Seat 4: glupakat (big blind) folded before Flop



PokerStars Hand #254577460453:  Hold'em No Limit ($0.50/$1.00 USD) - 2025/01/27 11:52:16 WET [2025/01/27 6:52:16 ET]
Table 'Aralia IV' 6-max Seat #2 is the button
Seat 3: ponchua ($135.21 in chips) is sitting out
Seat 5: bartvist ($0 in chips) is sitting out
Seat 6: elcutez ($98.50 in chips) is sitting out
Seat 1: jeffy27dt1 ($101.50 in chips) 
Seat 2: grand GOR ($122.20 in chips) 
Seat 4: glupakat ($30.51 in chips) 
glupakat: posts small blind $0.50
jeffy27dt1: posts big blind $1
*** HOLE CARDS ***
grand GOR: folds 
ponchua leaves the table
glupakat: folds 
Uncalled bet ($0.50) returned to jeffy27dt1
jeffy27dt1 collected $1 from pot
jeffy27dt1: doesn't show hand 
*** SUMMARY ***
Total pot $1 | Rake $0 
Seat 3: ponchua
Seat 5: bartvist
Seat 6: elcutez
Seat 1: jeffy27dt1 (big blind) collected ($1)
Seat 2: grand GOR (button) folded before Flop (didn't bet)
Seat 4: glupakat (small blind) folded before Flop



PokerStars Hand #254577461313:  Hold'em No Limit ($0.50/$1.00 USD) - 2025/01/27 11:52:23 WET [2025/01/27 6:52:23 ET]
Table 'Aralia IV' 6-max Seat #4 is the button
Seat 5: bartvist ($0 in chips) is sitting out
Seat 6: elcutez ($98.50 in chips) is sitting out
Seat 1: jeffy27dt1 ($102 in chips) 
Seat 2: grand GOR ($122.20 in chips) 
Seat 4: glupakat ($30.01 in chips) 
jeffy27dt1: posts small blind $0.50
grand GOR: posts big blind $1
*** HOLE CARDS ***
glupakat: folds 
jeffy27dt1: raises $2 to $3
grand GOR: raises $8.50 to $11.50
jeffy27dt1: raises $90.50 to $102 and is all-in
grand GOR: folds 
Uncalled bet ($90.50) returned to jeffy27dt1
jeffy27dt1 collected $23 from pot
jeffy27dt1: doesn't show hand 
*** SUMMARY ***
Total pot $23 | Rake $0 
Seat 5: bartvist
Seat 6: elcutez
Seat 1: jeffy27dt1 (small blind) collected ($23)
Seat 2: grand GOR (big blind) folded before Flop
Seat 4: glupakat (button) folded before Flop (didn't bet)



PokerStars Hand #254577466922:  Hold'em No Limit ($0.50/$1.00 USD) - 2025/01/27 11:53:05 WET [2025/01/27 6:53:05 ET]
Table 'Aralia IV' 6-max Seat #1 is the button
Seat 5: bartvist ($0 in chips) is sitting out
Seat 6: elcutez ($98.50 in chips) is sitting out
Seat 1: jeffy27dt1 ($113.50 in chips) 
Seat 2: grand GOR ($110.70 in chips) 
Seat 4: glupakat ($30.01 in chips) 
grand GOR: posts small blind $0.50
glupakat: posts big blind $1
*** HOLE CARDS ***
jeffy27dt1: raises $1.50 to $2.50
grand GOR: folds 
glupakat: calls $1.50
*** FLOP *** [Th Js 2c]
glupakat: checks 
AlexEliseev7 joins the table at seat #3 
bartvist is disconnected 
jeffy27dt1: bets $3.92
glupakat: folds 
Uncalled bet ($3.92) returned to jeffy27dt1
jeffy27dt1 collected $5.22 from pot
jeffy27dt1: doesn't show hand 
*** SUMMARY ***
Total pot $5.50 | Rake $0.28 
Board [Th Js 2c]
Seat 5: bartvist
Seat 6: elcutez
Seat 1: jeffy27dt1 (button) collected ($5.22)
Seat 2: grand GOR (small blind) folded before Flop
Seat 4: glupakat (big blind) folded on the Flop



PokerStars Hand #254577472334:  Hold'em No Limit ($0.50/$1.00 USD) - 2025/01/27 11:53:46 WET [2025/01/27 6:53:46 ET]
Table 'Aralia IV' 6-max Seat #2 is the button
Seat 3: AlexEliseev7 ($100 in chips) is sitting out
Seat 5: bartvist ($0 in chips) is sitting out
Seat 6: elcutez ($98.50 in chips) is sitting out
Seat 1: jeffy27dt1 ($116.22 in chips) 
Seat 2: grand GOR ($110.20 in chips) 
Seat 4: glupakat ($50.51 in chips) 
glupakat: posts small blind $0.50
jeffy27dt1: posts big blind $1
*** HOLE CARDS ***
grand GOR: folds 
glupakat: raises $2 to $3
jeffy27dt1: folds 
Uncalled bet ($2) returned to glupakat
glupakat collected $2 from pot
elcutez leaves the table
glupakat: doesn't show hand 
*** SUMMARY ***
Total pot $2 | Rake $0 
Seat 3: AlexEliseev7
Seat 5: bartvist
Seat 6: elcutez
Seat 1: jeffy27dt1 (big blind) folded before Flop
Seat 2: grand GOR (button) folded before Flop (didn't bet)
Seat 4: glupakat (small blind) collected ($2)



PokerStars Hand #254577473416:  Hold'em No Limit ($0.50/$1.00 USD) - 2025/01/27 11:53:54 WET [2025/01/27 6:53:54 ET]
Table 'Aralia IV' 6-max Seat #4 is the button
Seat 3: AlexEliseev7 ($100 in chips) is sitting out
Seat 5: bartvist ($0 in chips) is sitting out
Seat 1: jeffy27dt1 ($115.22 in chips) 
Seat 2: grand GOR ($110.20 in chips) 
Seat 4: glupakat ($51.51 in chips) 
jeffy27dt1: posts small blind $0.50
grand GOR: posts big blind $1
AlexEliseev7: sits out 
*** HOLE CARDS ***
glupakat: calls $1
jeffy27dt1: folds 
grand GOR: checks 
*** FLOP *** [2h Qd 7h]
grand GOR: checks 
glupakat: checks 
*** TURN *** [2h Qd 7h] [3c]
grand GOR: checks 
glupakat: checks 
*** RIVER *** [2h Qd 7h 3c] [6c]
grand GOR: checks 
glupakat: checks 
*** SHOW DOWN ***
grand GOR: shows [2s 4h] (a pair of Deuces)
glupakat: mucks hand 
grand GOR collected $2.38 from pot
*** SUMMARY ***
Total pot $2.50 | Rake $0.12 
Board [2h Qd 7h 3c 6c]
Seat 3: AlexEliseev7
Seat 5: bartvist
Seat 1: jeffy27dt1 (small blind) folded before Flop
Seat 2: grand GOR (big blind) showed [2s 4h] and won ($2.38) with a pair of Deuces
Seat 4: glupakat (button) mucked



PokerStars Hand #254577476401:  Hold'em No Limit ($0.50/$1.00 USD) - 2025/01/27 11:54:18 WET [2025/01/27 6:54:18 ET]
Table 'Aralia IV' 6-max Seat #1 is the button
Seat 5: bartvist ($0 in chips) is sitting out
Seat 1: jeffy27dt1 ($114.72 in chips) 
Seat 2: grand GOR ($111.58 in chips) 
Seat 3: AlexEliseev7 ($100 in chips) 
Seat 4: glupakat ($50.51 in chips) 
grand GOR: posts small blind $0.50
AlexEliseev7: posts big blind $1
*** HOLE CARDS ***
glupakat: folds 
jeffy27dt1: raises $1.50 to $2.50
grand GOR: folds 
AlexEliseev7: calls $1.50
*** FLOP *** [7h 6s 2s]
AlexEliseev7: checks 
jeffy27dt1: bets $1.72
AlexEliseev7: calls $1.72
*** TURN *** [7h 6s 2s] [2d]
janarr5 joins the table at seat #6 
AlexEliseev7: checks 
jeffy27dt1: bets $6.37
AlexEliseev7: folds 
Uncalled bet ($6.37) returned to jeffy27dt1
jeffy27dt1 collected $8.49 from pot
jeffy27dt1: doesn't show hand 
*** SUMMARY ***
Total pot $8.94 | Rake $0.45 
Board [7h 6s 2s 2d]
Seat 5: bartvist
Seat 1: jeffy27dt1 (button) collected ($8.49)
Seat 2: grand GOR (small blind) folded before Flop
Seat 3: AlexEliseev7 (big blind) folded on the Turn
Seat 4: glupakat folded before Flop (didn't bet)



PokerStars Hand #254577485497:  Hold'em No Limit ($0.50/$1.00 USD) - 2025/01/27 11:55:32 WET [2025/01/27 6:55:32 ET]
Table 'Aralia IV' 6-max Seat #2 is the button
Seat 5: bartvist ($0 in chips) is sitting out
Seat 6: janarr5 ($100 in chips) is sitting out
Seat 1: jeffy27dt1 ($118.99 in chips) 
Seat 2: grand GOR ($111.08 in chips) 
Seat 3: AlexEliseev7 ($100 in chips) 
Seat 4: glupakat ($50.51 in chips) 
AlexEliseev7: posts small blind $0.50
glupakat: posts big blind $1
janarr5: sits out 
*** HOLE CARDS ***
jeffy27dt1: folds 
grand GOR: raises $2 to $3
AlexEliseev7: folds 
glupakat: folds 
Uncalled bet ($2) returned to grand GOR
grand GOR collected $2.50 from pot
grand GOR: doesn't show hand 
*** SUMMARY ***
Total pot $2.50 | Rake $0 
Seat 5: bartvist
Seat 6: janarr5
Seat 1: jeffy27dt1 folded before Flop (didn't bet)
Seat 2: grand GOR (button) collected ($2.50)
Seat 3: AlexEliseev7 (small blind) folded before Flop
Seat 4: glupakat (big blind) folded before Flop



PokerStars Hand #254577486945:  Hold'em No Limit ($0.50/$1.00 USD) - 2025/01/27 11:55:45 WET [2025/01/27 6:55:45 ET]
Table 'Aralia IV' 6-max Seat #3 is the button
Seat 5: bartvist ($0 in chips) is sitting out
Seat 1: jeffy27dt1 ($118.99 in chips) 
Seat 2: grand GOR ($112.58 in chips) 
Seat 3: AlexEliseev7 ($100 in chips) 
Seat 4: glupakat ($49.51 in chips) 
Seat 6: janarr5 ($100 in chips) 
glupakat: posts small blind $0.50
janarr5: posts big blind $1
*** HOLE CARDS ***
jeffy27dt1: folds 
grand GOR: folds 
AlexEliseev7: folds 
glupakat: calls $0.50
janarr5: raises $4 to $5
glupakat: folds 
Uncalled bet ($4) returned to janarr5
janarr5 collected $2 from pot
bartvist leaves the table
janarr5: doesn't show hand 
*** SUMMARY ***
Total pot $2 | Rake $0 
Seat 5: bartvist
Seat 1: jeffy27dt1 folded before Flop (didn't bet)
Seat 2: grand GOR folded before Flop (didn't bet)
Seat 3: AlexEliseev7 (button) folded before Flop (didn't bet)
Seat 4: glupakat (small blind) folded before Flop
Seat 6: janarr5 (big blind) collected ($2)



PokerStars Hand #254577489764:  Hold'em No Limit ($0.50/$1.00 USD) - 2025/01/27 11:56:11 WET [2025/01/27 6:56:11 ET]
Table 'Aralia IV' 6-max Seat #4 is the button
Seat 1: jeffy27dt1 ($118.99 in chips) 
Seat 2: grand GOR ($112.58 in chips) 
Seat 3: AlexEliseev7 ($100 in chips) 
Seat 4: glupakat ($48.51 in chips) 
Seat 6: janarr5 ($101 in chips) 
janarr5: posts small blind $0.50
jeffy27dt1: posts big blind $1
*** HOLE CARDS ***
grand GOR: raises $1.20 to $2.20
AlexEliseev7: folds 
glupakat: folds 
janarr5: folds 
jeffy27dt1: folds 
Uncalled bet ($1.20) returned to grand GOR
grand GOR collected $2.50 from pot
grand GOR: doesn't show hand 
*** SUMMARY ***
Total pot $2.50 | Rake $0 
Seat 1: jeffy27dt1 (big blind) folded before Flop
Seat 2: grand GOR collected ($2.50)
Seat 3: AlexEliseev7 folded before Flop (didn't bet)
Seat 4: glupakat (button) folded before Flop (didn't bet)
Seat 6: janarr5 (small blind) folded before Flop



PokerStars Hand #254577492503:  Hold'em No Limit ($0.50/$1.00 USD) - 2025/01/27 11:56:35 WET [2025/01/27 6:56:35 ET]
Table 'Aralia IV' 6-max Seat #6 is the button
Seat 1: jeffy27dt1 ($117.99 in chips) 
Seat 2: grand GOR ($114.08 in chips) 
Seat 3: AlexEliseev7 ($100 in chips) 
Seat 4: glupakat ($48.51 in chips) 
Seat 6: janarr5 ($100.50 in chips) 
jeffy27dt1: posts small blind $0.50
grand GOR: posts big blind $1
*** HOLE CARDS ***
AlexEliseev7: folds 
glupakat: folds 
janarr5: folds 
jeffy27dt1: raises $2 to $3
grand GOR: calls $2
*** FLOP *** [3s 9d 4c]
MCFC4INAROW joins the table at seat #5 
MCFC4INAROW is disconnected 
jeffy27dt1: checks 
grand GOR: bets $2.85
jeffy27dt1: calls $2.85
*** TURN *** [3s 9d 4c] [7h]
jeffy27dt1: checks 
grand GOR: bets $6
jeffy27dt1: folds 
Uncalled bet ($6) returned to grand GOR
grand GOR collected $11.12 from pot
grand GOR: doesn't show hand 
*** SUMMARY ***
Total pot $11.70 | Rake $0.58 
Board [3s 9d 4c 7h]
Seat 1: jeffy27dt1 (small blind) folded on the Turn
Seat 2: grand GOR (big blind) collected ($11.12)
Seat 3: AlexEliseev7 folded before Flop (didn't bet)
Seat 4: glupakat folded before Flop (didn't bet)
Seat 6: janarr5 (button) folded before Flop (didn't bet)



PokerStars Hand #254577499527:  Hold'em No Limit ($0.50/$1.00 USD) - 2025/01/27 11:57:38 WET [2025/01/27 6:57:38 ET]
Table 'Aralia IV' 6-max Seat #1 is the button
Seat 5: MCFC4INAROW ($10.50 in chips) is sitting out
Seat 1: jeffy27dt1 ($112.14 in chips) 
Seat 2: grand GOR ($119.35 in chips) 
Seat 3: AlexEliseev7 ($100 in chips) 
Seat 4: glupakat ($48.51 in chips) 
Seat 6: janarr5 ($100.50 in chips) 
grand GOR: posts small blind $0.50
AlexEliseev7: posts big blind $1
MCFC4INAROW: sits out 
*** HOLE CARDS ***
glupakat: folds 
janarr5: folds 
jeffy27dt1: folds 
grand GOR: folds 
Uncalled bet ($0.50) returned to AlexEliseev7
AlexEliseev7 collected $1 from pot
AlexEliseev7: doesn't show hand 
*** SUMMARY ***
Total pot $1 | Rake $0 
Seat 5: MCFC4INAROW
Seat 1: jeffy27dt1 (button) folded before Flop (didn't bet)
Seat 2: grand GOR (small blind) folded before Flop
Seat 3: AlexEliseev7 (big blind) collected ($1)
Seat 4: glupakat folded before Flop (didn't bet)
Seat 6: janarr5 folded before Flop (didn't bet)



PokerStars Hand #254577500500:  Hold'em No Limit ($0.50/$1.00 USD) - 2025/01/27 11:57:47 WET [2025/01/27 6:57:47 ET]
Table 'Aralia IV' 6-max Seat #2 is the button
Seat 5: MCFC4INAROW ($10.50 in chips) is sitting out
Seat 1: jeffy27dt1 ($112.14 in chips) 
Seat 2: grand GOR ($118.85 in chips) 
Seat 3: AlexEliseev7 ($100.50 in chips) 
Seat 4: glupakat ($48.51 in chips) 
Seat 6: janarr5 ($100.50 in chips) 
AlexEliseev7: posts small blind $0.50
glupakat: posts big blind $1
MCFC4INAROW: sits out 
*** HOLE CARDS ***
janarr5: folds 
jeffy27dt1: folds 
grand GOR: raises $1.50 to $2.50
AlexEliseev7: folds 
glupakat: folds 
Uncalled bet ($1.50) returned to grand GOR
grand GOR collected $2.50 from pot
grand GOR: doesn't show hand 
*** SUMMARY ***
Total pot $2.50 | Rake $0 
Seat 5: MCFC4INAROW
Seat 1: jeffy27dt1 folded before Flop (didn't bet)
Seat 2: grand GOR (button) collected ($2.50)
Seat 3: AlexEliseev7 (small blind) folded before Flop
Seat 4: glupakat (big blind) folded before Flop
Seat 6: janarr5 folded before Flop (didn't bet)



PokerStars Hand #254577501994:  Hold'em No Limit ($0.50/$1.00 USD) - 2025/01/27 11:58:01 WET [2025/01/27 6:58:01 ET]
Table 'Aralia IV' 6-max Seat #3 is the button
Seat 1: jeffy27dt1 ($112.14 in chips) 
Seat 2: grand GOR ($120.35 in chips) 
Seat 3: AlexEliseev7 ($100 in chips) 
Seat 4: glupakat ($47.51 in chips) 
Seat 5: MCFC4INAROW ($10.50 in chips) 
Seat 6: janarr5 ($100.50 in chips) 
glupakat: posts small blind $0.50
MCFC4INAROW: posts big blind $1
*** HOLE CARDS ***
janarr5: raises $1.25 to $2.25
jeffy27dt1: folds 
grand GOR: folds 
AlexEliseev7: folds 
glupakat: folds 
MCFC4INAROW: calls $1.25
*** FLOP *** [7d 7h 6d]
MCFC4INAROW: checks 
janarr5: checks 
*** TURN *** [7d 7h 6d] [2c]
MCFC4INAROW: checks 
janarr5: bets $1
MCFC4INAROW: raises $7.25 to $8.25 and is all-in
janarr5: folds 
Uncalled bet ($7.25) returned to MCFC4INAROW
MCFC4INAROW collected $6.65 from pot
MCFC4INAROW: doesn't show hand 
*** SUMMARY ***
Total pot $7 | Rake $0.35 
Board [7d 7h 6d 2c]
Seat 1: jeffy27dt1 folded before Flop (didn't bet)
Seat 2: grand GOR folded before Flop (didn't bet)
Seat 3: AlexEliseev7 (button) folded before Flop (didn't bet)
Seat 4: glupakat (small blind) folded before Flop
Seat 5: MCFC4INAROW (big blind) collected ($6.65)
Seat 6: janarr5 folded on the Turn



PokerStars Hand #254577507767:  Hold'em No Limit ($0.50/$1.00 USD) - 2025/01/27 11:58:53 WET [2025/01/27 6:58:53 ET]
Table 'Aralia IV' 6-max Seat #4 is the button
Seat 1: jeffy27dt1 ($112.14 in chips) 
Seat 2: grand GOR ($120.35 in chips) 
Seat 3: AlexEliseev7 ($100 in chips) 
Seat 4: glupakat ($47.01 in chips) 
Seat 5: MCFC4INAROW ($13.90 in chips) 
Seat 6: janarr5 ($100 in chips) 
MCFC4INAROW: posts small blind $0.50
janarr5: posts big blind $1
*** HOLE CARDS ***
jeffy27dt1: folds 
grand GOR: folds 
AlexEliseev7: folds 
glupakat: raises $3 to $4
MCFC4INAROW: folds 
janarr5: raises $96 to $100 and is all-in
glupakat: calls $43.01 and is all-in
Uncalled bet ($52.99) returned to janarr5
*** FLOP *** [7c 4d Jd]
*** TURN *** [7c 4d Jd] [Qs]
*** RIVER *** [7c 4d Jd Qs] [Kd]
*** SHOW DOWN ***
janarr5: shows [Ah Jh] (a pair of Jacks)
glupakat: shows [2c 2h] (a pair of Deuces)
janarr5 collected $92.02 from pot
*** SUMMARY ***
Total pot $94.52 | Rake $2.50 
Board [7c 4d Jd Qs Kd]
Seat 1: jeffy27dt1 folded before Flop (didn't bet)
Seat 2: grand GOR folded before Flop (didn't bet)
Seat 3: AlexEliseev7 folded before Flop (didn't bet)
Seat 4: glupakat (button) showed [2c 2h] and lost with a pair of Deuces
Seat 5: MCFC4INAROW (small blind) folded before Flop
Seat 6: janarr5 (big blind) showed [Ah Jh] and won ($92.02) with a pair of Jacks



PokerStars Hand #254577510526:  Hold'em No Limit ($0.50/$1.00 USD) - 2025/01/27 11:59:19 WET [2025/01/27 6:59:19 ET]
Table 'Aralia IV' 6-max Seat #5 is the button
Seat 1: jeffy27dt1 ($112.14 in chips) is sitting out
Seat 4: glupakat ($0 in chips) is sitting out
Seat 2: grand GOR ($120.35 in chips) 
Seat 3: AlexEliseev7 ($100 in chips) 
Seat 5: MCFC4INAROW ($13.40 in chips) 
Seat 6: janarr5 ($145.01 in chips) 
janarr5: posts small blind $0.50
jeffy27dt1: is sitting out 
grand GOR: posts big blind $1
*** HOLE CARDS ***
AlexEliseev7: folds 
MCFC4INAROW: folds 
janarr5: raises $2 to $3
grand GOR: calls $2
*** FLOP *** [Td 8c 7d]
janarr5: checks 
jeffy27dt1 leaves the table
grand GOR: bets $2.50
janarr5: calls $2.50
*** TURN *** [Td 8c 7d] [8s]
janarr5: checks 
grand GOR: checks 
*** RIVER *** [Td 8c 7d 8s] [Qd]
janarr5: bets $15.68
grand GOR: folds 
Uncalled bet ($15.68) returned to janarr5
janarr5 collected $10.45 from pot
janarr5: doesn't show hand 
*** SUMMARY ***
Total pot $11 | Rake $0.55 
Board [Td 8c 7d 8s Qd]
Seat 1: jeffy27dt1
Seat 4: glupakat
Seat 2: grand GOR (big blind) folded on the River
Seat 3: AlexEliseev7 folded before Flop (didn't bet)
Seat 5: MCFC4INAROW (button) folded before Flop (didn't bet)
Seat 6: janarr5 (small blind) collected ($10.45)



PokerStars Hand #254577514937:  Hold'em No Limit ($0.50/$1.00 USD) - 2025/01/27 11:59:59 WET [2025/01/27 6:59:59 ET]
Table 'Aralia IV' 6-max Seat #6 is the button
Seat 2: grand GOR ($114.85 in chips) 
Seat 3: AlexEliseev7 ($100 in chips) 
Seat 4: glupakat ($47.40 in chips) 
Seat 5: MCFC4INAROW ($13.40 in chips) 
Seat 6: janarr5 ($149.96 in chips) 
grand GOR: posts small blind $0.50
AlexEliseev7: posts big blind $1
*** HOLE CARDS ***
Pippa83 joins the table at seat #1 
glupakat: folds 
MCFC4INAROW: folds 
janarr5: raises $1.50 to $2.50
grand GOR: folds 
AlexEliseev7: folds 
Uncalled bet ($1.50) returned to janarr5
janarr5 collected $2.50 from pot
janarr5: doesn't show hand 
*** SUMMARY ***
Total pot $2.50 | Rake $0 
Seat 2: grand GOR (small blind) folded before Flop
Seat 3: AlexEliseev7 (big blind) folded before Flop
Seat 4: glupakat folded before Flop (didn't bet)
Seat 5: MCFC4INAROW folded before Flop (didn't bet)
Seat 6: janarr5 (button) collected ($2.50)



PokerStars Hand #254577516587:  Hold'em No Limit ($0.50/$1.00 USD) - 2025/01/27 12:00:15 WET [2025/01/27 7:00:15 ET]
Table 'Aralia IV' 6-max Seat #2 is the button
Seat 1: Pippa83 ($100 in chips) is sitting out
Seat 2: grand GOR ($114.35 in chips) 
Seat 3: AlexEliseev7 ($100 in chips) 
Seat 4: glupakat ($47.40 in chips) 
Seat 5: MCFC4INAROW ($13.40 in chips) 
Seat 6: janarr5 ($151.46 in chips) 
AlexEliseev7: posts small blind $0.50
glupakat: posts big blind $1
Pippa83: sits out 
*** HOLE CARDS ***
MCFC4INAROW: folds 
janarr5: folds 
grand GOR: folds 
AlexEliseev7: raises $2 to $3
glupakat: folds 
Uncalled bet ($2) returned to AlexEliseev7
AlexEliseev7 collected $2 from pot
AlexEliseev7: doesn't show hand 
*** SUMMARY ***
Total pot $2 | Rake $0 
Seat 1: Pippa83
Seat 2: grand GOR (button) folded before Flop (didn't bet)
Seat 3: AlexEliseev7 (small blind) collected ($2)
Seat 4: glupakat (big blind) folded before Flop
Seat 5: MCFC4INAROW folded before Flop (didn't bet)
Seat 6: janarr5 folded before Flop (didn't bet)



PokerStars Hand #254577518657:  Hold'em No Limit ($0.50/$1.00 USD) - 2025/01/27 12:00:33 WET [2025/01/27 7:00:33 ET]
Table 'Aralia IV' 6-max Seat #3 is the button
Seat 1: Pippa83 ($100 in chips) is sitting out
Seat 2: grand GOR ($114.35 in chips) 
Seat 3: AlexEliseev7 ($101 in chips) 
Seat 4: glupakat ($46.40 in chips) 
Seat 5: MCFC4INAROW ($13.40 in chips) 
Seat 6: janarr5 ($151.46 in chips) 
glupakat: posts small blind $0.50
MCFC4INAROW: posts big blind $1
Pippa83: sits out 
*** HOLE CARDS ***
janarr5: raises $1.25 to $2.25
grand GOR: folds 
AlexEliseev7: raises $4.25 to $6.50
glupakat: folds 
MCFC4INAROW: folds 
janarr5: calls $4.25
*** FLOP *** [Ad 5c 2d]
janarr5: checks 
AlexEliseev7: bets $4.55
janarr5: calls $4.55
*** TURN *** [Ad 5c 2d] [9s]
janarr5: checks 
AlexEliseev7: bets $17.49
janarr5: folds 
Uncalled bet ($17.49) returned to AlexEliseev7
AlexEliseev7 collected $22.42 from pot
AlexEliseev7: doesn't show hand 
*** SUMMARY ***
Total pot $23.60 | Rake $1.18 
Board [Ad 5c 2d 9s]
Seat 1: Pippa83
Seat 2: grand GOR folded before Flop (didn't bet)
Seat 3: AlexEliseev7 (button) collected ($22.42)
Seat 4: glupakat (small blind) folded before Flop
Seat 5: MCFC4INAROW (big blind) folded before Flop
Seat 6: janarr5 folded on the Turn



PokerStars Hand #254577524917:  Hold'em No Limit ($0.50/$1.00 USD) - 2025/01/27 12:01:24 WET [2025/01/27 7:01:24 ET]
Table 'Aralia IV' 6-max Seat #4 is the button
Seat 1: Pippa83 ($100 in chips) is sitting out
Seat 2: grand GOR ($114.35 in chips) 
Seat 3: AlexEliseev7 ($112.37 in chips) 
Seat 4: glupakat ($45.90 in chips) 
Seat 5: MCFC4INAROW ($12.40 in chips) 
Seat 6: janarr5 ($140.41 in chips) 
MCFC4INAROW: posts small blind $0.50
janarr5: posts big blind $1
Pippa83: sits out 
*** HOLE CARDS ***
grand GOR: folds 
AlexEliseev7: raises $1.50 to $2.50
glupakat: folds 
MCFC4INAROW: folds 
janarr5: folds 
Uncalled bet ($1.50) returned to AlexEliseev7
AlexEliseev7 collected $2.50 from pot
AlexEliseev7: doesn't show hand 
*** SUMMARY ***
Total pot $2.50 | Rake $0 
Seat 1: Pippa83
Seat 2: grand GOR folded before Flop (didn't bet)
Seat 3: AlexEliseev7 collected ($2.50)
Seat 4: glupakat (button) folded before Flop (didn't bet)
Seat 5: MCFC4INAROW (small blind) folded before Flop
Seat 6: janarr5 (big blind) folded before Flop



PokerStars Hand #254577526662:  Hold'em No Limit ($0.50/$1.00 USD) - 2025/01/27 12:01:37 WET [2025/01/27 7:01:37 ET]
Table 'Aralia IV' 6-max Seat #5 is the button
Seat 1: Pippa83 ($100 in chips) 
Seat 2: grand GOR ($114.35 in chips) 
Seat 3: AlexEliseev7 ($113.87 in chips) 
Seat 4: glupakat ($45.90 in chips) 
Seat 5: MCFC4INAROW ($11.90 in chips) 
Seat 6: janarr5 ($139.41 in chips) 
janarr5: posts small blind $0.50
Pippa83: posts big blind $1
*** HOLE CARDS ***
grand GOR: raises $1.50 to $2.50
AlexEliseev7: folds 
glupakat: folds 
MCFC4INAROW: calls $2.50
janarr5: folds 
Pippa83: folds 
*** FLOP *** [6h Kc Ts]
grand GOR: bets $2
MCFC4INAROW: calls $2
*** TURN *** [6h Kc Ts] [7d]
grand GOR: bets $8.78
MCFC4INAROW: folds [Js Ac]
Uncalled bet ($8.78) returned to grand GOR
grand GOR collected $9.98 from pot
grand GOR: doesn't show hand 
*** SUMMARY ***
Total pot $10.50 | Rake $0.52 
Board [6h Kc Ts 7d]
Seat 1: Pippa83 (big blind) folded before Flop
Seat 2: grand GOR collected ($9.98)
Seat 3: AlexEliseev7 folded before Flop (didn't bet)
Seat 4: glupakat folded before Flop (didn't bet)
Seat 5: MCFC4INAROW (button) folded on the Turn
Seat 6: janarr5 (small blind) folded before Flop



PokerStars Hand #254577531664:  Hold'em No Limit ($0.50/$1.00 USD) - 2025/01/27 12:02:16 WET [2025/01/27 7:02:16 ET]
Table 'Aralia IV' 6-max Seat #6 is the button
Seat 1: Pippa83 ($100 in chips) 
Seat 2: grand GOR ($119.83 in chips) 
Seat 3: AlexEliseev7 ($113.87 in chips) 
Seat 4: glupakat ($45.90 in chips) 
Seat 5: MCFC4INAROW ($7.40 in chips) 
Seat 6: janarr5 ($138.91 in chips) 
Pippa83: posts small blind $0.50
grand GOR: posts big blind $1
*** HOLE CARDS ***
AlexEliseev7: folds 
glupakat: folds 
MCFC4INAROW: folds 
janarr5: folds 
Pippa83: folds 
Uncalled bet ($0.50) returned to grand GOR
grand GOR collected $1 from pot
grand GOR: doesn't show hand 
*** SUMMARY ***
Total pot $1 | Rake $0 
Seat 1: Pippa83 (small blind) folded before Flop
Seat 2: grand GOR (big blind) collected ($1)
Seat 3: AlexEliseev7 folded before Flop (didn't bet)
Seat 4: glupakat folded before Flop (didn't bet)
Seat 5: MCFC4INAROW folded before Flop (didn't bet)
Seat 6: janarr5 (button) folded before Flop (didn't bet)



PokerStars Hand #254577533463:  Hold'em No Limit ($0.50/$1.00 USD) - 2025/01/27 12:02:30 WET [2025/01/27 7:02:30 ET]
Table 'Aralia IV' 6-max Seat #1 is the button
Seat 1: Pippa83 ($100 in chips) 
Seat 2: grand GOR ($120.33 in chips) 
Seat 3: AlexEliseev7 ($113.87 in chips) 
Seat 4: glupakat ($45.90 in chips) 
Seat 5: MCFC4INAROW ($7.40 in chips) 
Seat 6: janarr5 ($138.91 in chips) 
grand GOR: posts small blind $0.50
AlexEliseev7: posts big blind $1
*** HOLE CARDS ***
glupakat: folds 
MCFC4INAROW: folds 
janarr5: folds 
Pippa83: folds 
grand GOR: folds 
Uncalled bet ($0.50) returned to AlexEliseev7
AlexEliseev7 collected $1 from pot
AlexEliseev7: doesn't show hand 
*** SUMMARY ***
Total pot $1 | Rake $0 
Seat 1: Pippa83 (button) folded before Flop (didn't bet)
Seat 2: grand GOR (small blind) folded before Flop
Seat 3: AlexEliseev7 (big blind) collected ($1)
Seat 4: glupakat folded before Flop (didn't bet)
Seat 5: MCFC4INAROW folded before Flop (didn't bet)
Seat 6: janarr5 folded before Flop (didn't bet)



PokerStars Hand #254577534491:  Hold'em No Limit ($0.50/$1.00 USD) - 2025/01/27 12:02:37 WET [2025/01/27 7:02:37 ET]
Table 'Aralia IV' 6-max Seat #2 is the button
Seat 1: Pippa83 ($100 in chips) 
Seat 2: grand GOR ($119.83 in chips) 
Seat 3: AlexEliseev7 ($114.37 in chips) 
Seat 4: glupakat ($45.90 in chips) 
Seat 5: MCFC4INAROW ($7.40 in chips) 
Seat 6: janarr5 ($138.91 in chips) 
AlexEliseev7: posts small blind $0.50
glupakat: posts big blind $1
*** HOLE CARDS ***
MCFC4INAROW: folds 
janarr5: folds 
Pippa83: folds 
grand GOR: folds 
AlexEliseev7: raises $2 to $3
glupakat: folds 
Uncalled bet ($2) returned to AlexEliseev7
AlexEliseev7 collected $2 from pot
AlexEliseev7: doesn't show hand 
*** SUMMARY ***
Total pot $2 | Rake $0 
Seat 1: Pippa83 folded before Flop (didn't bet)
Seat 2: grand GOR (button) folded before Flop (didn't bet)
Seat 3: AlexEliseev7 (small blind) collected ($2)
Seat 4: glupakat (big blind) folded before Flop
Seat 5: MCFC4INAROW folded before Flop (didn't bet)
Seat 6: janarr5 folded before Flop (didn't bet)



PokerStars Hand #254577535792:  Hold'em No Limit ($0.50/$1.00 USD) - 2025/01/27 12:02:47 WET [2025/01/27 7:02:47 ET]
Table 'Aralia IV' 6-max Seat #3 is the button
Seat 1: Pippa83 ($100 in chips) 
Seat 2: grand GOR ($119.83 in chips) 
Seat 3: AlexEliseev7 ($115.37 in chips) 
Seat 4: glupakat ($44.90 in chips) 
Seat 5: MCFC4INAROW ($7.40 in chips) 
Seat 6: janarr5 ($138.91 in chips) 
glupakat: posts small blind $0.50
MCFC4INAROW: posts big blind $1
*** HOLE CARDS ***
janarr5: folds 
Pippa83: raises $1.20 to $2.20
grand GOR: folds 
AlexEliseev7: raises $4.80 to $7
glupakat: folds 
MCFC4INAROW: raises $0.40 to $7.40 and is all-in
Pippa83: folds 
AlexEliseev7: calls $0.40
AlexEliseev7 has timed out
*** FLOP *** [Tc 6c 8d]
*** TURN *** [Tc 6c 8d] [2h]
*** RIVER *** [Tc 6c 8d 2h] [9s]
*** SHOW DOWN ***
MCFC4INAROW: shows [8h Th] (two pair, Tens and Eights)
AlexEliseev7: shows [Jc Jd] (a pair of Jacks)
MCFC4INAROW collected $16.62 from pot
*** SUMMARY ***
Total pot $17.50 | Rake $0.88 
Board [Tc 6c 8d 2h 9s]
Seat 1: Pippa83 folded before Flop
Seat 2: grand GOR folded before Flop (didn't bet)
Seat 3: AlexEliseev7 (button) showed [Jc Jd] and lost with a pair of Jacks
Seat 4: glupakat (small blind) folded before Flop
Seat 5: MCFC4INAROW (big blind) showed [8h Th] and won ($16.62) with two pair, Tens and Eights
Seat 6: janarr5 folded before Flop (didn't bet)



PokerStars Hand #254577541342:  Hold'em No Limit ($0.50/$1.00 USD) - 2025/01/27 12:03:29 WET [2025/01/27 7:03:29 ET]
Table 'Aralia IV' 6-max Seat #4 is the button
Seat 1: Pippa83 ($100 in chips) 
Seat 2: grand GOR ($119.83 in chips) 
Seat 3: AlexEliseev7 ($107.97 in chips) 
Seat 4: glupakat ($44.40 in chips) 
Seat 5: MCFC4INAROW ($16.62 in chips) 
Seat 6: janarr5 ($138.91 in chips) 
MCFC4INAROW: posts small blind $0.50
janarr5: posts big blind $1
*** HOLE CARDS ***
Pippa83: raises $1.20 to $2.20
grand GOR: folds 
AlexEliseev7: folds 
glupakat: folds 
MCFC4INAROW: folds 
janarr5: folds 
Uncalled bet ($1.20) returned to Pippa83
Pippa83 collected $2.50 from pot
Pippa83: doesn't show hand 
*** SUMMARY ***
Total pot $2.50 | Rake $0 
Seat 1: Pippa83 collected ($2.50)
Seat 2: grand GOR folded before Flop (didn't bet)
Seat 3: AlexEliseev7 folded before Flop (didn't bet)
Seat 4: glupakat (button) folded before Flop (didn't bet)
Seat 5: MCFC4INAROW (small blind) folded before Flop
Seat 6: janarr5 (big blind) folded before Flop



PokerStars Hand #254577542942:  Hold'em No Limit ($0.50/$1.00 USD) - 2025/01/27 12:03:40 WET [2025/01/27 7:03:40 ET]
Table 'Aralia IV' 6-max Seat #5 is the button
Seat 1: Pippa83 ($101.50 in chips) 
Seat 2: grand GOR ($119.83 in chips) 
Seat 3: AlexEliseev7 ($107.97 in chips) 
Seat 4: glupakat ($44.40 in chips) 
Seat 5: MCFC4INAROW ($16.12 in chips) 
Seat 6: janarr5 ($137.91 in chips) 
janarr5: posts small blind $0.50
Pippa83: posts big blind $1
*** HOLE CARDS ***
grand GOR: folds 
AlexEliseev7: folds 
glupakat: folds 
MCFC4INAROW: folds 
janarr5: folds 
Uncalled bet ($0.50) returned to Pippa83
Pippa83 collected $1 from pot
Pippa83: doesn't show hand 
*** SUMMARY ***
Total pot $1 | Rake $0 
Seat 1: Pippa83 (big blind) collected ($1)
Seat 2: grand GOR folded before Flop (didn't bet)
Seat 3: AlexEliseev7 folded before Flop (didn't bet)
Seat 4: glupakat folded before Flop (didn't bet)
Seat 5: MCFC4INAROW (button) folded before Flop (didn't bet)
Seat 6: janarr5 (small blind) folded before Flop



PokerStars Hand #254577544929:  Hold'em No Limit ($0.50/$1.00 USD) - 2025/01/27 12:03:56 WET [2025/01/27 7:03:56 ET]
Table 'Aralia IV' 6-max Seat #6 is the button
Seat 1: Pippa83 ($102 in chips) 
Seat 2: grand GOR ($119.83 in chips) 
Seat 3: AlexEliseev7 ($107.97 in chips) 
Seat 4: glupakat ($44.40 in chips) 
Seat 5: MCFC4INAROW ($16.12 in chips) 
Seat 6: janarr5 ($137.41 in chips) 
Pippa83: posts small blind $0.50
grand GOR: posts big blind $1
*** HOLE CARDS ***
AlexEliseev7: folds 
glupakat: folds 
MCFC4INAROW: folds 
janarr5: folds 
Pippa83: folds 
Uncalled bet ($0.50) returned to grand GOR
grand GOR collected $1 from pot
grand GOR: doesn't show hand 
*** SUMMARY ***
Total pot $1 | Rake $0 
Seat 1: Pippa83 (small blind) folded before Flop
Seat 2: grand GOR (big blind) collected ($1)
Seat 3: AlexEliseev7 folded before Flop (didn't bet)
Seat 4: glupakat folded before Flop (didn't bet)
Seat 5: MCFC4INAROW folded before Flop (didn't bet)
Seat 6: janarr5 (button) folded before Flop (didn't bet)



PokerStars Hand #254577546168:  Hold'em No Limit ($0.50/$1.00 USD) - 2025/01/27 12:04:05 WET [2025/01/27 7:04:05 ET]
Table 'Aralia IV' 6-max Seat #1 is the button
Seat 1: Pippa83 ($101.50 in chips) 
Seat 2: grand GOR ($120.33 in chips) 
Seat 3: AlexEliseev7 ($107.97 in chips) 
Seat 4: glupakat ($44.40 in chips) 
Seat 5: MCFC4INAROW ($16.12 in chips) 
Seat 6: janarr5 ($137.41 in chips) 
grand GOR: posts small blind $0.50
AlexEliseev7: posts big blind $1
*** HOLE CARDS ***
glupakat: folds 
MCFC4INAROW: folds 
janarr5: folds 
Pippa83: folds 
grand GOR: raises $2 to $3
AlexEliseev7: raises $7 to $10
grand GOR: raises $12.50 to $22.50
AlexEliseev7: folds 
Uncalled bet ($12.50) returned to grand GOR
grand GOR collected $20 from pot
grand GOR: doesn't show hand 
*** SUMMARY ***
Total pot $20 | Rake $0 
Seat 1: Pippa83 (button) folded before Flop (didn't bet)
Seat 2: grand GOR (small blind) collected ($20)
Seat 3: AlexEliseev7 (big blind) folded before Flop
Seat 4: glupakat folded before Flop (didn't bet)
Seat 5: MCFC4INAROW folded before Flop (didn't bet)
Seat 6: janarr5 folded before Flop (didn't bet)



PokerStars Hand #254577552079:  Hold'em No Limit ($0.50/$1.00 USD) - 2025/01/27 12:04:50 WET [2025/01/27 7:04:50 ET]
Table 'Aralia IV' 6-max Seat #2 is the button
Seat 1: Pippa83 ($101.50 in chips) 
Seat 2: grand GOR ($130.33 in chips) 
Seat 3: AlexEliseev7 ($100 in chips) 
Seat 4: glupakat ($44.40 in chips) 
Seat 5: MCFC4INAROW ($16.12 in chips) 
Seat 6: janarr5 ($137.41 in chips) 
AlexEliseev7: posts small blind $0.50
glupakat: posts big blind $1
*** HOLE CARDS ***
MCFC4INAROW: raises $1.10 to $2.10
janarr5: folds 
Pippa83: folds 
grand GOR: folds 
AlexEliseev7: folds 
glupakat: folds 
Uncalled bet ($1.10) returned to MCFC4INAROW
MCFC4INAROW collected $2.50 from pot
MCFC4INAROW: doesn't show hand 
*** SUMMARY ***
Total pot $2.50 | Rake $0 
Seat 1: Pippa83 folded before Flop (didn't bet)
Seat 2: grand GOR (button) folded before Flop (didn't bet)
Seat 3: AlexEliseev7 (small blind) folded before Flop
Seat 4: glupakat (big blind) folded before Flop
Seat 5: MCFC4INAROW collected ($2.50)
Seat 6: janarr5 folded before Flop (didn't bet)



PokerStars Hand #254577553996:  Hold'em No Limit ($0.50/$1.00 USD) - 2025/01/27 12:05:04 WET [2025/01/27 7:05:04 ET]
Table 'Aralia IV' 6-max Seat #3 is the button
Seat 1: Pippa83 ($101.50 in chips) 
Seat 2: grand GOR ($130.33 in chips) 
Seat 3: AlexEliseev7 ($100 in chips) 
Seat 4: glupakat ($43.40 in chips) 
Seat 5: MCFC4INAROW ($17.62 in chips) 
Seat 6: janarr5 ($137.41 in chips) 
glupakat: posts small blind $0.50
MCFC4INAROW: posts big blind $1
*** HOLE CARDS ***
janarr5: folds 
Pippa83: folds 
grand GOR: folds 
AlexEliseev7: raises $1.50 to $2.50
glupakat: folds 
MCFC4INAROW: calls $1.50
*** FLOP *** [7d 4c 3h]
MCFC4INAROW: checks 
AlexEliseev7: bets $2.56
MCFC4INAROW: calls $2.56
*** TURN *** [7d 4c 3h] [4h]
MCFC4INAROW: checks 
AlexEliseev7: checks 
*** RIVER *** [7d 4c 3h 4h] [8d]
MCFC4INAROW: bets $7.47
AlexEliseev7: folds 
Uncalled bet ($7.47) returned to MCFC4INAROW
MCFC4INAROW collected $10.09 from pot
*** SUMMARY ***
Total pot $10.62 | Rake $0.53 
Board [7d 4c 3h 4h 8d]
Seat 1: Pippa83 folded before Flop (didn't bet)
Seat 2: grand GOR folded before Flop (didn't bet)
Seat 3: AlexEliseev7 (button) folded on the River
Seat 4: glupakat (small blind) folded before Flop
Seat 5: MCFC4INAROW (big blind) collected ($10.09)
Seat 6: janarr5 folded before Flop (didn't bet)



PokerStars Hand #254577563925:  Hold'em No Limit ($0.50/$1.00 USD) - 2025/01/27 12:06:19 WET [2025/01/27 7:06:19 ET]
Table 'Aralia IV' 6-max Seat #4 is the button
Seat 1: Pippa83 ($101.50 in chips) 
Seat 2: grand GOR ($130.33 in chips) 
Seat 3: AlexEliseev7 ($100 in chips) 
Seat 4: glupakat ($42.90 in chips) 
Seat 5: MCFC4INAROW ($22.65 in chips) 
Seat 6: janarr5 ($137.41 in chips) 
MCFC4INAROW: posts small blind $0.50
janarr5: posts big blind $1
*** HOLE CARDS ***
Pippa83: folds 
grand GOR: folds 
AlexEliseev7: raises $1 to $2
glupakat: calls $2
MCFC4INAROW: calls $1.50
janarr5: folds 
*** FLOP *** [9h 8c Kd]
MCFC4INAROW: checks 
AlexEliseev7: checks 
glupakat: bets $6.65
MCFC4INAROW: folds 
AlexEliseev7: folds 
Uncalled bet ($6.65) returned to glupakat
glupakat collected $6.65 from pot
glupakat: doesn't show hand 
*** SUMMARY ***
Total pot $7 | Rake $0.35 
Board [9h 8c Kd]
Seat 1: Pippa83 folded before Flop (didn't bet)
Seat 2: grand GOR folded before Flop (didn't bet)
Seat 3: AlexEliseev7 folded on the Flop
Seat 4: glupakat (button) collected ($6.65)
Seat 5: MCFC4INAROW (small blind) folded on the Flop
Seat 6: janarr5 (big blind) folded before Flop



PokerStars Hand #254577569437:  Hold'em No Limit ($0.50/$1.00 USD) - 2025/01/27 12:07:01 WET [2025/01/27 7:07:01 ET]
Table 'Aralia IV' 6-max Seat #5 is the button
Seat 1: Pippa83 ($101.50 in chips) 
Seat 2: grand GOR ($130.33 in chips) 
Seat 3: AlexEliseev7 ($100 in chips) 
Seat 4: glupakat ($47.55 in chips) 
Seat 5: MCFC4INAROW ($20.65 in chips) 
Seat 6: janarr5 ($136.41 in chips) 
janarr5: posts small blind $0.50
Pippa83: posts big blind $1
*** HOLE CARDS ***
grand GOR: folds 
AlexEliseev7: raises $1.50 to $2.50
glupakat: folds 
MCFC4INAROW: folds 
janarr5: folds 
Pippa83: folds 
Uncalled bet ($1.50) returned to AlexEliseev7
AlexEliseev7 collected $2.50 from pot
AlexEliseev7: doesn't show hand 
*** SUMMARY ***
Total pot $2.50 | Rake $0 
Seat 1: Pippa83 (big blind) folded before Flop
Seat 2: grand GOR folded before Flop (didn't bet)
Seat 3: AlexEliseev7 collected ($2.50)
Seat 4: glupakat folded before Flop (didn't bet)
Seat 5: MCFC4INAROW (button) folded before Flop (didn't bet)
Seat 6: janarr5 (small blind) folded before Flop



PokerStars Hand #254577570828:  Hold'em No Limit ($0.50/$1.00 USD) - 2025/01/27 12:07:11 WET [2025/01/27 7:07:11 ET]
Table 'Aralia IV' 6-max Seat #6 is the button
Seat 1: Pippa83 ($100.50 in chips) 
Seat 2: grand GOR ($130.33 in chips) 
Seat 3: AlexEliseev7 ($101.50 in chips) 
Seat 4: glupakat ($47.55 in chips) 
Seat 5: MCFC4INAROW ($20.65 in chips) 
Seat 6: janarr5 ($135.91 in chips) 
Pippa83: posts small blind $0.50
grand GOR: posts big blind $1
*** HOLE CARDS ***
AlexEliseev7: folds 
glupakat: calls $1
MCFC4INAROW: folds 
janarr5: folds 
Pippa83: folds 
grand GOR: checks 
*** FLOP *** [3c Ts 5d]
grand GOR: checks 
glupakat: checks 
*** TURN *** [3c Ts 5d] [Ac]
grand GOR: checks 
glupakat: checks 
*** RIVER *** [3c Ts 5d Ac] [9c]
grand GOR: bets $1
glupakat: folds 
Uncalled bet ($1) returned to grand GOR
grand GOR collected $2.38 from pot
grand GOR: doesn't show hand 
*** SUMMARY ***
Total pot $2.50 | Rake $0.12 
Board [3c Ts 5d Ac 9c]
Seat 1: Pippa83 (small blind) folded before Flop
Seat 2: grand GOR (big blind) collected ($2.38)
Seat 3: AlexEliseev7 folded before Flop (didn't bet)
Seat 4: glupakat folded on the River
Seat 5: MCFC4INAROW folded before Flop (didn't bet)
Seat 6: janarr5 (button) folded before Flop (didn't bet)



PokerStars Hand #254577573979:  Hold'em No Limit ($0.50/$1.00 USD) - 2025/01/27 12:07:35 WET [2025/01/27 7:07:35 ET]
Table 'Aralia IV' 6-max Seat #1 is the button
Seat 1: Pippa83 ($100 in chips) 
Seat 2: grand GOR ($131.71 in chips) 
Seat 3: AlexEliseev7 ($101.50 in chips) 
Seat 4: glupakat ($46.55 in chips) 
Seat 5: MCFC4INAROW ($20.65 in chips) 
Seat 6: janarr5 ($135.91 in chips) 
grand GOR: posts small blind $0.50
AlexEliseev7: posts big blind $1
*** HOLE CARDS ***
glupakat: folds 
MCFC4INAROW: folds 
janarr5: folds 
Pippa83: raises $1.50 to $2.50
grand GOR: folds 
AlexEliseev7: folds 
Uncalled bet ($1.50) returned to Pippa83
Pippa83 collected $2.50 from pot
Pippa83: doesn't show hand 
*** SUMMARY ***
Total pot $2.50 | Rake $0 
Seat 1: Pippa83 (button) collected ($2.50)
Seat 2: grand GOR (small blind) folded before Flop
Seat 3: AlexEliseev7 (big blind) folded before Flop
Seat 4: glupakat folded before Flop (didn't bet)
Seat 5: MCFC4INAROW folded before Flop (didn't bet)
Seat 6: janarr5 folded before Flop (didn't bet)



PokerStars Hand #254577575888:  Hold'em No Limit ($0.50/$1.00 USD) - 2025/01/27 12:07:49 WET [2025/01/27 7:07:49 ET]
Table 'Aralia IV' 6-max Seat #2 is the button
Seat 1: Pippa83 ($101.50 in chips) 
Seat 2: grand GOR ($131.21 in chips) 
Seat 3: AlexEliseev7 ($100.50 in chips) 
Seat 4: glupakat ($46.55 in chips) 
Seat 5: MCFC4INAROW ($20.65 in chips) 
Seat 6: janarr5 ($135.91 in chips) 
AlexEliseev7: posts small blind $0.50
glupakat: posts big blind $1
*** HOLE CARDS ***
MCFC4INAROW: folds 
janarr5: raises $1.25 to $2.25
Pippa83: folds 
grand GOR: folds 
AlexEliseev7: folds 
glupakat: folds 
Uncalled bet ($1.25) returned to janarr5
janarr5 collected $2.50 from pot
janarr5: doesn't show hand 
*** SUMMARY ***
Total pot $2.50 | Rake $0 
Seat 1: Pippa83 folded before Flop (didn't bet)
Seat 2: grand GOR (button) folded before Flop (didn't bet)
Seat 3: AlexEliseev7 (small blind) folded before Flop
Seat 4: glupakat (big blind) folded before Flop
Seat 5: MCFC4INAROW folded before Flop (didn't bet)
Seat 6: janarr5 collected ($2.50)



PokerStars Hand #254577577487:  Hold'em No Limit ($0.50/$1.00 USD) - 2025/01/27 12:08:01 WET [2025/01/27 7:08:01 ET]
Table 'Aralia IV' 6-max Seat #3 is the button
Seat 1: Pippa83 ($101.50 in chips) 
Seat 2: grand GOR ($131.21 in chips) 
Seat 3: AlexEliseev7 ($100 in chips) 
Seat 4: glupakat ($45.55 in chips) 
Seat 5: MCFC4INAROW ($20.65 in chips) 
Seat 6: janarr5 ($137.41 in chips) 
glupakat: posts small blind $0.50
MCFC4INAROW: posts big blind $1
*** HOLE CARDS ***
janarr5: folds 
Pippa83: folds 
grand GOR: folds 
AlexEliseev7: folds 
glupakat: folds 
Uncalled bet ($0.50) returned to MCFC4INAROW
MCFC4INAROW collected $1 from pot
*** SUMMARY ***
Total pot $1 | Rake $0 
Seat 1: Pippa83 folded before Flop (didn't bet)
Seat 2: grand GOR folded before Flop (didn't bet)
Seat 3: AlexEliseev7 (button) folded before Flop (didn't bet)
Seat 4: glupakat (small blind) folded before Flop
Seat 5: MCFC4INAROW (big blind) collected ($1)
Seat 6: janarr5 folded before Flop (didn't bet)



PokerStars Hand #254577578586:  Hold'em No Limit ($0.50/$1.00 USD) - 2025/01/27 12:08:10 WET [2025/01/27 7:08:10 ET]
Table 'Aralia IV' 6-max Seat #4 is the button
Seat 1: Pippa83 ($101.50 in chips) 
Seat 2: grand GOR ($131.21 in chips) 
Seat 3: AlexEliseev7 ($100 in chips) 
Seat 4: glupakat ($45.05 in chips) 
Seat 5: MCFC4INAROW ($21.15 in chips) 
Seat 6: janarr5 ($137.41 in chips) 
MCFC4INAROW: posts small blind $0.50
janarr5: posts big blind $1
*** HOLE CARDS ***
Pippa83: folds 
grand GOR: folds 
AlexEliseev7: folds 
glupakat: raises $1 to $2
MCFC4INAROW: folds 
janarr5: folds 
Uncalled bet ($1) returned to glupakat
glupakat collected $2.50 from pot
glupakat: doesn't show hand 
*** SUMMARY ***
Total pot $2.50 | Rake $0 
Seat 1: Pippa83 folded before Flop (didn't bet)
Seat 2: grand GOR folded before Flop (didn't bet)
Seat 3: AlexEliseev7 folded before Flop (didn't bet)
Seat 4: glupakat (button) collected ($2.50)
Seat 5: MCFC4INAROW (small blind) folded before Flop
Seat 6: janarr5 (big blind) folded before Flop



PokerStars Hand #254577580506:  Hold'em No Limit ($0.50/$1.00 USD) - 2025/01/27 12:08:24 WET [2025/01/27 7:08:24 ET]
Table 'Aralia IV' 6-max Seat #5 is the button
Seat 1: Pippa83 ($101.50 in chips) 
Seat 2: grand GOR ($131.21 in chips) 
Seat 3: AlexEliseev7 ($100 in chips) 
Seat 4: glupakat ($46.55 in chips) 
Seat 5: MCFC4INAROW ($20.65 in chips) 
Seat 6: janarr5 ($136.41 in chips) 
janarr5: posts small blind $0.50
Pippa83: posts big blind $1
*** HOLE CARDS ***
grand GOR: folds 
AlexEliseev7: raises $1 to $2
glupakat: folds 
MCFC4INAROW: folds 
janarr5: folds 
Pippa83: folds 
Uncalled bet ($1) returned to AlexEliseev7
AlexEliseev7 collected $2.50 from pot
AlexEliseev7: doesn't show hand 
*** SUMMARY ***
Total pot $2.50 | Rake $0 
Seat 1: Pippa83 (big blind) folded before Flop
Seat 2: grand GOR folded before Flop (didn't bet)
Seat 3: AlexEliseev7 collected ($2.50)
Seat 4: glupakat folded before Flop (didn't bet)
Seat 5: MCFC4INAROW (button) folded before Flop (didn't bet)
Seat 6: janarr5 (small blind) folded before Flop



PokerStars Hand #254577582697:  Hold'em No Limit ($0.50/$1.00 USD) - 2025/01/27 12:08:41 WET [2025/01/27 7:08:41 ET]
Table 'Aralia IV' 6-max Seat #6 is the button
Seat 1: Pippa83 ($100.50 in chips) 
Seat 2: grand GOR ($131.21 in chips) 
Seat 3: AlexEliseev7 ($101.50 in chips) 
Seat 4: glupakat ($46.55 in chips) 
Seat 5: MCFC4INAROW ($20.65 in chips) 
Seat 6: janarr5 ($135.91 in chips) 
Pippa83: posts small blind $0.50
grand GOR: posts big blind $1
*** HOLE CARDS ***
AlexEliseev7: folds 
glupakat: folds 
MCFC4INAROW: folds 
janarr5: folds 
Pippa83: raises $2 to $3
grand GOR: calls $2
*** FLOP *** [4h Qs Js]
Pippa83: checks 
grand GOR: checks 
*** TURN *** [4h Qs Js] [3h]
Pippa83: bets $4.28
grand GOR: folds 
Uncalled bet ($4.28) returned to Pippa83
Pippa83 collected $5.70 from pot
Pippa83: doesn't show hand 
*** SUMMARY ***
Total pot $6 | Rake $0.30 
Board [4h Qs Js 3h]
Seat 1: Pippa83 (small blind) collected ($5.70)
Seat 2: grand GOR (big blind) folded on the Turn
Seat 3: AlexEliseev7 folded before Flop (didn't bet)
Seat 4: glupakat folded before Flop (didn't bet)
Seat 5: MCFC4INAROW folded before Flop (didn't bet)
Seat 6: janarr5 (button) folded before Flop (didn't bet)



PokerStars Hand #254577586782:  Hold'em No Limit ($0.50/$1.00 USD) - 2025/01/27 12:09:12 WET [2025/01/27 7:09:12 ET]
Table 'Aralia IV' 6-max Seat #1 is the button
Seat 6: janarr5 ($135.91 in chips) is sitting out
Seat 1: Pippa83 ($103.20 in chips) 
Seat 2: grand GOR ($128.21 in chips) 
Seat 3: AlexEliseev7 ($101.50 in chips) 
Seat 4: glupakat ($46.55 in chips) 
Seat 5: MCFC4INAROW ($20.65 in chips) 
grand GOR: posts small blind $0.50
AlexEliseev7: posts big blind $1
*** HOLE CARDS ***
glupakat: raises $1 to $2
MCFC4INAROW: folds 
Pippa83: folds 
grand GOR: folds 
AlexEliseev7: calls $1
*** FLOP *** [3c 5s Jd]
AlexEliseev7: checks 
glupakat: bets $4.28
AlexEliseev7: calls $4.28
*** TURN *** [3c 5s Jd] [2c]
AlexEliseev7: checks 
glupakat: bets $10
AlexEliseev7: calls $10
*** RIVER *** [3c 5s Jd 2c] [4d]
AlexEliseev7: checks 
glupakat: bets $16
AlexEliseev7: calls $16
*** SHOW DOWN ***
glupakat: shows [8c 9c] (high card Jack)
AlexEliseev7: shows [3d 3s] (three of a kind, Threes)
AlexEliseev7 collected $62.56 from pot
*** SUMMARY ***
Total pot $65.06 | Rake $2.50 
Board [3c 5s Jd 2c 4d]
Seat 6: janarr5
Seat 1: Pippa83 (button) folded before Flop (didn't bet)
Seat 2: grand GOR (small blind) folded before Flop
Seat 3: AlexEliseev7 (big blind) showed [3d 3s] and won ($62.56) with three of a kind, Threes
Seat 4: glupakat showed [8c 9c] and lost with high card Jack
Seat 5: MCFC4INAROW folded before Flop (didn't bet)



PokerStars Hand #254577594555:  Hold'em No Limit ($0.50/$1.00 USD) - 2025/01/27 12:10:12 WET [2025/01/27 7:10:12 ET]
Table 'Aralia IV' 6-max Seat #2 is the button
Seat 6: janarr5 ($135.91 in chips) is sitting out
Seat 1: Pippa83 ($103.20 in chips) 
Seat 2: grand GOR ($127.71 in chips) 
Seat 3: AlexEliseev7 ($131.78 in chips) 
Seat 4: glupakat ($14.27 in chips) 
Seat 5: MCFC4INAROW ($20.65 in chips) 
AlexEliseev7: posts small blind $0.50
glupakat: posts big blind $1
*** HOLE CARDS ***
MCFC4INAROW: raises $1.50 to $2.50
Pippa83: folds 
grand GOR: folds 
AlexEliseev7: folds 
glupakat: calls $1.50
*** FLOP *** [7s Jc 8c]
glupakat: checks 
MCFC4INAROW: bets $3.86
glupakat: raises $7.91 to $11.77 and is all-in
MCFC4INAROW: folds 
Uncalled bet ($7.91) returned to glupakat
glupakat collected $12.56 from pot
glupakat: doesn't show hand 
*** SUMMARY ***
Total pot $13.22 | Rake $0.66 
Board [7s Jc 8c]
Seat 6: janarr5
Seat 1: Pippa83 folded before Flop (didn't bet)
Seat 2: grand GOR (button) folded before Flop (didn't bet)
Seat 3: AlexEliseev7 (small blind) folded before Flop
Seat 4: glupakat (big blind) collected ($12.56)
Seat 5: MCFC4INAROW folded on the Flop



PokerStars Hand #254577599767:  Hold'em No Limit ($0.50/$1.00 USD) - 2025/01/27 12:10:52 WET [2025/01/27 7:10:52 ET]
Table 'Aralia IV' 6-max Seat #3 is the button
Seat 6: janarr5 ($135.91 in chips) is sitting out
Seat 1: Pippa83 ($103.20 in chips) 
Seat 2: grand GOR ($127.71 in chips) 
Seat 3: AlexEliseev7 ($131.28 in chips) 
Seat 4: glupakat ($20.47 in chips) 
Seat 5: MCFC4INAROW ($14.29 in chips) 
glupakat: posts small blind $0.50
MCFC4INAROW: posts big blind $1
*** HOLE CARDS ***
Pippa83: folds 
grand GOR: raises $1.50 to $2.50
AlexEliseev7: folds 
glupakat: folds 
MCFC4INAROW: raises $4.50 to $7
grand GOR: raises $120.71 to $127.71 and is all-in
MCFC4INAROW: calls $7.29 and is all-in
Uncalled bet ($113.42) returned to grand GOR
*** FLOP *** [Ac 5s 6s]
*** TURN *** [Ac 5s 6s] [7s]
*** RIVER *** [Ac 5s 6s 7s] [8d]
*** SHOW DOWN ***
MCFC4INAROW: shows [Ts Td] (a pair of Tens)
grand GOR: shows [4s As] (a flush, Ace high)
grand GOR collected $27.63 from pot
*** SUMMARY ***
Total pot $29.08 | Rake $1.45 
Board [Ac 5s 6s 7s 8d]
Seat 6: janarr5
Seat 1: Pippa83 folded before Flop (didn't bet)
Seat 2: grand GOR showed [4s As] and won ($27.63) with a flush, Ace high
Seat 3: AlexEliseev7 (button) folded before Flop (didn't bet)
Seat 4: glupakat (small blind) folded before Flop
Seat 5: MCFC4INAROW (big blind) showed [Ts Td] and lost with a pair of Tens



PokerStars Hand #254577603503:  Hold'em No Limit ($0.50/$1.00 USD) - 2025/01/27 12:11:20 WET [2025/01/27 7:11:20 ET]
Table 'Aralia IV' 6-max Seat #4 is the button
Seat 5: MCFC4INAROW ($0 in chips) is sitting out
Seat 1: Pippa83 ($103.20 in chips) 
Seat 2: grand GOR ($141.05 in chips) 
Seat 3: AlexEliseev7 ($131.28 in chips) 
Seat 4: glupakat ($19.97 in chips) 
Seat 6: janarr5 ($135.91 in chips) 
janarr5: posts small blind $0.50
Pippa83: posts big blind $1
*** HOLE CARDS ***
grand GOR: folds 
AlexEliseev7: folds 
glupakat: raises $2.50 to $3.50
janarr5: folds 
MCFC4INAROW leaves the table
Pippa83: folds 
Uncalled bet ($2.50) returned to glupakat
glupakat collected $2.50 from pot
glupakat: doesn't show hand 
*** SUMMARY ***
Total pot $2.50 | Rake $0 
Seat 5: MCFC4INAROW
Seat 1: Pippa83 (big blind) folded before Flop
Seat 2: grand GOR folded before Flop (didn't bet)
Seat 3: AlexEliseev7 folded before Flop (didn't bet)
Seat 4: glupakat (button) collected ($2.50)
Seat 6: janarr5 (small blind) folded before Flop



PokerStars Hand #254577605913:  Hold'em No Limit ($0.50/$1.00 USD) - 2025/01/27 12:11:39 WET [2025/01/27 7:11:39 ET]
Table 'Aralia IV' 6-max Seat #6 is the button
Seat 1: Pippa83 ($102.20 in chips) 
Seat 2: grand GOR ($141.05 in chips) 
Seat 3: AlexEliseev7 ($131.28 in chips) 
Seat 4: glupakat ($21.47 in chips) 
Seat 6: janarr5 ($135.41 in chips) 
Pippa83: posts small blind $0.50
grand GOR: posts big blind $1
*** HOLE CARDS ***
AlexEliseev7: folds 
glupakat: folds 
janarr5: folds 
Pippa83: folds 
Uncalled bet ($0.50) returned to grand GOR
grand GOR collected $1 from pot
grand GOR: doesn't show hand 
*** SUMMARY ***
Total pot $1 | Rake $0 
Seat 1: Pippa83 (small blind) folded before Flop
Seat 2: grand GOR (big blind) collected ($1)
Seat 3: AlexEliseev7 folded before Flop (didn't bet)
Seat 4: glupakat folded before Flop (didn't bet)
Seat 6: janarr5 (button) folded before Flop (didn't bet)



PokerStars Hand #254577607132:  Hold'em No Limit ($0.50/$1.00 USD) - 2025/01/27 12:11:48 WET [2025/01/27 7:11:48 ET]
Table 'Aralia IV' 6-max Seat #1 is the button
Seat 1: Pippa83 ($101.70 in chips) 
Seat 2: grand GOR ($141.55 in chips) 
Seat 3: AlexEliseev7 ($131.28 in chips) 
Seat 4: glupakat ($21.47 in chips) 
Seat 6: janarr5 ($135.41 in chips) 
grand GOR: posts small blind $0.50
AlexEliseev7: posts big blind $1
*** HOLE CARDS ***
glupakat: raises $1 to $2
janarr5: raises $4 to $6
Pippa83: folds 
grand GOR: folds 
AlexEliseev7: folds 
glupakat: calls $4
*** FLOP *** [7h 2d 4h]
glupakat: bets $15.47 and is all-in
janarr5: calls $15.47
*** TURN *** [7h 2d 4h] [7s]
*** RIVER *** [7h 2d 4h 7s] [9h]
*** SHOW DOWN ***
glupakat: shows [7c 9c] (a full house, Sevens full of Nines)
janarr5: shows [Jd Jh] (two pair, Jacks and Sevens)
glupakat collected $42.22 from pot
*** SUMMARY ***
Total pot $44.44 | Rake $2.22 
Board [7h 2d 4h 7s 9h]
Seat 1: Pippa83 (button) folded before Flop (didn't bet)
Seat 2: grand GOR (small blind) folded before Flop
Seat 3: AlexEliseev7 (big blind) folded before Flop
Seat 4: glupakat showed [7c 9c] and won ($42.22) with a full house, Sevens full of Nines
Seat 6: janarr5 showed [Jd Jh] and lost with two pair, Jacks and Sevens



PokerStars Hand #254577611060:  Hold'em No Limit ($0.50/$1.00 USD) - 2025/01/27 12:12:19 WET [2025/01/27 7:12:19 ET]
Table 'Aralia IV' 6-max Seat #2 is the button
Seat 1: Pippa83 ($101.70 in chips) 
Seat 2: grand GOR ($141.05 in chips) 
Seat 3: AlexEliseev7 ($130.28 in chips) 
Seat 4: glupakat ($42.22 in chips) 
Seat 6: janarr5 ($113.94 in chips) 
AlexEliseev7: posts small blind $0.50
glupakat: posts big blind $1
*** HOLE CARDS ***
janarr5: folds 
Pippa83: folds 
grand GOR: raises $1.50 to $2.50
AlexEliseev7: folds 
glupakat: folds 
Uncalled bet ($1.50) returned to grand GOR
grand GOR collected $2.50 from pot
grand GOR: doesn't show hand 
*** SUMMARY ***
Total pot $2.50 | Rake $0 
Seat 1: Pippa83 folded before Flop (didn't bet)
Seat 2: grand GOR (button) collected ($2.50)
Seat 3: AlexEliseev7 (small blind) folded before Flop
Seat 4: glupakat (big blind) folded before Flop
Seat 6: janarr5 folded before Flop (didn't bet)



PokerStars Hand #254577613288:  Hold'em No Limit ($0.50/$1.00 USD) - 2025/01/27 12:12:36 WET [2025/01/27 7:12:36 ET]
Table 'Aralia IV' 6-max Seat #3 is the button
Seat 1: Pippa83 ($101.70 in chips) 
Seat 2: grand GOR ($142.55 in chips) 
Seat 3: AlexEliseev7 ($129.78 in chips) 
Seat 4: glupakat ($41.22 in chips) 
Seat 6: janarr5 ($113.94 in chips) 
glupakat: posts small blind $0.50
janarr5: posts big blind $1
*** HOLE CARDS ***
bartvist joins the table at seat #5 
bartvist is disconnected 
Pippa83: folds 
grand GOR: folds 
AlexEliseev7: raises $1.50 to $2.50
glupakat: raises $6.50 to $9
janarr5: folds 
AlexEliseev7: folds 
Uncalled bet ($6.50) returned to glupakat
glupakat collected $6 from pot
glupakat: doesn't show hand 
*** SUMMARY ***
Total pot $6 | Rake $0 
Seat 1: Pippa83 folded before Flop (didn't bet)
Seat 2: grand GOR folded before Flop (didn't bet)
Seat 3: AlexEliseev7 (button) folded before Flop
Seat 4: glupakat (small blind) collected ($6)
Seat 6: janarr5 (big blind) folded before Flop



PokerStars Hand #254577615761:  Hold'em No Limit ($0.50/$1.00 USD) - 2025/01/27 12:12:54 WET [2025/01/27 7:12:54 ET]
Table 'Aralia IV' 6-max Seat #4 is the button
Seat 1: Pippa83 ($101.70 in chips) is sitting out
Seat 5: bartvist ($10.51 in chips) is sitting out
Seat 2: grand GOR ($142.55 in chips) 
Seat 3: AlexEliseev7 ($127.28 in chips) 
Seat 4: glupakat ($44.72 in chips) 
Seat 6: janarr5 ($112.94 in chips) 
janarr5: posts small blind $0.50
Pippa83: is sitting out 
grand GOR: posts big blind $1
*** HOLE CARDS ***
AlexEliseev7: folds 
Pippa83 leaves the table
glupakat: folds 
janarr5: folds 
Uncalled bet ($0.50) returned to grand GOR
grand GOR collected $1 from pot
grand GOR: doesn't show hand 
*** SUMMARY ***
Total pot $1 | Rake $0 
Seat 1: Pippa83
Seat 5: bartvist
Seat 2: grand GOR (big blind) collected ($1)
Seat 3: AlexEliseev7 folded before Flop (didn't bet)
Seat 4: glupakat (button) folded before Flop (didn't bet)
Seat 6: janarr5 (small blind) folded before Flop



PokerStars Hand #254577617041:  Hold'em No Limit ($0.50/$1.00 USD) - 2025/01/27 12:13:04 WET [2025/01/27 7:13:04 ET]
Table 'Aralia IV' 6-max Seat #6 is the button
Seat 5: bartvist ($10.51 in chips) is sitting out
Seat 2: grand GOR ($143.05 in chips) 
Seat 3: AlexEliseev7 ($127.28 in chips) 
Seat 4: glupakat ($44.72 in chips) 
Seat 6: janarr5 ($112.44 in chips) 
grand GOR: posts small blind $0.50
AlexEliseev7: posts big blind $1
bartvist: sits out 
*** HOLE CARDS ***
glupakat: folds 
janarr5: folds 
grand GOR: folds 
Uncalled bet ($0.50) returned to AlexEliseev7
AlexEliseev7 collected $1 from pot
AlexEliseev7: doesn't show hand 
*** SUMMARY ***
Total pot $1 | Rake $0 
Seat 5: bartvist
Seat 2: grand GOR (small blind) folded before Flop
Seat 3: AlexEliseev7 (big blind) collected ($1)
Seat 4: glupakat folded before Flop (didn't bet)
Seat 6: janarr5 (button) folded before Flop (didn't bet)



PokerStars Hand #254577618653:  Hold'em No Limit ($0.50/$1.00 USD) - 2025/01/27 12:13:17 WET [2025/01/27 7:13:17 ET]
Table 'Aralia IV' 6-max Seat #2 is the button
Seat 5: bartvist ($10.51 in chips) is sitting out
Seat 2: grand GOR ($142.55 in chips) 
Seat 3: AlexEliseev7 ($127.78 in chips) 
Seat 4: glupakat ($44.72 in chips) 
Seat 6: janarr5 ($112.44 in chips) 
AlexEliseev7: posts small blind $0.50
glupakat: posts big blind $1
bartvist: sits out 
*** HOLE CARDS ***
Kristo 914 joins the table at seat #1 
janarr5: folds 
grand GOR: raises $2 to $3
AlexEliseev7: folds 
glupakat: folds 
Uncalled bet ($2) returned to grand GOR
grand GOR collected $2.50 from pot
grand GOR: doesn't show hand 
*** SUMMARY ***
Total pot $2.50 | Rake $0 
Seat 5: bartvist
Seat 2: grand GOR (button) collected ($2.50)
Seat 3: AlexEliseev7 (small blind) folded before Flop
Seat 4: glupakat (big blind) folded before Flop
Seat 6: janarr5 folded before Flop (didn't bet)



PokerStars Hand #254577620511:  Hold'em No Limit ($0.50/$1.00 USD) - 2025/01/27 12:13:31 WET [2025/01/27 7:13:31 ET]
Table 'Aralia IV' 6-max Seat #3 is the button
Seat 1: Kristo 914 ($100 in chips) is sitting out
Seat 2: grand GOR ($144.05 in chips) 
Seat 3: AlexEliseev7 ($127.28 in chips) 
Seat 4: glupakat ($43.72 in chips) 
Seat 5: bartvist ($10.51 in chips) 
Seat 6: janarr5 ($112.44 in chips) 
glupakat: posts small blind $0.50
bartvist: posts big blind $1
Kristo 914: sits out 
*** HOLE CARDS ***
janarr5: folds 
grand GOR: folds 
AlexEliseev7: folds 
glupakat: folds 
Uncalled bet ($0.50) returned to bartvist
bartvist collected $1 from pot
*** SUMMARY ***
Total pot $1 | Rake $0 
Seat 1: Kristo 914
Seat 2: grand GOR folded before Flop (didn't bet)
Seat 3: AlexEliseev7 (button) folded before Flop (didn't bet)
Seat 4: glupakat (small blind) folded before Flop
Seat 5: bartvist (big blind) collected ($1)
Seat 6: janarr5 folded before Flop (didn't bet)



PokerStars Hand #254577621589:  Hold'em No Limit ($0.50/$1.00 USD) - 2025/01/27 12:13:39 WET [2025/01/27 7:13:39 ET]
Table 'Aralia IV' 6-max Seat #4 is the button
Seat 1: Kristo 914 ($100 in chips) is sitting out
Seat 2: grand GOR ($144.05 in chips) 
Seat 3: AlexEliseev7 ($127.28 in chips) 
Seat 4: glupakat ($43.22 in chips) 
Seat 5: bartvist ($11.01 in chips) 
Seat 6: janarr5 ($112.44 in chips) 
bartvist: posts small blind $0.50
janarr5: posts big blind $1
Kristo 914: sits out 
*** HOLE CARDS ***
grand GOR: folds 
AlexEliseev7: raises $1.50 to $2.50
glupakat: folds 
bartvist: folds 
janarr5: folds 
Uncalled bet ($1.50) returned to AlexEliseev7
AlexEliseev7 collected $2.50 from pot
AlexEliseev7: doesn't show hand 
*** SUMMARY ***
Total pot $2.50 | Rake $0 
Seat 1: Kristo 914
Seat 2: grand GOR folded before Flop (didn't bet)
Seat 3: AlexEliseev7 collected ($2.50)
Seat 4: glupakat (button) folded before Flop (didn't bet)
Seat 5: bartvist (small blind) folded before Flop
Seat 6: janarr5 (big blind) folded before Flop



PokerStars Hand #254577623011:  Hold'em No Limit ($0.50/$1.00 USD) - 2025/01/27 12:13:50 WET [2025/01/27 7:13:50 ET]
Table 'Aralia IV' 6-max Seat #5 is the button
Seat 1: Kristo 914 ($100 in chips) 
Seat 2: grand GOR ($144.05 in chips) 
Seat 3: AlexEliseev7 ($128.78 in chips) 
Seat 4: glupakat ($43.22 in chips) 
Seat 5: bartvist ($10.51 in chips) 
Seat 6: janarr5 ($111.44 in chips) 
janarr5: posts small blind $0.50
Kristo 914: posts big blind $1
*** HOLE CARDS ***
grand GOR: folds 
AlexEliseev7: folds 
glupakat: folds 
bartvist: folds 
janarr5: raises $2 to $3
Kristo 914: folds 
Uncalled bet ($2) returned to janarr5
janarr5 collected $2 from pot
janarr5: doesn't show hand 
*** SUMMARY ***
Total pot $2 | Rake $0 
Seat 1: Kristo 914 (big blind) folded before Flop
Seat 2: grand GOR folded before Flop (didn't bet)
Seat 3: AlexEliseev7 folded before Flop (didn't bet)
Seat 4: glupakat folded before Flop (didn't bet)
Seat 5: bartvist (button) folded before Flop (didn't bet)
Seat 6: janarr5 (small blind) collected ($2)



PokerStars Hand #254577625751:  Hold'em No Limit ($0.50/$1.00 USD) - 2025/01/27 12:14:11 WET [2025/01/27 7:14:11 ET]
Table 'Aralia IV' 6-max Seat #6 is the button
Seat 1: Kristo 914 ($100 in chips) 
Seat 2: grand GOR ($144.05 in chips) 
Seat 3: AlexEliseev7 ($128.78 in chips) 
Seat 4: glupakat ($43.22 in chips) 
Seat 5: bartvist ($10.51 in chips) 
Seat 6: janarr5 ($112.44 in chips) 
Kristo 914: posts small blind $0.50
grand GOR: posts big blind $1
*** HOLE CARDS ***
AlexEliseev7: folds 
glupakat: raises $1 to $2
bartvist: folds 
janarr5: raises $4 to $6
Kristo 914: folds 
grand GOR: folds 
glupakat: calls $4
*** FLOP *** [7s 2s 8d]
glupakat: checks 
janarr5: bets $6.41
glupakat: calls $6.41
*** TURN *** [7s 2s 8d] [Jc]
glupakat: checks 
janarr5: bets $31
glupakat: calls $30.81 and is all-in
Uncalled bet ($0.19) returned to janarr5
*** RIVER *** [7s 2s 8d Jc] [Jd]
*** SHOW DOWN ***
glupakat: shows [Tc 9c] (a straight, Seven to Jack)
janarr5: shows [Th Td] (two pair, Jacks and Tens)
glupakat collected $85.44 from pot
*** SUMMARY ***
Total pot $87.94 | Rake $2.50 
Board [7s 2s 8d Jc Jd]
Seat 1: Kristo 914 (small blind) folded before Flop
Seat 2: grand GOR (big blind) folded before Flop
Seat 3: AlexEliseev7 folded before Flop (didn't bet)
Seat 4: glupakat showed [Tc 9c] and won ($85.44) with a straight, Seven to Jack
Seat 5: bartvist folded before Flop (didn't bet)
Seat 6: janarr5 (button) showed [Th Td] and lost with two pair, Jacks and Tens



PokerStars Hand #254577631496:  Hold'em No Limit ($0.50/$1.00 USD) - 2025/01/27 12:14:56 WET [2025/01/27 7:14:56 ET]
Table 'Aralia IV' 6-max Seat #1 is the button
Seat 1: Kristo 914 ($100 in chips) 
Seat 2: grand GOR ($143.05 in chips) 
Seat 3: AlexEliseev7 ($128.78 in chips) 
Seat 4: glupakat ($85.44 in chips) 
Seat 5: bartvist ($10.51 in chips) 
grand GOR: posts small blind $0.50
AlexEliseev7: posts big blind $1
*** HOLE CARDS ***
glupakat: folds 
bartvist: folds 
Kristo 914: raises $1.40 to $2.40
grand GOR: folds 
AlexEliseev7: folds 
Uncalled bet ($1.40) returned to Kristo 914
Kristo 914 collected $2.50 from pot
Kristo 914: doesn't show hand 
*** SUMMARY ***
Total pot $2.50 | Rake $0 
Seat 1: Kristo 914 (button) collected ($2.50)
Seat 2: grand GOR (small blind) folded before Flop
Seat 3: AlexEliseev7 (big blind) folded before Flop
Seat 4: glupakat folded before Flop (didn't bet)
Seat 5: bartvist folded before Flop (didn't bet)



PokerStars Hand #254577633151:  Hold'em No Limit ($0.50/$1.00 USD) - 2025/01/27 12:15:08 WET [2025/01/27 7:15:08 ET]
Table 'Aralia IV' 6-max Seat #2 is the button
Seat 1: Kristo 914 ($101.50 in chips) 
Seat 2: grand GOR ($142.55 in chips) 
Seat 3: AlexEliseev7 ($127.78 in chips) 
Seat 4: glupakat ($85.44 in chips) 
Seat 5: bartvist ($10.51 in chips) 
AlexEliseev7: posts small blind $0.50
glupakat: posts big blind $1
*** HOLE CARDS ***
bartvist: raises $1 to $2
Kristo 914: folds 
grand GOR: raises $8 to $10
AlexEliseev7: folds 
glupakat: folds 
bartvist: raises $0.51 to $10.51 and is all-in
grand GOR: calls $0.51
*** FLOP *** [Ks Th Jc]
*** TURN *** [Ks Th Jc] [9c]
*** RIVER *** [Ks Th Jc 9c] [8s]
*** SHOW DOWN ***
bartvist: shows [Tc 9h] (two pair, Tens and Nines)
grand GOR: shows [Ad Jh] (a pair of Jacks)
bartvist collected $21.39 from pot
*** SUMMARY ***
Total pot $22.52 | Rake $1.13 
Board [Ks Th Jc 9c 8s]
Seat 1: Kristo 914 folded before Flop (didn't bet)
Seat 2: grand GOR (button) showed [Ad Jh] and lost with a pair of Jacks
Seat 3: AlexEliseev7 (small blind) folded before Flop
Seat 4: glupakat (big blind) folded before Flop
Seat 5: bartvist showed [Tc 9h] and won ($21.39) with two pair, Tens and Nines



PokerStars Hand #254577637643:  Hold'em No Limit ($0.50/$1.00 USD) - 2025/01/27 12:15:42 WET [2025/01/27 7:15:42 ET]
Table 'Aralia IV' 6-max Seat #3 is the button
Seat 1: Kristo 914 ($101.50 in chips) 
Seat 2: grand GOR ($132.04 in chips) 
Seat 3: AlexEliseev7 ($127.28 in chips) 
Seat 4: glupakat ($84.44 in chips) 
Seat 5: bartvist ($21.39 in chips) 
glupakat: posts small blind $0.50
bartvist: posts big blind $1
*** HOLE CARDS ***
Kristo 914: folds 
grand GOR: folds 
AlexEliseev7: raises $1.50 to $2.50
glupakat: folds 
bartvist: folds 
Uncalled bet ($1.50) returned to AlexEliseev7
AlexEliseev7 collected $2.50 from pot
AlexEliseev7: doesn't show hand 
*** SUMMARY ***
Total pot $2.50 | Rake $0 
Seat 1: Kristo 914 folded before Flop (didn't bet)
Seat 2: grand GOR folded before Flop (didn't bet)
Seat 3: AlexEliseev7 (button) collected ($2.50)
Seat 4: glupakat (small blind) folded before Flop
Seat 5: bartvist (big blind) folded before Flop



PokerStars Hand #254577640020:  Hold'em No Limit ($0.50/$1.00 USD) - 2025/01/27 12:16:00 WET [2025/01/27 7:16:00 ET]
Table 'Aralia IV' 6-max Seat #4 is the button
Seat 1: Kristo 914 ($101.50 in chips) 
Seat 2: grand GOR ($132.04 in chips) 
Seat 3: AlexEliseev7 ($128.78 in chips) 
Seat 4: glupakat ($83.94 in chips) 
Seat 5: bartvist ($20.39 in chips) 
bartvist: posts small blind $0.50
Kristo 914: posts big blind $1
*** HOLE CARDS ***
grand GOR: folds 
AlexEliseev7: folds 
glupakat: folds 
bartvist: raises $1 to $2
Kristo 914: folds 
Uncalled bet ($1) returned to bartvist
bartvist collected $2 from pot
*** SUMMARY ***
Total pot $2 | Rake $0 
Seat 1: Kristo 914 (big blind) folded before Flop
Seat 2: grand GOR folded before Flop (didn't bet)
Seat 3: AlexEliseev7 folded before Flop (didn't bet)
Seat 4: glupakat (button) folded before Flop (didn't bet)
Seat 5: bartvist (small blind) collected ($2)



PokerStars Hand #254577642190:  Hold'em No Limit ($0.50/$1.00 USD) - 2025/01/27 12:16:17 WET [2025/01/27 7:16:17 ET]
Table 'Aralia IV' 6-max Seat #5 is the button
Seat 1: Kristo 914 ($100.50 in chips) 
Seat 2: grand GOR ($132.04 in chips) 
Seat 3: AlexEliseev7 ($128.78 in chips) 
Seat 4: glupakat ($83.94 in chips) 
Seat 5: bartvist ($21.39 in chips) 
Kristo 914: posts small blind $0.50
grand GOR: posts big blind $1
*** HOLE CARDS ***
elcutez joins the table at seat #6 
elcutez is disconnected 
AlexEliseev7: folds 
glupakat: folds 
bartvist: raises $1 to $2
Kristo 914: folds 
grand GOR: folds 
Uncalled bet ($1) returned to bartvist
bartvist collected $2.50 from pot
*** SUMMARY ***
Total pot $2.50 | Rake $0 
Seat 1: Kristo 914 (small blind) folded before Flop
Seat 2: grand GOR (big blind) folded before Flop
Seat 3: AlexEliseev7 folded before Flop (didn't bet)
Seat 4: glupakat folded before Flop (didn't bet)
Seat 5: bartvist (button) collected ($2.50)



PokerStars Hand #254577646841:  Hold'em No Limit ($0.50/$1.00 USD) - 2025/01/27 12:16:53 WET [2025/01/27 7:16:53 ET]
Table 'Aralia IV' 6-max Seat #1 is the button
Seat 1: Kristo 914 ($100 in chips) 
Seat 2: grand GOR ($131.04 in chips) 
Seat 3: AlexEliseev7 ($128.78 in chips) 
Seat 4: glupakat ($83.94 in chips) 
Seat 5: bartvist ($22.89 in chips) 
Seat 6: elcutez ($100 in chips) 
grand GOR: posts small blind $0.50
AlexEliseev7: posts big blind $1
elcutez: posts big blind $1
*** HOLE CARDS ***
glupakat: folds 
bartvist: raises $1.50 to $2.50
elcutez: folds 
Kristo 914: folds 
grand GOR: calls $2
AlexEliseev7: folds 
*** FLOP *** [Jh 5c 5h]
grand GOR: checks 
bartvist: checks 
*** TURN *** [Jh 5c 5h] [9d]
grand GOR: checks 
bartvist: checks 
*** RIVER *** [Jh 5c 5h 9d] [6s]
grand GOR: checks 
bartvist: checks 
*** SHOW DOWN ***
grand GOR: shows [Kd Th] (a pair of Fives)
bartvist: shows [Ac 7c] (a pair of Fives - Ace kicker)
bartvist collected $6.65 from pot
*** SUMMARY ***
Total pot $7 | Rake $0.35 
Board [Jh 5c 5h 9d 6s]
Seat 1: Kristo 914 (button) folded before Flop (didn't bet)
Seat 2: grand GOR (small blind) showed [Kd Th] and lost with a pair of Fives
Seat 3: AlexEliseev7 (big blind) folded before Flop
Seat 4: glupakat folded before Flop (didn't bet)
Seat 5: bartvist showed [Ac 7c] and won ($6.65) with a pair of Fives
Seat 6: elcutez folded before Flop (didn't bet)



PokerStars Hand #254577652927:  Hold'em No Limit ($0.50/$1.00 USD) - 2025/01/27 12:17:39 WET [2025/01/27 7:17:39 ET]
Table 'Aralia IV' 6-max Seat #2 is the button
Seat 1: Kristo 914 ($100 in chips) 
Seat 2: grand GOR ($128.54 in chips) 
Seat 3: AlexEliseev7 ($127.78 in chips) 
Seat 4: glupakat ($83.94 in chips) 
Seat 5: bartvist ($27.04 in chips) 
Seat 6: elcutez ($99 in chips) 
AlexEliseev7: posts small blind $0.50
glupakat: posts big blind $1
*** HOLE CARDS ***
bartvist: calls $1
elcutez: folds 
Kristo 914: folds 
grand GOR: folds 
AlexEliseev7: folds 
glupakat: checks 
*** FLOP *** [4d Qd 5s]
glupakat: checks 
bartvist: bets $2.19
glupakat: folds 
Uncalled bet ($2.19) returned to bartvist
bartvist collected $2.38 from pot
*** SUMMARY ***
Total pot $2.50 | Rake $0.12 
Board [4d Qd 5s]
Seat 1: Kristo 914 folded before Flop (didn't bet)
Seat 2: grand GOR (button) folded before Flop (didn't bet)
Seat 3: AlexEliseev7 (small blind) folded before Flop
Seat 4: glupakat (big blind) folded on the Flop
Seat 5: bartvist collected ($2.38)
Seat 6: elcutez folded before Flop (didn't bet)



PokerStars Hand #254577657533:  Hold'em No Limit ($0.50/$1.00 USD) - 2025/01/27 12:18:14 WET [2025/01/27 7:18:14 ET]
Table 'Aralia IV' 6-max Seat #3 is the button
Seat 1: Kristo 914 ($100 in chips) 
Seat 2: grand GOR ($128.54 in chips) 
Seat 3: AlexEliseev7 ($127.28 in chips) 
Seat 4: glupakat ($82.94 in chips) 
Seat 5: bartvist ($28.42 in chips) 
Seat 6: elcutez ($99 in chips) 
glupakat: posts small blind $0.50
bartvist: posts big blind $1
*** HOLE CARDS ***
elcutez: folds 
Kristo 914: folds 
grand GOR: raises $2 to $3
AlexEliseev7: folds 
glupakat: folds 
bartvist: folds 
Uncalled bet ($2) returned to grand GOR
grand GOR collected $2.50 from pot
grand GOR: doesn't show hand 
*** SUMMARY ***
Total pot $2.50 | Rake $0 
Seat 1: Kristo 914 folded before Flop (didn't bet)
Seat 2: grand GOR collected ($2.50)
Seat 3: AlexEliseev7 (button) folded before Flop (didn't bet)
Seat 4: glupakat (small blind) folded before Flop
Seat 5: bartvist (big blind) folded before Flop
Seat 6: elcutez folded before Flop (didn't bet)



PokerStars Hand #254577660004:  Hold'em No Limit ($0.50/$1.00 USD) - 2025/01/27 12:18:32 WET [2025/01/27 7:18:32 ET]
Table 'Aralia IV' 6-max Seat #4 is the button
Seat 1: Kristo 914 ($100 in chips) 
Seat 2: grand GOR ($130.04 in chips) 
Seat 3: AlexEliseev7 ($127.28 in chips) 
Seat 4: glupakat ($82.44 in chips) 
Seat 5: bartvist ($27.42 in chips) 
Seat 6: elcutez ($99 in chips) 
bartvist: posts small blind $0.50
elcutez: posts big blind $1
*** HOLE CARDS ***
Kristo 914: folds 
grand GOR: folds 
AlexEliseev7: raises $1.50 to $2.50
glupakat: folds 
bartvist: folds 
elcutez: folds 
Uncalled bet ($1.50) returned to AlexEliseev7
AlexEliseev7 collected $2.50 from pot
*** SUMMARY ***
Total pot $2.50 | Rake $0 
Seat 1: Kristo 914 folded before Flop (didn't bet)
Seat 2: grand GOR folded before Flop (didn't bet)
Seat 3: AlexEliseev7 collected ($2.50)
Seat 4: glupakat (button) folded before Flop (didn't bet)
Seat 5: bartvist (small blind) folded before Flop
Seat 6: elcutez (big blind) folded before Flop



PokerStars Hand #254577662192:  Hold'em No Limit ($0.50/$1.00 USD) - 2025/01/27 12:18:49 WET [2025/01/27 7:18:49 ET]
Table 'Aralia IV' 6-max Seat #5 is the button
Seat 1: Kristo 914 ($100 in chips) 
Seat 2: grand GOR ($130.04 in chips) 
Seat 3: AlexEliseev7 ($128.78 in chips) 
Seat 4: glupakat ($82.44 in chips) 
Seat 5: bartvist ($26.92 in chips) 
Seat 6: elcutez ($98 in chips) 
elcutez: posts small blind $0.50
Kristo 914: posts big blind $1
*** HOLE CARDS ***
grand GOR: folds 
AlexEliseev7: folds 
glupakat: folds 
bartvist: raises $1 to $2
elcutez: folds 
Kristo 914: calls $1
*** FLOP *** [7s Qd 3d]
Kristo 914: checks 
bartvist: checks 
*** TURN *** [7s Qd 3d] [5s]
Kristo 914: bets $5.50
bartvist: folds 
Uncalled bet ($5.50) returned to Kristo 914
Kristo 914 collected $4.28 from pot
Kristo 914: doesn't show hand 
*** SUMMARY ***
Total pot $4.50 | Rake $0.22 
Board [7s Qd 3d 5s]
Seat 1: Kristo 914 (big blind) collected ($4.28)
Seat 2: grand GOR folded before Flop (didn't bet)
Seat 3: AlexEliseev7 folded before Flop (didn't bet)
Seat 4: glupakat folded before Flop (didn't bet)
Seat 5: bartvist (button) folded on the Turn
Seat 6: elcutez (small blind) folded before Flop



PokerStars Hand #254577666782:  Hold'em No Limit ($0.50/$1.00 USD) - 2025/01/27 12:19:24 WET [2025/01/27 7:19:24 ET]
Table 'Aralia IV' 6-max Seat #6 is the button
Seat 1: Kristo 914 ($102.28 in chips) 
Seat 2: grand GOR ($130.04 in chips) 
Seat 3: AlexEliseev7 ($128.78 in chips) 
Seat 4: glupakat ($82.44 in chips) 
Seat 5: bartvist ($24.92 in chips) 
Seat 6: elcutez ($97.50 in chips) 
Kristo 914: posts small blind $0.50
grand GOR: posts big blind $1
*** HOLE CARDS ***
AlexEliseev7: folds 
glupakat: calls $1
bartvist: folds 
elcutez: raises $3.50 to $4.50
Kristo 914: folds 
grand GOR: folds 
glupakat: raises $17.50 to $22
elcutez: folds 
Uncalled bet ($17.50) returned to glupakat
glupakat collected $10.50 from pot
glupakat: doesn't show hand 
*** SUMMARY ***
Total pot $10.50 | Rake $0 
Seat 1: Kristo 914 (small blind) folded before Flop
Seat 2: grand GOR (big blind) folded before Flop
Seat 3: AlexEliseev7 folded before Flop (didn't bet)
Seat 4: glupakat collected ($10.50)
Seat 5: bartvist folded before Flop (didn't bet)
Seat 6: elcutez (button) folded before Flop



PokerStars Hand #254577671334:  Hold'em No Limit ($0.50/$1.00 USD) - 2025/01/27 12:19:59 WET [2025/01/27 7:19:59 ET]
Table 'Aralia IV' 6-max Seat #1 is the button
Seat 1: Kristo 914 ($101.78 in chips) 
Seat 2: grand GOR ($129.04 in chips) 
Seat 3: AlexEliseev7 ($128.78 in chips) 
Seat 4: glupakat ($88.44 in chips) 
Seat 5: bartvist ($24.92 in chips) 
Seat 6: elcutez ($93 in chips) 
grand GOR: posts small blind $0.50
AlexEliseev7: posts big blind $1
*** HOLE CARDS ***
glupakat: folds 
bartvist: folds 
elcutez: folds 
Kristo 914: folds 
grand GOR: folds 
Uncalled bet ($0.50) returned to AlexEliseev7
AlexEliseev7 collected $1 from pot
AlexEliseev7: doesn't show hand 
*** SUMMARY ***
Total pot $1 | Rake $0 
Seat 1: Kristo 914 (button) folded before Flop (didn't bet)
Seat 2: grand GOR (small blind) folded before Flop
Seat 3: AlexEliseev7 (big blind) collected ($1)
Seat 4: glupakat folded before Flop (didn't bet)
Seat 5: bartvist folded before Flop (didn't bet)
Seat 6: elcutez folded before Flop (didn't bet)



PokerStars Hand #254577672664:  Hold'em No Limit ($0.50/$1.00 USD) - 2025/01/27 12:20:09 WET [2025/01/27 7:20:09 ET]
Table 'Aralia IV' 6-max Seat #2 is the button
Seat 1: Kristo 914 ($101.78 in chips) 
Seat 2: grand GOR ($128.54 in chips) 
Seat 3: AlexEliseev7 ($129.28 in chips) 
Seat 4: glupakat ($88.44 in chips) 
Seat 5: bartvist ($24.92 in chips) 
Seat 6: elcutez ($93 in chips) 
AlexEliseev7: posts small blind $0.50
glupakat: posts big blind $1
*** HOLE CARDS ***
bartvist: raises $1 to $2
elcutez: folds 
Kristo 914: folds 
grand GOR: folds 
AlexEliseev7: folds 
glupakat: folds 
Uncalled bet ($1) returned to bartvist
bartvist collected $2.50 from pot
*** SUMMARY ***
Total pot $2.50 | Rake $0 
Seat 1: Kristo 914 folded before Flop (didn't bet)
Seat 2: grand GOR (button) folded before Flop (didn't bet)
Seat 3: AlexEliseev7 (small blind) folded before Flop
Seat 4: glupakat (big blind) folded before Flop
Seat 5: bartvist collected ($2.50)
Seat 6: elcutez folded before Flop (didn't bet)



PokerStars Hand #254577674208:  Hold'em No Limit ($0.50/$1.00 USD) - 2025/01/27 12:20:21 WET [2025/01/27 7:20:21 ET]
Table 'Aralia IV' 6-max Seat #3 is the button
Seat 1: Kristo 914 ($101.78 in chips) 
Seat 2: grand GOR ($128.54 in chips) 
Seat 3: AlexEliseev7 ($128.78 in chips) 
Seat 4: glupakat ($87.44 in chips) 
Seat 5: bartvist ($26.42 in chips) 
Seat 6: elcutez ($93 in chips) 
glupakat: posts small blind $0.50
bartvist: posts big blind $1
*** HOLE CARDS ***
elcutez: folds 
Kristo 914: folds 
grand GOR: folds 
AlexEliseev7: folds 
glupakat: raises $1 to $2
bartvist: folds 
Uncalled bet ($1) returned to glupakat
glupakat collected $2 from pot
glupakat: doesn't show hand 
*** SUMMARY ***
Total pot $2 | Rake $0 
Seat 1: Kristo 914 folded before Flop (didn't bet)
Seat 2: grand GOR folded before Flop (didn't bet)
Seat 3: AlexEliseev7 (button) folded before Flop (didn't bet)
Seat 4: glupakat (small blind) collected ($2)
Seat 5: bartvist (big blind) folded before Flop
Seat 6: elcutez folded before Flop (didn't bet)



PokerStars Hand #254577675871:  Hold'em No Limit ($0.50/$1.00 USD) - 2025/01/27 12:20:34 WET [2025/01/27 7:20:34 ET]
Table 'Aralia IV' 6-max Seat #4 is the button
Seat 1: Kristo 914 ($101.78 in chips) 
Seat 2: grand GOR ($128.54 in chips) 
Seat 3: AlexEliseev7 ($128.78 in chips) 
Seat 4: glupakat ($88.44 in chips) 
Seat 5: bartvist ($25.42 in chips) 
Seat 6: elcutez ($93 in chips) 
bartvist: posts small blind $0.50
elcutez: posts big blind $1
*** HOLE CARDS ***
Kristo 914: folds 
grand GOR: folds 
AlexEliseev7: folds 
glupakat: folds 
bartvist: folds 
Uncalled bet ($0.50) returned to elcutez
elcutez collected $1 from pot
*** SUMMARY ***
Total pot $1 | Rake $0 
Seat 1: Kristo 914 folded before Flop (didn't bet)
Seat 2: grand GOR folded before Flop (didn't bet)
Seat 3: AlexEliseev7 folded before Flop (didn't bet)
Seat 4: glupakat (button) folded before Flop (didn't bet)
Seat 5: bartvist (small blind) folded before Flop
Seat 6: elcutez (big blind) collected ($1)



PokerStars Hand #254577677239:  Hold'em No Limit ($0.50/$1.00 USD) - 2025/01/27 12:20:44 WET [2025/01/27 7:20:44 ET]
Table 'Aralia IV' 6-max Seat #5 is the button
Seat 1: Kristo 914 ($101.78 in chips) 
Seat 2: grand GOR ($128.54 in chips) 
Seat 3: AlexEliseev7 ($128.78 in chips) 
Seat 4: glupakat ($88.44 in chips) 
Seat 5: bartvist ($24.92 in chips) 
Seat 6: elcutez ($93.50 in chips) 
elcutez: posts small blind $0.50
Kristo 914: posts big blind $1
*** HOLE CARDS ***
grand GOR: folds 
AlexEliseev7: folds 
glupakat: folds 
bartvist: raises $1 to $2
elcutez: folds 
Kristo 914: folds 
Uncalled bet ($1) returned to bartvist
bartvist collected $2.50 from pot
*** SUMMARY ***
Total pot $2.50 | Rake $0 
Seat 1: Kristo 914 (big blind) folded before Flop
Seat 2: grand GOR folded before Flop (didn't bet)
Seat 3: AlexEliseev7 folded before Flop (didn't bet)
Seat 4: glupakat folded before Flop (didn't bet)
Seat 5: bartvist (button) collected ($2.50)
Seat 6: elcutez (small blind) folded before Flop



PokerStars Hand #254577678890:  Hold'em No Limit ($0.50/$1.00 USD) - 2025/01/27 12:20:57 WET [2025/01/27 7:20:57 ET]
Table 'Aralia IV' 6-max Seat #6 is the button
Seat 1: Kristo 914 ($100.78 in chips) 
Seat 2: grand GOR ($128.54 in chips) 
Seat 3: AlexEliseev7 ($128.78 in chips) 
Seat 4: glupakat ($88.44 in chips) 
Seat 5: bartvist ($26.42 in chips) 
Seat 6: elcutez ($93 in chips) 
Kristo 914: posts small blind $0.50
grand GOR: posts big blind $1
*** HOLE CARDS ***
AlexEliseev7: folds 
glupakat: folds 
bartvist: folds 
elcutez: folds 
Kristo 914: folds 
Uncalled bet ($0.50) returned to grand GOR
grand GOR collected $1 from pot
grand GOR: doesn't show hand 
*** SUMMARY ***
Total pot $1 | Rake $0 
Seat 1: Kristo 914 (small blind) folded before Flop
Seat 2: grand GOR (big blind) collected ($1)
Seat 3: AlexEliseev7 folded before Flop (didn't bet)
Seat 4: glupakat folded before Flop (didn't bet)
Seat 5: bartvist folded before Flop (didn't bet)
Seat 6: elcutez (button) folded before Flop (didn't bet)



PokerStars Hand #254577680621:  Hold'em No Limit ($0.50/$1.00 USD) - 2025/01/27 12:21:10 WET [2025/01/27 7:21:10 ET]
Table 'Aralia IV' 6-max Seat #1 is the button
Seat 1: Kristo 914 ($100.28 in chips) 
Seat 2: grand GOR ($129.04 in chips) 
Seat 3: AlexEliseev7 ($128.78 in chips) 
Seat 4: glupakat ($88.44 in chips) 
Seat 5: bartvist ($26.42 in chips) 
Seat 6: elcutez ($93 in chips) 
grand GOR: posts small blind $0.50
AlexEliseev7: posts big blind $1
*** HOLE CARDS ***
glupakat: folds 
bartvist: raises $1 to $2
elcutez: folds 
elcutez leaves the table
Kristo 914: folds 
grand GOR: folds 
AlexEliseev7: calls $1
*** FLOP *** [9h 8s Ac]
AlexEliseev7: checks 
bartvist: bets $2.14
AlexEliseev7: calls $2.14
*** TURN *** [9h 8s Ac] [4h]
AlexEliseev7: checks 
bartvist: checks 
*** RIVER *** [9h 8s Ac 4h] [9c]
AlexEliseev7: bets $2
bartvist: calls $2
*** SHOW DOWN ***
AlexEliseev7: shows [5c Ad] (two pair, Aces and Nines)
bartvist: mucks hand 
AlexEliseev7 collected $12.14 from pot
*** SUMMARY ***
Total pot $12.78 | Rake $0.64 
Board [9h 8s Ac 4h 9c]
Seat 1: Kristo 914 (button) folded before Flop (didn't bet)
Seat 2: grand GOR (small blind) folded before Flop
Seat 3: AlexEliseev7 (big blind) showed [5c Ad] and won ($12.14) with two pair, Aces and Nines
Seat 4: glupakat folded before Flop (didn't bet)
Seat 5: bartvist mucked
Seat 6: elcutez folded before Flop (didn't bet)



PokerStars Hand #254577687396:  Hold'em No Limit ($0.50/$1.00 USD) - 2025/01/27 12:22:02 WET [2025/01/27 7:22:02 ET]
Table 'Aralia IV' 6-max Seat #2 is the button
Seat 1: Kristo 914 ($100.28 in chips) 
Seat 2: grand GOR ($128.54 in chips) 
Seat 3: AlexEliseev7 ($134.78 in chips) 
Seat 4: glupakat ($88.44 in chips) 
Seat 5: bartvist ($20.28 in chips) 
AlexEliseev7: posts small blind $0.50
glupakat: posts big blind $1
*** HOLE CARDS ***
bartvist: calls $1
Kristo 914: folds 
grand GOR: folds 
AlexEliseev7: folds 
glupakat: checks 
*** FLOP *** [2h Tc 7s]
glupakat: checks 
bartvist: bets $1
glupakat: folds 
Uncalled bet ($1) returned to bartvist
bartvist collected $2.38 from pot
*** SUMMARY ***
Total pot $2.50 | Rake $0.12 
Board [2h Tc 7s]
Seat 1: Kristo 914 folded before Flop (didn't bet)
Seat 2: grand GOR (button) folded before Flop (didn't bet)
Seat 3: AlexEliseev7 (small blind) folded before Flop
Seat 4: glupakat (big blind) folded on the Flop
Seat 5: bartvist collected ($2.38)



PokerStars Hand #254577692404:  Hold'em No Limit ($0.50/$1.00 USD) - 2025/01/27 12:22:39 WET [2025/01/27 7:22:39 ET]
Table 'Aralia IV' 6-max Seat #3 is the button
Seat 1: Kristo 914 ($100.28 in chips) 
Seat 2: grand GOR ($128.54 in chips) 
Seat 3: AlexEliseev7 ($134.28 in chips) 
Seat 4: glupakat ($87.44 in chips) 
Seat 5: bartvist ($21.66 in chips) 
glupakat: posts small blind $0.50
bartvist: posts big blind $1
*** HOLE CARDS ***
TheBraveGirl joins the table at seat #6 
Kristo 914: raises $1.40 to $2.40
grand GOR: folds 
AlexEliseev7: folds 
glupakat: folds 
bartvist: calls $1.40
*** FLOP *** [7c 4h 9c]
bartvist: checks 
Kristo 914: bets $2.57
bartvist: calls $2.57
*** TURN *** [7c 4h 9c] [9d]
bartvist: checks 
Kristo 914: bets $3
bartvist: calls $3
*** RIVER *** [7c 4h 9c 9d] [3h]
bartvist: checks 
Kristo 914: bets $8
bartvist: folds 
Uncalled bet ($8) returned to Kristo 914
Kristo 914 collected $15.62 from pot
Kristo 914: doesn't show hand 
*** SUMMARY ***
Total pot $16.44 | Rake $0.82 
Board [7c 4h 9c 9d 3h]
Seat 1: Kristo 914 collected ($15.62)
Seat 2: grand GOR folded before Flop (didn't bet)
Seat 3: AlexEliseev7 (button) folded before Flop (didn't bet)
Seat 4: glupakat (small blind) folded before Flop
Seat 5: bartvist (big blind) folded on the River



PokerStars Hand #254577700873:  Hold'em No Limit ($0.50/$1.00 USD) - 2025/01/27 12:23:43 WET [2025/01/27 7:23:43 ET]
Table 'Aralia IV' 6-max Seat #4 is the button
Seat 1: Kristo 914 ($107.93 in chips) 
Seat 2: grand GOR ($128.54 in chips) 
Seat 3: AlexEliseev7 ($134.28 in chips) 
Seat 4: glupakat ($86.94 in chips) 
Seat 5: bartvist ($13.69 in chips) 
Seat 6: TheBraveGirl ($100 in chips) 
bartvist: posts small blind $0.50
TheBraveGirl: posts big blind $1
*** HOLE CARDS ***
Kristo 914: folds 
grand GOR: raises $1.50 to $2.50
AlexEliseev7: folds 
glupakat: folds 
bartvist: raises $2.50 to $5
TheBraveGirl: folds 
grand GOR: calls $2.50
*** FLOP *** [5s 4d Ah]
bartvist: bets $8.69 and is all-in
grand GOR: calls $8.69
*** TURN *** [5s 4d Ah] [Ks]
*** RIVER *** [5s 4d Ah Ks] [Js]
*** SHOW DOWN ***
bartvist: shows [Kd Kc] (three of a kind, Kings)
grand GOR: shows [Ac 3c] (a pair of Aces)
bartvist collected $26.96 from pot
*** SUMMARY ***
Total pot $28.38 | Rake $1.42 
Board [5s 4d Ah Ks Js]
Seat 1: Kristo 914 folded before Flop (didn't bet)
Seat 2: grand GOR showed [Ac 3c] and lost with a pair of Aces
Seat 3: AlexEliseev7 folded before Flop (didn't bet)
Seat 4: glupakat (button) folded before Flop (didn't bet)
Seat 5: bartvist (small blind) showed [Kd Kc] and won ($26.96) with three of a kind, Kings
Seat 6: TheBraveGirl (big blind) folded before Flop



PokerStars Hand #254577705085:  Hold'em No Limit ($0.50/$1.00 USD) - 2025/01/27 12:24:15 WET [2025/01/27 7:24:15 ET]
Table 'Aralia IV' 6-max Seat #5 is the button
Seat 1: Kristo 914 ($107.93 in chips) 
Seat 2: grand GOR ($114.85 in chips) 
Seat 3: AlexEliseev7 ($134.28 in chips) 
Seat 4: glupakat ($86.94 in chips) 
Seat 5: bartvist ($26.96 in chips) 
Seat 6: TheBraveGirl ($100 in chips) 
TheBraveGirl: posts small blind $0.50
Kristo 914: posts big blind $1
*** HOLE CARDS ***
grand GOR: folds 
AlexEliseev7: folds 
glupakat has timed out
glupakat: folds 
bartvist: folds 
TheBraveGirl: raises $2 to $3
Kristo 914: calls $2
*** FLOP *** [Qd 9c 9d]
TheBraveGirl: checks 
Kristo 914: checks 
*** TURN *** [Qd 9c 9d] [Kh]
TheBraveGirl: bets $2.85
Kristo 914: calls $2.85
*** RIVER *** [Qd 9c 9d Kh] [8c]
TheBraveGirl: bets $13.90
Kristo 914: folds 
Uncalled bet ($13.90) returned to TheBraveGirl
TheBraveGirl collected $11.12 from pot
TheBraveGirl: doesn't show hand 
*** SUMMARY ***
Total pot $11.70 | Rake $0.58 
Board [Qd 9c 9d Kh 8c]
Seat 1: Kristo 914 (big blind) folded on the River
Seat 2: grand GOR folded before Flop (didn't bet)
Seat 3: AlexEliseev7 folded before Flop (didn't bet)
Seat 4: glupakat folded before Flop (didn't bet)
Seat 5: bartvist (button) folded before Flop (didn't bet)
Seat 6: TheBraveGirl (small blind) collected ($11.12)



PokerStars Hand #254577715350:  Hold'em No Limit ($0.50/$1.00 USD) - 2025/01/27 12:25:33 WET [2025/01/27 7:25:33 ET]
Table 'Aralia IV' 6-max Seat #6 is the button
Seat 1: Kristo 914 ($102.08 in chips) 
Seat 2: grand GOR ($114.85 in chips) 
Seat 3: AlexEliseev7 ($134.28 in chips) 
Seat 4: glupakat ($86.94 in chips) 
Seat 5: bartvist ($26.96 in chips) 
Seat 6: TheBraveGirl ($105.27 in chips) 
Kristo 914: posts small blind $0.50
grand GOR: posts big blind $1
*** HOLE CARDS ***
AlexEliseev7: folds 
glupakat: folds 
bartvist: raises $1 to $2
TheBraveGirl: folds 
Kristo 914: folds 
grand GOR: folds 
Uncalled bet ($1) returned to bartvist
bartvist collected $2.50 from pot
*** SUMMARY ***
Total pot $2.50 | Rake $0 
Seat 1: Kristo 914 (small blind) folded before Flop
Seat 2: grand GOR (big blind) folded before Flop
Seat 3: AlexEliseev7 folded before Flop (didn't bet)
Seat 4: glupakat folded before Flop (didn't bet)
Seat 5: bartvist collected ($2.50)
Seat 6: TheBraveGirl (button) folded before Flop (didn't bet)



PokerStars Hand #254577717495:  Hold'em No Limit ($0.50/$1.00 USD) - 2025/01/27 12:25:49 WET [2025/01/27 7:25:49 ET]
Table 'Aralia IV' 6-max Seat #1 is the button
Seat 1: Kristo 914 ($101.58 in chips) 
Seat 2: grand GOR ($113.85 in chips) 
Seat 3: AlexEliseev7 ($134.28 in chips) 
Seat 4: glupakat ($86.94 in chips) 
Seat 5: bartvist ($28.46 in chips) 
Seat 6: TheBraveGirl ($105.27 in chips) 
grand GOR: posts small blind $0.50
AlexEliseev7: posts big blind $1
*** HOLE CARDS ***
glupakat: folds 
bartvist: folds 
TheBraveGirl: raises $1 to $2
Kristo 914: folds 
grand GOR: folds 
AlexEliseev7: folds 
Uncalled bet ($1) returned to TheBraveGirl
TheBraveGirl collected $2.50 from pot
TheBraveGirl: doesn't show hand 
*** SUMMARY ***
Total pot $2.50 | Rake $0 
Seat 1: Kristo 914 (button) folded before Flop (didn't bet)
Seat 2: grand GOR (small blind) folded before Flop
Seat 3: AlexEliseev7 (big blind) folded before Flop
Seat 4: glupakat folded before Flop (didn't bet)
Seat 5: bartvist folded before Flop (didn't bet)
Seat 6: TheBraveGirl collected ($2.50)



PokerStars Hand #254577720291:  Hold'em No Limit ($0.50/$1.00 USD) - 2025/01/27 12:26:10 WET [2025/01/27 7:26:10 ET]
Table 'Aralia IV' 6-max Seat #2 is the button
Seat 1: Kristo 914 ($101.58 in chips) 
Seat 2: grand GOR ($113.35 in chips) 
Seat 3: AlexEliseev7 ($133.28 in chips) 
Seat 4: glupakat ($86.94 in chips) 
Seat 5: bartvist ($28.46 in chips) 
Seat 6: TheBraveGirl ($106.77 in chips) 
AlexEliseev7: posts small blind $0.50
glupakat: posts big blind $1
*** HOLE CARDS ***
bartvist: calls $1
TheBraveGirl: folds 
Kristo 914: folds 
grand GOR: folds 
AlexEliseev7: raises $4 to $5
glupakat: folds 
bartvist: folds 
Uncalled bet ($4) returned to AlexEliseev7
AlexEliseev7 collected $3 from pot
AlexEliseev7: doesn't show hand 
*** SUMMARY ***
Total pot $3 | Rake $0 
Seat 1: Kristo 914 folded before Flop (didn't bet)
Seat 2: grand GOR (button) folded before Flop (didn't bet)
Seat 3: AlexEliseev7 (small blind) collected ($3)
Seat 4: glupakat (big blind) folded before Flop
Seat 5: bartvist folded before Flop
Seat 6: TheBraveGirl folded before Flop (didn't bet)



PokerStars Hand #254577723399:  Hold'em No Limit ($0.50/$1.00 USD) - 2025/01/27 12:26:33 WET [2025/01/27 7:26:33 ET]
Table 'Aralia IV' 6-max Seat #3 is the button
Seat 1: Kristo 914 ($101.58 in chips) 
Seat 2: grand GOR ($113.35 in chips) 
Seat 3: AlexEliseev7 ($135.28 in chips) 
Seat 4: glupakat ($85.94 in chips) 
Seat 5: bartvist ($27.46 in chips) 
Seat 6: TheBraveGirl ($106.77 in chips) 
glupakat: posts small blind $0.50
bartvist: posts big blind $1
*** HOLE CARDS ***
TheBraveGirl: folds 
Kristo 914: folds 
grand GOR: folds 
AlexEliseev7: folds 
glupakat: folds 
Uncalled bet ($0.50) returned to bartvist
bartvist collected $1 from pot
*** SUMMARY ***
Total pot $1 | Rake $0 
Seat 1: Kristo 914 folded before Flop (didn't bet)
Seat 2: grand GOR folded before Flop (didn't bet)
Seat 3: AlexEliseev7 (button) folded before Flop (didn't bet)
Seat 4: glupakat (small blind) folded before Flop
Seat 5: bartvist (big blind) collected ($1)
Seat 6: TheBraveGirl folded before Flop (didn't bet)



PokerStars Hand #254577726860:  Hold'em No Limit ($0.50/$1.00 USD) - 2025/01/27 12:26:58 WET [2025/01/27 7:26:58 ET]
Table 'Aralia IV' 6-max Seat #4 is the button
Seat 1: Kristo 914 ($101.58 in chips) 
Seat 2: grand GOR ($113.35 in chips) 
Seat 3: AlexEliseev7 ($135.28 in chips) 
Seat 4: glupakat ($85.44 in chips) 
Seat 5: bartvist ($27.96 in chips) 
Seat 6: TheBraveGirl ($106.77 in chips) 
bartvist: posts small blind $0.50
TheBraveGirl: posts big blind $1
*** HOLE CARDS ***
Kristo 914: raises $1.40 to $2.40
grand GOR: folds 
AlexEliseev7: folds 
glupakat: folds 
bartvist: calls $1.90
TheBraveGirl: folds 
*** FLOP *** [Kh Qh 2c]
bartvist: checks 
Kristo 914: bets $2.26
bartvist: folds 
Uncalled bet ($2.26) returned to Kristo 914
Kristo 914 collected $5.51 from pot
Kristo 914: doesn't show hand 
*** SUMMARY ***
Total pot $5.80 | Rake $0.29 
Board [Kh Qh 2c]
Seat 1: Kristo 914 collected ($5.51)
Seat 2: grand GOR folded before Flop (didn't bet)
Seat 3: AlexEliseev7 folded before Flop (didn't bet)
Seat 4: glupakat (button) folded before Flop (didn't bet)
Seat 5: bartvist (small blind) folded on the Flop
Seat 6: TheBraveGirl (big blind) folded before Flop



PokerStars Hand #254577731834:  Hold'em No Limit ($0.50/$1.00 USD) - 2025/01/27 12:27:35 WET [2025/01/27 7:27:35 ET]
Table 'Aralia IV' 6-max Seat #5 is the button
Seat 1: Kristo 914 ($104.69 in chips) 
Seat 2: grand GOR ($113.35 in chips) 
Seat 3: AlexEliseev7 ($135.28 in chips) 
Seat 4: glupakat ($85.44 in chips) 
Seat 5: bartvist ($25.56 in chips) 
Seat 6: TheBraveGirl ($105.77 in chips) 
TheBraveGirl: posts small blind $0.50
Kristo 914: posts big blind $1
*** HOLE CARDS ***
grand GOR: folds 
AlexEliseev7: raises $1.50 to $2.50
glupakat: folds 
bartvist: folds 
TheBraveGirl: folds 
Kristo 914: calls $1.50
*** FLOP *** [8d 2c Js]
Kristo 914: checks 
AlexEliseev7: checks 
*** TURN *** [8d 2c Js] [8h]
Kristo 914: bets $13.72
AlexEliseev7: folds 
Uncalled bet ($13.72) returned to Kristo 914
Kristo 914 collected $5.22 from pot
Kristo 914: doesn't show hand 
*** SUMMARY ***
Total pot $5.50 | Rake $0.28 
Board [8d 2c Js 8h]
Seat 1: Kristo 914 (big blind) collected ($5.22)
Seat 2: grand GOR folded before Flop (didn't bet)
Seat 3: AlexEliseev7 folded on the Turn
Seat 4: glupakat folded before Flop (didn't bet)
Seat 5: bartvist (button) folded before Flop (didn't bet)
Seat 6: TheBraveGirl (small blind) folded before Flop



PokerStars Hand #254577739260:  Hold'em No Limit ($0.50/$1.00 USD) - 2025/01/27 12:28:31 WET [2025/01/27 7:28:31 ET]
Table 'Aralia IV' 6-max Seat #6 is the button
Seat 1: Kristo 914 ($107.41 in chips) 
Seat 2: grand GOR ($113.35 in chips) 
Seat 3: AlexEliseev7 ($132.78 in chips) 
Seat 4: glupakat ($85.44 in chips) 
Seat 5: bartvist ($25.56 in chips) 
Seat 6: TheBraveGirl ($105.27 in chips) 
Kristo 914: posts small blind $0.50
grand GOR: posts big blind $1
*** HOLE CARDS ***
AlexEliseev7: folds 
glupakat: folds 
bartvist: folds 
TheBraveGirl: raises $1 to $2
Kristo 914: folds 
grand GOR: folds 
Uncalled bet ($1) returned to TheBraveGirl
TheBraveGirl collected $2.50 from pot
TheBraveGirl: doesn't show hand 
*** SUMMARY ***
Total pot $2.50 | Rake $0 
Seat 1: Kristo 914 (small blind) folded before Flop
Seat 2: grand GOR (big blind) folded before Flop
Seat 3: AlexEliseev7 folded before Flop (didn't bet)
Seat 4: glupakat folded before Flop (didn't bet)
Seat 5: bartvist folded before Flop (didn't bet)
Seat 6: TheBraveGirl (button) collected ($2.50)



PokerStars Hand #254577742032:  Hold'em No Limit ($0.50/$1.00 USD) - 2025/01/27 12:28:52 WET [2025/01/27 7:28:52 ET]
Table 'Aralia IV' 6-max Seat #1 is the button
Seat 1: Kristo 914 ($106.91 in chips) 
Seat 2: grand GOR ($112.35 in chips) 
Seat 3: AlexEliseev7 ($132.78 in chips) 
Seat 4: glupakat ($85.44 in chips) 
Seat 5: bartvist ($25.56 in chips) 
Seat 6: TheBraveGirl ($106.77 in chips) 
grand GOR: posts small blind $0.50
AlexEliseev7: posts big blind $1
*** HOLE CARDS ***
glupakat has timed out
glupakat: folds 
bartvist: folds 
TheBraveGirl: raises $1 to $2
Kristo 914: folds 
grand GOR: folds 
AlexEliseev7: calls $1
*** FLOP *** [4c 2s Jd]
AlexEliseev7: checks 
TheBraveGirl: bets $1.20
AlexEliseev7: calls $1.20
*** TURN *** [4c 2s Jd] [6s]
AlexEliseev7: checks 
TheBraveGirl: bets $8.20
AlexEliseev7: folds 
Uncalled bet ($8.20) returned to TheBraveGirl
TheBraveGirl collected $6.56 from pot
TheBraveGirl: doesn't show hand 
*** SUMMARY ***
Total pot $6.90 | Rake $0.34 
Board [4c 2s Jd 6s]
Seat 1: Kristo 914 (button) folded before Flop (didn't bet)
Seat 2: grand GOR (small blind) folded before Flop
Seat 3: AlexEliseev7 (big blind) folded on the Turn
Seat 4: glupakat folded before Flop (didn't bet)
Seat 5: bartvist folded before Flop (didn't bet)
Seat 6: TheBraveGirl collected ($6.56)



PokerStars Hand #254577750195:  Hold'em No Limit ($0.50/$1.00 USD) - 2025/01/27 12:29:52 WET [2025/01/27 7:29:52 ET]
Table 'Aralia IV' 6-max Seat #2 is the button
Seat 1: Kristo 914 ($106.91 in chips) 
Seat 2: grand GOR ($111.85 in chips) 
Seat 3: AlexEliseev7 ($129.58 in chips) 
Seat 4: glupakat ($85.44 in chips) 
Seat 5: bartvist ($25.56 in chips) 
Seat 6: TheBraveGirl ($110.13 in chips) 
AlexEliseev7: posts small blind $0.50
glupakat: posts big blind $1
*** HOLE CARDS ***
bartvist: raises $1.50 to $2.50
TheBraveGirl: folds 
Kristo 914: folds 
grand GOR: folds 
AlexEliseev7: folds 
glupakat: calls $1.50
*** FLOP *** [4h Kh Kc]
glupakat: checks 
bartvist: checks 
*** TURN *** [4h Kh Kc] [3s]
glupakat: checks 
bartvist: checks 
*** RIVER *** [4h Kh Kc 3s] [6h]
glupakat: checks 
bartvist: bets $7.22
glupakat: folds 
Uncalled bet ($7.22) returned to bartvist
bartvist collected $5.22 from pot
*** SUMMARY ***
Total pot $5.50 | Rake $0.28 
Board [4h Kh Kc 3s 6h]
Seat 1: Kristo 914 folded before Flop (didn't bet)
Seat 2: grand GOR (button) folded before Flop (didn't bet)
Seat 3: AlexEliseev7 (small blind) folded before Flop
Seat 4: glupakat (big blind) folded on the River
Seat 5: bartvist collected ($5.22)
Seat 6: TheBraveGirl folded before Flop (didn't bet)



PokerStars Hand #254577777747:  Hold'em No Limit ($0.50/$1.00 USD) - 2025/01/27 12:33:16 WET [2025/01/27 7:33:16 ET]
Table 'Aralia IV' 6-max Seat #1 is the button
Seat 1: Kristo 914 ($106.91 in chips) 
Seat 2: grand GOR ($110.85 in chips) 
Seat 3: AlexEliseev7 ($135.54 in chips) 
Seat 4: glupakat ($82.44 in chips) 
Seat 5: bartvist ($20.69 in chips) 
Seat 6: TheBraveGirl ($112.03 in chips) 
grand GOR: posts small blind $0.50
AlexEliseev7: posts big blind $1
*** HOLE CARDS ***
glupakat: folds 
bartvist: folds 
TheBraveGirl: raises $1 to $2
Kristo 914: folds 
grand GOR: folds 
AlexEliseev7: calls $1
*** FLOP *** [Js Ks 8c]
AlexEliseev7: checks 
TheBraveGirl: checks 
*** TURN *** [Js Ks 8c] [Kc]
AlexEliseev7: checks 
TheBraveGirl: checks 
*** RIVER *** [Js Ks 8c Kc] [9c]
AlexEliseev7: checks 
TheBraveGirl: checks 
*** SHOW DOWN ***
AlexEliseev7: shows [8s 5s] (two pair, Kings and Eights)
TheBraveGirl: mucks hand 
AlexEliseev7 collected $4.28 from pot
*** SUMMARY ***
Total pot $4.50 | Rake $0.22 
Board [Js Ks 8c Kc 9c]
Seat 1: Kristo 914 (button) folded before Flop (didn't bet)
Seat 2: grand GOR (small blind) folded before Flop
Seat 3: AlexEliseev7 (big blind) showed [8s 5s] and won ($4.28) with two pair, Kings and Eights
Seat 4: glupakat folded before Flop (didn't bet)
Seat 5: bartvist folded before Flop (didn't bet)
Seat 6: TheBraveGirl mucked



PokerStars Hand #254577787350:  Hold'em No Limit ($0.50/$1.00 USD) - 2025/01/27 12:34:27 WET [2025/01/27 7:34:27 ET]
Table 'Aralia IV' 6-max Seat #2 is the button
Seat 5: bartvist ($20.69 in chips) is sitting out
Seat 1: Kristo 914 ($106.91 in chips) 
Seat 2: grand GOR ($110.35 in chips) 
Seat 3: AlexEliseev7 ($137.82 in chips) 
Seat 4: glupakat ($82.44 in chips) 
Seat 6: TheBraveGirl ($110.03 in chips) 
AlexEliseev7: posts small blind $0.50
glupakat: posts big blind $1
*** HOLE CARDS ***
TheBraveGirl: folds 
bartvist leaves the table
Kristo 914: folds 
grand GOR: raises $1.50 to $2.50
AlexEliseev7: folds 
glupakat: folds 
Uncalled bet ($1.50) returned to grand GOR
grand GOR collected $2.50 from pot
grand GOR: doesn't show hand 
*** SUMMARY ***
Total pot $2.50 | Rake $0 
Seat 5: bartvist
Seat 1: Kristo 914 folded before Flop (didn't bet)
Seat 2: grand GOR (button) collected ($2.50)
Seat 3: AlexEliseev7 (small blind) folded before Flop
Seat 4: glupakat (big blind) folded before Flop
Seat 6: TheBraveGirl folded before Flop (didn't bet)



PokerStars Hand #254577789536:  Hold'em No Limit ($0.50/$1.00 USD) - 2025/01/27 12:34:42 WET [2025/01/27 7:34:42 ET]
Table 'Aralia IV' 6-max Seat #3 is the button
Seat 1: Kristo 914 ($106.91 in chips) 
Seat 2: grand GOR ($111.85 in chips) 
Seat 3: AlexEliseev7 ($137.32 in chips) 
Seat 4: glupakat ($81.44 in chips) 
Seat 6: TheBraveGirl ($110.03 in chips) 
glupakat: posts small blind $0.50
TheBraveGirl: posts big blind $1
*** HOLE CARDS ***
Kristo 914: raises $1.40 to $2.40
grand GOR: folds 
AlexEliseev7: raises $4.60 to $7
glupakat: folds 
TheBraveGirl: folds 
Kristo 914: folds 
Uncalled bet ($4.60) returned to AlexEliseev7
AlexEliseev7 collected $6.30 from pot
AlexEliseev7: doesn't show hand 
*** SUMMARY ***
Total pot $6.30 | Rake $0 
Seat 1: Kristo 914 folded before Flop
Seat 2: grand GOR folded before Flop (didn't bet)
Seat 3: AlexEliseev7 (button) collected ($6.30)
Seat 4: glupakat (small blind) folded before Flop
Seat 6: TheBraveGirl (big blind) folded before Flop



PokerStars Hand #254577795637:  Hold'em No Limit ($0.50/$1.00 USD) - 2025/01/27 12:35:28 WET [2025/01/27 7:35:28 ET]
Table 'Aralia IV' 6-max Seat #4 is the button
Seat 1: Kristo 914 ($104.51 in chips) 
Seat 2: grand GOR ($111.85 in chips) 
Seat 3: AlexEliseev7 ($141.22 in chips) 
Seat 4: glupakat ($80.94 in chips) 
Seat 6: TheBraveGirl ($109.03 in chips) 
TheBraveGirl: posts small blind $0.50
Kristo 914: posts big blind $1
*** HOLE CARDS ***
grand GOR: folds 
AlexEliseev7: folds 
glupakat: folds 
TheBraveGirl: folds 
Uncalled bet ($0.50) returned to Kristo 914
Kristo 914 collected $1 from pot
Kristo 914: doesn't show hand 
*** SUMMARY ***
Total pot $1 | Rake $0 
Seat 1: Kristo 914 (big blind) collected ($1)
Seat 2: grand GOR folded before Flop (didn't bet)
Seat 3: AlexEliseev7 folded before Flop (didn't bet)
Seat 4: glupakat (button) folded before Flop (didn't bet)
Seat 6: TheBraveGirl (small blind) folded before Flop



PokerStars Hand #254577797153:  Hold'em No Limit ($0.50/$1.00 USD) - 2025/01/27 12:35:39 WET [2025/01/27 7:35:39 ET]
Table 'Aralia IV' 6-max Seat #6 is the button
Seat 1: Kristo 914 ($105.01 in chips) 
Seat 2: grand GOR ($111.85 in chips) 
Seat 3: AlexEliseev7 ($141.22 in chips) 
Seat 4: glupakat ($80.94 in chips) 
Seat 6: TheBraveGirl ($108.53 in chips) 
Kristo 914: posts small blind $0.50
grand GOR: posts big blind $1
*** HOLE CARDS ***
AlexEliseev7: raises $1.50 to $2.50
glupakat: calls $2.50
TheBraveGirl: calls $2.50
Kristo 914: folds 
grand GOR: folds 
*** FLOP *** [8h 2d 8d]
AlexEliseev7: checks 
glupakat: bets $5
TheBraveGirl: calls $5
AlexEliseev7: folds 
*** TURN *** [8h 2d 8d] [7s]
glupakat: checks 
TheBraveGirl: bets $9.03
glupakat: folds 
Uncalled bet ($9.03) returned to TheBraveGirl
TheBraveGirl collected $18.05 from pot
TheBraveGirl: doesn't show hand 
*** SUMMARY ***
Total pot $19 | Rake $0.95 
Board [8h 2d 8d 7s]
Seat 1: Kristo 914 (small blind) folded before Flop
Seat 2: grand GOR (big blind) folded before Flop
Seat 3: AlexEliseev7 folded on the Flop
Seat 4: glupakat folded on the Turn
Seat 6: TheBraveGirl (button) collected ($18.05)



PokerStars Hand #254577807893:  Hold'em No Limit ($0.50/$1.00 USD) - 2025/01/27 12:36:56 WET [2025/01/27 7:36:56 ET]
Table 'Aralia IV' 6-max Seat #1 is the button
Seat 1: Kristo 914 ($104.51 in chips) 
Seat 2: grand GOR ($110.85 in chips) 
Seat 3: AlexEliseev7 ($138.72 in chips) 
Seat 4: glupakat ($73.44 in chips) 
Seat 6: TheBraveGirl ($119.08 in chips) 
grand GOR: posts small blind $0.50
AlexEliseev7: posts big blind $1
*** HOLE CARDS ***
glupakat: folds 
TheBraveGirl: folds 
Kristo 914: raises $1.40 to $2.40
grand GOR: folds 
AlexEliseev7: raises $10.60 to $13
Kristo 914: folds 
Uncalled bet ($10.60) returned to AlexEliseev7
AlexEliseev7 collected $5.30 from pot
AlexEliseev7: doesn't show hand 
*** SUMMARY ***
Total pot $5.30 | Rake $0 
Seat 1: Kristo 914 (button) folded before Flop
Seat 2: grand GOR (small blind) folded before Flop
Seat 3: AlexEliseev7 (big blind) collected ($5.30)
Seat 4: glupakat folded before Flop (didn't bet)
Seat 6: TheBraveGirl folded before Flop (didn't bet)



PokerStars Hand #254577810767:  Hold'em No Limit ($0.50/$1.00 USD) - 2025/01/27 12:37:17 WET [2025/01/27 7:37:17 ET]
Table 'Aralia IV' 6-max Seat #2 is the button
Seat 4: glupakat ($73.44 in chips) is sitting out
Seat 6: TheBraveGirl ($119.08 in chips) is sitting out
Seat 1: Kristo 914 ($102.11 in chips) 
Seat 2: grand GOR ($110.35 in chips) 
Seat 3: AlexEliseev7 ($141.62 in chips) 
AlexEliseev7: posts small blind $0.50
glupakat: is sitting out 
TheBraveGirl: is sitting out 
Kristo 914: posts big blind $1
*** HOLE CARDS ***
grand GOR: folds 
AlexEliseev7: folds 
Uncalled bet ($0.50) returned to Kristo 914
grand GOR leaves the table
Kristo 914 collected $1 from pot
Kristo 914: doesn't show hand 
*** SUMMARY ***
Total pot $1 | Rake $0 
Seat 4: glupakat
Seat 6: TheBraveGirl
Seat 1: Kristo 914 (big blind) collected ($1)
Seat 2: grand GOR (button) folded before Flop (didn't bet)
Seat 3: AlexEliseev7 (small blind) folded before Flop



PokerStars Hand #254577811728:  Hold'em No Limit ($0.50/$1.00 USD) - 2025/01/27 12:37:24 WET [2025/01/27 7:37:24 ET]
Table 'Aralia IV' 6-max Seat #1 is the button
Seat 4: glupakat ($73.44 in chips) is sitting out
Seat 6: TheBraveGirl ($119.08 in chips) is sitting out
Seat 1: Kristo 914 ($102.61 in chips) 
Seat 3: AlexEliseev7 ($141.12 in chips) 
Kristo 914: posts small blind $0.50
AlexEliseev7: posts big blind $1
*** HOLE CARDS ***
TheBraveGirl leaves the table
Kristo 914: raises $1.40 to $2.40
AlexEliseev7: calls $1.40
*** FLOP *** [2c 6s Kc]
AlexEliseev7: checks 
Kristo 914: bets $1.32
AlexEliseev7: folds 
Uncalled bet ($1.32) returned to Kristo 914
Kristo 914 collected $4.56 from pot
Kristo 914: doesn't show hand 
AlexEliseev7 leaves the table
*** SUMMARY ***
Total pot $4.80 | Rake $0.24 
Board [2c 6s Kc]
Seat 4: glupakat
Seat 6: TheBraveGirl
Seat 1: Kristo 914 (button) (small blind) collected ($4.56)
Seat 3: AlexEliseev7 (big blind) folded on the Flop



PokerStars Hand #254577838639:  Hold'em No Limit ($0.50/$1.00 USD) - 2025/01/27 12:40:35 WET [2025/01/27 7:40:35 ET]
Table 'Aralia IV' 6-max Seat #2 is the button
Seat 1: Silence1925 ($50.37 in chips) 
Seat 2: glupakat ($73.44 in chips) 
glupakat: posts small blind $0.50
Silence1925: posts big blind $1
*** HOLE CARDS ***
glupakat: raises $1 to $2
Silence1925: folds 
Uncalled bet ($1) returned to glupakat
glupakat collected $2 from pot
glupakat: doesn't show hand 
*** SUMMARY ***
Total pot $2 | Rake $0 
Seat 1: Silence1925 (big blind) folded before Flop
Seat 2: glupakat (button) (small blind) collected ($2)



PokerStars Hand #254577839859:  Hold'em No Limit ($0.50/$1.00 USD) - 2025/01/27 12:40:44 WET [2025/01/27 7:40:44 ET]
Table 'Aralia IV' 6-max Seat #1 is the button
Seat 1: Silence1925 ($49.37 in chips) 
Seat 2: glupakat ($74.44 in chips) 
Silence1925: posts small blind $0.50
glupakat: posts big blind $1
*** HOLE CARDS ***
Silence1925: folds 
Uncalled bet ($0.50) returned to glupakat
glupakat collected $1 from pot
glupakat: doesn't show hand 
*** SUMMARY ***
Total pot $1 | Rake $0 
Seat 1: Silence1925 (button) (small blind) folded before Flop
Seat 2: glupakat (big blind) collected ($1)



PokerStars Hand #254577840758:  Hold'em No Limit ($0.50/$1.00 USD) - 2025/01/27 12:40:50 WET [2025/01/27 7:40:50 ET]
Table 'Aralia IV' 6-max Seat #2 is the button
Seat 1: Silence1925 ($48.87 in chips) 
Seat 2: glupakat ($74.94 in chips) 
glupakat: posts small blind $0.50
Silence1925: posts big blind $1
*** HOLE CARDS ***
glupakat: folds 
Uncalled bet ($0.50) returned to Silence1925
Silence1925 collected $1 from pot
Silence1925: doesn't show hand 
*** SUMMARY ***
Total pot $1 | Rake $0 
Seat 1: Silence1925 (big blind) collected ($1)
Seat 2: glupakat (button) (small blind) folded before Flop



PokerStars Hand #254577842228:  Hold'em No Limit ($0.50/$1.00 USD) - 2025/01/27 12:41:00 WET [2025/01/27 7:41:00 ET]
Table 'Aralia IV' 6-max Seat #1 is the button
Seat 1: Silence1925 ($49.37 in chips) 
Seat 2: glupakat ($74.44 in chips) 
Silence1925: posts small blind $0.50
glupakat: posts big blind $1
*** HOLE CARDS ***
chinokevin13 joins the table at seat #4 
Silence1925: calls $0.50
glupakat: checks 
*** FLOP *** [Qc 7c 9s]
glupakat: checks 
Silence1925: checks 
*** TURN *** [Qc 7c 9s] [Qh]
glupakat: bets $3
Silence1925: calls $3
*** RIVER *** [Qc 7c 9s Qh] [4c]
glupakat: bets $7.60
Silence1925: folds 
Uncalled bet ($7.60) returned to glupakat
glupakat collected $7.60 from pot
glupakat: doesn't show hand 
*** SUMMARY ***
Total pot $8 | Rake $0.40 
Board [Qc 7c 9s Qh 4c]
Seat 1: Silence1925 (button) (small blind) folded on the River
Seat 2: glupakat (big blind) collected ($7.60)



PokerStars Hand #254577847184:  Hold'em No Limit ($0.50/$1.00 USD) - 2025/01/27 12:41:35 WET [2025/01/27 7:41:35 ET]
Table 'Aralia IV' 6-max Seat #1 is the button
Seat 1: Silence1925 ($45.37 in chips) 
Seat 2: glupakat ($78.04 in chips) 
Seat 4: chinokevin13 ($100 in chips) 
glupakat: posts small blind $0.50
chinokevin13: posts big blind $1
*** HOLE CARDS ***
Silence1925: folds 
glupakat: folds 
Uncalled bet ($0.50) returned to chinokevin13
chinokevin13 collected $1 from pot
chinokevin13: doesn't show hand 
*** SUMMARY ***
Total pot $1 | Rake $0 
Seat 1: Silence1925 (button) folded before Flop (didn't bet)
Seat 2: glupakat (small blind) folded before Flop
Seat 4: chinokevin13 (big blind) collected ($1)



PokerStars Hand #254577848495:  Hold'em No Limit ($0.50/$1.00 USD) - 2025/01/27 12:41:44 WET [2025/01/27 7:41:44 ET]
Table 'Aralia IV' 6-max Seat #2 is the button
Seat 1: Silence1925 ($45.37 in chips) 
Seat 2: glupakat ($77.54 in chips) 
Seat 4: chinokevin13 ($100.50 in chips) 
chinokevin13: posts small blind $0.50
Silence1925: posts big blind $1
*** HOLE CARDS ***
glupakat: folds 
chinokevin13: raises $2 to $3
Silence1925: raises $6 to $9
chinokevin13: folds 
Uncalled bet ($6) returned to Silence1925
Silence1925 collected $6 from pot
Silence1925: doesn't show hand 
*** SUMMARY ***
Total pot $6 | Rake $0 
Seat 1: Silence1925 (big blind) collected ($6)
Seat 2: glupakat (button) folded before Flop (didn't bet)
Seat 4: chinokevin13 (small blind) folded before Flop



PokerStars Hand #254577851501:  Hold'em No Limit ($0.50/$1.00 USD) - 2025/01/27 12:42:05 WET [2025/01/27 7:42:05 ET]
Table 'Aralia IV' 6-max Seat #4 is the button
Seat 1: Silence1925 ($48.37 in chips) 
Seat 2: glupakat ($77.54 in chips) 
Seat 4: chinokevin13 ($100 in chips) 
Silence1925: posts small blind $0.50
glupakat: posts big blind $1
*** HOLE CARDS ***
chinokevin13: raises $1.50 to $2.50
Silence1925: folds 
glupakat: folds 
Uncalled bet ($1.50) returned to chinokevin13
chinokevin13 collected $2.50 from pot
chinokevin13: doesn't show hand 
*** SUMMARY ***
Total pot $2.50 | Rake $0 
Seat 1: Silence1925 (small blind) folded before Flop
Seat 2: glupakat (big blind) folded before Flop
Seat 4: chinokevin13 (button) collected ($2.50)



PokerStars Hand #254577852685:  Hold'em No Limit ($0.50/$1.00 USD) - 2025/01/27 12:42:13 WET [2025/01/27 7:42:13 ET]
Table 'Aralia IV' 6-max Seat #1 is the button
Seat 1: Silence1925 ($47.87 in chips) 
Seat 2: glupakat ($76.54 in chips) 
Seat 4: chinokevin13 ($101.50 in chips) 
glupakat: posts small blind $0.50
chinokevin13: posts big blind $1
*** HOLE CARDS ***
Silence1925: raises $2.50 to $3.50
glupakat: folds 
chinokevin13: calls $2.50
*** FLOP *** [6d 7d Ad]
chinokevin13: checks 
Silence1925: checks 
*** TURN *** [6d 7d Ad] [Ah]
chinokevin13: checks 
Silence1925: checks 
*** RIVER *** [6d 7d Ad Ah] [4c]
simbad9g joins the table at seat #3 
simbad9g is disconnected 
chinokevin13: checks 
Silence1925: checks 
*** SHOW DOWN ***
chinokevin13: shows [Kc Qs] (a pair of Aces)
Silence1925: mucks hand 
chinokevin13 collected $7.12 from pot
*** SUMMARY ***
Total pot $7.50 | Rake $0.38 
Board [6d 7d Ad Ah 4c]
Seat 1: Silence1925 (button) mucked
Seat 2: glupakat (small blind) folded before Flop
Seat 4: chinokevin13 (big blind) showed [Kc Qs] and won ($7.12) with a pair of Aces



PokerStars Hand #254577861162:  Hold'em No Limit ($0.50/$1.00 USD) - 2025/01/27 12:43:12 WET [2025/01/27 7:43:12 ET]
Table 'Aralia IV' 6-max Seat #2 is the button
Seat 3: simbad9g ($10 in chips) is sitting out
Seat 1: Silence1925 ($44.37 in chips) 
Seat 2: glupakat ($76.04 in chips) 
Seat 4: chinokevin13 ($105.12 in chips) 
chinokevin13: posts small blind $0.50
Silence1925: posts big blind $1
*** HOLE CARDS ***
glupakat: folds 
chinokevin13: folds 
Uncalled bet ($0.50) returned to Silence1925
Silence1925 collected $1 from pot
Silence1925: doesn't show hand 
*** SUMMARY ***
Total pot $1 | Rake $0 
Seat 3: simbad9g
Seat 1: Silence1925 (big blind) collected ($1)
Seat 2: glupakat (button) folded before Flop (didn't bet)
Seat 4: chinokevin13 (small blind) folded before Flop



PokerStars Hand #254577862360:  Hold'em No Limit ($0.50/$1.00 USD) - 2025/01/27 12:43:20 WET [2025/01/27 7:43:20 ET]
Table 'Aralia IV' 6-max Seat #4 is the button
Seat 3: simbad9g ($10 in chips) is sitting out
Seat 1: Silence1925 ($44.87 in chips) 
Seat 2: glupakat ($76.04 in chips) 
Seat 4: chinokevin13 ($104.62 in chips) 
Silence1925: posts small blind $0.50
glupakat: posts big blind $1
simbad9g: sits out 
*** HOLE CARDS ***
chinokevin13: raises $1.50 to $2.50
Silence1925: folds 
glupakat: folds 
Uncalled bet ($1.50) returned to chinokevin13
chinokevin13 collected $2.50 from pot
chinokevin13: doesn't show hand 
*** SUMMARY ***
Total pot $2.50 | Rake $0 
Seat 3: simbad9g
Seat 1: Silence1925 (small blind) folded before Flop
Seat 2: glupakat (big blind) folded before Flop
Seat 4: chinokevin13 (button) collected ($2.50)



PokerStars Hand #254577863937:  Hold'em No Limit ($0.50/$1.00 USD) - 2025/01/27 12:43:31 WET [2025/01/27 7:43:31 ET]
Table 'Aralia IV' 6-max Seat #1 is the button
Seat 1: Silence1925 ($44.37 in chips) 
Seat 2: glupakat ($75.04 in chips) 
Seat 3: simbad9g ($10 in chips) 
Seat 4: chinokevin13 ($106.12 in chips) 
glupakat: posts small blind $0.50
simbad9g: posts big blind $1
*** HOLE CARDS ***
chinokevin13: raises $1.50 to $2.50
mr.Jckpot joins the table at seat #5 
Silence1925: folds 
glupakat: calls $2
wmarl90 joins the table at seat #6 
wmarl90 is disconnected 
simbad9g: calls $1.50
*** FLOP *** [6s 4d 3d]
glupakat: checks 
simbad9g: bets $1
chinokevin13: calls $1
glupakat: calls $1
*** TURN *** [6s 4d 3d] [8d]
glupakat: checks 
simbad9g: bets $4.99
chinokevin13: calls $4.99
glupakat: folds 
*** RIVER *** [6s 4d 3d 8d] [Ks]
simbad9g: bets $1.51 and is all-in
chinokevin13: calls $1.51
*** SHOW DOWN ***
simbad9g: shows [4h 9d] (a pair of Fours)
chinokevin13: shows [4s 4c] (three of a kind, Fours)
chinokevin13 collected $22.50 from pot
*** SUMMARY ***
Total pot $23.50 | Rake $1 
Board [6s 4d 3d 8d Ks]
Seat 1: Silence1925 (button) folded before Flop (didn't bet)
Seat 2: glupakat (small blind) folded on the Turn
Seat 3: simbad9g (big blind) showed [4h 9d] and lost with a pair of Fours
Seat 4: chinokevin13 showed [4s 4c] and won ($22.50) with three of a kind, Fours



PokerStars Hand #254577873954:  Hold'em No Limit ($0.50/$1.00 USD) - 2025/01/27 12:44:39 WET [2025/01/27 7:44:39 ET]
Table 'Aralia IV' 6-max Seat #2 is the button
Seat 3: simbad9g ($0 in chips) is sitting out
Seat 1: Silence1925 ($44.37 in chips) 
Seat 2: glupakat ($71.54 in chips) 
Seat 4: chinokevin13 ($118.62 in chips) 
Seat 5: mr.Jckpot ($100 in chips) 
Seat 6: wmarl90 ($49.88 in chips) 
chinokevin13: posts small blind $0.50
mr.Jckpot: posts big blind $1
wmarl90: posts big blind $1
*** HOLE CARDS ***
wmarl90: raises $2.50 to $3.50
Silence1925: folds 
glupakat: folds 
simbad9g leaves the table
chinokevin13: folds 
mr.Jckpot: folds 
Uncalled bet ($2.50) returned to wmarl90
wmarl90 collected $2.50 from pot
wmarl90: doesn't show hand 
*** SUMMARY ***
Total pot $2.50 | Rake $0 
Seat 3: simbad9g
Seat 1: Silence1925 folded before Flop (didn't bet)
Seat 2: glupakat (button) folded before Flop (didn't bet)
Seat 4: chinokevin13 (small blind) folded before Flop
Seat 5: mr.Jckpot (big blind) folded before Flop
Seat 6: wmarl90 collected ($2.50)



PokerStars Hand #254577876414:  Hold'em No Limit ($0.50/$1.00 USD) - 2025/01/27 12:44:56 WET [2025/01/27 7:44:56 ET]
Table 'Aralia IV' 6-max Seat #4 is the button
Seat 1: Silence1925 ($44.37 in chips) 
Seat 2: glupakat ($71.54 in chips) 
Seat 4: chinokevin13 ($118.12 in chips) 
Seat 5: mr.Jckpot ($100 in chips) 
Seat 6: wmarl90 ($51.38 in chips) 
mr.Jckpot: posts small blind $0.50
wmarl90: posts big blind $1
*** HOLE CARDS ***
AlexEliseev7 joins the table at seat #3 
Silence1925: folds 
glupakat: folds 
chinokevin13: folds 
mr.Jckpot: folds 
Uncalled bet ($0.50) returned to wmarl90
wmarl90 collected $1 from pot
*** SUMMARY ***
Total pot $1 | Rake $0 
Seat 1: Silence1925 folded before Flop (didn't bet)
Seat 2: glupakat folded before Flop (didn't bet)
Seat 4: chinokevin13 (button) folded before Flop (didn't bet)
Seat 5: mr.Jckpot (small blind) folded before Flop
Seat 6: wmarl90 (big blind) collected ($1)



PokerStars Hand #254577878552:  Hold'em No Limit ($0.50/$1.00 USD) - 2025/01/27 12:45:10 WET [2025/01/27 7:45:10 ET]
Table 'Aralia IV' 6-max Seat #5 is the button
Seat 3: AlexEliseev7 ($138.72 in chips) is sitting out
Seat 1: Silence1925 ($44.37 in chips) 
Seat 2: glupakat ($71.54 in chips) 
Seat 4: chinokevin13 ($118.12 in chips) 
Seat 5: mr.Jckpot ($100 in chips) 
Seat 6: wmarl90 ($51.88 in chips) 
wmarl90: posts small blind $0.50
Silence1925: posts big blind $1
AlexEliseev7: sits out 
*** HOLE CARDS ***
glupakat: folds 
chinokevin13: folds 
mr.Jckpot: folds 
wmarl90: folds 
Uncalled bet ($0.50) returned to Silence1925
Silence1925 collected $1 from pot
Silence1925: doesn't show hand 
*** SUMMARY ***
Total pot $1 | Rake $0 
Seat 3: AlexEliseev7
Seat 1: Silence1925 (big blind) collected ($1)
Seat 2: glupakat folded before Flop (didn't bet)
Seat 4: chinokevin13 folded before Flop (didn't bet)
Seat 5: mr.Jckpot (button) folded before Flop (didn't bet)
Seat 6: wmarl90 (small blind) folded before Flop



PokerStars Hand #254577882608:  Hold'em No Limit ($0.50/$1.00 USD) - 2025/01/27 12:45:37 WET [2025/01/27 7:45:37 ET]
Table 'Aralia IV' 6-max Seat #6 is the button
Seat 3: AlexEliseev7 ($138.72 in chips) is sitting out
Seat 1: Silence1925 ($44.87 in chips) 
Seat 2: glupakat ($71.54 in chips) 
Seat 4: chinokevin13 ($118.12 in chips) 
Seat 5: mr.Jckpot ($100 in chips) 
Seat 6: wmarl90 ($51.38 in chips) 
Silence1925: posts small blind $0.50
glupakat: posts big blind $1
AlexEliseev7: sits out 
*** HOLE CARDS ***
chinokevin13: folds 
mr.Jckpot: folds 
wmarl90: folds 
Silence1925: folds 
Uncalled bet ($0.50) returned to glupakat
glupakat collected $1 from pot
glupakat: doesn't show hand 
*** SUMMARY ***
Total pot $1 | Rake $0 
Seat 3: AlexEliseev7
Seat 1: Silence1925 (small blind) folded before Flop
Seat 2: glupakat (big blind) collected ($1)
Seat 4: chinokevin13 folded before Flop (didn't bet)
Seat 5: mr.Jckpot folded before Flop (didn't bet)
Seat 6: wmarl90 (button) folded before Flop (didn't bet)



PokerStars Hand #254577883832:  Hold'em No Limit ($0.50/$1.00 USD) - 2025/01/27 12:45:45 WET [2025/01/27 7:45:45 ET]
Table 'Aralia IV' 6-max Seat #1 is the button
Seat 1: Silence1925 ($44.37 in chips) 
Seat 2: glupakat ($72.04 in chips) 
Seat 3: AlexEliseev7 ($138.72 in chips) 
Seat 4: chinokevin13 ($118.12 in chips) 
Seat 5: mr.Jckpot ($100 in chips) 
Seat 6: wmarl90 ($51.38 in chips) 
glupakat: posts small blind $0.50
AlexEliseev7: posts big blind $1
*** HOLE CARDS ***
chinokevin13: folds 
mr.Jckpot: raises $1.50 to $2.50
wmarl90: folds 
Silence1925: folds 
glupakat: folds 
AlexEliseev7: folds 
Uncalled bet ($1.50) returned to mr.Jckpot
mr.Jckpot collected $2.50 from pot
mr.Jckpot: doesn't show hand 
*** SUMMARY ***
Total pot $2.50 | Rake $0 
Seat 1: Silence1925 (button) folded before Flop (didn't bet)
Seat 2: glupakat (small blind) folded before Flop
Seat 3: AlexEliseev7 (big blind) folded before Flop
Seat 4: chinokevin13 folded before Flop (didn't bet)
Seat 5: mr.Jckpot collected ($2.50)
Seat 6: wmarl90 folded before Flop (didn't bet)



PokerStars Hand #254577886413:  Hold'em No Limit ($0.50/$1.00 USD) - 2025/01/27 12:46:02 WET [2025/01/27 7:46:02 ET]
Table 'Aralia IV' 6-max Seat #2 is the button
Seat 1: Silence1925 ($44.37 in chips) 
Seat 2: glupakat ($71.54 in chips) 
Seat 3: AlexEliseev7 ($137.72 in chips) 
Seat 4: chinokevin13 ($118.12 in chips) 
Seat 5: mr.Jckpot ($101.50 in chips) 
Seat 6: wmarl90 ($51.38 in chips) 
AlexEliseev7: posts small blind $0.50
chinokevin13: posts big blind $1
*** HOLE CARDS ***
mr.Jckpot: raises $1.50 to $2.50
wmarl90: calls $2.50
Silence1925: folds 
glupakat: folds 
AlexEliseev7: folds 
chinokevin13: calls $1.50
*** FLOP *** [Tc 6s 2c]
chinokevin13: checks 
mr.Jckpot: checks 
wmarl90: bets $3.80
chinokevin13: folds 
mr.Jckpot: folds 
Uncalled bet ($3.80) returned to wmarl90
wmarl90 collected $7.60 from pot
*** SUMMARY ***
Total pot $8 | Rake $0.40 
Board [Tc 6s 2c]
Seat 1: Silence1925 folded before Flop (didn't bet)
Seat 2: glupakat (button) folded before Flop (didn't bet)
Seat 3: AlexEliseev7 (small blind) folded before Flop
Seat 4: chinokevin13 (big blind) folded on the Flop
Seat 5: mr.Jckpot folded on the Flop
Seat 6: wmarl90 collected ($7.60)



PokerStars Hand #254577894828:  Hold'em No Limit ($0.50/$1.00 USD) - 2025/01/27 12:46:59 WET [2025/01/27 7:46:59 ET]
Table 'Aralia IV' 6-max Seat #3 is the button
Seat 1: Silence1925 ($44.37 in chips) 
Seat 2: glupakat ($71.54 in chips) 
Seat 3: AlexEliseev7 ($137.22 in chips) 
Seat 4: chinokevin13 ($115.62 in chips) 
Seat 5: mr.Jckpot ($100 in chips) 
Seat 6: wmarl90 ($56.48 in chips) 
chinokevin13: posts small blind $0.50
mr.Jckpot: posts big blind $1
*** HOLE CARDS ***
wmarl90: folds 
Silence1925: calls $1
glupakat: folds 
AlexEliseev7: raises $3 to $4
chinokevin13: folds 
mr.Jckpot: calls $3
Silence1925: calls $3
*** FLOP *** [Qh 3s Jd]
mr.Jckpot: checks 
Silence1925: checks 
AlexEliseev7: checks 
*** TURN *** [Qh 3s Jd] [7s]
mr.Jckpot: checks 
Silence1925: checks 
AlexEliseev7: checks 
*** RIVER *** [Qh 3s Jd 7s] [4c]
mr.Jckpot: checks 
Silence1925: checks 
AlexEliseev7: bets $3.92
mr.Jckpot: calls $3.92
Silence1925: folds 
*** SHOW DOWN ***
AlexEliseev7: shows [Ad 8c] (high card Ace)
mr.Jckpot: shows [Td Js] (a pair of Jacks)
mr.Jckpot collected $19.32 from pot
*** SUMMARY ***
Total pot $20.34 | Rake $1.02 
Board [Qh 3s Jd 7s 4c]
Seat 1: Silence1925 folded on the River
Seat 2: glupakat folded before Flop (didn't bet)
Seat 3: AlexEliseev7 (button) showed [Ad 8c] and lost with high card Ace
Seat 4: chinokevin13 (small blind) folded before Flop
Seat 5: mr.Jckpot (big blind) showed [Td Js] and won ($19.32) with a pair of Jacks
Seat 6: wmarl90 folded before Flop (didn't bet)



PokerStars Hand #254577903863:  Hold'em No Limit ($0.50/$1.00 USD) - 2025/01/27 12:47:59 WET [2025/01/27 7:47:59 ET]
Table 'Aralia IV' 6-max Seat #4 is the button
Seat 1: Silence1925 ($40.37 in chips) 
Seat 2: glupakat ($71.54 in chips) 
Seat 3: AlexEliseev7 ($129.30 in chips) 
Seat 4: chinokevin13 ($115.12 in chips) 
Seat 5: mr.Jckpot ($111.40 in chips) 
Seat 6: wmarl90 ($56.48 in chips) 
mr.Jckpot: posts small blind $0.50
wmarl90: posts big blind $1
*** HOLE CARDS ***
Silence1925: folds 
glupakat: folds 
AlexEliseev7: folds 
chinokevin13: folds 
mr.Jckpot: raises $2 to $3
wmarl90: folds 
Uncalled bet ($2) returned to mr.Jckpot
mr.Jckpot collected $2 from pot
mr.Jckpot: doesn't show hand 
*** SUMMARY ***
Total pot $2 | Rake $0 
Seat 1: Silence1925 folded before Flop (didn't bet)
Seat 2: glupakat folded before Flop (didn't bet)
Seat 3: AlexEliseev7 folded before Flop (didn't bet)
Seat 4: chinokevin13 (button) folded before Flop (didn't bet)
Seat 5: mr.Jckpot (small blind) collected ($2)
Seat 6: wmarl90 (big blind) folded before Flop



PokerStars Hand #254577907443:  Hold'em No Limit ($0.50/$1.00 USD) - 2025/01/27 12:48:23 WET [2025/01/27 7:48:23 ET]
Table 'Aralia IV' 6-max Seat #5 is the button
Seat 1: Silence1925 ($40.37 in chips) 
Seat 2: glupakat ($71.54 in chips) 
Seat 3: AlexEliseev7 ($129.30 in chips) 
Seat 4: chinokevin13 ($115.12 in chips) 
Seat 5: mr.Jckpot ($112.40 in chips) 
Seat 6: wmarl90 ($55.48 in chips) 
wmarl90: posts small blind $0.50
Silence1925: posts big blind $1
*** HOLE CARDS ***
glupakat: folds 
AlexEliseev7: raises $1.50 to $2.50
chinokevin13: folds 
mr.Jckpot: folds 
wmarl90: raises $7 to $9.50
Silence1925: folds 
AlexEliseev7: folds 
Uncalled bet ($7) returned to wmarl90
wmarl90 collected $6 from pot
wmarl90: doesn't show hand 
*** SUMMARY ***
Total pot $6 | Rake $0 
Seat 1: Silence1925 (big blind) folded before Flop
Seat 2: glupakat folded before Flop (didn't bet)
Seat 3: AlexEliseev7 folded before Flop
Seat 4: chinokevin13 folded before Flop (didn't bet)
Seat 5: mr.Jckpot (button) folded before Flop (didn't bet)
Seat 6: wmarl90 (small blind) collected ($6)



PokerStars Hand #254577912429:  Hold'em No Limit ($0.50/$1.00 USD) - 2025/01/27 12:48:57 WET [2025/01/27 7:48:57 ET]
Table 'Aralia IV' 6-max Seat #6 is the button
Seat 1: Silence1925 ($39.37 in chips) 
Seat 2: glupakat ($71.54 in chips) 
Seat 3: AlexEliseev7 ($126.80 in chips) 
Seat 4: chinokevin13 ($115.12 in chips) 
Seat 5: mr.Jckpot ($112.40 in chips) 
Seat 6: wmarl90 ($58.98 in chips) 
Silence1925: posts small blind $0.50
glupakat: posts big blind $1
*** HOLE CARDS ***
AlexEliseev7: folds 
chinokevin13: folds 
mr.Jckpot: folds 
wmarl90: folds 
Silence1925: raises $2 to $3
glupakat: folds 
Uncalled bet ($2) returned to Silence1925
Silence1925 collected $2 from pot
Silence1925: doesn't show hand 
*** SUMMARY ***
Total pot $2 | Rake $0 
Seat 1: Silence1925 (small blind) collected ($2)
Seat 2: glupakat (big blind) folded before Flop
Seat 3: AlexEliseev7 folded before Flop (didn't bet)
Seat 4: chinokevin13 folded before Flop (didn't bet)
Seat 5: mr.Jckpot folded before Flop (didn't bet)
Seat 6: wmarl90 (button) folded before Flop (didn't bet)



PokerStars Hand #254577915089:  Hold'em No Limit ($0.50/$1.00 USD) - 2025/01/27 12:49:15 WET [2025/01/27 7:49:15 ET]
Table 'Aralia IV' 6-max Seat #1 is the button
Seat 1: Silence1925 ($40.37 in chips) 
Seat 2: glupakat ($70.54 in chips) 
Seat 3: AlexEliseev7 ($126.80 in chips) 
Seat 4: chinokevin13 ($115.12 in chips) 
Seat 5: mr.Jckpot ($112.40 in chips) 
Seat 6: wmarl90 ($58.98 in chips) 
glupakat: posts small blind $0.50
AlexEliseev7: posts big blind $1
*** HOLE CARDS ***
chinokevin13: folds 
mr.Jckpot: raises $1.50 to $2.50
wmarl90: folds 
Silence1925: folds 
glupakat: calls $2
AlexEliseev7: folds 
*** FLOP *** [7c Tc Ks]
glupakat: checks 
mr.Jckpot: checks 
*** TURN *** [7c Tc Ks] [3c]
glupakat: checks 
mr.Jckpot: checks 
*** RIVER *** [7c Tc Ks 3c] [Ad]
glupakat: checks 
mr.Jckpot: bets $1.88
glupakat: folds 
Uncalled bet ($1.88) returned to mr.Jckpot
mr.Jckpot collected $5.70 from pot
mr.Jckpot: doesn't show hand 
*** SUMMARY ***
Total pot $6 | Rake $0.30 
Board [7c Tc Ks 3c Ad]
Seat 1: Silence1925 (button) folded before Flop (didn't bet)
Seat 2: glupakat (small blind) folded on the River
Seat 3: AlexEliseev7 (big blind) folded before Flop
Seat 4: chinokevin13 folded before Flop (didn't bet)
Seat 5: mr.Jckpot collected ($5.70)
Seat 6: wmarl90 folded before Flop (didn't bet)



PokerStars Hand #254577923905:  Hold'em No Limit ($0.50/$1.00 USD) - 2025/01/27 12:50:14 WET [2025/01/27 7:50:14 ET]
Table 'Aralia IV' 6-max Seat #2 is the button
Seat 1: Silence1925 ($40.37 in chips) 
Seat 2: glupakat ($68.04 in chips) 
Seat 3: AlexEliseev7 ($125.80 in chips) 
Seat 4: chinokevin13 ($115.12 in chips) 
Seat 5: mr.Jckpot ($115.60 in chips) 
Seat 6: wmarl90 ($58.98 in chips) 
AlexEliseev7: posts small blind $0.50
chinokevin13: posts big blind $1
*** HOLE CARDS ***
mr.Jckpot: folds 
wmarl90: folds 
Silence1925: raises $2.50 to $3.50
glupakat: calls $3.50
AlexEliseev7: folds 
chinokevin13: folds 
*** FLOP *** [Jd 6d 8s]
Silence1925: checks 
glupakat: bets $10
Silence1925: folds 
Uncalled bet ($10) returned to glupakat
glupakat collected $8.08 from pot
glupakat: doesn't show hand 
wmarl90 is disconnected 
*** SUMMARY ***
Total pot $8.50 | Rake $0.42 
Board [Jd 6d 8s]
Seat 1: Silence1925 folded on the Flop
Seat 2: glupakat (button) collected ($8.08)
Seat 3: AlexEliseev7 (small blind) folded before Flop
Seat 4: chinokevin13 (big blind) folded before Flop
Seat 5: mr.Jckpot folded before Flop (didn't bet)
Seat 6: wmarl90 folded before Flop (didn't bet)



PokerStars Hand #254577930487:  Hold'em No Limit ($0.50/$1.00 USD) - 2025/01/27 12:50:58 WET [2025/01/27 7:50:58 ET]
Table 'Aralia IV' 6-max Seat #3 is the button
Seat 1: Silence1925 ($36.87 in chips) 
Seat 2: glupakat ($72.62 in chips) 
Seat 3: AlexEliseev7 ($125.30 in chips) 
Seat 4: chinokevin13 ($114.12 in chips) 
Seat 5: mr.Jckpot ($115.60 in chips) 
Seat 6: wmarl90 ($58.98 in chips) 
chinokevin13: posts small blind $0.50
mr.Jckpot: posts big blind $1
*** HOLE CARDS ***
wmarl90 has timed out while disconnected
wmarl90: folds 
Silence1925: folds 
glupakat: folds 
AlexEliseev7: raises $1.50 to $2.50
chinokevin13: folds 
mr.Jckpot: folds 
Uncalled bet ($1.50) returned to AlexEliseev7
AlexEliseev7 collected $2.50 from pot
AlexEliseev7: doesn't show hand 
*** SUMMARY ***
Total pot $2.50 | Rake $0 
Seat 1: Silence1925 folded before Flop (didn't bet)
Seat 2: glupakat folded before Flop (didn't bet)
Seat 3: AlexEliseev7 (button) collected ($2.50)
Seat 4: chinokevin13 (small blind) folded before Flop
Seat 5: mr.Jckpot (big blind) folded before Flop
Seat 6: wmarl90 folded before Flop (didn't bet)



PokerStars Hand #254577935667:  Hold'em No Limit ($0.50/$1.00 USD) - 2025/01/27 12:51:33 WET [2025/01/27 7:51:33 ET]
Table 'Aralia IV' 6-max Seat #4 is the button
Seat 1: Silence1925 ($36.87 in chips) 
Seat 2: glupakat ($72.62 in chips) 
Seat 3: AlexEliseev7 ($126.80 in chips) 
Seat 4: chinokevin13 ($113.62 in chips) 
Seat 5: mr.Jckpot ($114.60 in chips) 
Seat 6: wmarl90 ($58.98 in chips) 
mr.Jckpot: posts small blind $0.50
wmarl90: posts big blind $1
*** HOLE CARDS ***
Silence1925: folds 
glupakat: folds 
AlexEliseev7: raises $1.50 to $2.50
chinokevin13: raises $4.50 to $7
mr.Jckpot: folds 
wmarl90: calls $6
AlexEliseev7: calls $4.50
*** FLOP *** [9c 5c 4d]
wmarl90: checks 
AlexEliseev7: bets $6.74
chinokevin13: calls $6.74
wmarl90: folds 
*** TURN *** [9c 5c 4d] [5d]
AlexEliseev7: bets $10.97
chinokevin13: calls $10.97
*** RIVER *** [9c 5c 4d 5d] [7c]
AlexEliseev7: bets $17.96
chinokevin13: folds 
Uncalled bet ($17.96) returned to AlexEliseev7
AlexEliseev7 collected $54.42 from pot
AlexEliseev7: doesn't show hand 
*** SUMMARY ***
Total pot $56.92 | Rake $2.50 
Board [9c 5c 4d 5d 7c]
Seat 1: Silence1925 folded before Flop (didn't bet)
Seat 2: glupakat folded before Flop (didn't bet)
Seat 3: AlexEliseev7 collected ($54.42)
Seat 4: chinokevin13 (button) folded on the River
Seat 5: mr.Jckpot (small blind) folded before Flop
Seat 6: wmarl90 (big blind) folded on the Flop



PokerStars Hand #254577957781:  Hold'em No Limit ($0.50/$1.00 USD) - 2025/01/27 12:54:00 WET [2025/01/27 7:54:00 ET]
Table 'Aralia IV' 6-max Seat #5 is the button
Seat 1: Silence1925 ($36.87 in chips) 
Seat 2: glupakat ($72.62 in chips) 
Seat 3: AlexEliseev7 ($156.51 in chips) 
Seat 4: chinokevin13 ($100 in chips) 
Seat 5: mr.Jckpot ($114.10 in chips) 
Seat 6: wmarl90 ($51.98 in chips) 
wmarl90: posts small blind $0.50
Silence1925: posts big blind $1
*** HOLE CARDS ***
glupakat: folds 
AlexEliseev7: raises $1.50 to $2.50
chinokevin13: folds 
mr.Jckpot: folds 
wmarl90: folds 
Silence1925: folds 
Uncalled bet ($1.50) returned to AlexEliseev7
AlexEliseev7 collected $2.50 from pot
AlexEliseev7: doesn't show hand 
*** SUMMARY ***
Total pot $2.50 | Rake $0 
Seat 1: Silence1925 (big blind) folded before Flop
Seat 2: glupakat folded before Flop (didn't bet)
Seat 3: AlexEliseev7 collected ($2.50)
Seat 4: chinokevin13 folded before Flop (didn't bet)
Seat 5: mr.Jckpot (button) folded before Flop (didn't bet)
Seat 6: wmarl90 (small blind) folded before Flop



PokerStars Hand #254577959817:  Hold'em No Limit ($0.50/$1.00 USD) - 2025/01/27 12:54:14 WET [2025/01/27 7:54:14 ET]
Table 'Aralia IV' 6-max Seat #6 is the button
Seat 1: Silence1925 ($35.87 in chips) 
Seat 2: glupakat ($72.62 in chips) 
Seat 3: AlexEliseev7 ($158.01 in chips) 
Seat 4: chinokevin13 ($100 in chips) 
Seat 5: mr.Jckpot ($114.10 in chips) 
Seat 6: wmarl90 ($51.48 in chips) 
Silence1925: posts small blind $0.50
glupakat: posts big blind $1
*** HOLE CARDS ***
AlexEliseev7: folds 
chinokevin13: folds 
mr.Jckpot: folds 
wmarl90: raises $2 to $3
Silence1925: calls $2.50
glupakat has timed out
glupakat: folds 
*** FLOP *** [Qc 8c Kh]
Silence1925: checks 
wmarl90: bets $3.33
Silence1925: calls $3.33
*** TURN *** [Qc 8c Kh] [6d]
Silence1925: checks 
wmarl90: bets $6.49
Silence1925: calls $6.49
*** RIVER *** [Qc 8c Kh 6d] [4h]
Silence1925: checks 
wmarl90: checks 
*** SHOW DOWN ***
Silence1925: shows [8h Kc] (two pair, Kings and Eights)
wmarl90: mucks hand 
Silence1925 collected $25.31 from pot
*** SUMMARY ***
Total pot $26.64 | Rake $1.33 
Board [Qc 8c Kh 6d 4h]
Seat 1: Silence1925 (small blind) showed [8h Kc] and won ($25.31) with two pair, Kings and Eights
Seat 2: glupakat (big blind) folded before Flop
Seat 3: AlexEliseev7 folded before Flop (didn't bet)
Seat 4: chinokevin13 folded before Flop (didn't bet)
Seat 5: mr.Jckpot folded before Flop (didn't bet)
Seat 6: wmarl90 (button) mucked



PokerStars Hand #254577971790:  Hold'em No Limit ($0.50/$1.00 USD) - 2025/01/27 12:55:40 WET [2025/01/27 7:55:40 ET]
Table 'Aralia IV' 6-max Seat #1 is the button
Seat 2: glupakat ($71.62 in chips) is sitting out
Seat 1: Silence1925 ($48.36 in chips) 
Seat 3: AlexEliseev7 ($158.01 in chips) 
Seat 4: chinokevin13 ($100 in chips) 
Seat 5: mr.Jckpot ($114.10 in chips) 
Seat 6: wmarl90 ($38.66 in chips) 
AlexEliseev7: posts small blind $0.50
chinokevin13: posts big blind $1
*** HOLE CARDS ***
mr.Jckpot: folds 
wmarl90: folds 
Silence1925: raises $1 to $2
AlexEliseev7: folds 
chinokevin13: folds 
Uncalled bet ($1) returned to Silence1925
Silence1925 collected $2.50 from pot
Silence1925: doesn't show hand 
*** SUMMARY ***
Total pot $2.50 | Rake $0 
Seat 2: glupakat
Seat 1: Silence1925 (button) collected ($2.50)
Seat 3: AlexEliseev7 (small blind) folded before Flop
Seat 4: chinokevin13 (big blind) folded before Flop
Seat 5: mr.Jckpot folded before Flop (didn't bet)
Seat 6: wmarl90 folded before Flop (didn't bet)



PokerStars Hand #254577973920:  Hold'em No Limit ($0.50/$1.00 USD) - 2025/01/27 12:55:58 WET [2025/01/27 7:55:58 ET]
Table 'Aralia IV' 6-max Seat #3 is the button
Seat 2: glupakat ($71.62 in chips) is sitting out
Seat 1: Silence1925 ($49.86 in chips) 
Seat 3: AlexEliseev7 ($157.51 in chips) 
Seat 4: chinokevin13 ($100 in chips) 
Seat 5: mr.Jckpot ($114.10 in chips) 
Seat 6: wmarl90 ($38.66 in chips) 
chinokevin13: posts small blind $0.50
mr.Jckpot: posts big blind $1
*** HOLE CARDS ***
wmarl90: folds 
Silence1925: calls $1
AlexEliseev7: folds 
chinokevin13: folds 
mr.Jckpot: checks 
*** FLOP *** [Ah 8d 4s]
mr.Jckpot: checks 
Silence1925: checks 
*** TURN *** [Ah 8d 4s] [Kh]
mr.Jckpot: bets $1.57
Silence1925: folds 
Uncalled bet ($1.57) returned to mr.Jckpot
mr.Jckpot collected $2.38 from pot
mr.Jckpot: doesn't show hand 
*** SUMMARY ***
Total pot $2.50 | Rake $0.12 
Board [Ah 8d 4s Kh]
Seat 2: glupakat
Seat 1: Silence1925 folded on the Turn
Seat 3: AlexEliseev7 (button) folded before Flop (didn't bet)
Seat 4: chinokevin13 (small blind) folded before Flop
Seat 5: mr.Jckpot (big blind) collected ($2.38)
Seat 6: wmarl90 folded before Flop (didn't bet)



PokerStars Hand #254577978689:  Hold'em No Limit ($0.50/$1.00 USD) - 2025/01/27 12:56:38 WET [2025/01/27 7:56:38 ET]
Table 'Aralia IV' 6-max Seat #4 is the button
Seat 2: glupakat ($71.62 in chips) is sitting out
Seat 1: Silence1925 ($48.86 in chips) 
Seat 3: AlexEliseev7 ($157.51 in chips) 
Seat 4: chinokevin13 ($100 in chips) 
Seat 5: mr.Jckpot ($115.48 in chips) 
Seat 6: wmarl90 ($38.66 in chips) 
mr.Jckpot: posts small blind $0.50
wmarl90: posts big blind $1
glupakat: sits out 
*** HOLE CARDS ***
Silence1925: folds 
AlexEliseev7: folds 
chinokevin13: folds 
mr.Jckpot: folds 
Uncalled bet ($0.50) returned to wmarl90
wmarl90 collected $1 from pot
wmarl90: doesn't show hand 
*** SUMMARY ***
Total pot $1 | Rake $0 
Seat 2: glupakat
Seat 1: Silence1925 folded before Flop (didn't bet)
Seat 3: AlexEliseev7 folded before Flop (didn't bet)
Seat 4: chinokevin13 (button) folded before Flop (didn't bet)
Seat 5: mr.Jckpot (small blind) folded before Flop
Seat 6: wmarl90 (big blind) collected ($1)



PokerStars Hand #254577980419:  Hold'em No Limit ($0.50/$1.00 USD) - 2025/01/27 12:56:52 WET [2025/01/27 7:56:52 ET]
Table 'Aralia IV' 6-max Seat #5 is the button
Seat 2: glupakat ($71.62 in chips) is sitting out
Seat 1: Silence1925 ($48.86 in chips) 
Seat 3: AlexEliseev7 ($157.51 in chips) 
Seat 4: chinokevin13 ($100 in chips) 
Seat 5: mr.Jckpot ($114.98 in chips) 
Seat 6: wmarl90 ($39.16 in chips) 
wmarl90: posts small blind $0.50
Silence1925: posts big blind $1
glupakat: sits out 
*** HOLE CARDS ***
AlexEliseev7: raises $1.50 to $2.50
chinokevin13: folds 
mr.Jckpot: folds 
wmarl90: calls $2
Silence1925: folds 
*** FLOP *** [Tc Kc 3d]
wmarl90: checks 
AlexEliseev7: bets $1.88
wmarl90: calls $1.88
*** TURN *** [Tc Kc 3d] [4d]
wmarl90: checks 
AlexEliseev7: bets $9.50
wmarl90: calls $9.50
*** RIVER *** [Tc Kc 3d 4d] [5d]
wmarl90: checks 
AlexEliseev7: bets $41.25
wmarl90: folds 
Uncalled bet ($41.25) returned to AlexEliseev7
AlexEliseev7 collected $27.32 from pot
AlexEliseev7: doesn't show hand 
*** SUMMARY ***
Total pot $28.76 | Rake $1.44 
Board [Tc Kc 3d 4d 5d]
Seat 2: glupakat
Seat 1: Silence1925 (big blind) folded before Flop
Seat 3: AlexEliseev7 collected ($27.32)
Seat 4: chinokevin13 folded before Flop (didn't bet)
Seat 5: mr.Jckpot (button) folded before Flop (didn't bet)
Seat 6: wmarl90 (small blind) folded on the River



PokerStars Hand #254577987791:  Hold'em No Limit ($0.50/$1.00 USD) - 2025/01/27 12:57:53 WET [2025/01/27 7:57:53 ET]
Table 'Aralia IV' 6-max Seat #6 is the button
Seat 1: Silence1925 ($47.86 in chips) 
Seat 2: glupakat ($71.62 in chips) 
Seat 3: AlexEliseev7 ($170.95 in chips) 
Seat 4: chinokevin13 ($100 in chips) 
Seat 5: mr.Jckpot ($114.98 in chips) 
Seat 6: wmarl90 ($25.28 in chips) 
Silence1925: posts small blind $0.50
glupakat: posts big blind $1
*** HOLE CARDS ***
AlexEliseev7: folds 
chinokevin13: raises $1.20 to $2.20
mr.Jckpot: raises $4.80 to $7
wmarl90: folds 
Silence1925: calls $6.50
glupakat: folds 
chinokevin13: calls $4.80
*** FLOP *** [5s Qs 6c]
Silence1925: checks 
chinokevin13: checks 
mr.Jckpot: bets $8.50
Silence1925: raises $32.36 to $40.86 and is all-in
chinokevin13: folds 
mr.Jckpot: folds 
Uncalled bet ($32.36) returned to Silence1925
Silence1925 collected $37.05 from pot
Silence1925: doesn't show hand 
*** SUMMARY ***
Total pot $39 | Rake $1.95 
Board [5s Qs 6c]
Seat 1: Silence1925 (small blind) collected ($37.05)
Seat 2: glupakat (big blind) folded before Flop
Seat 3: AlexEliseev7 folded before Flop (didn't bet)
Seat 4: chinokevin13 folded on the Flop
Seat 5: mr.Jckpot folded on the Flop
Seat 6: wmarl90 (button) folded before Flop (didn't bet)



PokerStars Hand #254577997120:  Hold'em No Limit ($0.50/$1.00 USD) - 2025/01/27 12:59:11 WET [2025/01/27 7:59:11 ET]
Table 'Aralia IV' 6-max Seat #1 is the button
Seat 1: Silence1925 ($69.41 in chips) 
Seat 2: glupakat ($70.62 in chips) 
Seat 3: AlexEliseev7 ($170.95 in chips) 
Seat 4: chinokevin13 ($100 in chips) 
Seat 5: mr.Jckpot ($100 in chips) 
Seat 6: wmarl90 ($25.28 in chips) 
glupakat: posts small blind $0.50
AlexEliseev7: posts big blind $1
*** HOLE CARDS ***
chinokevin13: folds 
mr.Jckpot: folds 
wmarl90: raises $2 to $3
Silence1925: raises $3 to $6
glupakat: folds 
AlexEliseev7: folds 
wmarl90: raises $19.28 to $25.28 and is all-in
Silence1925: calls $19.28
*** FLOP *** [Js As 7s]
*** TURN *** [Js As 7s] [8h]
*** RIVER *** [Js As 7s 8h] [7d]
*** SHOW DOWN ***
wmarl90: shows [Ah Qc] (two pair, Aces and Sevens)
Silence1925: shows [Ad Ac] (a full house, Aces full of Sevens)
Silence1925 collected $49.56 from pot
*** SUMMARY ***
Total pot $52.06 | Rake $2.50 
Board [Js As 7s 8h 7d]
Seat 1: Silence1925 (button) showed [Ad Ac] and won ($49.56) with a full house, Aces full of Sevens
Seat 2: glupakat (small blind) folded before Flop
Seat 3: AlexEliseev7 (big blind) folded before Flop
Seat 4: chinokevin13 folded before Flop (didn't bet)
Seat 5: mr.Jckpot folded before Flop (didn't bet)
Seat 6: wmarl90 showed [Ah Qc] and lost with two pair, Aces and Sevens



PokerStars Hand #254578001943:  Hold'em No Limit ($0.50/$1.00 USD) - 2025/01/27 12:59:51 WET [2025/01/27 7:59:51 ET]
Table 'Aralia IV' 6-max Seat #2 is the button
Seat 6: wmarl90 ($0 in chips) is sitting out
Seat 1: Silence1925 ($93.69 in chips) 
Seat 2: glupakat ($70.12 in chips) 
Seat 3: AlexEliseev7 ($169.95 in chips) 
Seat 4: chinokevin13 ($100 in chips) 
Seat 5: mr.Jckpot ($100 in chips) 
AlexEliseev7: posts small blind $0.50
chinokevin13: posts big blind $1
*** HOLE CARDS ***
mr.Jckpot: folds 
Silence1925: raises $1 to $2
glupakat: folds 
wmarl90 is disconnected 
AlexEliseev7: folds 
chinokevin13: folds 
Uncalled bet ($1) returned to Silence1925
Silence1925 collected $2.50 from pot
Silence1925: doesn't show hand 
*** SUMMARY ***
Total pot $2.50 | Rake $0 
Seat 6: wmarl90
Seat 1: Silence1925 collected ($2.50)
Seat 2: glupakat (button) folded before Flop (didn't bet)
Seat 3: AlexEliseev7 (small blind) folded before Flop
Seat 4: chinokevin13 (big blind) folded before Flop
Seat 5: mr.Jckpot folded before Flop (didn't bet)



PokerStars Hand #254578004260:  Hold'em No Limit ($0.50/$1.00 USD) - 2025/01/27 13:00:10 WET [2025/01/27 8:00:10 ET]
Table 'Aralia IV' 6-max Seat #3 is the button
Seat 5: mr.Jckpot ($100 in chips) is sitting out
Seat 6: wmarl90 ($0 in chips) is sitting out
Seat 1: Silence1925 ($95.19 in chips) 
Seat 2: glupakat ($70.12 in chips) 
Seat 3: AlexEliseev7 ($169.45 in chips) 
Seat 4: chinokevin13 ($100 in chips) 
chinokevin13: posts small blind $0.50
mr.Jckpot: is sitting out 
Silence1925: posts big blind $1
*** HOLE CARDS ***
glupakat: folds 
mr.Jckpot leaves the table
Rdalonso joins the table at seat #5 
AlexEliseev7: folds 
chinokevin13: folds 
Uncalled bet ($0.50) returned to Silence1925
Silence1925 collected $1 from pot
Silence1925: doesn't show hand 
*** SUMMARY ***
Total pot $1 | Rake $0 
Seat 5: mr.Jckpot
Seat 6: wmarl90
Seat 1: Silence1925 (big blind) collected ($1)
Seat 2: glupakat folded before Flop (didn't bet)
Seat 3: AlexEliseev7 (button) folded before Flop (didn't bet)
Seat 4: chinokevin13 (small blind) folded before Flop



PokerStars Hand #254578006485:  Hold'em No Limit ($0.50/$1.00 USD) - 2025/01/27 13:00:29 WET [2025/01/27 8:00:29 ET]
Table 'Aralia IV' 6-max Seat #4 is the button
Seat 5: Rdalonso ($100 in chips) is sitting out
Seat 6: wmarl90 ($0 in chips) is sitting out
Seat 1: Silence1925 ($95.69 in chips) 
Seat 2: glupakat ($70.12 in chips) 
Seat 3: AlexEliseev7 ($169.45 in chips) 
Seat 4: chinokevin13 ($100 in chips) 
Silence1925: posts small blind $0.50
glupakat: posts big blind $1
*** HOLE CARDS ***
AlexEliseev7: folds 
chinokevin13: folds 
Silence1925: raises $2 to $3
glupakat: folds 
Uncalled bet ($2) returned to Silence1925
Silence1925 collected $2 from pot
Silence1925: doesn't show hand 
*** SUMMARY ***
Total pot $2 | Rake $0 
Seat 5: Rdalonso
Seat 6: wmarl90
Seat 1: Silence1925 (small blind) collected ($2)
Seat 2: glupakat (big blind) folded before Flop
Seat 3: AlexEliseev7 folded before Flop (didn't bet)
Seat 4: chinokevin13 (button) folded before Flop (didn't bet)



PokerStars Hand #254578008372:  Hold'em No Limit ($0.50/$1.00 USD) - 2025/01/27 13:00:44 WET [2025/01/27 8:00:44 ET]
Table 'Aralia IV' 6-max Seat #1 is the button
Seat 5: Rdalonso ($100 in chips) is sitting out
Seat 6: wmarl90 ($0 in chips) is sitting out
Seat 1: Silence1925 ($96.69 in chips) 
Seat 2: glupakat ($69.12 in chips) 
Seat 3: AlexEliseev7 ($169.45 in chips) 
Seat 4: chinokevin13 ($100 in chips) 
glupakat: posts small blind $0.50
AlexEliseev7: posts big blind $1
Rdalonso: sits out 
*** HOLE CARDS ***
chinokevin13: folds 
Silence1925: folds 
glupakat: calls $0.50
AlexEliseev7: checks 
*** FLOP *** [Qd 5h 8h]
glupakat: checks 
AlexEliseev7: checks 
*** TURN *** [Qd 5h 8h] [9h]
glupakat: checks 
AlexEliseev7: checks 
*** RIVER *** [Qd 5h 8h 9h] [9d]
glupakat: checks 
AlexEliseev7: checks 
*** SHOW DOWN ***
glupakat: shows [6d 6h] (two pair, Nines and Sixes)
AlexEliseev7: mucks hand 
glupakat collected $1.90 from pot
*** SUMMARY ***
Total pot $2 | Rake $0.10 
Board [Qd 5h 8h 9h 9d]
Seat 5: Rdalonso
Seat 6: wmarl90
Seat 1: Silence1925 (button) folded before Flop (didn't bet)
Seat 2: glupakat (small blind) showed [6d 6h] and won ($1.90) with two pair, Nines and Sixes
Seat 3: AlexEliseev7 (big blind) mucked
Seat 4: chinokevin13 folded before Flop (didn't bet)



PokerStars Hand #254578014422:  Hold'em No Limit ($0.50/$1.00 USD) - 2025/01/27 13:01:26 WET [2025/01/27 8:01:26 ET]
Table 'Aralia IV' 6-max Seat #2 is the button
Seat 5: Rdalonso ($100 in chips) is sitting out
Seat 6: wmarl90 ($0 in chips) is sitting out
Seat 1: Silence1925 ($96.69 in chips) 
Seat 2: glupakat ($70.02 in chips) 
Seat 3: AlexEliseev7 ($168.45 in chips) 
Seat 4: chinokevin13 ($100 in chips) 
AlexEliseev7: posts small blind $0.50
chinokevin13: posts big blind $1
Rdalonso: sits out 
*** HOLE CARDS ***
Silence1925: calls $1
glupakat: folds 
AlexEliseev7: raises $3.50 to $4.50
chinokevin13: folds 
Silence1925: folds 
Uncalled bet ($3.50) returned to AlexEliseev7
AlexEliseev7 collected $3 from pot
AlexEliseev7: doesn't show hand 
*** SUMMARY ***
Total pot $3 | Rake $0 
Seat 5: Rdalonso
Seat 6: wmarl90
Seat 1: Silence1925 folded before Flop
Seat 2: glupakat (button) folded before Flop (didn't bet)
Seat 3: AlexEliseev7 (small blind) collected ($3)
Seat 4: chinokevin13 (big blind) folded before Flop



PokerStars Hand #254578017662:  Hold'em No Limit ($0.50/$1.00 USD) - 2025/01/27 13:01:47 WET [2025/01/27 8:01:47 ET]
Table 'Aralia IV' 6-max Seat #3 is the button
Seat 6: wmarl90 ($0 in chips) is sitting out
Seat 1: Silence1925 ($95.69 in chips) 
Seat 2: glupakat ($70.02 in chips) 
Seat 3: AlexEliseev7 ($170.45 in chips) 
Seat 4: chinokevin13 ($100 in chips) 
Seat 5: Rdalonso ($100 in chips) 
chinokevin13: posts small blind $0.50
Rdalonso: posts big blind $1
*** HOLE CARDS ***
Silence1925: calls $1
glupakat: folds 
AlexEliseev7: raises $3 to $4
chinokevin13: folds 
Rdalonso: folds 
Silence1925: calls $3
*** FLOP *** [7c Ks 6c]
Silence1925: checks 
AlexEliseev7: checks 
*** TURN *** [7c Ks 6c] [4c]
Silence1925: bets $4
AlexEliseev7: calls $4
*** RIVER *** [7c Ks 6c 4c] [Td]
Silence1925: bets $12
AlexEliseev7: folds 
Uncalled bet ($12) returned to Silence1925
Silence1925 collected $16.62 from pot
Silence1925: doesn't show hand 
*** SUMMARY ***
Total pot $17.50 | Rake $0.88 
Board [7c Ks 6c 4c Td]
Seat 6: wmarl90
Seat 1: Silence1925 collected ($16.62)
Seat 2: glupakat folded before Flop (didn't bet)
Seat 3: AlexEliseev7 (button) folded on the River
Seat 4: chinokevin13 (small blind) folded before Flop
Seat 5: Rdalonso (big blind) folded before Flop



PokerStars Hand #254578024792:  Hold'em No Limit ($0.50/$1.00 USD) - 2025/01/27 13:02:35 WET [2025/01/27 8:02:35 ET]
Table 'Aralia IV' 6-max Seat #4 is the button
Seat 6: wmarl90 ($0 in chips) is sitting out
Seat 1: Silence1925 ($104.31 in chips) 
Seat 2: glupakat ($70.02 in chips) 
Seat 3: AlexEliseev7 ($162.45 in chips) 
Seat 4: chinokevin13 ($100 in chips) 
Seat 5: Rdalonso ($100 in chips) 
Rdalonso: posts small blind $0.50
Silence1925: posts big blind $1
*** HOLE CARDS ***
glupakat: folds 
AlexEliseev7: folds 
chinokevin13: folds 
Rdalonso: folds 
Uncalled bet ($0.50) returned to Silence1925
Silence1925 collected $1 from pot
Silence1925: doesn't show hand 
*** SUMMARY ***
Total pot $1 | Rake $0 
Seat 6: wmarl90
Seat 1: Silence1925 (big blind) collected ($1)
Seat 2: glupakat folded before Flop (didn't bet)
Seat 3: AlexEliseev7 folded before Flop (didn't bet)
Seat 4: chinokevin13 (button) folded before Flop (didn't bet)
Seat 5: Rdalonso (small blind) folded before Flop



PokerStars Hand #254578027192:  Hold'em No Limit ($0.50/$1.00 USD) - 2025/01/27 13:02:51 WET [2025/01/27 8:02:51 ET]
Table 'Aralia IV' 6-max Seat #5 is the button
Seat 6: wmarl90 ($0 in chips) is sitting out
Seat 1: Silence1925 ($104.81 in chips) 
Seat 2: glupakat ($70.02 in chips) 
Seat 3: AlexEliseev7 ($162.45 in chips) 
Seat 4: chinokevin13 ($100 in chips) 
Seat 5: Rdalonso ($100 in chips) 
Silence1925: posts small blind $0.50
glupakat: posts big blind $1
*** HOLE CARDS ***
AlexEliseev7: folds 
chinokevin13: raises $1.50 to $2.50
Rdalonso: folds 
Silence1925: folds 
glupakat: folds 
Uncalled bet ($1.50) returned to chinokevin13
chinokevin13 collected $2.50 from pot
chinokevin13: doesn't show hand 
*** SUMMARY ***
Total pot $2.50 | Rake $0 
Seat 6: wmarl90
Seat 1: Silence1925 (small blind) folded before Flop
Seat 2: glupakat (big blind) folded before Flop
Seat 3: AlexEliseev7 folded before Flop (didn't bet)
Seat 4: chinokevin13 collected ($2.50)
Seat 5: Rdalonso (button) folded before Flop (didn't bet)



PokerStars Hand #254578031998:  Hold'em No Limit ($0.50/$1.00 USD) - 2025/01/27 13:03:22 WET [2025/01/27 8:03:22 ET]
Table 'Aralia IV' 6-max Seat #1 is the button
Seat 6: wmarl90 ($0 in chips) is sitting out
Seat 1: Silence1925 ($104.31 in chips) 
Seat 2: glupakat ($69.02 in chips) 
Seat 3: AlexEliseev7 ($162.45 in chips) 
Seat 4: chinokevin13 ($101.50 in chips) 
Seat 5: Rdalonso ($100 in chips) 
glupakat: posts small blind $0.50
AlexEliseev7: posts big blind $1
*** HOLE CARDS ***
chinokevin13: folds 
Rdalonso: folds 
Silence1925: raises $1 to $2
glupakat: folds 
AlexEliseev7: folds 
Uncalled bet ($1) returned to Silence1925
Silence1925 collected $2.50 from pot
Silence1925: doesn't show hand 
*** SUMMARY ***
Total pot $2.50 | Rake $0 
Seat 6: wmarl90
Seat 1: Silence1925 (button) collected ($2.50)
Seat 2: glupakat (small blind) folded before Flop
Seat 3: AlexEliseev7 (big blind) folded before Flop
Seat 4: chinokevin13 folded before Flop (didn't bet)
Seat 5: Rdalonso folded before Flop (didn't bet)



PokerStars Hand #254578035187:  Hold'em No Limit ($0.50/$1.00 USD) - 2025/01/27 13:03:43 WET [2025/01/27 8:03:43 ET]
Table 'Aralia IV' 6-max Seat #2 is the button
Seat 6: wmarl90 ($0 in chips) is sitting out
Seat 1: Silence1925 ($105.81 in chips) 
Seat 2: glupakat ($68.52 in chips) 
Seat 3: AlexEliseev7 ($161.45 in chips) 
Seat 4: chinokevin13 ($101.50 in chips) 
Seat 5: Rdalonso ($100 in chips) 
AlexEliseev7: posts small blind $0.50
chinokevin13: posts big blind $1
*** HOLE CARDS ***
Rdalonso: raises $1.50 to $2.50
Silence1925: folds 
glupakat: folds 
AlexEliseev7: folds 
chinokevin13: calls $1.50
*** FLOP *** [3c As 8d]
chinokevin13: checks 
Rdalonso: bets $1.72
chinokevin13: folds 
Uncalled bet ($1.72) returned to Rdalonso
Rdalonso collected $5.22 from pot
Rdalonso: doesn't show hand 
*** SUMMARY ***
Total pot $5.50 | Rake $0.28 
Board [3c As 8d]
Seat 6: wmarl90
Seat 1: Silence1925 folded before Flop (didn't bet)
Seat 2: glupakat (button) folded before Flop (didn't bet)
Seat 3: AlexEliseev7 (small blind) folded before Flop
Seat 4: chinokevin13 (big blind) folded on the Flop
Seat 5: Rdalonso collected ($5.22)



PokerStars Hand #254578041176:  Hold'em No Limit ($0.50/$1.00 USD) - 2025/01/27 13:04:23 WET [2025/01/27 8:04:23 ET]
Table 'Aralia IV' 6-max Seat #3 is the button
Seat 6: wmarl90 ($0 in chips) is sitting out
Seat 1: Silence1925 ($105.81 in chips) 
Seat 2: glupakat ($68.52 in chips) 
Seat 3: AlexEliseev7 ($160.95 in chips) 
Seat 4: chinokevin13 ($100 in chips) 
Seat 5: Rdalonso ($102.72 in chips) 
chinokevin13: posts small blind $0.50
Rdalonso: posts big blind $1
*** HOLE CARDS ***
Silence1925: raises $1 to $2
glupakat: folds 
AlexEliseev7: folds 
chinokevin13: folds 
Rdalonso: folds 
Uncalled bet ($1) returned to Silence1925
Silence1925 collected $2.50 from pot
Silence1925: doesn't show hand 
*** SUMMARY ***
Total pot $2.50 | Rake $0 
Seat 6: wmarl90
Seat 1: Silence1925 collected ($2.50)
Seat 2: glupakat folded before Flop (didn't bet)
Seat 3: AlexEliseev7 (button) folded before Flop (didn't bet)
Seat 4: chinokevin13 (small blind) folded before Flop
Seat 5: Rdalonso (big blind) folded before Flop



PokerStars Hand #254578044422:  Hold'em No Limit ($0.50/$1.00 USD) - 2025/01/27 13:04:43 WET [2025/01/27 8:04:43 ET]
Table 'Aralia IV' 6-max Seat #4 is the button
Seat 6: wmarl90 ($0 in chips) is sitting out
Seat 1: Silence1925 ($107.31 in chips) 
Seat 2: glupakat ($68.52 in chips) 
Seat 3: AlexEliseev7 ($160.95 in chips) 
Seat 4: chinokevin13 ($100 in chips) 
Seat 5: Rdalonso ($101.72 in chips) 
Rdalonso: posts small blind $0.50
Silence1925: posts big blind $1
*** HOLE CARDS ***
glupakat: folds 
AlexEliseev7: folds 
chinokevin13: raises $1.50 to $2.50
Rdalonso: folds 
Silence1925: calls $1.50
*** FLOP *** [As 2h 7d]
Silence1925: checks 
chinokevin13: bets $1.72
Silence1925: calls $1.72
*** TURN *** [As 2h 7d] [5s]
Silence1925: checks 
chinokevin13: checks 
*** RIVER *** [As 2h 7d 5s] [Jh]
Silence1925: checks 
chinokevin13: bets $6.37
Silence1925: calls $6.37
*** SHOW DOWN ***
chinokevin13: shows [Th 9c] (high card Ace)
Silence1925: shows [4d 5d] (a pair of Fives)
Silence1925 collected $20.60 from pot
*** SUMMARY ***
Total pot $21.68 | Rake $1.08 
Board [As 2h 7d 5s Jh]
Seat 6: wmarl90
Seat 1: Silence1925 (big blind) showed [4d 5d] and won ($20.60) with a pair of Fives
Seat 2: glupakat folded before Flop (didn't bet)
Seat 3: AlexEliseev7 folded before Flop (didn't bet)
Seat 4: chinokevin13 (button) showed [Th 9c] and lost with high card Ace
Seat 5: Rdalonso (small blind) folded before Flop



PokerStars Hand #254578061009:  Hold'em No Limit ($0.50/$1.00 USD) - 2025/01/27 13:06:31 WET [2025/01/27 8:06:31 ET]
Table 'Aralia IV' 6-max Seat #5 is the button
Seat 6: wmarl90 ($0 in chips) is sitting out
Seat 1: Silence1925 ($117.32 in chips) 
Seat 2: glupakat ($68.52 in chips) 
Seat 3: AlexEliseev7 ($160.95 in chips) 
Seat 4: chinokevin13 ($100 in chips) 
Seat 5: Rdalonso ($101.22 in chips) 
Silence1925: posts small blind $0.50
glupakat: posts big blind $1
*** HOLE CARDS ***
AlexEliseev7: folds 
chinokevin13: folds 
Rdalonso: folds 
Silence1925: folds 
Uncalled bet ($0.50) returned to glupakat
glupakat collected $1 from pot
glupakat: doesn't show hand 
*** SUMMARY ***
Total pot $1 | Rake $0 
Seat 6: wmarl90
Seat 1: Silence1925 (small blind) folded before Flop
Seat 2: glupakat (big blind) collected ($1)
Seat 3: AlexEliseev7 folded before Flop (didn't bet)
Seat 4: chinokevin13 folded before Flop (didn't bet)
Seat 5: Rdalonso (button) folded before Flop (didn't bet)



PokerStars Hand #254578062557:  Hold'em No Limit ($0.50/$1.00 USD) - 2025/01/27 13:06:40 WET [2025/01/27 8:06:40 ET]
Table 'Aralia IV' 6-max Seat #1 is the button
Seat 6: wmarl90 ($0 in chips) is sitting out
Seat 1: Silence1925 ($116.82 in chips) 
Seat 2: glupakat ($69.02 in chips) 
Seat 3: AlexEliseev7 ($160.95 in chips) 
Seat 4: chinokevin13 ($100 in chips) 
Seat 5: Rdalonso ($101.22 in chips) 
glupakat: posts small blind $0.50
AlexEliseev7: posts big blind $1
*** HOLE CARDS ***
chinokevin13: folds 
Rdalonso: folds 
Silence1925: raises $2 to $3
glupakat: folds 
AlexEliseev7: calls $2
*** FLOP *** [Jc 3c Js]
AlexEliseev7: checks 
Silence1925: checks 
*** TURN *** [Jc 3c Js] [9c]
AlexEliseev7: checks 
Silence1925: checks 
*** RIVER *** [Jc 3c Js 9c] [6c]
AlexEliseev7: checks 
Silence1925: bets $6.18
AlexEliseev7: folds 
Uncalled bet ($6.18) returned to Silence1925
Silence1925 collected $6.18 from pot
Silence1925: doesn't show hand 
*** SUMMARY ***
Total pot $6.50 | Rake $0.32 
Board [Jc 3c Js 9c 6c]
Seat 6: wmarl90
Seat 1: Silence1925 (button) collected ($6.18)
Seat 2: glupakat (small blind) folded before Flop
Seat 3: AlexEliseev7 (big blind) folded on the River
Seat 4: chinokevin13 folded before Flop (didn't bet)
Seat 5: Rdalonso folded before Flop (didn't bet)



PokerStars Hand #254578067666:  Hold'em No Limit ($0.50/$1.00 USD) - 2025/01/27 13:07:13 WET [2025/01/27 8:07:13 ET]
Table 'Aralia IV' 6-max Seat #2 is the button
Seat 6: wmarl90 ($0 in chips) is sitting out
Seat 1: Silence1925 ($120 in chips) 
Seat 2: glupakat ($68.52 in chips) 
Seat 3: AlexEliseev7 ($157.95 in chips) 
Seat 4: chinokevin13 ($100 in chips) 
Seat 5: Rdalonso ($101.22 in chips) 
AlexEliseev7: posts small blind $0.50
chinokevin13: posts big blind $1
*** HOLE CARDS ***
Rdalonso: folds 
Silence1925: raises $2 to $3
glupakat: folds 
glupakat leaves the table
AlexEliseev7: raises $9 to $12
chinokevin13: folds 
Silence1925: calls $9
*** FLOP *** [3s 9d Kh]
AlexEliseev7: bets $7.84
Silence1925: calls $7.84
*** TURN *** [3s 9d Kh] [5s]
AlexEliseev7: checks 
Silence1925: bets $19.33
AlexEliseev7: folds 
Uncalled bet ($19.33) returned to Silence1925
Silence1925 collected $38.65 from pot
Silence1925: doesn't show hand 
*** SUMMARY ***
Total pot $40.68 | Rake $2.03 
Board [3s 9d Kh 5s]
Seat 6: wmarl90
Seat 1: Silence1925 collected ($38.65)
Seat 2: glupakat (button) folded before Flop (didn't bet)
Seat 3: AlexEliseev7 (small blind) folded on the Turn
Seat 4: chinokevin13 (big blind) folded before Flop
Seat 5: Rdalonso folded before Flop (didn't bet)



PokerStars Hand #254578076408:  Hold'em No Limit ($0.50/$1.00 USD) - 2025/01/27 13:08:11 WET [2025/01/27 8:08:11 ET]
Table 'Aralia IV' 6-max Seat #3 is the button
Seat 6: wmarl90 ($0 in chips) is sitting out
Seat 1: Silence1925 ($138.81 in chips) 
Seat 3: AlexEliseev7 ($138.11 in chips) 
Seat 4: chinokevin13 ($100 in chips) 
Seat 5: Rdalonso ($101.22 in chips) 
chinokevin13: posts small blind $0.50
Rdalonso: posts big blind $1
*** HOLE CARDS ***
Silence1925: folds 
AlexEliseev7: raises $1.50 to $2.50
chinokevin13: folds 
Rdalonso: folds 
Uncalled bet ($1.50) returned to AlexEliseev7
AlexEliseev7 collected $2.50 from pot
AlexEliseev7: doesn't show hand 
*** SUMMARY ***
Total pot $2.50 | Rake $0 
Seat 6: wmarl90
Seat 1: Silence1925 folded before Flop (didn't bet)
Seat 3: AlexEliseev7 (button) collected ($2.50)
Seat 4: chinokevin13 (small blind) folded before Flop
Seat 5: Rdalonso (big blind) folded before Flop



PokerStars Hand #254578078347:  Hold'em No Limit ($0.50/$1.00 USD) - 2025/01/27 13:08:24 WET [2025/01/27 8:08:24 ET]
Table 'Aralia IV' 6-max Seat #4 is the button
Seat 6: wmarl90 ($0 in chips) is sitting out
Seat 1: Silence1925 ($138.81 in chips) 
Seat 3: AlexEliseev7 ($139.61 in chips) 
Seat 4: chinokevin13 ($100 in chips) 
Seat 5: Rdalonso ($100.22 in chips) 
Rdalonso: posts small blind $0.50
Silence1925: posts big blind $1
*** HOLE CARDS ***
AlexEliseev7: folds 
chinokevin13: raises $1.50 to $2.50
Rdalonso: folds 
Silence1925: calls $1.50
*** FLOP *** [Ac 2d 8d]
Silence1925: checks 
chinokevin13: bets $1.72
Silence1925: folds 
Uncalled bet ($1.72) returned to chinokevin13
chinokevin13 collected $5.22 from pot
wmarl90 leaves the table
chinokevin13: doesn't show hand 
*** SUMMARY ***
Total pot $5.50 | Rake $0.28 
Board [Ac 2d 8d]
Seat 6: wmarl90
Seat 1: Silence1925 (big blind) folded on the Flop
Seat 3: AlexEliseev7 folded before Flop (didn't bet)
Seat 4: chinokevin13 (button) collected ($5.22)
Seat 5: Rdalonso (small blind) folded before Flop



PokerStars Hand #254578081587:  Hold'em No Limit ($0.50/$1.00 USD) - 2025/01/27 13:08:45 WET [2025/01/27 8:08:45 ET]
Table 'Aralia IV' 6-max Seat #5 is the button
Seat 1: Silence1925 ($136.31 in chips) 
Seat 3: AlexEliseev7 ($139.61 in chips) 
Seat 4: chinokevin13 ($102.72 in chips) 
Seat 5: Rdalonso ($100 in chips) 
Silence1925: posts small blind $0.50
AlexEliseev7: posts big blind $1
*** HOLE CARDS ***
chinokevin13: folds 
Rdalonso: raises $1.50 to $2.50
Silence1925: folds 
AlexEliseev7: raises $10.50 to $13
Rdalonso: folds 
Uncalled bet ($10.50) returned to AlexEliseev7
Silence1925 leaves the table
AlexEliseev7 collected $5.50 from pot
AlexEliseev7: doesn't show hand 
*** SUMMARY ***
Total pot $5.50 | Rake $0 
Seat 1: Silence1925 (small blind) folded before Flop
Seat 3: AlexEliseev7 (big blind) collected ($5.50)
Seat 4: chinokevin13 folded before Flop (didn't bet)
Seat 5: Rdalonso (button) folded before Flop



PokerStars Hand #254578085387:  Hold'em No Limit ($0.50/$1.00 USD) - 2025/01/27 13:09:10 WET [2025/01/27 8:09:10 ET]
Table 'Aralia IV' 6-max Seat #4 is the button
Seat 5: Rdalonso ($100 in chips) is sitting out
Seat 3: AlexEliseev7 ($142.61 in chips) 
Seat 4: chinokevin13 ($102.72 in chips) 
chinokevin13: posts small blind $0.50
Rdalonso: is sitting out 
AlexEliseev7: posts big blind $1
*** HOLE CARDS ***
chinokevin13: folds 
Uncalled bet ($0.50) returned to AlexEliseev7
AlexEliseev7 collected $1 from pot
Rdalonso leaves the table
AlexEliseev7: doesn't show hand 
*** SUMMARY ***
Total pot $1 | Rake $0 
Seat 5: Rdalonso
Seat 3: AlexEliseev7 (big blind) collected ($1)
Seat 4: chinokevin13 (button) (small blind) folded before Flop



