PokerStars Hand #254580621055:  Hold'em No Limit ($0.50/$1.00 USD) - 2025/01/27 16:51:45 WET [2025/01/27 11:51:45 ET]
Table 'Eunomia IV' 6-max Seat #5 is the button
Seat 2: blistein ($100 in chips) is sitting out
Seat 3: worker0k ($100 in chips) is sitting out
Seat 1: coeeeelho ($100 in chips) 
Seat 4: carlospit300 ($35.83 in chips) 
Seat 5: KarP93 ($142.04 in chips) 
Seat 6: Nicedaymybro ($100 in chips) 
Nicedaymybro: posts small blind $0.50
coeeeelho: posts big blind $1
blistein: sits out 
worker0k: sits out 
*** HOLE CARDS ***
carlospit300: raises $1 to $2
KarP93: folds 
Nicedaymybro: folds 
coeeeelho: calls $1
*** FLOP *** [8s 8c 4c]
coeeeelho: checks 
carlospit300: checks 
*** TURN *** [8s 8c 4c] [9s]
coeeeelho: bets $9
carlospit300: folds 
Uncalled bet ($9) returned to coeeeelho
coeeeelho collected $4.28 from pot
*** SUMMARY ***
Total pot $4.50 | Rake $0.22 
Board [8s 8c 4c 9s]
Seat 2: blistein
Seat 3: worker0k
Seat 1: coeeeelho (big blind) collected ($4.28)
Seat 4: carlospit300 folded on the Turn
Seat 5: KarP93 (button) folded before Flop (didn't bet)
Seat 6: Nicedaymybro (small blind) folded before Flop



PokerStars Hand #254580629179:  Hold'em No Limit ($0.50/$1.00 USD) - 2025/01/27 16:52:20 WET [2025/01/27 11:52:20 ET]
Table 'Eunomia IV' 6-max Seat #1 is the button
Seat 2: blistein ($100 in chips) is sitting out
Seat 3: worker0k ($100 in chips) is sitting out
Seat 6: Nicedaymybro ($100 in chips) is sitting out
Seat 1: coeeeelho ($102.28 in chips) 
Seat 4: carlospit300 ($33.83 in chips) 
Seat 5: KarP93 ($142.04 in chips) 
carlospit300: posts small blind $0.50
KarP93: posts big blind $1
*** HOLE CARDS ***
coeeeelho: folds 
carlospit300: folds 
Uncalled bet ($0.50) returned to KarP93
KarP93 collected $1 from pot
KarP93: doesn't show hand 
*** SUMMARY ***
Total pot $1 | Rake $0 
Seat 2: blistein
Seat 3: worker0k
Seat 6: Nicedaymybro
Seat 1: coeeeelho (button) folded before Flop (didn't bet)
Seat 4: carlospit300 (small blind) folded before Flop
Seat 5: KarP93 (big blind) collected ($1)



PokerStars Hand #254580633418:  Hold'em No Limit ($0.50/$1.00 USD) - 2025/01/27 16:52:38 WET [2025/01/27 11:52:38 ET]
Table 'Eunomia IV' 6-max Seat #4 is the button
Seat 2: blistein ($100 in chips) is sitting out
Seat 3: worker0k ($100 in chips) is sitting out
Seat 6: Nicedaymybro ($100 in chips) is sitting out
Seat 1: coeeeelho ($102.28 in chips) 
Seat 4: carlospit300 ($33.33 in chips) 
Seat 5: KarP93 ($142.54 in chips) 
KarP93: posts small blind $0.50
coeeeelho: posts big blind $1
blistein: sits out 
worker0k: sits out 
*** HOLE CARDS ***
carlospit300: raises $1 to $2
KarP93: raises $9 to $11
coeeeelho: folds 
carlospit300: raises $22.33 to $33.33 and is all-in
KarP93: calls $22.33
*** FLOP *** [7h 6c 2c]
*** TURN *** [7h 6c 2c] [9s]
*** RIVER *** [7h 6c 2c 9s] [5d]
*** SHOW DOWN ***
KarP93: shows [Qs Ks] (high card King)
carlospit300: shows [Js Kh] (high card King - lower kicker)
KarP93 collected $66.66 from pot
*** SUMMARY ***
Total pot $67.66 | Rake $1 
Board [7h 6c 2c 9s 5d]
Seat 2: blistein
Seat 3: worker0k
Seat 6: Nicedaymybro
Seat 1: coeeeelho (big blind) folded before Flop
Seat 4: carlospit300 (button) showed [Js Kh] and lost with high card King
Seat 5: KarP93 (small blind) showed [Qs Ks] and won ($66.66) with high card King



PokerStars Hand #254580643208:  Hold'em No Limit ($0.50/$1.00 USD) - 2025/01/27 16:53:22 WET [2025/01/27 11:53:22 ET]
Table 'Eunomia IV' 6-max Seat #5 is the button
Seat 3: worker0k ($100 in chips) is sitting out
Seat 4: carlospit300 ($0 in chips) is sitting out
Seat 6: Nicedaymybro ($100 in chips) is sitting out
Seat 1: coeeeelho ($101.28 in chips) 
Seat 2: blistein ($100 in chips) 
Seat 5: KarP93 ($175.87 in chips) 
coeeeelho: posts small blind $0.50
blistein: posts big blind $1
worker0k: sits out 
*** HOLE CARDS ***
KarP93: folds 
coeeeelho: folds 
Uncalled bet ($0.50) returned to blistein
blistein collected $1 from pot
blistein: doesn't show hand 
*** SUMMARY ***
Total pot $1 | Rake $0 
Seat 3: worker0k
Seat 4: carlospit300
Seat 6: Nicedaymybro
Seat 1: coeeeelho (small blind) folded before Flop
Seat 2: blistein (big blind) collected ($1)
Seat 5: KarP93 (button) folded before Flop (didn't bet)



PokerStars Hand #254580646010:  Hold'em No Limit ($0.50/$1.00 USD) - 2025/01/27 16:53:34 WET [2025/01/27 11:53:34 ET]
Table 'Eunomia IV' 6-max Seat #1 is the button
Seat 6: Nicedaymybro ($100 in chips) is sitting out
Seat 1: coeeeelho ($100.78 in chips) 
Seat 2: blistein ($100.50 in chips) 
Seat 3: worker0k ($100 in chips) 
Seat 4: carlospit300 ($40 in chips) 
Seat 5: KarP93 ($175.87 in chips) 
blistein: posts small blind $0.50
worker0k: posts big blind $1
*** HOLE CARDS ***
carlospit300: raises $1 to $2
KarP93: folds 
coeeeelho: folds 
blistein: folds 
worker0k: folds 
Uncalled bet ($1) returned to carlospit300
carlospit300 collected $2.50 from pot
*** SUMMARY ***
Total pot $2.50 | Rake $0 
Seat 6: Nicedaymybro
Seat 1: coeeeelho (button) folded before Flop (didn't bet)
Seat 2: blistein (small blind) folded before Flop
Seat 3: worker0k (big blind) folded before Flop
Seat 4: carlospit300 collected ($2.50)
Seat 5: KarP93 folded before Flop (didn't bet)



PokerStars Hand #254580649562:  Hold'em No Limit ($0.50/$1.00 USD) - 2025/01/27 16:53:50 WET [2025/01/27 11:53:50 ET]
Table 'Eunomia IV' 6-max Seat #2 is the button
Seat 6: Nicedaymybro ($100 in chips) is sitting out
Seat 1: coeeeelho ($100.78 in chips) 
Seat 2: blistein ($100 in chips) 
Seat 3: worker0k ($100 in chips) 
Seat 4: carlospit300 ($41.50 in chips) 
Seat 5: KarP93 ($175.87 in chips) 
worker0k: posts small blind $0.50
carlospit300: posts big blind $1
*** HOLE CARDS ***
KarP93: folds 
coeeeelho: raises $1.20 to $2.20
blistein: folds 
worker0k: folds 
carlospit300: calls $1.20
*** FLOP *** [Kc Jd 6h]
carlospit300: checks 
coeeeelho: bets $1.54
carlospit300: folds 
Uncalled bet ($1.54) returned to coeeeelho
coeeeelho collected $4.66 from pot
*** SUMMARY ***
Total pot $4.90 | Rake $0.24 
Board [Kc Jd 6h]
Seat 6: Nicedaymybro
Seat 1: coeeeelho collected ($4.66)
Seat 2: blistein (button) folded before Flop (didn't bet)
Seat 3: worker0k (small blind) folded before Flop
Seat 4: carlospit300 (big blind) folded on the Flop
Seat 5: KarP93 folded before Flop (didn't bet)



PokerStars Hand #254580655494:  Hold'em No Limit ($0.50/$1.00 USD) - 2025/01/27 16:54:17 WET [2025/01/27 11:54:17 ET]
Table 'Eunomia IV' 6-max Seat #3 is the button
Seat 6: Nicedaymybro ($100 in chips) is sitting out
Seat 1: coeeeelho ($103.24 in chips) 
Seat 2: blistein ($100 in chips) 
Seat 3: worker0k ($100 in chips) 
Seat 4: carlospit300 ($39.30 in chips) 
Seat 5: KarP93 ($175.87 in chips) 
carlospit300: posts small blind $0.50
KarP93: posts big blind $1
*** HOLE CARDS ***
coeeeelho: folds 
blistein: folds 
worker0k: raises $1.30 to $2.30
carlospit300: calls $1.80
KarP93: folds 
*** FLOP *** [4c 2h Qs]
carlospit300: checks 
worker0k: bets $1.76
carlospit300: calls $1.76
*** TURN *** [4c 2h Qs] [3d]
carlospit300: checks 
worker0k: checks 
*** RIVER *** [4c 2h Qs 3d] [9s]
carlospit300: checks 
worker0k: checks 
*** SHOW DOWN ***
carlospit300: shows [4s Tc] (a pair of Fours)
worker0k: mucks hand 
carlospit300 collected $8.66 from pot
*** SUMMARY ***
Total pot $9.12 | Rake $0.46 
Board [4c 2h Qs 3d 9s]
Seat 6: Nicedaymybro
Seat 1: coeeeelho folded before Flop (didn't bet)
Seat 2: blistein folded before Flop (didn't bet)
Seat 3: worker0k (button) mucked
Seat 4: carlospit300 (small blind) showed [4s Tc] and won ($8.66) with a pair of Fours
Seat 5: KarP93 (big blind) folded before Flop



PokerStars Hand #254580661636:  Hold'em No Limit ($0.50/$1.00 USD) - 2025/01/27 16:54:44 WET [2025/01/27 11:54:44 ET]
Table 'Eunomia IV' 6-max Seat #4 is the button
Seat 6: Nicedaymybro ($100 in chips) is sitting out
Seat 1: coeeeelho ($103.24 in chips) 
Seat 2: blistein ($100 in chips) 
Seat 3: worker0k ($100 in chips) 
Seat 4: carlospit300 ($43.90 in chips) 
Seat 5: KarP93 ($174.87 in chips) 
KarP93: posts small blind $0.50
coeeeelho: posts big blind $1
*** HOLE CARDS ***
blistein: folds 
worker0k: folds 
carlospit300: raises $1 to $2
KarP93: folds 
coeeeelho: calls $1
*** FLOP *** [6d 8c 7d]
coeeeelho: checks 
carlospit300: checks 
*** TURN *** [6d 8c 7d] [Js]
coeeeelho: bets $3.21
carlospit300: folds 
Uncalled bet ($3.21) returned to coeeeelho
coeeeelho collected $4.28 from pot
*** SUMMARY ***
Total pot $4.50 | Rake $0.22 
Board [6d 8c 7d Js]
Seat 6: Nicedaymybro
Seat 1: coeeeelho (big blind) collected ($4.28)
Seat 2: blistein folded before Flop (didn't bet)
Seat 3: worker0k folded before Flop (didn't bet)
Seat 4: carlospit300 (button) folded on the Turn
Seat 5: KarP93 (small blind) folded before Flop



PokerStars Hand #254580671618:  Hold'em No Limit ($0.50/$1.00 USD) - 2025/01/27 16:55:34 WET [2025/01/27 11:55:34 ET]
Table 'Eunomia IV' 6-max Seat #5 is the button
Seat 2: blistein ($100 in chips) is sitting out
Seat 3: worker0k ($100 in chips) is sitting out
Seat 6: Nicedaymybro ($100 in chips) is sitting out
Seat 1: coeeeelho ($105.52 in chips) 
Seat 4: carlospit300 ($41.90 in chips) 
Seat 5: KarP93 ($174.37 in chips) 
coeeeelho: posts small blind $0.50
blistein: is sitting out 
worker0k: is sitting out 
carlospit300: posts big blind $1
*** HOLE CARDS ***
KarP93: folds 
blistein leaves the table
worker0k leaves the table
BoyLoc0 joins the table at seat #2 
coeeeelho: raises $2 to $3
carlospit300: calls $2
*** FLOP *** [2c 4s Qc]
coeeeelho: bets $1.43
carlospit300: raises $4.28 to $5.71
AlexEliseev7 joins the table at seat #3 
coeeeelho: folds 
Uncalled bet ($4.28) returned to carlospit300
carlospit300 collected $8.42 from pot
*** SUMMARY ***
Total pot $8.86 | Rake $0.44 
Board [2c 4s Qc]
Seat 2: blistein
Seat 3: worker0k
Seat 6: Nicedaymybro
Seat 1: coeeeelho (small blind) folded on the Flop
Seat 4: carlospit300 (big blind) collected ($8.42)
Seat 5: KarP93 (button) folded before Flop (didn't bet)



PokerStars Hand #254580678335:  Hold'em No Limit ($0.50/$1.00 USD) - 2025/01/27 16:56:12 WET [2025/01/27 11:56:12 ET]
Table 'Eunomia IV' 6-max Seat #1 is the button
Seat 2: BoyLoc0 ($100 in chips) is sitting out
Seat 3: AlexEliseev7 ($100 in chips) is sitting out
Seat 6: Nicedaymybro ($100 in chips) is sitting out
Seat 1: coeeeelho ($101.09 in chips) 
Seat 4: carlospit300 ($45.89 in chips) 
Seat 5: KarP93 ($174.37 in chips) 
carlospit300: posts small blind $0.50
KarP93: posts big blind $1
Nicedaymybro: sits out 
*** HOLE CARDS ***
coeeeelho: folds 
carlospit300: calls $0.50
KarP93: checks 
*** FLOP *** [8d 9c Tc]
carlospit300: checks 
KarP93: checks 
*** TURN *** [8d 9c Tc] [Td]
carlospit300: checks 
KarP93: checks 
*** RIVER *** [8d 9c Tc Td] [7s]
carlospit300: checks 
KarP93: bets $1.43
carlospit300: folds 
Uncalled bet ($1.43) returned to KarP93
KarP93 collected $1.90 from pot
KarP93: doesn't show hand 
*** SUMMARY ***
Total pot $2 | Rake $0.10 
Board [8d 9c Tc Td 7s]
Seat 2: BoyLoc0
Seat 3: AlexEliseev7
Seat 6: Nicedaymybro
Seat 1: coeeeelho (button) folded before Flop (didn't bet)
Seat 4: carlospit300 (small blind) folded on the River
Seat 5: KarP93 (big blind) collected ($1.90)



PokerStars Hand #254580683888:  Hold'em No Limit ($0.50/$1.00 USD) - 2025/01/27 16:56:43 WET [2025/01/27 11:56:43 ET]
Table 'Eunomia IV' 6-max Seat #4 is the button
Seat 2: BoyLoc0 ($100 in chips) is sitting out
Seat 3: AlexEliseev7 ($100 in chips) is sitting out
Seat 1: coeeeelho ($101.09 in chips) 
Seat 4: carlospit300 ($44.89 in chips) 
Seat 5: KarP93 ($175.27 in chips) 
Seat 6: Nicedaymybro ($100 in chips) 
KarP93: posts small blind $0.50
Nicedaymybro: posts big blind $1
BoyLoc0: sits out 
AlexEliseev7: sits out 
*** HOLE CARDS ***
coeeeelho: folds 
carlospit300: folds 
KarP93: folds 
Uncalled bet ($0.50) returned to Nicedaymybro
Nicedaymybro collected $1 from pot
Nicedaymybro: doesn't show hand 
*** SUMMARY ***
Total pot $1 | Rake $0 
Seat 2: BoyLoc0
Seat 3: AlexEliseev7
Seat 1: coeeeelho folded before Flop (didn't bet)
Seat 4: carlospit300 (button) folded before Flop (didn't bet)
Seat 5: KarP93 (small blind) folded before Flop
Seat 6: Nicedaymybro (big blind) collected ($1)



PokerStars Hand #254580685492:  Hold'em No Limit ($0.50/$1.00 USD) - 2025/01/27 16:56:52 WET [2025/01/27 11:56:52 ET]
Table 'Eunomia IV' 6-max Seat #5 is the button
Seat 2: BoyLoc0 ($100 in chips) is sitting out
Seat 3: AlexEliseev7 ($100 in chips) is sitting out
Seat 1: coeeeelho ($101.09 in chips) 
Seat 4: carlospit300 ($44.89 in chips) 
Seat 5: KarP93 ($174.77 in chips) 
Seat 6: Nicedaymybro ($100.50 in chips) 
Nicedaymybro: posts small blind $0.50
coeeeelho: posts big blind $1
BoyLoc0: sits out 
AlexEliseev7: sits out 
*** HOLE CARDS ***
carlospit300: raises $1 to $2
KarP93: calls $2
Nicedaymybro: calls $1.50
coeeeelho: calls $1
*** FLOP *** [4s As Ks]
Nicedaymybro: checks 
coeeeelho: checks 
carlospit300: checks 
KarP93: checks 
*** TURN *** [4s As Ks] [Jc]
Nicedaymybro: checks 
coeeeelho: checks 
carlospit300: checks 
KarP93: checks 
*** RIVER *** [4s As Ks Jc] [Qs]
Nicedaymybro: checks 
coeeeelho: bets $5
carlospit300: folds 
KarP93: calls $5
Nicedaymybro: folds 
*** SHOW DOWN ***
coeeeelho: shows [8d 9s] (a flush, Ace high)
KarP93: mucks hand 
coeeeelho collected $17.10 from pot
*** SUMMARY ***
Total pot $18 | Rake $0.90 
Board [4s As Ks Jc Qs]
Seat 2: BoyLoc0
Seat 3: AlexEliseev7
Seat 1: coeeeelho (big blind) showed [8d 9s] and won ($17.10) with a flush, Ace high
Seat 4: carlospit300 folded on the River
Seat 5: KarP93 (button) mucked
Seat 6: Nicedaymybro (small blind) folded on the River



PokerStars Hand #254580701583:  Hold'em No Limit ($0.50/$1.00 USD) - 2025/01/27 16:58:23 WET [2025/01/27 11:58:23 ET]
Table 'Eunomia IV' 6-max Seat #6 is the button
Seat 3: AlexEliseev7 ($100 in chips) is sitting out
Seat 1: coeeeelho ($111.19 in chips) 
Seat 2: BoyLoc0 ($100 in chips) 
Seat 4: carlospit300 ($42.89 in chips) 
Seat 5: KarP93 ($167.77 in chips) 
Seat 6: Nicedaymybro ($100 in chips) 
coeeeelho: posts small blind $0.50
BoyLoc0: posts big blind $1
AlexEliseev7: sits out 
*** HOLE CARDS ***
carlospit300: raises $1 to $2
KarP93: folds 
Nicedaymybro: folds 
coeeeelho: folds 
BoyLoc0: folds 
Uncalled bet ($1) returned to carlospit300
carlospit300 collected $2.50 from pot
*** SUMMARY ***
Total pot $2.50 | Rake $0 
Seat 3: AlexEliseev7
Seat 1: coeeeelho (small blind) folded before Flop
Seat 2: BoyLoc0 (big blind) folded before Flop
Seat 4: carlospit300 collected ($2.50)
Seat 5: KarP93 folded before Flop (didn't bet)
Seat 6: Nicedaymybro (button) folded before Flop (didn't bet)



PokerStars Hand #254580704205:  Hold'em No Limit ($0.50/$1.00 USD) - 2025/01/27 16:58:38 WET [2025/01/27 11:58:38 ET]
Table 'Eunomia IV' 6-max Seat #1 is the button
Seat 1: coeeeelho ($110.69 in chips) 
Seat 2: BoyLoc0 ($100 in chips) 
Seat 3: AlexEliseev7 ($100 in chips) 
Seat 4: carlospit300 ($44.39 in chips) 
Seat 5: KarP93 ($167.77 in chips) 
Seat 6: Nicedaymybro ($100 in chips) 
BoyLoc0: posts small blind $0.50
AlexEliseev7: posts big blind $1
*** HOLE CARDS ***
carlospit300: folds 
KarP93: folds 
Nicedaymybro: folds 
coeeeelho: raises $1.50 to $2.50
BoyLoc0: folds 
AlexEliseev7: folds 
Uncalled bet ($1.50) returned to coeeeelho
coeeeelho collected $2.50 from pot
*** SUMMARY ***
Total pot $2.50 | Rake $0 
Seat 1: coeeeelho (button) collected ($2.50)
Seat 2: BoyLoc0 (small blind) folded before Flop
Seat 3: AlexEliseev7 (big blind) folded before Flop
Seat 4: carlospit300 folded before Flop (didn't bet)
Seat 5: KarP93 folded before Flop (didn't bet)
Seat 6: Nicedaymybro folded before Flop (didn't bet)



PokerStars Hand #254580708921:  Hold'em No Limit ($0.50/$1.00 USD) - 2025/01/27 16:59:04 WET [2025/01/27 11:59:04 ET]
Table 'Eunomia IV' 6-max Seat #2 is the button
Seat 1: coeeeelho ($112.19 in chips) 
Seat 2: BoyLoc0 ($100 in chips) 
Seat 3: AlexEliseev7 ($100 in chips) 
Seat 4: carlospit300 ($44.39 in chips) 
Seat 5: KarP93 ($167.77 in chips) 
Seat 6: Nicedaymybro ($100 in chips) 
AlexEliseev7: posts small blind $0.50
carlospit300: posts big blind $1
*** HOLE CARDS ***
KarP93: folds 
Nicedaymybro: folds 
coeeeelho: folds 
BoyLoc0: raises $1.50 to $2.50
AlexEliseev7: folds 
carlospit300: calls $1.50
*** FLOP *** [2c 7c 6c]
carlospit300: checks 
BoyLoc0: checks 
*** TURN *** [2c 7c 6c] [9c]
carlospit300: checks 
BoyLoc0: checks 
*** RIVER *** [2c 7c 6c 9c] [Th]
carlospit300: checks 
BoyLoc0: checks 
*** SHOW DOWN ***
carlospit300: shows [Ts 8d] (a straight, Six to Ten)
BoyLoc0: mucks hand 
carlospit300 collected $5.22 from pot
*** SUMMARY ***
Total pot $5.50 | Rake $0.28 
Board [2c 7c 6c 9c Th]
Seat 1: coeeeelho folded before Flop (didn't bet)
Seat 2: BoyLoc0 (button) mucked
Seat 3: AlexEliseev7 (small blind) folded before Flop
Seat 4: carlospit300 (big blind) showed [Ts 8d] and won ($5.22) with a straight, Six to Ten
Seat 5: KarP93 folded before Flop (didn't bet)
Seat 6: Nicedaymybro folded before Flop (didn't bet)



