PokerStars Hand #254577517396:  Hold'em No Limit ($0.50/$1.00 USD) - 2025/01/27 12:00:22 WET [2025/01/27 7:00:22 ET]
Table 'Gotz IV' 6-max Seat #4 is the button
Seat 2: magzi777 ($100 in chips) is sitting out
Seat 5: mr.Jckpot ($100 in chips) is sitting out
Seat 1: Gfoer ($102.75 in chips) 
Seat 3: zZQuiltedZz ($9.22 in chips) 
Seat 4: Pippa83 ($103.25 in chips) 
Seat 6: Eazyeeb ($66.74 in chips) 
Eazyeeb: posts small blind $0.50
Gfoer: posts big blind $1
magzi777: sits out 
*** HOLE CARDS ***
zZQuiltedZz: calls $1
Pippa83: raises $2.50 to $3.50
Eazyeeb: folds 
Gfoer: folds 
zZQuiltedZz: raises $5.72 to $9.22 and is all-in
Pippa83: calls $5.72
Eazyeeb leaves the table
*** FLOP *** [3d Kh 8c]
*** TURN *** [3d Kh 8c] [6d]
*** RIVER *** [3d Kh 8c 6d] [7c]
*** SHOW DOWN ***
zZQuiltedZz: shows [Qc Kc] (a pair of Kings)
Pippa83: shows [Ac Jd] (high card Ace)
zZQuiltedZz collected $18.94 from pot
*** SUMMARY ***
Total pot $19.94 | Rake $1 
Board [3d Kh 8c 6d 7c]
Seat 2: magzi777
Seat 5: mr.Jckpot
Seat 1: Gfoer (big blind) folded before Flop
Seat 3: zZQuiltedZz showed [Qc Kc] and won ($18.94) with a pair of Kings
Seat 4: Pippa83 (button) showed [Ac Jd] and lost with high card Ace
Seat 6: Eazyeeb (small blind) folded before Flop



PokerStars Hand #254577521559:  Hold'em No Limit ($0.50/$1.00 USD) - 2025/01/27 12:00:58 WET [2025/01/27 7:00:58 ET]
Table 'Gotz IV' 6-max Seat #1 is the button
Seat 2: magzi777 ($100 in chips) is sitting out
Seat 5: mr.Jckpot ($100 in chips) is sitting out
Seat 1: Gfoer ($101.75 in chips) 
Seat 3: zZQuiltedZz ($18.94 in chips) 
Seat 4: Pippa83 ($100 in chips) 
zZQuiltedZz: posts small blind $0.50
Pippa83: posts big blind $1
mr.Jckpot: sits out 
*** HOLE CARDS ***
Gfoer: folds 
zZQuiltedZz: folds 
Uncalled bet ($0.50) returned to Pippa83
Pippa83 collected $1 from pot
Pippa83: doesn't show hand 
*** SUMMARY ***
Total pot $1 | Rake $0 
Seat 2: magzi777
Seat 5: mr.Jckpot
Seat 1: Gfoer (button) folded before Flop (didn't bet)
Seat 3: zZQuiltedZz (small blind) folded before Flop
Seat 4: Pippa83 (big blind) collected ($1)



PokerStars Hand #254577522366:  Hold'em No Limit ($0.50/$1.00 USD) - 2025/01/27 12:01:04 WET [2025/01/27 7:01:04 ET]
Table 'Gotz IV' 6-max Seat #3 is the button
Seat 2: magzi777 ($100 in chips) is sitting out
Seat 1: Gfoer ($101.75 in chips) 
Seat 3: zZQuiltedZz ($18.44 in chips) 
Seat 4: Pippa83 ($100.50 in chips) 
Seat 5: mr.Jckpot ($100 in chips) 
Pippa83: posts small blind $0.50
mr.Jckpot: posts big blind $1
magzi777: sits out 
*** HOLE CARDS ***
Gfoer: folds 
zZQuiltedZz: folds 
Pippa83: folds 
Uncalled bet ($0.50) returned to mr.Jckpot
mr.Jckpot collected $1 from pot
mr.Jckpot: doesn't show hand 
*** SUMMARY ***
Total pot $1 | Rake $0 
Seat 2: magzi777
Seat 1: Gfoer folded before Flop (didn't bet)
Seat 3: zZQuiltedZz (button) folded before Flop (didn't bet)
Seat 4: Pippa83 (small blind) folded before Flop
Seat 5: mr.Jckpot (big blind) collected ($1)



PokerStars Hand #254577524399:  Hold'em No Limit ($0.50/$1.00 USD) - 2025/01/27 12:01:20 WET [2025/01/27 7:01:20 ET]
Table 'Gotz IV' 6-max Seat #4 is the button
Seat 1: Gfoer ($101.75 in chips) is sitting out
Seat 2: magzi777 ($100 in chips) 
Seat 3: zZQuiltedZz ($18.44 in chips) 
Seat 4: Pippa83 ($100 in chips) 
Seat 5: mr.Jckpot ($100.50 in chips) 
mr.Jckpot: posts small blind $0.50
Gfoer: is sitting out 
magzi777: posts big blind $1
*** HOLE CARDS ***
AlexEliseev7 joins the table at seat #6 
zZQuiltedZz: calls $1
Pippa83: raises $2.50 to $3.50
Gfoer leaves the table
mr.Jckpot: folds 
magzi777: folds 
zZQuiltedZz: calls $2.50
*** FLOP *** [3h 7h 5h]
zZQuiltedZz: bets $1
Pippa83: calls $1
*** TURN *** [3h 7h 5h] [Qs]
zZQuiltedZz: checks 
Pippa83: checks 
*** RIVER *** [3h 7h 5h Qs] [Ks]
kagam joins the table at seat #1 
kagam is disconnected 
zZQuiltedZz: checks 
Pippa83: checks 
*** SHOW DOWN ***
zZQuiltedZz: shows [Jd Th] (high card King)
Pippa83: shows [5s Ac] (a pair of Fives)
Pippa83 collected $9.98 from pot
*** SUMMARY ***
Total pot $10.50 | Rake $0.52 
Board [3h 7h 5h Qs Ks]
Seat 1: Gfoer
Seat 2: magzi777 (big blind) folded before Flop
Seat 3: zZQuiltedZz showed [Jd Th] and lost with high card King
Seat 4: Pippa83 (button) showed [5s Ac] and won ($9.98) with a pair of Fives
Seat 5: mr.Jckpot (small blind) folded before Flop



PokerStars Hand #254577529220:  Hold'em No Limit ($0.50/$1.00 USD) - 2025/01/27 12:01:57 WET [2025/01/27 7:01:57 ET]
Table 'Gotz IV' 6-max Seat #5 is the button
Seat 1: kagam ($100 in chips) is sitting out
Seat 6: AlexEliseev7 ($100 in chips) is sitting out
Seat 2: magzi777 ($100 in chips) 
Seat 3: zZQuiltedZz ($13.94 in chips) 
Seat 4: Pippa83 ($105.48 in chips) 
Seat 5: mr.Jckpot ($100 in chips) 
magzi777: posts small blind $0.50
zZQuiltedZz: posts big blind $1
*** HOLE CARDS ***
Pippa83: folds 
mr.Jckpot: folds 
magzi777: folds 
Uncalled bet ($0.50) returned to zZQuiltedZz
zZQuiltedZz collected $1 from pot
*** SUMMARY ***
Total pot $1 | Rake $0 
Seat 1: kagam
Seat 6: AlexEliseev7
Seat 2: magzi777 (small blind) folded before Flop
Seat 3: zZQuiltedZz (big blind) collected ($1)
Seat 4: Pippa83 folded before Flop (didn't bet)
Seat 5: mr.Jckpot (button) folded before Flop (didn't bet)



PokerStars Hand #254577530494:  Hold'em No Limit ($0.50/$1.00 USD) - 2025/01/27 12:02:07 WET [2025/01/27 7:02:07 ET]
Table 'Gotz IV' 6-max Seat #2 is the button
Seat 1: kagam ($100 in chips) is sitting out
Seat 6: AlexEliseev7 ($100 in chips) is sitting out
Seat 2: magzi777 ($100 in chips) 
Seat 3: zZQuiltedZz ($14.44 in chips) 
Seat 4: Pippa83 ($105.48 in chips) 
Seat 5: mr.Jckpot ($100 in chips) 
zZQuiltedZz: posts small blind $0.50
Pippa83: posts big blind $1
AlexEliseev7: sits out 
kagam: sits out 
*** HOLE CARDS ***
mr.Jckpot: folds 
magzi777: folds 
zZQuiltedZz: calls $0.50
Pippa83: raises $2.50 to $3.50
zZQuiltedZz: folds 
Uncalled bet ($2.50) returned to Pippa83
Pippa83 collected $2 from pot
Pippa83: doesn't show hand 
*** SUMMARY ***
Total pot $2 | Rake $0 
Seat 1: kagam
Seat 6: AlexEliseev7
Seat 2: magzi777 (button) folded before Flop (didn't bet)
Seat 3: zZQuiltedZz (small blind) folded before Flop
Seat 4: Pippa83 (big blind) collected ($2)
Seat 5: mr.Jckpot folded before Flop (didn't bet)



PokerStars Hand #254577532477:  Hold'em No Limit ($0.50/$1.00 USD) - 2025/01/27 12:02:22 WET [2025/01/27 7:02:22 ET]
Table 'Gotz IV' 6-max Seat #3 is the button
Seat 1: kagam ($100 in chips) is sitting out
Seat 6: AlexEliseev7 ($100 in chips) is sitting out
Seat 2: magzi777 ($100 in chips) 
Seat 3: zZQuiltedZz ($13.44 in chips) 
Seat 4: Pippa83 ($106.48 in chips) 
Seat 5: mr.Jckpot ($100 in chips) 
Pippa83: posts small blind $0.50
mr.Jckpot: posts big blind $1
AlexEliseev7: sits out 
kagam: sits out 
*** HOLE CARDS ***
magzi777: raises $1.50 to $2.50
zZQuiltedZz: folds 
Pippa83: folds 
mr.Jckpot: folds 
Uncalled bet ($1.50) returned to magzi777
magzi777 collected $2.50 from pot
*** SUMMARY ***
Total pot $2.50 | Rake $0 
Seat 1: kagam
Seat 6: AlexEliseev7
Seat 2: magzi777 collected ($2.50)
Seat 3: zZQuiltedZz (button) folded before Flop (didn't bet)
Seat 4: Pippa83 (small blind) folded before Flop
Seat 5: mr.Jckpot (big blind) folded before Flop



PokerStars Hand #254577534521:  Hold'em No Limit ($0.50/$1.00 USD) - 2025/01/27 12:02:38 WET [2025/01/27 7:02:38 ET]
Table 'Gotz IV' 6-max Seat #4 is the button
Seat 1: kagam ($100 in chips) is sitting out
Seat 2: magzi777 ($101.50 in chips) 
Seat 3: zZQuiltedZz ($13.44 in chips) 
Seat 4: Pippa83 ($105.98 in chips) 
Seat 5: mr.Jckpot ($100 in chips) 
Seat 6: AlexEliseev7 ($100 in chips) 
mr.Jckpot: posts small blind $0.50
AlexEliseev7: posts big blind $1
kagam: sits out 
*** HOLE CARDS ***
magzi777: folds 
zZQuiltedZz: folds 
Pippa83: folds 
mr.Jckpot: folds 
Uncalled bet ($0.50) returned to AlexEliseev7
AlexEliseev7 collected $1 from pot
AlexEliseev7: doesn't show hand 
*** SUMMARY ***
Total pot $1 | Rake $0 
Seat 1: kagam
Seat 2: magzi777 folded before Flop (didn't bet)
Seat 3: zZQuiltedZz folded before Flop (didn't bet)
Seat 4: Pippa83 (button) folded before Flop (didn't bet)
Seat 5: mr.Jckpot (small blind) folded before Flop
Seat 6: AlexEliseev7 (big blind) collected ($1)



PokerStars Hand #254577536095:  Hold'em No Limit ($0.50/$1.00 USD) - 2025/01/27 12:02:50 WET [2025/01/27 7:02:50 ET]
Table 'Gotz IV' 6-max Seat #5 is the button
Seat 1: kagam ($100 in chips) 
Seat 2: magzi777 ($101.50 in chips) 
Seat 3: zZQuiltedZz ($13.44 in chips) 
Seat 4: Pippa83 ($105.98 in chips) 
Seat 5: mr.Jckpot ($100 in chips) 
Seat 6: AlexEliseev7 ($100.50 in chips) 
AlexEliseev7: posts small blind $0.50
kagam: posts big blind $1
*** HOLE CARDS ***
magzi777: folds 
zZQuiltedZz: calls $1
Pippa83: folds 
mr.Jckpot: folds 
AlexEliseev7: folds 
kagam: checks 
*** FLOP *** [Jd Ah 7c]
kagam: checks 
zZQuiltedZz: checks 
*** TURN *** [Jd Ah 7c] [7h]
kagam: checks 
zZQuiltedZz: bets $1
kagam: calls $1
*** RIVER *** [Jd Ah 7c 7h] [Jh]
kagam: checks 
zZQuiltedZz: bets $4.28
kagam: calls $4.28
*** SHOW DOWN ***
zZQuiltedZz: shows [Jc Qh] (a full house, Jacks full of Sevens)
kagam: mucks hand 
zZQuiltedZz collected $12.41 from pot
*** SUMMARY ***
Total pot $13.06 | Rake $0.65 
Board [Jd Ah 7c 7h Jh]
Seat 1: kagam (big blind) mucked
Seat 2: magzi777 folded before Flop (didn't bet)
Seat 3: zZQuiltedZz showed [Jc Qh] and won ($12.41) with a full house, Jacks full of Sevens
Seat 4: Pippa83 folded before Flop (didn't bet)
Seat 5: mr.Jckpot (button) folded before Flop (didn't bet)
Seat 6: AlexEliseev7 (small blind) folded before Flop



PokerStars Hand #254577541246:  Hold'em No Limit ($0.50/$1.00 USD) - 2025/01/27 12:03:28 WET [2025/01/27 7:03:28 ET]
Table 'Gotz IV' 6-max Seat #6 is the button
Seat 1: kagam ($93.72 in chips) 
Seat 2: magzi777 ($101.50 in chips) 
Seat 3: zZQuiltedZz ($19.57 in chips) 
Seat 4: Pippa83 ($105.98 in chips) 
Seat 5: mr.Jckpot ($100 in chips) 
Seat 6: AlexEliseev7 ($100 in chips) 
kagam: posts small blind $0.50
magzi777: posts big blind $1
*** HOLE CARDS ***
zZQuiltedZz: calls $1
Pippa83: raises $3 to $4
mr.Jckpot: folds 
AlexEliseev7: folds 
kagam: folds 
magzi777: raises $10 to $14
zZQuiltedZz: folds 
Pippa83: folds 
Uncalled bet ($10) returned to magzi777
magzi777 collected $9.50 from pot
*** SUMMARY ***
Total pot $9.50 | Rake $0 
Seat 1: kagam (small blind) folded before Flop
Seat 2: magzi777 (big blind) collected ($9.50)
Seat 3: zZQuiltedZz folded before Flop
Seat 4: Pippa83 folded before Flop
Seat 5: mr.Jckpot folded before Flop (didn't bet)
Seat 6: AlexEliseev7 (button) folded before Flop (didn't bet)



PokerStars Hand #254577545238:  Hold'em No Limit ($0.50/$1.00 USD) - 2025/01/27 12:03:58 WET [2025/01/27 7:03:58 ET]
Table 'Gotz IV' 6-max Seat #1 is the button
Seat 1: kagam ($93.22 in chips) 
Seat 2: magzi777 ($107 in chips) 
Seat 3: zZQuiltedZz ($18.57 in chips) 
Seat 4: Pippa83 ($101.98 in chips) 
Seat 5: mr.Jckpot ($100 in chips) 
Seat 6: AlexEliseev7 ($100 in chips) 
magzi777: posts small blind $0.50
zZQuiltedZz: posts big blind $1
*** HOLE CARDS ***
Pippa83: folds 
mr.Jckpot: raises $1.50 to $2.50
AlexEliseev7: folds 
kagam: raises $6.50 to $9
magzi777: folds 
zZQuiltedZz: raises $9.57 to $18.57 and is all-in
mr.Jckpot: folds 
kagam: calls $9.57
*** FLOP *** [Kd 4c Jd]
*** TURN *** [Kd 4c Jd] [9h]
*** RIVER *** [Kd 4c Jd 9h] [6c]
*** SHOW DOWN ***
zZQuiltedZz: shows [Ad Ac] (a pair of Aces)
kagam: shows [7s 7h] (a pair of Sevens)
zZQuiltedZz collected $38.13 from pot
*** SUMMARY ***
Total pot $40.14 | Rake $2.01 
Board [Kd 4c Jd 9h 6c]
Seat 1: kagam (button) showed [7s 7h] and lost with a pair of Sevens
Seat 2: magzi777 (small blind) folded before Flop
Seat 3: zZQuiltedZz (big blind) showed [Ad Ac] and won ($38.13) with a pair of Aces
Seat 4: Pippa83 folded before Flop (didn't bet)
Seat 5: mr.Jckpot folded before Flop
Seat 6: AlexEliseev7 folded before Flop (didn't bet)



PokerStars Hand #254577550618:  Hold'em No Limit ($0.50/$1.00 USD) - 2025/01/27 12:04:39 WET [2025/01/27 7:04:39 ET]
Table 'Gotz IV' 6-max Seat #2 is the button
Seat 1: kagam ($74.65 in chips) 
Seat 2: magzi777 ($106.50 in chips) 
Seat 3: zZQuiltedZz ($38.13 in chips) 
Seat 4: Pippa83 ($101.98 in chips) 
Seat 5: mr.Jckpot ($100 in chips) 
Seat 6: AlexEliseev7 ($100 in chips) 
zZQuiltedZz: posts small blind $0.50
Pippa83: posts big blind $1
*** HOLE CARDS ***
mr.Jckpot: raises $1.50 to $2.50
AlexEliseev7: folds 
kagam: folds 
magzi777: folds 
zZQuiltedZz: folds 
Pippa83: calls $1.50
*** FLOP *** [Qs Jc 9c]
Pippa83: checks 
mr.Jckpot: bets $3.39
Pippa83: calls $3.39
*** TURN *** [Qs Jc 9c] [Kd]
Pippa83: checks 
mr.Jckpot: checks 
*** RIVER *** [Qs Jc 9c Kd] [Ks]
Pippa83: checks 
mr.Jckpot: checks 
*** SHOW DOWN ***
Pippa83: shows [Th Ts] (a straight, Nine to King)
mr.Jckpot: mucks hand 
Pippa83 collected $11.67 from pot
*** SUMMARY ***
Total pot $12.28 | Rake $0.61 
Board [Qs Jc 9c Kd Ks]
Seat 1: kagam folded before Flop (didn't bet)
Seat 2: magzi777 (button) folded before Flop (didn't bet)
Seat 3: zZQuiltedZz (small blind) folded before Flop
Seat 4: Pippa83 (big blind) showed [Th Ts] and won ($11.67) with a straight, Nine to King
Seat 5: mr.Jckpot mucked
Seat 6: AlexEliseev7 folded before Flop (didn't bet)



PokerStars Hand #254577557742:  Hold'em No Limit ($0.50/$1.00 USD) - 2025/01/27 12:05:32 WET [2025/01/27 7:05:32 ET]
Table 'Gotz IV' 6-max Seat #3 is the button
Seat 5: mr.Jckpot ($100 in chips) is sitting out
Seat 1: kagam ($74.65 in chips) 
Seat 2: magzi777 ($106.50 in chips) 
Seat 3: zZQuiltedZz ($37.63 in chips) 
Seat 4: Pippa83 ($107.76 in chips) 
Seat 6: AlexEliseev7 ($100 in chips) 
Pippa83: posts small blind $0.50
mr.Jckpot: is sitting out 
AlexEliseev7: posts big blind $1
*** HOLE CARDS ***
kagam: folds 
magzi777: folds 
mr.Jckpot leaves the table
zZQuiltedZz: calls $1
Pippa83: folds 
AlexEliseev7: checks 
*** FLOP *** [2d 2s 6d]
AlexEliseev7: checks 
zZQuiltedZz: bets $1
AlexEliseev7: folds 
Uncalled bet ($1) returned to zZQuiltedZz
zZQuiltedZz collected $2.38 from pot
*** SUMMARY ***
Total pot $2.50 | Rake $0.12 
Board [2d 2s 6d]
Seat 5: mr.Jckpot
Seat 1: kagam folded before Flop (didn't bet)
Seat 2: magzi777 folded before Flop (didn't bet)
Seat 3: zZQuiltedZz (button) collected ($2.38)
Seat 4: Pippa83 (small blind) folded before Flop
Seat 6: AlexEliseev7 (big blind) folded on the Flop



PokerStars Hand #254577562827:  Hold'em No Limit ($0.50/$1.00 USD) - 2025/01/27 12:06:10 WET [2025/01/27 7:06:10 ET]
Table 'Gotz IV' 6-max Seat #4 is the button
Seat 1: kagam ($74.65 in chips) 
Seat 2: magzi777 ($106.50 in chips) 
Seat 3: zZQuiltedZz ($39.01 in chips) 
Seat 4: Pippa83 ($107.26 in chips) 
Seat 6: AlexEliseev7 ($100 in chips) 
AlexEliseev7: posts small blind $0.50
kagam: posts big blind $1
*** HOLE CARDS ***
magzi777: folds 
zZQuiltedZz: folds 
Pippa83: raises $1.50 to $2.50
AlexEliseev7: folds 
kagam: folds 
Uncalled bet ($1.50) returned to Pippa83
Pippa83 collected $2.50 from pot
Pippa83: doesn't show hand 
*** SUMMARY ***
Total pot $2.50 | Rake $0 
Seat 1: kagam (big blind) folded before Flop
Seat 2: magzi777 folded before Flop (didn't bet)
Seat 3: zZQuiltedZz folded before Flop (didn't bet)
Seat 4: Pippa83 (button) collected ($2.50)
Seat 6: AlexEliseev7 (small blind) folded before Flop



PokerStars Hand #254577564317:  Hold'em No Limit ($0.50/$1.00 USD) - 2025/01/27 12:06:22 WET [2025/01/27 7:06:22 ET]
Table 'Gotz IV' 6-max Seat #6 is the button
Seat 1: kagam ($73.65 in chips) 
Seat 2: magzi777 ($106.50 in chips) 
Seat 3: zZQuiltedZz ($39.01 in chips) 
Seat 4: Pippa83 ($108.76 in chips) 
Seat 6: AlexEliseev7 ($100 in chips) 
kagam: posts small blind $0.50
magzi777: posts big blind $1
*** HOLE CARDS ***
raiseinthedarkk joins the table at seat #5 
zZQuiltedZz: raises $1 to $2
Pippa83: folds 
AlexEliseev7: folds 
kagam: folds 
magzi777: folds 
Uncalled bet ($1) returned to zZQuiltedZz
zZQuiltedZz collected $2.50 from pot
*** SUMMARY ***
Total pot $2.50 | Rake $0 
Seat 1: kagam (small blind) folded before Flop
Seat 2: magzi777 (big blind) folded before Flop
Seat 3: zZQuiltedZz collected ($2.50)
Seat 4: Pippa83 folded before Flop (didn't bet)
Seat 6: AlexEliseev7 (button) folded before Flop (didn't bet)



PokerStars Hand #254577565946:  Hold'em No Limit ($0.50/$1.00 USD) - 2025/01/27 12:06:34 WET [2025/01/27 7:06:34 ET]
Table 'Gotz IV' 6-max Seat #1 is the button
Seat 5: raiseinthedarkk ($100 in chips) is sitting out
Seat 1: kagam ($73.15 in chips) 
Seat 2: magzi777 ($105.50 in chips) 
Seat 3: zZQuiltedZz ($40.51 in chips) 
Seat 4: Pippa83 ($108.76 in chips) 
Seat 6: AlexEliseev7 ($100 in chips) 
magzi777: posts small blind $0.50
zZQuiltedZz: posts big blind $1
raiseinthedarkk: sits out 
*** HOLE CARDS ***
Pippa83: raises $1.20 to $2.20
AlexEliseev7: folds 
kagam: calls $2.20
magzi777: folds 
zZQuiltedZz: folds 
*** FLOP *** [4h 9h 9c]
Pippa83: checks 
kagam: checks 
*** TURN *** [4h 9h 9c] [6h]
Pippa83: checks 
kagam: bets $2.80
Pippa83: folds 
Uncalled bet ($2.80) returned to kagam
kagam collected $5.60 from pot
*** SUMMARY ***
Total pot $5.90 | Rake $0.30 
Board [4h 9h 9c 6h]
Seat 5: raiseinthedarkk
Seat 1: kagam (button) collected ($5.60)
Seat 2: magzi777 (small blind) folded before Flop
Seat 3: zZQuiltedZz (big blind) folded before Flop
Seat 4: Pippa83 folded on the Turn
Seat 6: AlexEliseev7 folded before Flop (didn't bet)



PokerStars Hand #254577570493:  Hold'em No Limit ($0.50/$1.00 USD) - 2025/01/27 12:07:08 WET [2025/01/27 7:07:08 ET]
Table 'Gotz IV' 6-max Seat #2 is the button
Seat 5: raiseinthedarkk ($100 in chips) is sitting out
Seat 1: kagam ($76.55 in chips) 
Seat 2: magzi777 ($105 in chips) 
Seat 3: zZQuiltedZz ($39.51 in chips) 
Seat 4: Pippa83 ($106.56 in chips) 
Seat 6: AlexEliseev7 ($100 in chips) 
zZQuiltedZz: posts small blind $0.50
Pippa83: posts big blind $1
raiseinthedarkk: sits out 
*** HOLE CARDS ***
AlexEliseev7: raises $1.50 to $2.50
kagam: folds 
magzi777: folds 
zZQuiltedZz: folds 
Pippa83: folds 
Uncalled bet ($1.50) returned to AlexEliseev7
AlexEliseev7 collected $2.50 from pot
AlexEliseev7: doesn't show hand 
*** SUMMARY ***
Total pot $2.50 | Rake $0 
Seat 5: raiseinthedarkk
Seat 1: kagam folded before Flop (didn't bet)
Seat 2: magzi777 (button) folded before Flop (didn't bet)
Seat 3: zZQuiltedZz (small blind) folded before Flop
Seat 4: Pippa83 (big blind) folded before Flop
Seat 6: AlexEliseev7 collected ($2.50)



PokerStars Hand #254577571678:  Hold'em No Limit ($0.50/$1.00 USD) - 2025/01/27 12:07:17 WET [2025/01/27 7:07:17 ET]
Table 'Gotz IV' 6-max Seat #3 is the button
Seat 1: kagam ($76.55 in chips) 
Seat 2: magzi777 ($105 in chips) 
Seat 3: zZQuiltedZz ($39.01 in chips) 
Seat 4: Pippa83 ($105.56 in chips) 
Seat 5: raiseinthedarkk ($100 in chips) 
Seat 6: AlexEliseev7 ($101.50 in chips) 
Pippa83: posts small blind $0.50
raiseinthedarkk: posts big blind $1
*** HOLE CARDS ***
AlexEliseev7: folds 
kagam: raises $2 to $3
magzi777: raises $6 to $9
zZQuiltedZz: folds 
Pippa83: folds 
raiseinthedarkk: folds 
kagam: calls $6
*** FLOP *** [As 7h 9d]
kagam: checks 
magzi777: bets $7.50
kagam: calls $7.50
*** TURN *** [As 7h 9d] [7s]
kagam: checks 
magzi777: bets $21.63
kagam: folds 
Uncalled bet ($21.63) returned to magzi777
magzi777 collected $32.78 from pot
*** SUMMARY ***
Total pot $34.50 | Rake $1.72 
Board [As 7h 9d 7s]
Seat 1: kagam folded on the Turn
Seat 2: magzi777 collected ($32.78)
Seat 3: zZQuiltedZz (button) folded before Flop (didn't bet)
Seat 4: Pippa83 (small blind) folded before Flop
Seat 5: raiseinthedarkk (big blind) folded before Flop
Seat 6: AlexEliseev7 folded before Flop (didn't bet)



PokerStars Hand #254577578165:  Hold'em No Limit ($0.50/$1.00 USD) - 2025/01/27 12:08:06 WET [2025/01/27 7:08:06 ET]
Table 'Gotz IV' 6-max Seat #4 is the button
Seat 1: kagam ($60.05 in chips) 
Seat 2: magzi777 ($121.28 in chips) 
Seat 3: zZQuiltedZz ($39.01 in chips) 
Seat 4: Pippa83 ($105.06 in chips) 
Seat 5: raiseinthedarkk ($100 in chips) 
Seat 6: AlexEliseev7 ($101.50 in chips) 
raiseinthedarkk: posts small blind $0.50
AlexEliseev7: posts big blind $1
*** HOLE CARDS ***
kagam: folds 
magzi777: folds 
zZQuiltedZz: calls $1
Pippa83: folds 
raiseinthedarkk: raises $3 to $4
AlexEliseev7: folds 
zZQuiltedZz: calls $3
*** FLOP *** [2d Js Jc]
raiseinthedarkk: bets $2.14
zZQuiltedZz: raises $2.14 to $4.28
raiseinthedarkk: folds 
Uncalled bet ($2.14) returned to zZQuiltedZz
zZQuiltedZz collected $12.62 from pot
*** SUMMARY ***
Total pot $13.28 | Rake $0.66 
Board [2d Js Jc]
Seat 1: kagam folded before Flop (didn't bet)
Seat 2: magzi777 folded before Flop (didn't bet)
Seat 3: zZQuiltedZz collected ($12.62)
Seat 4: Pippa83 (button) folded before Flop (didn't bet)
Seat 5: raiseinthedarkk (small blind) folded on the Flop
Seat 6: AlexEliseev7 (big blind) folded before Flop



PokerStars Hand #254577586359:  Hold'em No Limit ($0.50/$1.00 USD) - 2025/01/27 12:09:09 WET [2025/01/27 7:09:09 ET]
Table 'Gotz IV' 6-max Seat #5 is the button
Seat 1: kagam ($60.05 in chips) 
Seat 2: magzi777 ($121.28 in chips) 
Seat 3: zZQuiltedZz ($45.49 in chips) 
Seat 4: Pippa83 ($105.06 in chips) 
Seat 5: raiseinthedarkk ($100 in chips) 
Seat 6: AlexEliseev7 ($100.50 in chips) 
AlexEliseev7: posts small blind $0.50
kagam: posts big blind $1
*** HOLE CARDS ***
magzi777: folds 
zZQuiltedZz: folds 
Pippa83: raises $1.50 to $2.50
raiseinthedarkk: folds 
AlexEliseev7: folds 
kagam: folds 
Uncalled bet ($1.50) returned to Pippa83
Pippa83 collected $2.50 from pot
Pippa83: doesn't show hand 
*** SUMMARY ***
Total pot $2.50 | Rake $0 
Seat 1: kagam (big blind) folded before Flop
Seat 2: magzi777 folded before Flop (didn't bet)
Seat 3: zZQuiltedZz folded before Flop (didn't bet)
Seat 4: Pippa83 collected ($2.50)
Seat 5: raiseinthedarkk (button) folded before Flop (didn't bet)
Seat 6: AlexEliseev7 (small blind) folded before Flop



PokerStars Hand #254577588603:  Hold'em No Limit ($0.50/$1.00 USD) - 2025/01/27 12:09:27 WET [2025/01/27 7:09:27 ET]
Table 'Gotz IV' 6-max Seat #6 is the button
Seat 1: kagam ($59.05 in chips) 
Seat 2: magzi777 ($121.28 in chips) 
Seat 3: zZQuiltedZz ($45.49 in chips) 
Seat 4: Pippa83 ($106.56 in chips) 
Seat 5: raiseinthedarkk ($100 in chips) 
Seat 6: AlexEliseev7 ($100 in chips) 
kagam: posts small blind $0.50
magzi777: posts big blind $1
*** HOLE CARDS ***
zZQuiltedZz: folds 
Pippa83: raises $1.20 to $2.20
raiseinthedarkk: folds 
AlexEliseev7: raises $4.80 to $7
kagam: folds 
magzi777: folds 
Pippa83: raises $13.50 to $20.50
AlexEliseev7: folds 
Uncalled bet ($13.50) returned to Pippa83
Pippa83 collected $15.50 from pot
Pippa83: doesn't show hand 
*** SUMMARY ***
Total pot $15.50 | Rake $0 
Seat 1: kagam (small blind) folded before Flop
Seat 2: magzi777 (big blind) folded before Flop
Seat 3: zZQuiltedZz folded before Flop (didn't bet)
Seat 4: Pippa83 collected ($15.50)
Seat 5: raiseinthedarkk folded before Flop (didn't bet)
Seat 6: AlexEliseev7 (button) folded before Flop



PokerStars Hand #254577593157:  Hold'em No Limit ($0.50/$1.00 USD) - 2025/01/27 12:10:01 WET [2025/01/27 7:10:01 ET]
Table 'Gotz IV' 6-max Seat #1 is the button
Seat 1: kagam ($58.55 in chips) 
Seat 2: magzi777 ($120.28 in chips) 
Seat 3: zZQuiltedZz ($45.49 in chips) 
Seat 4: Pippa83 ($115.06 in chips) 
Seat 5: raiseinthedarkk ($100 in chips) 
Seat 6: AlexEliseev7 ($100 in chips) 
magzi777: posts small blind $0.50
zZQuiltedZz: posts big blind $1
*** HOLE CARDS ***
Pippa83: folds 
raiseinthedarkk: folds 
AlexEliseev7: folds 
kagam: folds 
magzi777: folds 
Uncalled bet ($0.50) returned to zZQuiltedZz
zZQuiltedZz collected $1 from pot
*** SUMMARY ***
Total pot $1 | Rake $0 
Seat 1: kagam (button) folded before Flop (didn't bet)
Seat 2: magzi777 (small blind) folded before Flop
Seat 3: zZQuiltedZz (big blind) collected ($1)
Seat 4: Pippa83 folded before Flop (didn't bet)
Seat 5: raiseinthedarkk folded before Flop (didn't bet)
Seat 6: AlexEliseev7 folded before Flop (didn't bet)



PokerStars Hand #254577594491:  Hold'em No Limit ($0.50/$1.00 USD) - 2025/01/27 12:10:11 WET [2025/01/27 7:10:11 ET]
Table 'Gotz IV' 6-max Seat #2 is the button
Seat 1: kagam ($58.55 in chips) 
Seat 2: magzi777 ($119.78 in chips) 
Seat 3: zZQuiltedZz ($45.99 in chips) 
Seat 4: Pippa83 ($115.06 in chips) 
Seat 5: raiseinthedarkk ($100 in chips) 
Seat 6: AlexEliseev7 ($100 in chips) 
zZQuiltedZz: posts small blind $0.50
Pippa83: posts big blind $1
*** HOLE CARDS ***
raiseinthedarkk: folds 
AlexEliseev7: folds 
kagam: folds 
magzi777: raises $1.50 to $2.50
zZQuiltedZz: folds 
Pippa83: calls $1.50
*** FLOP *** [9c Kh 6c]
Pippa83: checks 
magzi777: bets $1.50
Pippa83: folds 
Uncalled bet ($1.50) returned to magzi777
magzi777 collected $5.22 from pot
*** SUMMARY ***
Total pot $5.50 | Rake $0.28 
Board [9c Kh 6c]
Seat 1: kagam folded before Flop (didn't bet)
Seat 2: magzi777 (button) collected ($5.22)
Seat 3: zZQuiltedZz (small blind) folded before Flop
Seat 4: Pippa83 (big blind) folded on the Flop
Seat 5: raiseinthedarkk folded before Flop (didn't bet)
Seat 6: AlexEliseev7 folded before Flop (didn't bet)



PokerStars Hand #254577597591:  Hold'em No Limit ($0.50/$1.00 USD) - 2025/01/27 12:10:35 WET [2025/01/27 7:10:35 ET]
Table 'Gotz IV' 6-max Seat #3 is the button
Seat 1: kagam ($58.55 in chips) 
Seat 2: magzi777 ($122.50 in chips) 
Seat 3: zZQuiltedZz ($45.49 in chips) 
Seat 4: Pippa83 ($112.56 in chips) 
Seat 5: raiseinthedarkk ($100 in chips) 
Seat 6: AlexEliseev7 ($100 in chips) 
Pippa83: posts small blind $0.50
raiseinthedarkk: posts big blind $1
*** HOLE CARDS ***
AlexEliseev7: folds 
kagam: raises $2 to $3
magzi777: folds 
zZQuiltedZz: folds 
Pippa83: folds 
raiseinthedarkk: folds 
Uncalled bet ($2) returned to kagam
kagam collected $2.50 from pot
*** SUMMARY ***
Total pot $2.50 | Rake $0 
Seat 1: kagam collected ($2.50)
Seat 2: magzi777 folded before Flop (didn't bet)
Seat 3: zZQuiltedZz (button) folded before Flop (didn't bet)
Seat 4: Pippa83 (small blind) folded before Flop
Seat 5: raiseinthedarkk (big blind) folded before Flop
Seat 6: AlexEliseev7 folded before Flop (didn't bet)



PokerStars Hand #254577600093:  Hold'em No Limit ($0.50/$1.00 USD) - 2025/01/27 12:10:54 WET [2025/01/27 7:10:54 ET]
Table 'Gotz IV' 6-max Seat #4 is the button
Seat 1: kagam ($60.05 in chips) 
Seat 2: magzi777 ($122.50 in chips) 
Seat 3: zZQuiltedZz ($45.49 in chips) 
Seat 4: Pippa83 ($112.06 in chips) 
Seat 5: raiseinthedarkk ($100 in chips) 
Seat 6: AlexEliseev7 ($100 in chips) 
raiseinthedarkk: posts small blind $0.50
AlexEliseev7: posts big blind $1
*** HOLE CARDS ***
kagam: folds 
magzi777: folds 
zZQuiltedZz: folds 
Pippa83: folds 
raiseinthedarkk: raises $2 to $3
AlexEliseev7: folds 
Uncalled bet ($2) returned to raiseinthedarkk
raiseinthedarkk collected $2 from pot
raiseinthedarkk: doesn't show hand 
*** SUMMARY ***
Total pot $2 | Rake $0 
Seat 1: kagam folded before Flop (didn't bet)
Seat 2: magzi777 folded before Flop (didn't bet)
Seat 3: zZQuiltedZz folded before Flop (didn't bet)
Seat 4: Pippa83 (button) folded before Flop (didn't bet)
Seat 5: raiseinthedarkk (small blind) collected ($2)
Seat 6: AlexEliseev7 (big blind) folded before Flop



PokerStars Hand #254577603587:  Hold'em No Limit ($0.50/$1.00 USD) - 2025/01/27 12:11:21 WET [2025/01/27 7:11:21 ET]
Table 'Gotz IV' 6-max Seat #5 is the button
Seat 1: kagam ($60.05 in chips) 
Seat 2: magzi777 ($122.50 in chips) 
Seat 3: zZQuiltedZz ($45.49 in chips) 
Seat 4: Pippa83 ($112.06 in chips) 
Seat 5: raiseinthedarkk ($101 in chips) 
Seat 6: AlexEliseev7 ($100 in chips) 
AlexEliseev7: posts small blind $0.50
kagam: posts big blind $1
*** HOLE CARDS ***
magzi777: folds 
zZQuiltedZz: calls $1
Pippa83: raises $2.50 to $3.50
raiseinthedarkk: calls $3.50
AlexEliseev7: folds 
kagam: folds 
zZQuiltedZz: folds 
*** FLOP *** [Ah 2c 6c]
Pippa83: checks 
raiseinthedarkk: bets $5.95
Pippa83: folds 
Uncalled bet ($5.95) returned to raiseinthedarkk
raiseinthedarkk collected $9.02 from pot
raiseinthedarkk: doesn't show hand 
*** SUMMARY ***
Total pot $9.50 | Rake $0.48 
Board [Ah 2c 6c]
Seat 1: kagam (big blind) folded before Flop
Seat 2: magzi777 folded before Flop (didn't bet)
Seat 3: zZQuiltedZz folded before Flop
Seat 4: Pippa83 folded on the Flop
Seat 5: raiseinthedarkk (button) collected ($9.02)
Seat 6: AlexEliseev7 (small blind) folded before Flop



PokerStars Hand #254577610820:  Hold'em No Limit ($0.50/$1.00 USD) - 2025/01/27 12:12:16 WET [2025/01/27 7:12:16 ET]
Table 'Gotz IV' 6-max Seat #6 is the button
Seat 1: kagam ($59.05 in chips) 
Seat 2: magzi777 ($122.50 in chips) 
Seat 3: zZQuiltedZz ($44.49 in chips) 
Seat 4: Pippa83 ($108.56 in chips) 
Seat 5: raiseinthedarkk ($106.52 in chips) 
Seat 6: AlexEliseev7 ($100 in chips) 
kagam: posts small blind $0.50
magzi777: posts big blind $1
*** HOLE CARDS ***
zZQuiltedZz: folds 
Pippa83: folds 
raiseinthedarkk: folds 
AlexEliseev7: raises $1.50 to $2.50
kagam: folds 
magzi777: folds 
Uncalled bet ($1.50) returned to AlexEliseev7
AlexEliseev7 collected $2.50 from pot
AlexEliseev7: doesn't show hand 
*** SUMMARY ***
Total pot $2.50 | Rake $0 
Seat 1: kagam (small blind) folded before Flop
Seat 2: magzi777 (big blind) folded before Flop
Seat 3: zZQuiltedZz folded before Flop (didn't bet)
Seat 4: Pippa83 folded before Flop (didn't bet)
Seat 5: raiseinthedarkk folded before Flop (didn't bet)
Seat 6: AlexEliseev7 (button) collected ($2.50)



PokerStars Hand #254577613189:  Hold'em No Limit ($0.50/$1.00 USD) - 2025/01/27 12:12:35 WET [2025/01/27 7:12:35 ET]
Table 'Gotz IV' 6-max Seat #1 is the button
Seat 1: kagam ($58.55 in chips) 
Seat 2: magzi777 ($121.50 in chips) 
Seat 3: zZQuiltedZz ($44.49 in chips) 
Seat 4: Pippa83 ($108.56 in chips) 
Seat 5: raiseinthedarkk ($106.52 in chips) 
Seat 6: AlexEliseev7 ($101.50 in chips) 
magzi777: posts small blind $0.50
zZQuiltedZz: posts big blind $1
*** HOLE CARDS ***
Pippa83: folds 
raiseinthedarkk: folds 
AlexEliseev7: raises $1.50 to $2.50
kagam: folds 
magzi777: folds 
zZQuiltedZz: folds 
Uncalled bet ($1.50) returned to AlexEliseev7
AlexEliseev7 collected $2.50 from pot
AlexEliseev7: doesn't show hand 
*** SUMMARY ***
Total pot $2.50 | Rake $0 
Seat 1: kagam (button) folded before Flop (didn't bet)
Seat 2: magzi777 (small blind) folded before Flop
Seat 3: zZQuiltedZz (big blind) folded before Flop
Seat 4: Pippa83 folded before Flop (didn't bet)
Seat 5: raiseinthedarkk folded before Flop (didn't bet)
Seat 6: AlexEliseev7 collected ($2.50)



PokerStars Hand #254577615307:  Hold'em No Limit ($0.50/$1.00 USD) - 2025/01/27 12:12:51 WET [2025/01/27 7:12:51 ET]
Table 'Gotz IV' 6-max Seat #2 is the button
Seat 1: kagam ($58.55 in chips) 
Seat 2: magzi777 ($121 in chips) 
Seat 3: zZQuiltedZz ($43.49 in chips) 
Seat 4: Pippa83 ($108.56 in chips) 
Seat 5: raiseinthedarkk ($106.52 in chips) 
Seat 6: AlexEliseev7 ($103 in chips) 
zZQuiltedZz: posts small blind $0.50
Pippa83: posts big blind $1
*** HOLE CARDS ***
raiseinthedarkk: folds 
AlexEliseev7: folds 
kagam: folds 
magzi777: raises $1.50 to $2.50
zZQuiltedZz: folds 
Pippa83: folds 
Uncalled bet ($1.50) returned to magzi777
magzi777 collected $2.50 from pot
*** SUMMARY ***
Total pot $2.50 | Rake $0 
Seat 1: kagam folded before Flop (didn't bet)
Seat 2: magzi777 (button) collected ($2.50)
Seat 3: zZQuiltedZz (small blind) folded before Flop
Seat 4: Pippa83 (big blind) folded before Flop
Seat 5: raiseinthedarkk folded before Flop (didn't bet)
Seat 6: AlexEliseev7 folded before Flop (didn't bet)



PokerStars Hand #254577616936:  Hold'em No Limit ($0.50/$1.00 USD) - 2025/01/27 12:13:03 WET [2025/01/27 7:13:03 ET]
Table 'Gotz IV' 6-max Seat #3 is the button
Seat 1: kagam ($58.55 in chips) 
Seat 2: magzi777 ($122.50 in chips) 
Seat 3: zZQuiltedZz ($42.99 in chips) 
Seat 4: Pippa83 ($107.56 in chips) 
Seat 5: raiseinthedarkk ($106.52 in chips) 
Seat 6: AlexEliseev7 ($103 in chips) 
Pippa83: posts small blind $0.50
raiseinthedarkk: posts big blind $1
*** HOLE CARDS ***
AlexEliseev7: folds 
kagam: folds 
magzi777: folds 
zZQuiltedZz: folds 
Pippa83: folds 
Uncalled bet ($0.50) returned to raiseinthedarkk
raiseinthedarkk collected $1 from pot
raiseinthedarkk: doesn't show hand 
*** SUMMARY ***
Total pot $1 | Rake $0 
Seat 1: kagam folded before Flop (didn't bet)
Seat 2: magzi777 folded before Flop (didn't bet)
Seat 3: zZQuiltedZz (button) folded before Flop (didn't bet)
Seat 4: Pippa83 (small blind) folded before Flop
Seat 5: raiseinthedarkk (big blind) collected ($1)
Seat 6: AlexEliseev7 folded before Flop (didn't bet)



PokerStars Hand #254577618000:  Hold'em No Limit ($0.50/$1.00 USD) - 2025/01/27 12:13:12 WET [2025/01/27 7:13:12 ET]
Table 'Gotz IV' 6-max Seat #4 is the button
Seat 1: kagam ($58.55 in chips) 
Seat 2: magzi777 ($122.50 in chips) 
Seat 3: zZQuiltedZz ($42.99 in chips) 
Seat 4: Pippa83 ($107.06 in chips) 
Seat 5: raiseinthedarkk ($107.02 in chips) 
Seat 6: AlexEliseev7 ($103 in chips) 
raiseinthedarkk: posts small blind $0.50
AlexEliseev7: posts big blind $1
*** HOLE CARDS ***
kagam: folds 
magzi777: folds 
zZQuiltedZz: calls $1
Pippa83: folds 
raiseinthedarkk: raises $3 to $4
AlexEliseev7: folds 
zZQuiltedZz: calls $3
*** FLOP *** [9s 9d Ah]
raiseinthedarkk: checks 
zZQuiltedZz: bets $5
raiseinthedarkk: folds 
Uncalled bet ($5) returned to zZQuiltedZz
zZQuiltedZz collected $8.55 from pot
*** SUMMARY ***
Total pot $9 | Rake $0.45 
Board [9s 9d Ah]
Seat 1: kagam folded before Flop (didn't bet)
Seat 2: magzi777 folded before Flop (didn't bet)
Seat 3: zZQuiltedZz collected ($8.55)
Seat 4: Pippa83 (button) folded before Flop (didn't bet)
Seat 5: raiseinthedarkk (small blind) folded on the Flop
Seat 6: AlexEliseev7 (big blind) folded before Flop



PokerStars Hand #254577625231:  Hold'em No Limit ($0.50/$1.00 USD) - 2025/01/27 12:14:07 WET [2025/01/27 7:14:07 ET]
Table 'Gotz IV' 6-max Seat #5 is the button
Seat 1: kagam ($58.55 in chips) 
Seat 2: magzi777 ($122.50 in chips) 
Seat 3: zZQuiltedZz ($47.54 in chips) 
Seat 4: Pippa83 ($107.06 in chips) 
Seat 5: raiseinthedarkk ($103.02 in chips) 
Seat 6: AlexEliseev7 ($102 in chips) 
AlexEliseev7: posts small blind $0.50
kagam: posts big blind $1
*** HOLE CARDS ***
magzi777: folds 
zZQuiltedZz: folds 
Pippa83: raises $1.50 to $2.50
raiseinthedarkk: folds 
AlexEliseev7: raises $9.50 to $12
kagam: folds 
Pippa83: folds 
Uncalled bet ($9.50) returned to AlexEliseev7
AlexEliseev7 collected $6 from pot
AlexEliseev7: doesn't show hand 
*** SUMMARY ***
Total pot $6 | Rake $0 
Seat 1: kagam (big blind) folded before Flop
Seat 2: magzi777 folded before Flop (didn't bet)
Seat 3: zZQuiltedZz folded before Flop (didn't bet)
Seat 4: Pippa83 folded before Flop
Seat 5: raiseinthedarkk (button) folded before Flop (didn't bet)
Seat 6: AlexEliseev7 (small blind) collected ($6)



PokerStars Hand #254577628181:  Hold'em No Limit ($0.50/$1.00 USD) - 2025/01/27 12:14:30 WET [2025/01/27 7:14:30 ET]
Table 'Gotz IV' 6-max Seat #6 is the button
Seat 1: kagam ($57.55 in chips) 
Seat 2: magzi777 ($122.50 in chips) 
Seat 3: zZQuiltedZz ($47.54 in chips) 
Seat 4: Pippa83 ($104.56 in chips) 
Seat 5: raiseinthedarkk ($103.02 in chips) 
Seat 6: AlexEliseev7 ($105.50 in chips) 
kagam: posts small blind $0.50
magzi777: posts big blind $1
*** HOLE CARDS ***
zZQuiltedZz: folds 
Pippa83: raises $1.20 to $2.20
raiseinthedarkk: folds 
AlexEliseev7: folds 
kagam: folds 
magzi777: folds 
Uncalled bet ($1.20) returned to Pippa83
Pippa83 collected $2.50 from pot
Pippa83: doesn't show hand 
*** SUMMARY ***
Total pot $2.50 | Rake $0 
Seat 1: kagam (small blind) folded before Flop
Seat 2: magzi777 (big blind) folded before Flop
Seat 3: zZQuiltedZz folded before Flop (didn't bet)
Seat 4: Pippa83 collected ($2.50)
Seat 5: raiseinthedarkk folded before Flop (didn't bet)
Seat 6: AlexEliseev7 (button) folded before Flop (didn't bet)



PokerStars Hand #254577630570:  Hold'em No Limit ($0.50/$1.00 USD) - 2025/01/27 12:14:49 WET [2025/01/27 7:14:49 ET]
Table 'Gotz IV' 6-max Seat #1 is the button
Seat 1: kagam ($57.05 in chips) 
Seat 2: magzi777 ($121.50 in chips) 
Seat 3: zZQuiltedZz ($47.54 in chips) 
Seat 4: Pippa83 ($106.06 in chips) 
Seat 5: raiseinthedarkk ($103.02 in chips) 
Seat 6: AlexEliseev7 ($105.50 in chips) 
magzi777: posts small blind $0.50
zZQuiltedZz: posts big blind $1
*** HOLE CARDS ***
Pippa83: raises $1.20 to $2.20
raiseinthedarkk: raises $4.80 to $7
AlexEliseev7: folds 
kagam: folds 
magzi777: folds 
zZQuiltedZz: folds 
Pippa83: folds 
Uncalled bet ($4.80) returned to raiseinthedarkk
raiseinthedarkk collected $5.90 from pot
raiseinthedarkk: doesn't show hand 
*** SUMMARY ***
Total pot $5.90 | Rake $0 
Seat 1: kagam (button) folded before Flop (didn't bet)
Seat 2: magzi777 (small blind) folded before Flop
Seat 3: zZQuiltedZz (big blind) folded before Flop
Seat 4: Pippa83 folded before Flop
Seat 5: raiseinthedarkk collected ($5.90)
Seat 6: AlexEliseev7 folded before Flop (didn't bet)



PokerStars Hand #254577632598:  Hold'em No Limit ($0.50/$1.00 USD) - 2025/01/27 12:15:04 WET [2025/01/27 7:15:04 ET]
Table 'Gotz IV' 6-max Seat #2 is the button
Seat 1: kagam ($57.05 in chips) 
Seat 2: magzi777 ($121 in chips) 
Seat 3: zZQuiltedZz ($46.54 in chips) 
Seat 4: Pippa83 ($103.86 in chips) 
Seat 5: raiseinthedarkk ($106.72 in chips) 
Seat 6: AlexEliseev7 ($105.50 in chips) 
zZQuiltedZz: posts small blind $0.50
Pippa83: posts big blind $1
*** HOLE CARDS ***
raiseinthedarkk: raises $1.20 to $2.20
AlexEliseev7: folds 
kagam: raises $5.90 to $8.10
magzi777: folds 
zZQuiltedZz: folds 
Pippa83: folds 
raiseinthedarkk: folds 
Uncalled bet ($5.90) returned to kagam
kagam collected $5.90 from pot
*** SUMMARY ***
Total pot $5.90 | Rake $0 
Seat 1: kagam collected ($5.90)
Seat 2: magzi777 (button) folded before Flop (didn't bet)
Seat 3: zZQuiltedZz (small blind) folded before Flop
Seat 4: Pippa83 (big blind) folded before Flop
Seat 5: raiseinthedarkk folded before Flop
Seat 6: AlexEliseev7 folded before Flop (didn't bet)



PokerStars Hand #254577635353:  Hold'em No Limit ($0.50/$1.00 USD) - 2025/01/27 12:15:25 WET [2025/01/27 7:15:25 ET]
Table 'Gotz IV' 6-max Seat #3 is the button
Seat 1: kagam ($60.75 in chips) 
Seat 2: magzi777 ($121 in chips) 
Seat 3: zZQuiltedZz ($46.04 in chips) 
Seat 4: Pippa83 ($102.86 in chips) 
Seat 5: raiseinthedarkk ($104.52 in chips) 
Seat 6: AlexEliseev7 ($105.50 in chips) 
Pippa83: posts small blind $0.50
raiseinthedarkk: posts big blind $1
*** HOLE CARDS ***
AlexEliseev7: folds 
kagam: folds 
magzi777: raises $1.50 to $2.50
zZQuiltedZz: folds 
Pippa83: folds 
raiseinthedarkk: calls $1.50
*** FLOP *** [Kd 9h Qc]
raiseinthedarkk: checks 
magzi777: bets $3.45
raiseinthedarkk: folds 
Uncalled bet ($3.45) returned to magzi777
magzi777 collected $5.22 from pot
*** SUMMARY ***
Total pot $5.50 | Rake $0.28 
Board [Kd 9h Qc]
Seat 1: kagam folded before Flop (didn't bet)
Seat 2: magzi777 collected ($5.22)
Seat 3: zZQuiltedZz (button) folded before Flop (didn't bet)
Seat 4: Pippa83 (small blind) folded before Flop
Seat 5: raiseinthedarkk (big blind) folded on the Flop
Seat 6: AlexEliseev7 folded before Flop (didn't bet)



PokerStars Hand #254577640734:  Hold'em No Limit ($0.50/$1.00 USD) - 2025/01/27 12:16:06 WET [2025/01/27 7:16:06 ET]
Table 'Gotz IV' 6-max Seat #4 is the button
Seat 1: kagam ($60.75 in chips) 
Seat 2: magzi777 ($123.72 in chips) 
Seat 3: zZQuiltedZz ($46.04 in chips) 
Seat 4: Pippa83 ($102.36 in chips) 
Seat 5: raiseinthedarkk ($102.02 in chips) 
Seat 6: AlexEliseev7 ($105.50 in chips) 
raiseinthedarkk: posts small blind $0.50
AlexEliseev7: posts big blind $1
*** HOLE CARDS ***
kagam: folds 
magzi777: raises $1.50 to $2.50
zZQuiltedZz: folds 
Pippa83: raises $5 to $7.50
raiseinthedarkk: folds 
AlexEliseev7: folds 
magzi777: raises $13 to $20.50
Pippa83: folds 
Uncalled bet ($13) returned to magzi777
magzi777 collected $16.50 from pot
*** SUMMARY ***
Total pot $16.50 | Rake $0 
Seat 1: kagam folded before Flop (didn't bet)
Seat 2: magzi777 collected ($16.50)
Seat 3: zZQuiltedZz folded before Flop (didn't bet)
Seat 4: Pippa83 (button) folded before Flop
Seat 5: raiseinthedarkk (small blind) folded before Flop
Seat 6: AlexEliseev7 (big blind) folded before Flop



PokerStars Hand #254577645717:  Hold'em No Limit ($0.50/$1.00 USD) - 2025/01/27 12:16:44 WET [2025/01/27 7:16:44 ET]
Table 'Gotz IV' 6-max Seat #5 is the button
Seat 1: kagam ($60.75 in chips) 
Seat 2: magzi777 ($132.72 in chips) 
Seat 3: zZQuiltedZz ($46.04 in chips) 
Seat 4: Pippa83 ($100 in chips) 
Seat 5: raiseinthedarkk ($101.52 in chips) 
Seat 6: AlexEliseev7 ($104.50 in chips) 
AlexEliseev7: posts small blind $0.50
kagam: posts big blind $1
*** HOLE CARDS ***
magzi777: folds 
zZQuiltedZz: folds 
Pippa83: folds 
raiseinthedarkk: folds 
AlexEliseev7: raises $2 to $3
kagam: calls $2
*** FLOP *** [Th 2c Qh]
AlexEliseev7: checks 
kagam: checks 
*** TURN *** [Th 2c Qh] [Td]
AlexEliseev7: bets $4.45
kagam: folds 
Uncalled bet ($4.45) returned to AlexEliseev7
AlexEliseev7 collected $5.70 from pot
AlexEliseev7: doesn't show hand 
*** SUMMARY ***
Total pot $6 | Rake $0.30 
Board [Th 2c Qh Td]
Seat 1: kagam (big blind) folded on the Turn
Seat 2: magzi777 folded before Flop (didn't bet)
Seat 3: zZQuiltedZz folded before Flop (didn't bet)
Seat 4: Pippa83 folded before Flop (didn't bet)
Seat 5: raiseinthedarkk (button) folded before Flop (didn't bet)
Seat 6: AlexEliseev7 (small blind) collected ($5.70)



PokerStars Hand #254577650556:  Hold'em No Limit ($0.50/$1.00 USD) - 2025/01/27 12:17:21 WET [2025/01/27 7:17:21 ET]
Table 'Gotz IV' 6-max Seat #6 is the button
Seat 1: kagam ($57.75 in chips) 
Seat 2: magzi777 ($132.72 in chips) 
Seat 3: zZQuiltedZz ($46.04 in chips) 
Seat 4: Pippa83 ($100 in chips) 
Seat 5: raiseinthedarkk ($101.52 in chips) 
Seat 6: AlexEliseev7 ($107.20 in chips) 
kagam: posts small blind $0.50
magzi777: posts big blind $1
*** HOLE CARDS ***
zZQuiltedZz: folds 
Pippa83: folds 
raiseinthedarkk: folds 
AlexEliseev7: folds 
kagam: folds 
Uncalled bet ($0.50) returned to magzi777
magzi777 collected $1 from pot
*** SUMMARY ***
Total pot $1 | Rake $0 
Seat 1: kagam (small blind) folded before Flop
Seat 2: magzi777 (big blind) collected ($1)
Seat 3: zZQuiltedZz folded before Flop (didn't bet)
Seat 4: Pippa83 folded before Flop (didn't bet)
Seat 5: raiseinthedarkk folded before Flop (didn't bet)
Seat 6: AlexEliseev7 (button) folded before Flop (didn't bet)



PokerStars Hand #254577652104:  Hold'em No Limit ($0.50/$1.00 USD) - 2025/01/27 12:17:33 WET [2025/01/27 7:17:33 ET]
Table 'Gotz IV' 6-max Seat #1 is the button
Seat 1: kagam ($57.25 in chips) 
Seat 2: magzi777 ($133.22 in chips) 
Seat 3: zZQuiltedZz ($46.04 in chips) 
Seat 4: Pippa83 ($100 in chips) 
Seat 5: raiseinthedarkk ($101.52 in chips) 
Seat 6: AlexEliseev7 ($107.20 in chips) 
magzi777: posts small blind $0.50
zZQuiltedZz: posts big blind $1
*** HOLE CARDS ***
Pippa83: folds 
raiseinthedarkk: raises $1.20 to $2.20
AlexEliseev7: raises $4.80 to $7
kagam: folds 
magzi777: folds 
zZQuiltedZz: folds 
raiseinthedarkk: calls $4.80
*** FLOP *** [Ah 2h 5d]
raiseinthedarkk: checks 
AlexEliseev7: bets $4.86
raiseinthedarkk: calls $4.86
*** TURN *** [Ah 2h 5d] [Qh]
raiseinthedarkk: checks 
AlexEliseev7: checks 
*** RIVER *** [Ah 2h 5d Qh] [7s]
raiseinthedarkk: bets $36
AlexEliseev7: calls $36
*** SHOW DOWN ***
raiseinthedarkk: shows [Td Th] (a pair of Tens)
AlexEliseev7: shows [Ac Ad] (three of a kind, Aces)
AlexEliseev7 collected $94.72 from pot
*** SUMMARY ***
Total pot $97.22 | Rake $2.50 
Board [Ah 2h 5d Qh 7s]
Seat 1: kagam (button) folded before Flop (didn't bet)
Seat 2: magzi777 (small blind) folded before Flop
Seat 3: zZQuiltedZz (big blind) folded before Flop
Seat 4: Pippa83 folded before Flop (didn't bet)
Seat 5: raiseinthedarkk showed [Td Th] and lost with a pair of Tens
Seat 6: AlexEliseev7 showed [Ac Ad] and won ($94.72) with three of a kind, Aces



PokerStars Hand #254577663131:  Hold'em No Limit ($0.50/$1.00 USD) - 2025/01/27 12:18:56 WET [2025/01/27 7:18:56 ET]
Table 'Gotz IV' 6-max Seat #2 is the button
Seat 1: kagam ($57.25 in chips) 
Seat 2: magzi777 ($132.72 in chips) 
Seat 3: zZQuiltedZz ($45.04 in chips) 
Seat 4: Pippa83 ($100 in chips) 
Seat 5: raiseinthedarkk ($100 in chips) 
Seat 6: AlexEliseev7 ($154.06 in chips) 
zZQuiltedZz: posts small blind $0.50
Pippa83: posts big blind $1
*** HOLE CARDS ***
raiseinthedarkk: folds 
AlexEliseev7: folds 
kagam: folds 
magzi777: folds 
zZQuiltedZz: folds 
Uncalled bet ($0.50) returned to Pippa83
zZQuiltedZz leaves the table
Pippa83 collected $1 from pot
Pippa83: doesn't show hand 
*** SUMMARY ***
Total pot $1 | Rake $0 
Seat 1: kagam folded before Flop (didn't bet)
Seat 2: magzi777 (button) folded before Flop (didn't bet)
Seat 3: zZQuiltedZz (small blind) folded before Flop
Seat 4: Pippa83 (big blind) collected ($1)
Seat 5: raiseinthedarkk folded before Flop (didn't bet)
Seat 6: AlexEliseev7 folded before Flop (didn't bet)



PokerStars Hand #254577665403:  Hold'em No Limit ($0.50/$1.00 USD) - 2025/01/27 12:19:13 WET [2025/01/27 7:19:13 ET]
Table 'Gotz IV' 6-max Seat #4 is the button
Seat 1: kagam ($57.25 in chips) 
Seat 2: magzi777 ($132.72 in chips) 
Seat 4: Pippa83 ($100.50 in chips) 
Seat 5: raiseinthedarkk ($100 in chips) 
Seat 6: AlexEliseev7 ($154.06 in chips) 
raiseinthedarkk: posts small blind $0.50
AlexEliseev7: posts big blind $1
*** HOLE CARDS ***
kagam: folds 
magzi777: folds 
Pippa83: folds 
raiseinthedarkk: folds 
Uncalled bet ($0.50) returned to AlexEliseev7
AlexEliseev7 collected $1 from pot
AlexEliseev7: doesn't show hand 
*** SUMMARY ***
Total pot $1 | Rake $0 
Seat 1: kagam folded before Flop (didn't bet)
Seat 2: magzi777 folded before Flop (didn't bet)
Seat 4: Pippa83 (button) folded before Flop (didn't bet)
Seat 5: raiseinthedarkk (small blind) folded before Flop
Seat 6: AlexEliseev7 (big blind) collected ($1)



PokerStars Hand #254577667091:  Hold'em No Limit ($0.50/$1.00 USD) - 2025/01/27 12:19:26 WET [2025/01/27 7:19:26 ET]
Table 'Gotz IV' 6-max Seat #5 is the button
Seat 1: kagam ($57.25 in chips) 
Seat 2: magzi777 ($132.72 in chips) 
Seat 4: Pippa83 ($100.50 in chips) 
Seat 5: raiseinthedarkk ($100 in chips) 
Seat 6: AlexEliseev7 ($154.56 in chips) 
AlexEliseev7: posts small blind $0.50
kagam: posts big blind $1
*** HOLE CARDS ***
Rebnakk joins the table at seat #3 
Rebnakk is disconnected 
magzi777: folds 
Pippa83: raises $1.50 to $2.50
raiseinthedarkk: folds 
AlexEliseev7: raises $9.50 to $12
kagam: folds 
Pippa83: folds 
Uncalled bet ($9.50) returned to AlexEliseev7
AlexEliseev7 collected $6 from pot
AlexEliseev7: doesn't show hand 
*** SUMMARY ***
Total pot $6 | Rake $0 
Seat 1: kagam (big blind) folded before Flop
Seat 2: magzi777 folded before Flop (didn't bet)
Seat 4: Pippa83 folded before Flop
Seat 5: raiseinthedarkk (button) folded before Flop (didn't bet)
Seat 6: AlexEliseev7 (small blind) collected ($6)



PokerStars Hand #254577670919:  Hold'em No Limit ($0.50/$1.00 USD) - 2025/01/27 12:19:55 WET [2025/01/27 7:19:55 ET]
Table 'Gotz IV' 6-max Seat #6 is the button
Seat 2: magzi777 ($132.72 in chips) is sitting out
Seat 1: kagam ($56.25 in chips) 
Seat 3: Rebnakk ($10 in chips) 
Seat 4: Pippa83 ($100 in chips) 
Seat 5: raiseinthedarkk ($100 in chips) 
Seat 6: AlexEliseev7 ($158.06 in chips) 
kagam: posts small blind $0.50
magzi777: is sitting out 
Rebnakk: posts big blind $1
*** HOLE CARDS ***
Pippa83: raises $1.20 to $2.20
magzi777 leaves the table
raiseinthedarkk: folds 
raiseinthedarkk leaves the table
AlexEliseev7: raises $4.80 to $7
kagam: folds 
Rebnakk: raises $3 to $10 and is all-in
Pippa83: folds 
AlexEliseev7: calls $3
Fold Your Cats joins the table at seat #5 
AlexEliseev7 has timed out
*** FLOP *** [Jc 4c 6d]
*** TURN *** [Jc 4c 6d] [5c]
*** RIVER *** [Jc 4c 6d 5c] [Qs]
*** SHOW DOWN ***
Rebnakk: shows [6s 7s] (a pair of Sixes)
AlexEliseev7: shows [Ah As] (a pair of Aces)
AlexEliseev7 collected $21.56 from pot
*** SUMMARY ***
Total pot $22.70 | Rake $1.14 
Board [Jc 4c 6d 5c Qs]
Seat 2: magzi777
Seat 1: kagam (small blind) folded before Flop
Seat 3: Rebnakk (big blind) showed [6s 7s] and lost with a pair of Sixes
Seat 4: Pippa83 folded before Flop
Seat 5: raiseinthedarkk folded before Flop (didn't bet)
Seat 6: AlexEliseev7 (button) showed [Ah As] and won ($21.56) with a pair of Aces



PokerStars Hand #254577677598:  Hold'em No Limit ($0.50/$1.00 USD) - 2025/01/27 12:20:47 WET [2025/01/27 7:20:47 ET]
Table 'Gotz IV' 6-max Seat #1 is the button
Seat 3: Rebnakk ($0 in chips) is sitting out
Seat 1: kagam ($55.75 in chips) 
Seat 4: Pippa83 ($100 in chips) 
Seat 5: Fold Your Cats ($100 in chips) 
Seat 6: AlexEliseev7 ($169.62 in chips) 
Pippa83: posts small blind $0.50
Fold Your Cats: posts big blind $1
*** HOLE CARDS ***
AlexEliseev7: folds 
kagam: folds 
Pippa83: raises $2 to $3
Fold Your Cats: calls $2
*** FLOP *** [Qc Ac 6d]
Rebnakk leaves the table
Pippa83: checks 
Fold Your Cats: checks 
*** TURN *** [Qc Ac 6d] [4d]
Pippa83: bets $4.28
Fold Your Cats: folds 
Uncalled bet ($4.28) returned to Pippa83
Pippa83 collected $5.70 from pot
Pippa83: doesn't show hand 
*** SUMMARY ***
Total pot $6 | Rake $0.30 
Board [Qc Ac 6d 4d]
Seat 3: Rebnakk
Seat 1: kagam (button) folded before Flop (didn't bet)
Seat 4: Pippa83 (small blind) collected ($5.70)
Seat 5: Fold Your Cats (big blind) folded on the Turn
Seat 6: AlexEliseev7 folded before Flop (didn't bet)



PokerStars Hand #254577681934:  Hold'em No Limit ($0.50/$1.00 USD) - 2025/01/27 12:21:20 WET [2025/01/27 7:21:20 ET]
Table 'Gotz IV' 6-max Seat #4 is the button
Seat 1: kagam ($55.75 in chips) 
Seat 4: Pippa83 ($102.70 in chips) 
Seat 5: Fold Your Cats ($100 in chips) 
Seat 6: AlexEliseev7 ($169.62 in chips) 
Fold Your Cats: posts small blind $0.50
AlexEliseev7: posts big blind $1
*** HOLE CARDS ***
kagam: raises $2 to $3
Pippa83: folds 
Fold Your Cats: folds 
AlexEliseev7: calls $2
*** FLOP *** [4c 8d 9s]
AlexEliseev7: checks 
kagam: bets $3.09
AlexEliseev7: folds 
Uncalled bet ($3.09) returned to kagam
kagam collected $6.18 from pot
*** SUMMARY ***
Total pot $6.50 | Rake $0.32 
Board [4c 8d 9s]
Seat 1: kagam collected ($6.18)
Seat 4: Pippa83 (button) folded before Flop (didn't bet)
Seat 5: Fold Your Cats (small blind) folded before Flop
Seat 6: AlexEliseev7 (big blind) folded on the Flop



PokerStars Hand #254577685182:  Hold'em No Limit ($0.50/$1.00 USD) - 2025/01/27 12:21:45 WET [2025/01/27 7:21:45 ET]
Table 'Gotz IV' 6-max Seat #5 is the button
Seat 1: kagam ($58.93 in chips) 
Seat 4: Pippa83 ($102.70 in chips) 
Seat 5: Fold Your Cats ($100 in chips) 
Seat 6: AlexEliseev7 ($166.62 in chips) 
AlexEliseev7: posts small blind $0.50
kagam: posts big blind $1
*** HOLE CARDS ***
Pippa83: folds 
Fold Your Cats: raises $1.50 to $2.50
AlexEliseev7: folds 
kagam: folds 
Uncalled bet ($1.50) returned to Fold Your Cats
Fold Your Cats collected $2.50 from pot
Fold Your Cats: doesn't show hand 
*** SUMMARY ***
Total pot $2.50 | Rake $0 
Seat 1: kagam (big blind) folded before Flop
Seat 4: Pippa83 folded before Flop (didn't bet)
Seat 5: Fold Your Cats (button) collected ($2.50)
Seat 6: AlexEliseev7 (small blind) folded before Flop



PokerStars Hand #254577687061:  Hold'em No Limit ($0.50/$1.00 USD) - 2025/01/27 12:21:59 WET [2025/01/27 7:21:59 ET]
Table 'Gotz IV' 6-max Seat #1 is the button
Seat 4: Pippa83 ($102.70 in chips) is sitting out
Seat 5: Fold Your Cats ($101.50 in chips) is sitting out
Seat 1: kagam ($57.93 in chips) 
Seat 6: AlexEliseev7 ($166.12 in chips) 
kagam: posts small blind $0.50
Pippa83: is sitting out 
Fold Your Cats: is sitting out 
AlexEliseev7: posts big blind $1
*** HOLE CARDS ***
kagam: folds 
Uncalled bet ($0.50) returned to AlexEliseev7
Pippa83 leaves the table
Fold Your Cats leaves the table
AlexEliseev7 collected $1 from pot
AlexEliseev7: doesn't show hand 
*** SUMMARY ***
Total pot $1 | Rake $0 
Seat 4: Pippa83
Seat 5: Fold Your Cats
Seat 1: kagam (button) (small blind) folded before Flop
Seat 6: AlexEliseev7 (big blind) collected ($1)



PokerStars Hand #254577687991:  Hold'em No Limit ($0.50/$1.00 USD) - 2025/01/27 12:22:06 WET [2025/01/27 7:22:06 ET]
Table 'Gotz IV' 6-max Seat #6 is the button
Seat 1: kagam ($57.43 in chips) 
Seat 6: AlexEliseev7 ($166.62 in chips) 
AlexEliseev7: posts small blind $0.50
kagam: posts big blind $1
*** HOLE CARDS ***
AlexEliseev7: folds 
Uncalled bet ($0.50) returned to kagam
kagam collected $1 from pot
AlexEliseev7 leaves the table
*** SUMMARY ***
Total pot $1 | Rake $0 
Seat 1: kagam (big blind) collected ($1)
Seat 6: AlexEliseev7 (button) (small blind) folded before Flop



