PokerStars Hand #254578748667:  Hold'em No Limit ($0.50/$1.00 USD) - 2025/01/27 14:17:10 WET [2025/01/27 9:17:10 ET]
Table 'Misenus IV' 6-max Seat #1 is the button
Seat 1: BGS013 ($100.50 in chips) 
Seat 3: franco232315 ($100 in chips) 
Seat 5: joaquin612 ($101.50 in chips) 
franco232315: posts small blind $0.50
joaquin612: posts big blind $1
*** HOLE CARDS ***
BGS013: folds 
franco232315: folds 
Uncalled bet ($0.50) returned to joaquin612
BGS013 leaves the table
joaquin612 collected $1 from pot
joaquin612: doesn't show hand 
*** SUMMARY ***
Total pot $1 | Rake $0 
Seat 1: BGS013 (button) folded before Flop (didn't bet)
Seat 3: franco232315 (small blind) folded before Flop
Seat 5: joaquin612 (big blind) collected ($1)



PokerStars Hand #254578750271:  Hold'em No Limit ($0.50/$1.00 USD) - 2025/01/27 14:17:19 WET [2025/01/27 9:17:19 ET]
Table 'Misenus IV' 6-max Seat #5 is the button
Seat 3: franco232315 ($100 in chips) 
Seat 5: joaquin612 ($102 in chips) 
joaquin612: posts small blind $0.50
franco232315: posts big blind $1
*** HOLE CARDS ***
joaquin612: folds 
Uncalled bet ($0.50) returned to franco232315
franco232315 collected $1 from pot
franco232315: doesn't show hand 
*** SUMMARY ***
Total pot $1 | Rake $0 
Seat 3: franco232315 (big blind) collected ($1)
Seat 5: joaquin612 (button) (small blind) folded before Flop



PokerStars Hand #254578834494:  Hold'em No Limit ($0.50/$1.00 USD) - 2025/01/27 14:25:13 WET [2025/01/27 9:25:13 ET]
Table 'Misenus IV' 6-max Seat #2 is the button
Seat 6: LuckyShikari ($100 in chips) is sitting out
Seat 2: merda110 ($100 in chips) 
Seat 3: franco232315 ($100.50 in chips) 
merda110 is connected 
merda110: posts small blind $0.50
franco232315: posts big blind $1
*** HOLE CARDS ***
VahTang_89 joins the table at seat #4 
easy_sarcasm joins the table at seat #5 
whlzor joins the table at seat #1 
merda110: calls $0.50
franco232315: checks 
*** FLOP *** [Kc 4c 4s]
franco232315: checks 
merda110: checks 
*** TURN *** [Kc 4c 4s] [2s]
franco232315: checks 
merda110: checks 
*** RIVER *** [Kc 4c 4s 2s] [8c]
franco232315: bets $7
merda110: folds 
Uncalled bet ($7) returned to franco232315
franco232315 collected $1.90 from pot
franco232315: doesn't show hand 
*** SUMMARY ***
Total pot $2 | Rake $0.10 
Board [Kc 4c 4s 2s 8c]
Seat 6: LuckyShikari
Seat 2: merda110 (button) (small blind) folded on the River
Seat 3: franco232315 (big blind) collected ($1.90)



PokerStars Hand #254578843261:  Hold'em No Limit ($0.50/$1.00 USD) - 2025/01/27 14:26:01 WET [2025/01/27 9:26:01 ET]
Table 'Misenus IV' 6-max Seat #2 is the button
Seat 1: whlzor ($100 in chips) is sitting out
Seat 5: easy_sarcasm ($100 in chips) is sitting out
Seat 6: LuckyShikari ($100 in chips) is sitting out
Seat 2: merda110 ($99 in chips) 
Seat 3: franco232315 ($101.40 in chips) 
Seat 4: VahTang_89 ($100 in chips) 
franco232315: posts small blind $0.50
VahTang_89: posts big blind $1
easy_sarcasm: sits out 
LuckyShikari: sits out 
whlzor: sits out 
*** HOLE CARDS ***
merda110: calls $1
franco232315: raises $8 to $9
VahTang_89: folds 
merda110: calls $8
*** FLOP *** [Kh Qs 3h]
franco232315: checks 
merda110: bets $8
franco232315: calls $8
*** TURN *** [Kh Qs 3h] [4d]
franco232315: checks 
merda110: bets $8
franco232315: calls $8
*** RIVER *** [Kh Qs 3h 4d] [Ad]
franco232315: checks 
merda110: bets $15
franco232315: calls $15
*** SHOW DOWN ***
merda110: shows [3c 2c] (a pair of Threes)
franco232315: shows [Tc Ts] (a pair of Tens)
franco232315 collected $80 from pot
*** SUMMARY ***
Total pot $81 | Rake $1 
Board [Kh Qs 3h 4d Ad]
Seat 1: whlzor
Seat 5: easy_sarcasm
Seat 6: LuckyShikari
Seat 2: merda110 (button) showed [3c 2c] and lost with a pair of Threes
Seat 3: franco232315 (small blind) showed [Tc Ts] and won ($80) with a pair of Tens
Seat 4: VahTang_89 (big blind) folded before Flop



PokerStars Hand #254578863312:  Hold'em No Limit ($0.50/$1.00 USD) - 2025/01/27 14:27:52 WET [2025/01/27 9:27:52 ET]
Table 'Misenus IV' 6-max Seat #3 is the button
Seat 1: whlzor ($100 in chips) is sitting out
Seat 6: LuckyShikari ($100 in chips) is sitting out
Seat 2: merda110 ($59 in chips) 
Seat 3: franco232315 ($141.40 in chips) 
Seat 4: VahTang_89 ($100 in chips) 
Seat 5: easy_sarcasm ($100 in chips) 
VahTang_89: posts small blind $0.50
easy_sarcasm: posts big blind $1
LuckyShikari: sits out 
whlzor: sits out 
*** HOLE CARDS ***
merda110: folds 
franco232315: raises $6 to $7
VahTang_89: folds 
easy_sarcasm: folds 
Uncalled bet ($6) returned to franco232315
franco232315 collected $2.50 from pot
franco232315: doesn't show hand 
*** SUMMARY ***
Total pot $2.50 | Rake $0 
Seat 1: whlzor
Seat 6: LuckyShikari
Seat 2: merda110 folded before Flop (didn't bet)
Seat 3: franco232315 (button) collected ($2.50)
Seat 4: VahTang_89 (small blind) folded before Flop
Seat 5: easy_sarcasm (big blind) folded before Flop



PokerStars Hand #254578865853:  Hold'em No Limit ($0.50/$1.00 USD) - 2025/01/27 14:28:07 WET [2025/01/27 9:28:07 ET]
Table 'Misenus IV' 6-max Seat #4 is the button
Seat 1: whlzor ($100 in chips) is sitting out
Seat 2: merda110 ($59 in chips) 
Seat 3: franco232315 ($142.90 in chips) 
Seat 4: VahTang_89 ($100 in chips) 
Seat 5: easy_sarcasm ($100 in chips) 
Seat 6: LuckyShikari ($100 in chips) 
easy_sarcasm: posts small blind $0.50
LuckyShikari: posts big blind $1
whlzor: sits out 
*** HOLE CARDS ***
merda110: calls $1
franco232315: folds 
VahTang_89: folds 
easy_sarcasm: calls $0.50
LuckyShikari: raises $7 to $8
merda110: calls $7
easy_sarcasm: folds 
*** FLOP *** [8d Qs 3c]
LuckyShikari: checks 
merda110: checks 
*** TURN *** [8d Qs 3c] [Qc]
LuckyShikari: checks 
merda110: checks 
*** RIVER *** [8d Qs 3c Qc] [Qh]
LuckyShikari: checks 
merda110: bets $5
LuckyShikari: calls $5
*** SHOW DOWN ***
merda110: shows [4c 5h] (three of a kind, Queens)
LuckyShikari: shows [Tc Kc] (three of a kind, Queens - King kicker)
LuckyShikari collected $25.65 from pot
*** SUMMARY ***
Total pot $27 | Rake $1.35 
Board [8d Qs 3c Qc Qh]
Seat 1: whlzor
Seat 2: merda110 showed [4c 5h] and lost with three of a kind, Queens
Seat 3: franco232315 folded before Flop (didn't bet)
Seat 4: VahTang_89 (button) folded before Flop (didn't bet)
Seat 5: easy_sarcasm (small blind) folded before Flop
Seat 6: LuckyShikari (big blind) showed [Tc Kc] and won ($25.65) with three of a kind, Queens



PokerStars Hand #254578875113:  Hold'em No Limit ($0.50/$1.00 USD) - 2025/01/27 14:28:58 WET [2025/01/27 9:28:58 ET]
Table 'Misenus IV' 6-max Seat #5 is the button
Seat 1: whlzor ($100 in chips) 
Seat 2: merda110 ($46 in chips) 
Seat 3: franco232315 ($142.90 in chips) 
Seat 4: VahTang_89 ($100 in chips) 
Seat 5: easy_sarcasm ($100 in chips) 
Seat 6: LuckyShikari ($112.65 in chips) 
LuckyShikari: posts small blind $0.50
whlzor: posts big blind $1
*** HOLE CARDS ***
merda110: folds 
franco232315: folds 
VahTang_89: folds 
easy_sarcasm: folds 
LuckyShikari: folds 
Uncalled bet ($0.50) returned to whlzor
whlzor collected $1 from pot
whlzor: doesn't show hand 
*** SUMMARY ***
Total pot $1 | Rake $0 
Seat 1: whlzor (big blind) collected ($1)
Seat 2: merda110 folded before Flop (didn't bet)
Seat 3: franco232315 folded before Flop (didn't bet)
Seat 4: VahTang_89 folded before Flop (didn't bet)
Seat 5: easy_sarcasm (button) folded before Flop (didn't bet)
Seat 6: LuckyShikari (small blind) folded before Flop



PokerStars Hand #254578877395:  Hold'em No Limit ($0.50/$1.00 USD) - 2025/01/27 14:29:10 WET [2025/01/27 9:29:10 ET]
Table 'Misenus IV' 6-max Seat #6 is the button
Seat 1: whlzor ($100.50 in chips) 
Seat 2: merda110 ($46 in chips) 
Seat 3: franco232315 ($142.90 in chips) 
Seat 4: VahTang_89 ($100 in chips) 
Seat 5: easy_sarcasm ($100 in chips) 
Seat 6: LuckyShikari ($112.15 in chips) 
whlzor: posts small blind $0.50
merda110: posts big blind $1
*** HOLE CARDS ***
franco232315: folds 
VahTang_89: folds 
easy_sarcasm: folds 
LuckyShikari: folds 
whlzor: folds 
Uncalled bet ($0.50) returned to merda110
merda110 collected $1 from pot
merda110: doesn't show hand 
*** SUMMARY ***
Total pot $1 | Rake $0 
Seat 1: whlzor (small blind) folded before Flop
Seat 2: merda110 (big blind) collected ($1)
Seat 3: franco232315 folded before Flop (didn't bet)
Seat 4: VahTang_89 folded before Flop (didn't bet)
Seat 5: easy_sarcasm folded before Flop (didn't bet)
Seat 6: LuckyShikari (button) folded before Flop (didn't bet)



PokerStars Hand #254578880215:  Hold'em No Limit ($0.50/$1.00 USD) - 2025/01/27 14:29:26 WET [2025/01/27 9:29:26 ET]
Table 'Misenus IV' 6-max Seat #1 is the button
Seat 1: whlzor ($100 in chips) 
Seat 2: merda110 ($46.50 in chips) 
Seat 3: franco232315 ($142.90 in chips) 
Seat 4: VahTang_89 ($100 in chips) 
Seat 5: easy_sarcasm ($100 in chips) 
Seat 6: LuckyShikari ($112.15 in chips) 
merda110: posts small blind $0.50
franco232315: posts big blind $1
*** HOLE CARDS ***
VahTang_89: folds 
easy_sarcasm: folds 
LuckyShikari: folds 
whlzor: folds 
merda110: calls $0.50
franco232315: checks 
*** FLOP *** [9h 3c 7h]
merda110: checks 
franco232315: checks 
*** TURN *** [9h 3c 7h] [8h]
merda110: checks 
franco232315: checks 
*** RIVER *** [9h 3c 7h 8h] [Jd]
merda110: checks 
franco232315: checks 
*** SHOW DOWN ***
merda110: shows [Ks 8s] (a pair of Eights)
franco232315: mucks hand 
merda110 collected $1.90 from pot
*** SUMMARY ***
Total pot $2 | Rake $0.10 
Board [9h 3c 7h 8h Jd]
Seat 1: whlzor (button) folded before Flop (didn't bet)
Seat 2: merda110 (small blind) showed [Ks 8s] and won ($1.90) with a pair of Eights
Seat 3: franco232315 (big blind) mucked
Seat 4: VahTang_89 folded before Flop (didn't bet)
Seat 5: easy_sarcasm folded before Flop (didn't bet)
Seat 6: LuckyShikari folded before Flop (didn't bet)



PokerStars Hand #254578888296:  Hold'em No Limit ($0.50/$1.00 USD) - 2025/01/27 14:30:11 WET [2025/01/27 9:30:11 ET]
Table 'Misenus IV' 6-max Seat #2 is the button
Seat 1: whlzor ($100 in chips) 
Seat 2: merda110 ($47.40 in chips) 
Seat 3: franco232315 ($141.90 in chips) 
Seat 4: VahTang_89 ($100 in chips) 
Seat 5: easy_sarcasm ($100 in chips) 
Seat 6: LuckyShikari ($112.15 in chips) 
franco232315: posts small blind $0.50
VahTang_89: posts big blind $1
*** HOLE CARDS ***
easy_sarcasm: raises $2 to $3
LuckyShikari: folds 
whlzor: folds 
merda110: calls $3
franco232315: folds 
VahTang_89: folds 
*** FLOP *** [3c 5c 7d]
easy_sarcasm: checks 
merda110: checks 
*** TURN *** [3c 5c 7d] [8h]
easy_sarcasm: checks 
merda110: checks 
*** RIVER *** [3c 5c 7d 8h] [Kd]
easy_sarcasm: checks 
merda110: bets $4
easy_sarcasm: folds 
Uncalled bet ($4) returned to merda110
merda110 collected $7.12 from pot
merda110: doesn't show hand 
*** SUMMARY ***
Total pot $7.50 | Rake $0.38 
Board [3c 5c 7d 8h Kd]
Seat 1: whlzor folded before Flop (didn't bet)
Seat 2: merda110 (button) collected ($7.12)
Seat 3: franco232315 (small blind) folded before Flop
Seat 4: VahTang_89 (big blind) folded before Flop
Seat 5: easy_sarcasm folded on the River
Seat 6: LuckyShikari folded before Flop (didn't bet)



PokerStars Hand #254578898030:  Hold'em No Limit ($0.50/$1.00 USD) - 2025/01/27 14:31:04 WET [2025/01/27 9:31:04 ET]
Table 'Misenus IV' 6-max Seat #3 is the button
Seat 1: whlzor ($100 in chips) 
Seat 2: merda110 ($51.52 in chips) 
Seat 3: franco232315 ($141.40 in chips) 
Seat 4: VahTang_89 ($100 in chips) 
Seat 5: easy_sarcasm ($100 in chips) 
Seat 6: LuckyShikari ($112.15 in chips) 
VahTang_89: posts small blind $0.50
easy_sarcasm: posts big blind $1
*** HOLE CARDS ***
LuckyShikari: folds 
whlzor: folds 
merda110: calls $1
franco232315: raises $3 to $4
VahTang_89: folds 
easy_sarcasm: calls $3
merda110: calls $3
*** FLOP *** [Js Th 8c]
easy_sarcasm: checks 
merda110: checks 
franco232315: checks 
*** TURN *** [Js Th 8c] [3s]
easy_sarcasm: checks 
merda110: checks 
franco232315: bets $8.91
easy_sarcasm: folds 
merda110: calls $8.91
*** RIVER *** [Js Th 8c 3s] [2c]
merda110: checks 
franco232315: checks 
*** SHOW DOWN ***
merda110: shows [4c 4s] (a pair of Fours)
franco232315: mucks hand 
merda110 collected $28.80 from pot
*** SUMMARY ***
Total pot $30.32 | Rake $1.52 
Board [Js Th 8c 3s 2c]
Seat 1: whlzor folded before Flop (didn't bet)
Seat 2: merda110 showed [4c 4s] and won ($28.80) with a pair of Fours
Seat 3: franco232315 (button) mucked
Seat 4: VahTang_89 (small blind) folded before Flop
Seat 5: easy_sarcasm (big blind) folded on the Turn
Seat 6: LuckyShikari folded before Flop (didn't bet)



PokerStars Hand #254578913105:  Hold'em No Limit ($0.50/$1.00 USD) - 2025/01/27 14:32:27 WET [2025/01/27 9:32:27 ET]
Table 'Misenus IV' 6-max Seat #4 is the button
Seat 1: whlzor ($100 in chips) 
Seat 2: merda110 ($67.41 in chips) 
Seat 3: franco232315 ($128.49 in chips) 
Seat 4: VahTang_89 ($100 in chips) 
Seat 5: easy_sarcasm ($100 in chips) 
Seat 6: LuckyShikari ($112.15 in chips) 
easy_sarcasm: posts small blind $0.50
LuckyShikari: posts big blind $1
*** HOLE CARDS ***
whlzor: folds 
merda110: calls $1
franco232315: folds 
VahTang_89: folds 
easy_sarcasm: folds 
LuckyShikari: checks 
*** FLOP *** [Th 2d 6c]
LuckyShikari: checks 
merda110: checks 
*** TURN *** [Th 2d 6c] [Qd]
LuckyShikari: checks 
merda110: checks 
*** RIVER *** [Th 2d 6c Qd] [6h]
LuckyShikari: checks 
merda110: checks 
*** SHOW DOWN ***
LuckyShikari: shows [5c 9d] (a pair of Sixes)
merda110: shows [Kc 7h] (a pair of Sixes - King kicker)
merda110 collected $2.38 from pot
*** SUMMARY ***
Total pot $2.50 | Rake $0.12 
Board [Th 2d 6c Qd 6h]
Seat 1: whlzor folded before Flop (didn't bet)
Seat 2: merda110 showed [Kc 7h] and won ($2.38) with a pair of Sixes
Seat 3: franco232315 folded before Flop (didn't bet)
Seat 4: VahTang_89 (button) folded before Flop (didn't bet)
Seat 5: easy_sarcasm (small blind) folded before Flop
Seat 6: LuckyShikari (big blind) showed [5c 9d] and lost with a pair of Sixes



PokerStars Hand #254578920720:  Hold'em No Limit ($0.50/$1.00 USD) - 2025/01/27 14:33:07 WET [2025/01/27 9:33:07 ET]
Table 'Misenus IV' 6-max Seat #5 is the button
Seat 1: whlzor ($100 in chips) 
Seat 2: merda110 ($68.79 in chips) 
Seat 3: franco232315 ($128.49 in chips) 
Seat 4: VahTang_89 ($100 in chips) 
Seat 5: easy_sarcasm ($100 in chips) 
Seat 6: LuckyShikari ($111.15 in chips) 
LuckyShikari: posts small blind $0.50
whlzor: posts big blind $1
*** HOLE CARDS ***
merda110: calls $1
franco232315: raises $4 to $5
VahTang_89: folds 
easy_sarcasm: folds 
LuckyShikari: folds 
whlzor: folds 
merda110: calls $4
*** FLOP *** [9d Jh 4s]
merda110: checks 
franco232315: bets $8.19
merda110: calls $8.19
*** TURN *** [9d Jh 4s] [5c]
merda110: checks 
franco232315: bets $19.87
merda110: calls $19.87
*** RIVER *** [9d Jh 4s 5c] [Tc]
merda110: checks 
franco232315: bets $48.84
merda110: folds 
Uncalled bet ($48.84) returned to franco232315
franco232315 collected $65.12 from pot
franco232315: doesn't show hand 
*** SUMMARY ***
Total pot $67.62 | Rake $2.50 
Board [9d Jh 4s 5c Tc]
Seat 1: whlzor (big blind) folded before Flop
Seat 2: merda110 folded on the River
Seat 3: franco232315 collected ($65.12)
Seat 4: VahTang_89 folded before Flop (didn't bet)
Seat 5: easy_sarcasm (button) folded before Flop (didn't bet)
Seat 6: LuckyShikari (small blind) folded before Flop



PokerStars Hand #254578933529:  Hold'em No Limit ($0.50/$1.00 USD) - 2025/01/27 14:34:17 WET [2025/01/27 9:34:17 ET]
Table 'Misenus IV' 6-max Seat #6 is the button
Seat 1: whlzor ($100 in chips) 
Seat 2: merda110 ($35.73 in chips) 
Seat 3: franco232315 ($160.55 in chips) 
Seat 4: VahTang_89 ($100 in chips) 
Seat 5: easy_sarcasm ($100 in chips) 
Seat 6: LuckyShikari ($110.65 in chips) 
whlzor: posts small blind $0.50
merda110: posts big blind $1
*** HOLE CARDS ***
franco232315: folds 
VahTang_89: folds 
easy_sarcasm: folds 
LuckyShikari: folds 
whlzor: raises $2 to $3
merda110: calls $2
*** FLOP *** [8s 4c Js]
whlzor: checks 
merda110: checks 
*** TURN *** [8s 4c Js] [8c]
whlzor: checks 
merda110: checks 
*** RIVER *** [8s 4c Js 8c] [Kd]
whlzor: bets $2.85
merda110: calls $2.85
*** SHOW DOWN ***
whlzor: shows [5c Qc] (a pair of Eights)
merda110: shows [Ac 4d] (two pair, Eights and Fours)
merda110 collected $11.12 from pot
*** SUMMARY ***
Total pot $11.70 | Rake $0.58 
Board [8s 4c Js 8c Kd]
Seat 1: whlzor (small blind) showed [5c Qc] and lost with a pair of Eights
Seat 2: merda110 (big blind) showed [Ac 4d] and won ($11.12) with two pair, Eights and Fours
Seat 3: franco232315 folded before Flop (didn't bet)
Seat 4: VahTang_89 folded before Flop (didn't bet)
Seat 5: easy_sarcasm folded before Flop (didn't bet)
Seat 6: LuckyShikari (button) folded before Flop (didn't bet)



PokerStars Hand #254578939347:  Hold'em No Limit ($0.50/$1.00 USD) - 2025/01/27 14:34:48 WET [2025/01/27 9:34:48 ET]
Table 'Misenus IV' 6-max Seat #1 is the button
Seat 1: whlzor ($100 in chips) 
Seat 2: merda110 ($41 in chips) 
Seat 3: franco232315 ($160.55 in chips) 
Seat 4: VahTang_89 ($100 in chips) 
Seat 5: easy_sarcasm ($100 in chips) 
Seat 6: LuckyShikari ($110.65 in chips) 
merda110: posts small blind $0.50
franco232315: posts big blind $1
*** HOLE CARDS ***
VahTang_89: folds 
easy_sarcasm: folds 
LuckyShikari: folds 
whlzor: folds 
merda110: calls $0.50
franco232315: checks 
*** FLOP *** [3h Ad Jc]
merda110: checks 
franco232315: checks 
*** TURN *** [3h Ad Jc] [8c]
merda110: checks 
franco232315: checks 
*** RIVER *** [3h Ad Jc 8c] [3d]
merda110: checks 
franco232315: checks 
*** SHOW DOWN ***
merda110: shows [Qh Jd] (two pair, Jacks and Threes)
franco232315: mucks hand 
merda110 collected $1.90 from pot
*** SUMMARY ***
Total pot $2 | Rake $0.10 
Board [3h Ad Jc 8c 3d]
Seat 1: whlzor (button) folded before Flop (didn't bet)
Seat 2: merda110 (small blind) showed [Qh Jd] and won ($1.90) with two pair, Jacks and Threes
Seat 3: franco232315 (big blind) mucked
Seat 4: VahTang_89 folded before Flop (didn't bet)
Seat 5: easy_sarcasm folded before Flop (didn't bet)
Seat 6: LuckyShikari folded before Flop (didn't bet)



PokerStars Hand #254578946059:  Hold'em No Limit ($0.50/$1.00 USD) - 2025/01/27 14:35:24 WET [2025/01/27 9:35:24 ET]
Table 'Misenus IV' 6-max Seat #2 is the button
Seat 1: whlzor ($100 in chips) 
Seat 2: merda110 ($41.90 in chips) 
Seat 3: franco232315 ($159.55 in chips) 
Seat 4: VahTang_89 ($100 in chips) 
Seat 5: easy_sarcasm ($100 in chips) 
Seat 6: LuckyShikari ($110.65 in chips) 
franco232315: posts small blind $0.50
VahTang_89: posts big blind $1
*** HOLE CARDS ***
easy_sarcasm: folds 
LuckyShikari: folds 
whlzor: folds 
merda110: folds 
franco232315: raises $2 to $3
VahTang_89: folds 
Uncalled bet ($2) returned to franco232315
franco232315 collected $2 from pot
franco232315: doesn't show hand 
*** SUMMARY ***
Total pot $2 | Rake $0 
Seat 1: whlzor folded before Flop (didn't bet)
Seat 2: merda110 (button) folded before Flop (didn't bet)
Seat 3: franco232315 (small blind) collected ($2)
Seat 4: VahTang_89 (big blind) folded before Flop
Seat 5: easy_sarcasm folded before Flop (didn't bet)
Seat 6: LuckyShikari folded before Flop (didn't bet)



PokerStars Hand #254578949563:  Hold'em No Limit ($0.50/$1.00 USD) - 2025/01/27 14:35:43 WET [2025/01/27 9:35:43 ET]
Table 'Misenus IV' 6-max Seat #3 is the button
Seat 1: whlzor ($100 in chips) 
Seat 2: merda110 ($100 in chips) 
Seat 3: franco232315 ($160.55 in chips) 
Seat 4: VahTang_89 ($100 in chips) 
Seat 5: easy_sarcasm ($100 in chips) 
Seat 6: LuckyShikari ($110.65 in chips) 
VahTang_89: posts small blind $0.50
easy_sarcasm: posts big blind $1
*** HOLE CARDS ***
LuckyShikari: folds 
whlzor: folds 
merda110: folds 
franco232315: folds 
VahTang_89: raises $2 to $3
easy_sarcasm: calls $2
*** FLOP *** [Th 2h Ad]
VahTang_89: checks 
easy_sarcasm: bets $2
VahTang_89: folds 
Uncalled bet ($2) returned to easy_sarcasm
easy_sarcasm collected $5.70 from pot
*** SUMMARY ***
Total pot $6 | Rake $0.30 
Board [Th 2h Ad]
Seat 1: whlzor folded before Flop (didn't bet)
Seat 2: merda110 folded before Flop (didn't bet)
Seat 3: franco232315 (button) folded before Flop (didn't bet)
Seat 4: VahTang_89 (small blind) folded on the Flop
Seat 5: easy_sarcasm (big blind) collected ($5.70)
Seat 6: LuckyShikari folded before Flop (didn't bet)



PokerStars Hand #254578954692:  Hold'em No Limit ($0.50/$1.00 USD) - 2025/01/27 14:36:11 WET [2025/01/27 9:36:11 ET]
Table 'Misenus IV' 6-max Seat #4 is the button
Seat 1: whlzor ($100 in chips) 
Seat 2: merda110 ($100 in chips) 
Seat 3: franco232315 ($160.55 in chips) 
Seat 4: VahTang_89 ($100 in chips) 
Seat 5: easy_sarcasm ($102.70 in chips) 
Seat 6: LuckyShikari ($110.65 in chips) 
easy_sarcasm: posts small blind $0.50
LuckyShikari: posts big blind $1
*** HOLE CARDS ***
whlzor: folds 
merda110: folds 
franco232315: folds 
VahTang_89: raises $1.20 to $2.20
easy_sarcasm: folds 
LuckyShikari: folds 
Uncalled bet ($1.20) returned to VahTang_89
VahTang_89 collected $2.50 from pot
VahTang_89: doesn't show hand 
*** SUMMARY ***
Total pot $2.50 | Rake $0 
Seat 1: whlzor folded before Flop (didn't bet)
Seat 2: merda110 folded before Flop (didn't bet)
Seat 3: franco232315 folded before Flop (didn't bet)
Seat 4: VahTang_89 (button) collected ($2.50)
Seat 5: easy_sarcasm (small blind) folded before Flop
Seat 6: LuckyShikari (big blind) folded before Flop



PokerStars Hand #254578959268:  Hold'em No Limit ($0.50/$1.00 USD) - 2025/01/27 14:36:36 WET [2025/01/27 9:36:36 ET]
Table 'Misenus IV' 6-max Seat #5 is the button
Seat 1: whlzor ($100 in chips) 
Seat 2: merda110 ($100 in chips) 
Seat 3: franco232315 ($160.55 in chips) 
Seat 4: VahTang_89 ($101.50 in chips) 
Seat 5: easy_sarcasm ($102.20 in chips) 
Seat 6: LuckyShikari ($109.65 in chips) 
LuckyShikari: posts small blind $0.50
whlzor: posts big blind $1
*** HOLE CARDS ***
merda110: folds 
franco232315: folds 
VahTang_89: folds 
easy_sarcasm: folds 
LuckyShikari: raises $1 to $2
whlzor: calls $1
*** FLOP *** [Ac 3c 6c]
LuckyShikari: bets $1.20
whlzor: raises $3.20 to $4.40
LuckyShikari: folds 
Uncalled bet ($3.20) returned to whlzor
whlzor collected $6.08 from pot
whlzor: doesn't show hand 
*** SUMMARY ***
Total pot $6.40 | Rake $0.32 
Board [Ac 3c 6c]
Seat 1: whlzor (big blind) collected ($6.08)
Seat 2: merda110 folded before Flop (didn't bet)
Seat 3: franco232315 folded before Flop (didn't bet)
Seat 4: VahTang_89 folded before Flop (didn't bet)
Seat 5: easy_sarcasm (button) folded before Flop (didn't bet)
Seat 6: LuckyShikari (small blind) folded on the Flop



PokerStars Hand #254578969590:  Hold'em No Limit ($0.50/$1.00 USD) - 2025/01/27 14:37:30 WET [2025/01/27 9:37:30 ET]
Table 'Misenus IV' 6-max Seat #6 is the button
Seat 1: whlzor ($102.88 in chips) 
Seat 2: merda110 ($100 in chips) 
Seat 3: franco232315 ($160.55 in chips) 
Seat 4: VahTang_89 ($101.50 in chips) 
Seat 5: easy_sarcasm ($102.20 in chips) 
Seat 6: LuckyShikari ($106.45 in chips) 
whlzor: posts small blind $0.50
merda110: posts big blind $1
*** HOLE CARDS ***
franco232315: folds 
VahTang_89: folds 
easy_sarcasm: folds 
LuckyShikari: raises $2.50 to $3.50
whlzor: folds 
merda110: calls $2.50
*** FLOP *** [3h Ad 6h]
merda110: checks 
LuckyShikari: bets $3.50
merda110: folds 
Uncalled bet ($3.50) returned to LuckyShikari
LuckyShikari collected $7.12 from pot
LuckyShikari: doesn't show hand 
*** SUMMARY ***
Total pot $7.50 | Rake $0.38 
Board [3h Ad 6h]
Seat 1: whlzor (small blind) folded before Flop
Seat 2: merda110 (big blind) folded on the Flop
Seat 3: franco232315 folded before Flop (didn't bet)
Seat 4: VahTang_89 folded before Flop (didn't bet)
Seat 5: easy_sarcasm folded before Flop (didn't bet)
Seat 6: LuckyShikari (button) collected ($7.12)



PokerStars Hand #254578975560:  Hold'em No Limit ($0.50/$1.00 USD) - 2025/01/27 14:38:03 WET [2025/01/27 9:38:03 ET]
Table 'Misenus IV' 6-max Seat #1 is the button
Seat 1: whlzor ($102.38 in chips) 
Seat 2: merda110 ($96.50 in chips) 
Seat 3: franco232315 ($160.55 in chips) 
Seat 4: VahTang_89 ($101.50 in chips) 
Seat 5: easy_sarcasm ($102.20 in chips) 
Seat 6: LuckyShikari ($110.07 in chips) 
merda110: posts small blind $0.50
franco232315: posts big blind $1
*** HOLE CARDS ***
VahTang_89: folds 
easy_sarcasm: folds 
LuckyShikari: folds 
whlzor: folds 
merda110: calls $0.50
franco232315: checks 
*** FLOP *** [5c Th 3s]
merda110: checks 
franco232315: bets $1.90
merda110: folds 
Uncalled bet ($1.90) returned to franco232315
franco232315 collected $1.90 from pot
franco232315: doesn't show hand 
*** SUMMARY ***
Total pot $2 | Rake $0.10 
Board [5c Th 3s]
Seat 1: whlzor (button) folded before Flop (didn't bet)
Seat 2: merda110 (small blind) folded on the Flop
Seat 3: franco232315 (big blind) collected ($1.90)
Seat 4: VahTang_89 folded before Flop (didn't bet)
Seat 5: easy_sarcasm folded before Flop (didn't bet)
Seat 6: LuckyShikari folded before Flop (didn't bet)



PokerStars Hand #254578979557:  Hold'em No Limit ($0.50/$1.00 USD) - 2025/01/27 14:38:24 WET [2025/01/27 9:38:24 ET]
Table 'Misenus IV' 6-max Seat #2 is the button
Seat 1: whlzor ($102.38 in chips) 
Seat 2: merda110 ($95.50 in chips) 
Seat 3: franco232315 ($161.45 in chips) 
Seat 4: VahTang_89 ($101.50 in chips) 
Seat 5: easy_sarcasm ($102.20 in chips) 
Seat 6: LuckyShikari ($110.07 in chips) 
franco232315: posts small blind $0.50
VahTang_89: posts big blind $1
*** HOLE CARDS ***
easy_sarcasm: folds 
LuckyShikari: folds 
whlzor: raises $2 to $3
merda110: calls $3
franco232315: calls $2.50
VahTang_89: calls $2
*** FLOP *** [9h 8h 7s]
franco232315: checks 
VahTang_89: checks 
whlzor: checks 
merda110: checks 
*** TURN *** [9h 8h 7s] [Jd]
franco232315: checks 
VahTang_89: bets $5.70
whlzor: folds 
merda110: calls $5.70
franco232315: folds 
*** RIVER *** [9h 8h 7s Jd] [4h]
VahTang_89: bets $11.12
merda110: folds 
Uncalled bet ($11.12) returned to VahTang_89
VahTang_89 collected $22.23 from pot
VahTang_89: doesn't show hand 
*** SUMMARY ***
Total pot $23.40 | Rake $1.17 
Board [9h 8h 7s Jd 4h]
Seat 1: whlzor folded on the Turn
Seat 2: merda110 (button) folded on the River
Seat 3: franco232315 (small blind) folded on the Turn
Seat 4: VahTang_89 (big blind) collected ($22.23)
Seat 5: easy_sarcasm folded before Flop (didn't bet)
Seat 6: LuckyShikari folded before Flop (didn't bet)



PokerStars Hand #254578992787:  Hold'em No Limit ($0.50/$1.00 USD) - 2025/01/27 14:39:36 WET [2025/01/27 9:39:36 ET]
Table 'Misenus IV' 6-max Seat #3 is the button
Seat 1: whlzor ($100 in chips) 
Seat 2: merda110 ($86.80 in chips) 
Seat 3: franco232315 ($158.45 in chips) 
Seat 4: VahTang_89 ($115.03 in chips) 
Seat 5: easy_sarcasm ($102.20 in chips) 
Seat 6: LuckyShikari ($110.07 in chips) 
VahTang_89: posts small blind $0.50
easy_sarcasm: posts big blind $1
*** HOLE CARDS ***
LuckyShikari: folds 
whlzor: folds 
merda110: calls $1
franco232315: folds 
VahTang_89: folds 
easy_sarcasm: checks 
*** FLOP *** [Ac As 7c]
easy_sarcasm: checks 
merda110: checks 
*** TURN *** [Ac As 7c] [5s]
easy_sarcasm: checks 
merda110: checks 
*** RIVER *** [Ac As 7c 5s] [Th]
easy_sarcasm: checks 
merda110: checks 
*** SHOW DOWN ***
easy_sarcasm: shows [4c 9h] (a pair of Aces)
merda110: shows [Kh 7d] (two pair, Aces and Sevens)
merda110 collected $2.38 from pot
*** SUMMARY ***
Total pot $2.50 | Rake $0.12 
Board [Ac As 7c 5s Th]
Seat 1: whlzor folded before Flop (didn't bet)
Seat 2: merda110 showed [Kh 7d] and won ($2.38) with two pair, Aces and Sevens
Seat 3: franco232315 (button) folded before Flop (didn't bet)
Seat 4: VahTang_89 (small blind) folded before Flop
Seat 5: easy_sarcasm (big blind) showed [4c 9h] and lost with a pair of Aces
Seat 6: LuckyShikari folded before Flop (didn't bet)



PokerStars Hand #254578996996:  Hold'em No Limit ($0.50/$1.00 USD) - 2025/01/27 14:39:59 WET [2025/01/27 9:39:59 ET]
Table 'Misenus IV' 6-max Seat #4 is the button
Seat 1: whlzor ($100 in chips) is sitting out
Seat 6: LuckyShikari ($110.07 in chips) is sitting out
Seat 2: merda110 ($88.18 in chips) 
Seat 3: franco232315 ($158.45 in chips) 
Seat 4: VahTang_89 ($114.53 in chips) 
Seat 5: easy_sarcasm ($101.20 in chips) 
easy_sarcasm: posts small blind $0.50
whlzor: is sitting out 
merda110: posts big blind $1
*** HOLE CARDS ***
franco232315: folds 
VahTang_89: folds 
easy_sarcasm: raises $2 to $3
merda110: calls $2
*** FLOP *** [7c 4d 2h]
easy_sarcasm: checks 
merda110: checks 
*** TURN *** [7c 4d 2h] [Th]
easy_sarcasm: checks 
merda110: checks 
*** RIVER *** [7c 4d 2h Th] [5h]
easy_sarcasm: checks 
merda110: checks 
*** SHOW DOWN ***
easy_sarcasm: shows [6c 6s] (a pair of Sixes)
merda110: mucks hand 
easy_sarcasm collected $5.70 from pot
*** SUMMARY ***
Total pot $6 | Rake $0.30 
Board [7c 4d 2h Th 5h]
Seat 1: whlzor
Seat 6: LuckyShikari
Seat 2: merda110 (big blind) mucked
Seat 3: franco232315 folded before Flop (didn't bet)
Seat 4: VahTang_89 (button) folded before Flop (didn't bet)
Seat 5: easy_sarcasm (small blind) showed [6c 6s] and won ($5.70) with a pair of Sixes



PokerStars Hand #254579002431:  Hold'em No Limit ($0.50/$1.00 USD) - 2025/01/27 14:40:28 WET [2025/01/27 9:40:28 ET]
Table 'Misenus IV' 6-max Seat #5 is the button
Seat 1: whlzor ($100 in chips) is sitting out
Seat 6: LuckyShikari ($110.07 in chips) is sitting out
Seat 2: merda110 ($85.18 in chips) 
Seat 3: franco232315 ($158.45 in chips) 
Seat 4: VahTang_89 ($114.53 in chips) 
Seat 5: easy_sarcasm ($103.90 in chips) 
merda110: posts small blind $0.50
franco232315: posts big blind $1
*** HOLE CARDS ***
VahTang_89: folds 
easy_sarcasm: raises $1.20 to $2.20
merda110: calls $1.70
franco232315: folds 
*** FLOP *** [4s 7h 3h]
merda110: checks 
easy_sarcasm: bets $2.50
merda110: calls $2.50
*** TURN *** [4s 7h 3h] [Td]
merda110: checks 
easy_sarcasm: checks 
*** RIVER *** [4s 7h 3h Td] [7s]
merda110: bets $4
easy_sarcasm: folds 
Uncalled bet ($4) returned to merda110
merda110 collected $9.88 from pot
merda110: doesn't show hand 
*** SUMMARY ***
Total pot $10.40 | Rake $0.52 
Board [4s 7h 3h Td 7s]
Seat 1: whlzor
Seat 6: LuckyShikari
Seat 2: merda110 (small blind) collected ($9.88)
Seat 3: franco232315 (big blind) folded before Flop
Seat 4: VahTang_89 folded before Flop (didn't bet)
Seat 5: easy_sarcasm (button) folded on the River



PokerStars Hand #254579009645:  Hold'em No Limit ($0.50/$1.00 USD) - 2025/01/27 14:41:07 WET [2025/01/27 9:41:07 ET]
Table 'Misenus IV' 6-max Seat #2 is the button
Seat 1: whlzor ($100 in chips) is sitting out
Seat 6: LuckyShikari ($110.07 in chips) is sitting out
Seat 2: merda110 ($90.36 in chips) 
Seat 3: franco232315 ($157.45 in chips) 
Seat 4: VahTang_89 ($114.53 in chips) 
Seat 5: easy_sarcasm ($100 in chips) 
franco232315: posts small blind $0.50
VahTang_89: posts big blind $1
*** HOLE CARDS ***
easy_sarcasm: folds 
merda110: calls $1
franco232315: folds 
VahTang_89: checks 
*** FLOP *** [Jd Kh 7h]
VahTang_89: checks 
merda110: checks 
*** TURN *** [Jd Kh 7h] [Tc]
VahTang_89: checks 
merda110: checks 
*** RIVER *** [Jd Kh 7h Tc] [6d]
VahTang_89: checks 
merda110: checks 
*** SHOW DOWN ***
VahTang_89: shows [2d Jh] (a pair of Jacks)
merda110: mucks hand 
VahTang_89 collected $2.38 from pot
*** SUMMARY ***
Total pot $2.50 | Rake $0.12 
Board [Jd Kh 7h Tc 6d]
Seat 1: whlzor
Seat 6: LuckyShikari
Seat 2: merda110 (button) mucked
Seat 3: franco232315 (small blind) folded before Flop
Seat 4: VahTang_89 (big blind) showed [2d Jh] and won ($2.38) with a pair of Jacks
Seat 5: easy_sarcasm folded before Flop (didn't bet)



PokerStars Hand #254579015620:  Hold'em No Limit ($0.50/$1.00 USD) - 2025/01/27 14:41:39 WET [2025/01/27 9:41:39 ET]
Table 'Misenus IV' 6-max Seat #3 is the button
Seat 1: whlzor ($100 in chips) is sitting out
Seat 6: LuckyShikari ($110.07 in chips) is sitting out
Seat 2: merda110 ($89.36 in chips) 
Seat 3: franco232315 ($156.95 in chips) 
Seat 4: VahTang_89 ($115.91 in chips) 
Seat 5: easy_sarcasm ($100 in chips) 
VahTang_89: posts small blind $0.50
easy_sarcasm: posts big blind $1
LuckyShikari: sits out 
*** HOLE CARDS ***
merda110: calls $1
franco232315: raises $3 to $4
VahTang_89: folds 
easy_sarcasm: folds 
merda110: calls $3
*** FLOP *** [Kh Ks Ts]
merda110: checks 
franco232315: bets $2.98
merda110: calls $2.98
*** TURN *** [Kh Ks Ts] [4s]
merda110: checks 
franco232315: checks 
*** RIVER *** [Kh Ks Ts 4s] [8d]
merda110: checks 
franco232315: checks 
*** SHOW DOWN ***
merda110: shows [6h 6c] (two pair, Kings and Sixes)
franco232315: mucks hand 
merda110 collected $14.69 from pot
*** SUMMARY ***
Total pot $15.46 | Rake $0.77 
Board [Kh Ks Ts 4s 8d]
Seat 1: whlzor
Seat 6: LuckyShikari
Seat 2: merda110 showed [6h 6c] and won ($14.69) with two pair, Kings and Sixes
Seat 3: franco232315 (button) mucked
Seat 4: VahTang_89 (small blind) folded before Flop
Seat 5: easy_sarcasm (big blind) folded before Flop



PokerStars Hand #254579021210:  Hold'em No Limit ($0.50/$1.00 USD) - 2025/01/27 14:42:09 WET [2025/01/27 9:42:09 ET]
Table 'Misenus IV' 6-max Seat #4 is the button
Seat 1: whlzor ($100 in chips) is sitting out
Seat 2: merda110 ($97.07 in chips) 
Seat 3: franco232315 ($149.97 in chips) 
Seat 4: VahTang_89 ($115.41 in chips) 
Seat 5: easy_sarcasm ($100 in chips) 
Seat 6: LuckyShikari ($110.07 in chips) 
easy_sarcasm: posts small blind $0.50
LuckyShikari: posts big blind $1
whlzor: sits out 
*** HOLE CARDS ***
merda110: folds 
franco232315: raises $1.50 to $2.50
VahTang_89: folds 
easy_sarcasm: folds 
LuckyShikari: folds 
Uncalled bet ($1.50) returned to franco232315
franco232315 collected $2.50 from pot
franco232315: doesn't show hand 
*** SUMMARY ***
Total pot $2.50 | Rake $0 
Seat 1: whlzor
Seat 2: merda110 folded before Flop (didn't bet)
Seat 3: franco232315 collected ($2.50)
Seat 4: VahTang_89 (button) folded before Flop (didn't bet)
Seat 5: easy_sarcasm (small blind) folded before Flop
Seat 6: LuckyShikari (big blind) folded before Flop



PokerStars Hand #254579024181:  Hold'em No Limit ($0.50/$1.00 USD) - 2025/01/27 14:42:24 WET [2025/01/27 9:42:24 ET]
Table 'Misenus IV' 6-max Seat #5 is the button
Seat 1: whlzor ($100 in chips) 
Seat 2: merda110 ($97.07 in chips) 
Seat 3: franco232315 ($151.47 in chips) 
Seat 4: VahTang_89 ($115.41 in chips) 
Seat 5: easy_sarcasm ($100 in chips) 
Seat 6: LuckyShikari ($109.07 in chips) 
LuckyShikari: posts small blind $0.50
whlzor: posts big blind $1
*** HOLE CARDS ***
merda110: folds 
franco232315: folds 
VahTang_89: folds 
easy_sarcasm: folds 
LuckyShikari: raises $1 to $2
whlzor: raises $5 to $7
LuckyShikari: calls $5
*** FLOP *** [5c 8c Qc]
LuckyShikari: checks 
whlzor: bets $4.39
LuckyShikari: folds 
Uncalled bet ($4.39) returned to whlzor
whlzor collected $13.30 from pot
whlzor: doesn't show hand 
*** SUMMARY ***
Total pot $14 | Rake $0.70 
Board [5c 8c Qc]
Seat 1: whlzor (big blind) collected ($13.30)
Seat 2: merda110 folded before Flop (didn't bet)
Seat 3: franco232315 folded before Flop (didn't bet)
Seat 4: VahTang_89 folded before Flop (didn't bet)
Seat 5: easy_sarcasm (button) folded before Flop (didn't bet)
Seat 6: LuckyShikari (small blind) folded on the Flop



PokerStars Hand #254579034176:  Hold'em No Limit ($0.50/$1.00 USD) - 2025/01/27 14:43:18 WET [2025/01/27 9:43:18 ET]
Table 'Misenus IV' 6-max Seat #6 is the button
Seat 1: whlzor ($106.30 in chips) 
Seat 2: merda110 ($97.07 in chips) 
Seat 3: franco232315 ($151.47 in chips) 
Seat 4: VahTang_89 ($115.41 in chips) 
Seat 5: easy_sarcasm ($100 in chips) 
Seat 6: LuckyShikari ($102.07 in chips) 
whlzor: posts small blind $0.50
merda110: posts big blind $1
*** HOLE CARDS ***
franco232315: folds 
VahTang_89: folds 
easy_sarcasm: folds 
LuckyShikari: folds 
whlzor: folds 
Uncalled bet ($0.50) returned to merda110
merda110 collected $1 from pot
merda110: doesn't show hand 
*** SUMMARY ***
Total pot $1 | Rake $0 
Seat 1: whlzor (small blind) folded before Flop
Seat 2: merda110 (big blind) collected ($1)
Seat 3: franco232315 folded before Flop (didn't bet)
Seat 4: VahTang_89 folded before Flop (didn't bet)
Seat 5: easy_sarcasm folded before Flop (didn't bet)
Seat 6: LuckyShikari (button) folded before Flop (didn't bet)



PokerStars Hand #254579036969:  Hold'em No Limit ($0.50/$1.00 USD) - 2025/01/27 14:43:32 WET [2025/01/27 9:43:32 ET]
Table 'Misenus IV' 6-max Seat #1 is the button
Seat 1: whlzor ($105.80 in chips) 
Seat 2: merda110 ($97.57 in chips) 
Seat 3: franco232315 ($151.47 in chips) 
Seat 4: VahTang_89 ($115.41 in chips) 
Seat 5: easy_sarcasm ($100 in chips) 
Seat 6: LuckyShikari ($102.07 in chips) 
merda110: posts small blind $0.50
franco232315: posts big blind $1
*** HOLE CARDS ***
VahTang_89: folds 
easy_sarcasm: folds 
LuckyShikari: folds 
whlzor: folds 
merda110: folds 
Uncalled bet ($0.50) returned to franco232315
franco232315 collected $1 from pot
franco232315: doesn't show hand 
*** SUMMARY ***
Total pot $1 | Rake $0 
Seat 1: whlzor (button) folded before Flop (didn't bet)
Seat 2: merda110 (small blind) folded before Flop
Seat 3: franco232315 (big blind) collected ($1)
Seat 4: VahTang_89 folded before Flop (didn't bet)
Seat 5: easy_sarcasm folded before Flop (didn't bet)
Seat 6: LuckyShikari folded before Flop (didn't bet)



PokerStars Hand #254579039886:  Hold'em No Limit ($0.50/$1.00 USD) - 2025/01/27 14:43:48 WET [2025/01/27 9:43:48 ET]
Table 'Misenus IV' 6-max Seat #2 is the button
Seat 1: whlzor ($105.80 in chips) 
Seat 2: merda110 ($97.07 in chips) 
Seat 3: franco232315 ($151.97 in chips) 
Seat 4: VahTang_89 ($115.41 in chips) 
Seat 5: easy_sarcasm ($100 in chips) 
Seat 6: LuckyShikari ($102.07 in chips) 
franco232315: posts small blind $0.50
VahTang_89: posts big blind $1
*** HOLE CARDS ***
easy_sarcasm: raises $1 to $2
LuckyShikari: folds 
whlzor: folds 
merda110: calls $2
franco232315: folds 
VahTang_89: folds 
*** FLOP *** [4c Ks Qc]
easy_sarcasm: bets $2.50
merda110: calls $2.50
*** TURN *** [4c Ks Qc] [7h]
easy_sarcasm: checks 
merda110: checks 
*** RIVER *** [4c Ks Qc 7h] [Kh]
easy_sarcasm: checks 
merda110: checks 
*** SHOW DOWN ***
easy_sarcasm: shows [Ad 9d] (a pair of Kings)
merda110: shows [Ah 9c] (a pair of Kings)
easy_sarcasm collected $4.99 from pot
merda110 collected $4.99 from pot
*** SUMMARY ***
Total pot $10.50 | Rake $0.52 
Board [4c Ks Qc 7h Kh]
Seat 1: whlzor folded before Flop (didn't bet)
Seat 2: merda110 (button) showed [Ah 9c] and won ($4.99) with a pair of Kings
Seat 3: franco232315 (small blind) folded before Flop
Seat 4: VahTang_89 (big blind) folded before Flop
Seat 5: easy_sarcasm showed [Ad 9d] and won ($4.99) with a pair of Kings
Seat 6: LuckyShikari folded before Flop (didn't bet)



PokerStars Hand #254579045417:  Hold'em No Limit ($0.50/$1.00 USD) - 2025/01/27 14:44:17 WET [2025/01/27 9:44:17 ET]
Table 'Misenus IV' 6-max Seat #3 is the button
Seat 1: whlzor ($105.80 in chips) 
Seat 2: merda110 ($97.56 in chips) 
Seat 3: franco232315 ($151.47 in chips) 
Seat 4: VahTang_89 ($114.41 in chips) 
Seat 5: easy_sarcasm ($100.49 in chips) 
Seat 6: LuckyShikari ($102.07 in chips) 
VahTang_89: posts small blind $0.50
easy_sarcasm: posts big blind $1
*** HOLE CARDS ***
LuckyShikari: raises $2 to $3
whlzor: folds 
merda110: folds 
franco232315: folds 
VahTang_89: folds 
easy_sarcasm: folds 
Uncalled bet ($2) returned to LuckyShikari
LuckyShikari collected $2.50 from pot
LuckyShikari: doesn't show hand 
*** SUMMARY ***
Total pot $2.50 | Rake $0 
Seat 1: whlzor folded before Flop (didn't bet)
Seat 2: merda110 folded before Flop (didn't bet)
Seat 3: franco232315 (button) folded before Flop (didn't bet)
Seat 4: VahTang_89 (small blind) folded before Flop
Seat 5: easy_sarcasm (big blind) folded before Flop
Seat 6: LuckyShikari collected ($2.50)



PokerStars Hand #254579048326:  Hold'em No Limit ($0.50/$1.00 USD) - 2025/01/27 14:44:32 WET [2025/01/27 9:44:32 ET]
Table 'Misenus IV' 6-max Seat #4 is the button
Seat 1: whlzor ($105.80 in chips) 
Seat 2: merda110 ($97.56 in chips) 
Seat 3: franco232315 ($151.47 in chips) 
Seat 4: VahTang_89 ($113.91 in chips) 
Seat 5: easy_sarcasm ($100 in chips) 
Seat 6: LuckyShikari ($103.57 in chips) 
easy_sarcasm: posts small blind $0.50
LuckyShikari: posts big blind $1
*** HOLE CARDS ***
whlzor: folds 
merda110: folds 
franco232315: folds 
VahTang_89: raises $1.20 to $2.20
easy_sarcasm: folds 
LuckyShikari: calls $1.20
*** FLOP *** [9s 2s 3s]
LuckyShikari: checks 
VahTang_89: checks 
*** TURN *** [9s 2s 3s] [Ah]
LuckyShikari: checks 
VahTang_89: bets $1.54
LuckyShikari: calls $1.54
*** RIVER *** [9s 2s 3s Ah] [8c]
LuckyShikari: checks 
VahTang_89: checks 
*** SHOW DOWN ***
LuckyShikari: shows [9h Qd] (a pair of Nines)
VahTang_89: shows [Qc Qs] (a pair of Queens)
VahTang_89 collected $7.58 from pot
*** SUMMARY ***
Total pot $7.98 | Rake $0.40 
Board [9s 2s 3s Ah 8c]
Seat 1: whlzor folded before Flop (didn't bet)
Seat 2: merda110 folded before Flop (didn't bet)
Seat 3: franco232315 folded before Flop (didn't bet)
Seat 4: VahTang_89 (button) showed [Qc Qs] and won ($7.58) with a pair of Queens
Seat 5: easy_sarcasm (small blind) folded before Flop
Seat 6: LuckyShikari (big blind) showed [9h Qd] and lost with a pair of Nines



PokerStars Hand #254579058968:  Hold'em No Limit ($0.50/$1.00 USD) - 2025/01/27 14:45:28 WET [2025/01/27 9:45:28 ET]
Table 'Misenus IV' 6-max Seat #5 is the button
Seat 1: whlzor ($105.80 in chips) 
Seat 2: merda110 ($97.56 in chips) 
Seat 3: franco232315 ($151.47 in chips) 
Seat 4: VahTang_89 ($117.75 in chips) 
Seat 5: easy_sarcasm ($100 in chips) 
Seat 6: LuckyShikari ($100 in chips) 
LuckyShikari: posts small blind $0.50
whlzor: posts big blind $1
*** HOLE CARDS ***
merda110: calls $1
franco232315: raises $6 to $7
VahTang_89: folds 
easy_sarcasm: folds 
LuckyShikari: folds 
whlzor: folds 
merda110: calls $6
*** FLOP *** [6c 6s 7c]
merda110: checks 
franco232315: bets $11.04
merda110: calls $11.04
*** TURN *** [6c 6s 7c] [5c]
merda110: checks 
franco232315: checks 
*** RIVER *** [6c 6s 7c 5c] [2s]
merda110: checks 
franco232315: bets $31.70
merda110: calls $31.70
*** SHOW DOWN ***
franco232315: shows [Tc Td] (two pair, Tens and Sixes)
merda110: mucks hand 
franco232315 collected $98.48 from pot
*** SUMMARY ***
Total pot $100.98 | Rake $2.50 
Board [6c 6s 7c 5c 2s]
Seat 1: whlzor (big blind) folded before Flop
Seat 2: merda110 mucked
Seat 3: franco232315 showed [Tc Td] and won ($98.48) with two pair, Tens and Sixes
Seat 4: VahTang_89 folded before Flop (didn't bet)
Seat 5: easy_sarcasm (button) folded before Flop (didn't bet)
Seat 6: LuckyShikari (small blind) folded before Flop



PokerStars Hand #254579072003:  Hold'em No Limit ($0.50/$1.00 USD) - 2025/01/27 14:46:37 WET [2025/01/27 9:46:37 ET]
Table 'Misenus IV' 6-max Seat #6 is the button
Seat 1: whlzor ($104.80 in chips) 
Seat 2: merda110 ($47.82 in chips) 
Seat 3: franco232315 ($200.21 in chips) 
Seat 4: VahTang_89 ($117.75 in chips) 
Seat 5: easy_sarcasm ($100 in chips) 
Seat 6: LuckyShikari ($100 in chips) 
whlzor: posts small blind $0.50
merda110: posts big blind $1
*** HOLE CARDS ***
franco232315: folds 
VahTang_89: folds 
easy_sarcasm: folds 
LuckyShikari: raises $1 to $2
whlzor: folds 
merda110: calls $1
*** FLOP *** [Qh Jc Js]
merda110: checks 
LuckyShikari: bets $1
merda110: calls $1
*** TURN *** [Qh Jc Js] [4c]
merda110: checks 
LuckyShikari: bets $2
merda110: calls $2
*** RIVER *** [Qh Jc Js 4c] [6s]
merda110: checks 
LuckyShikari: bets $3
merda110: folds 
Uncalled bet ($3) returned to LuckyShikari
LuckyShikari collected $9.98 from pot
LuckyShikari: doesn't show hand 
*** SUMMARY ***
Total pot $10.50 | Rake $0.52 
Board [Qh Jc Js 4c 6s]
Seat 1: whlzor (small blind) folded before Flop
Seat 2: merda110 (big blind) folded on the River
Seat 3: franco232315 folded before Flop (didn't bet)
Seat 4: VahTang_89 folded before Flop (didn't bet)
Seat 5: easy_sarcasm folded before Flop (didn't bet)
Seat 6: LuckyShikari (button) collected ($9.98)



PokerStars Hand #254579084762:  Hold'em No Limit ($0.50/$1.00 USD) - 2025/01/27 14:47:44 WET [2025/01/27 9:47:44 ET]
Table 'Misenus IV' 6-max Seat #1 is the button
Seat 1: whlzor ($104.30 in chips) 
Seat 2: merda110 ($42.82 in chips) 
Seat 3: franco232315 ($200.21 in chips) 
Seat 4: VahTang_89 ($117.75 in chips) 
Seat 5: easy_sarcasm ($100 in chips) 
Seat 6: LuckyShikari ($104.98 in chips) 
merda110: posts small blind $0.50
franco232315: posts big blind $1
*** HOLE CARDS ***
VahTang_89: folds 
easy_sarcasm: folds 
LuckyShikari: raises $2 to $3
whlzor: folds 
merda110: calls $2.50
franco232315: calls $2
*** FLOP *** [2c Jc Td]
merda110: checks 
franco232315: checks 
LuckyShikari: checks 
*** TURN *** [2c Jc Td] [3h]
merda110: checks 
franco232315: bets $4.28
LuckyShikari: calls $4.28
merda110: calls $4.28
*** RIVER *** [2c Jc Td 3h] [8c]
merda110: checks 
franco232315: checks 
LuckyShikari: checks 
*** SHOW DOWN ***
merda110: shows [2h 4d] (a pair of Deuces)
franco232315: mucks hand 
LuckyShikari: shows [Ks Th] (a pair of Tens)
LuckyShikari collected $20.75 from pot
*** SUMMARY ***
Total pot $21.84 | Rake $1.09 
Board [2c Jc Td 3h 8c]
Seat 1: whlzor (button) folded before Flop (didn't bet)
Seat 2: merda110 (small blind) showed [2h 4d] and lost with a pair of Deuces
Seat 3: franco232315 (big blind) mucked
Seat 4: VahTang_89 folded before Flop (didn't bet)
Seat 5: easy_sarcasm folded before Flop (didn't bet)
Seat 6: LuckyShikari showed [Ks Th] and won ($20.75) with a pair of Tens



PokerStars Hand #254579104789:  Hold'em No Limit ($0.50/$1.00 USD) - 2025/01/27 14:49:31 WET [2025/01/27 9:49:31 ET]
Table 'Misenus IV' 6-max Seat #2 is the button
Seat 1: whlzor ($104.30 in chips) 
Seat 2: merda110 ($35.54 in chips) 
Seat 3: franco232315 ($192.93 in chips) 
Seat 4: VahTang_89 ($117.75 in chips) 
Seat 5: easy_sarcasm ($100 in chips) 
Seat 6: LuckyShikari ($118.45 in chips) 
franco232315: posts small blind $0.50
VahTang_89: posts big blind $1
*** HOLE CARDS ***
easy_sarcasm: folds 
LuckyShikari: folds 
whlzor: folds 
merda110: calls $1
franco232315: raises $2 to $3
VahTang_89: folds 
merda110: calls $2
*** FLOP *** [2s 6c 9s]
franco232315: bets $2.19
merda110: calls $2.19
*** TURN *** [2s 6c 9s] [8d]
franco232315: checks 
merda110: checks 
*** RIVER *** [2s 6c 9s 8d] [9h]
franco232315: checks 
merda110: checks 
*** SHOW DOWN ***
franco232315: shows [5s Kd] (a pair of Nines)
merda110: shows [Ah 3s] (a pair of Nines - Ace kicker)
merda110 collected $10.81 from pot
*** SUMMARY ***
Total pot $11.38 | Rake $0.57 
Board [2s 6c 9s 8d 9h]
Seat 1: whlzor folded before Flop (didn't bet)
Seat 2: merda110 (button) showed [Ah 3s] and won ($10.81) with a pair of Nines
Seat 3: franco232315 (small blind) showed [5s Kd] and lost with a pair of Nines
Seat 4: VahTang_89 (big blind) folded before Flop
Seat 5: easy_sarcasm folded before Flop (didn't bet)
Seat 6: LuckyShikari folded before Flop (didn't bet)



PokerStars Hand #254579112790:  Hold'em No Limit ($0.50/$1.00 USD) - 2025/01/27 14:50:12 WET [2025/01/27 9:50:12 ET]
Table 'Misenus IV' 6-max Seat #3 is the button
Seat 1: whlzor ($104.30 in chips) 
Seat 2: merda110 ($41.16 in chips) 
Seat 3: franco232315 ($187.74 in chips) 
Seat 4: VahTang_89 ($116.75 in chips) 
Seat 5: easy_sarcasm ($100 in chips) 
Seat 6: LuckyShikari ($118.45 in chips) 
VahTang_89: posts small blind $0.50
easy_sarcasm: posts big blind $1
*** HOLE CARDS ***
LuckyShikari: folds 
whlzor: folds 
merda110: folds 
franco232315: raises $1.50 to $2.50
VahTang_89: folds 
easy_sarcasm: calls $1.50
*** FLOP *** [Qh Ks 5c]
easy_sarcasm: checks 
franco232315: bets $1.72
easy_sarcasm: calls $1.72
*** TURN *** [Qh Ks 5c] [9d]
easy_sarcasm: checks 
franco232315: bets $6.37
easy_sarcasm: folds 
Uncalled bet ($6.37) returned to franco232315
franco232315 collected $8.49 from pot
franco232315: doesn't show hand 
*** SUMMARY ***
Total pot $8.94 | Rake $0.45 
Board [Qh Ks 5c 9d]
Seat 1: whlzor folded before Flop (didn't bet)
Seat 2: merda110 folded before Flop (didn't bet)
Seat 3: franco232315 (button) collected ($8.49)
Seat 4: VahTang_89 (small blind) folded before Flop
Seat 5: easy_sarcasm (big blind) folded on the Turn
Seat 6: LuckyShikari folded before Flop (didn't bet)



PokerStars Hand #254579119494:  Hold'em No Limit ($0.50/$1.00 USD) - 2025/01/27 14:50:47 WET [2025/01/27 9:50:47 ET]
Table 'Misenus IV' 6-max Seat #4 is the button
Seat 1: whlzor ($104.30 in chips) 
Seat 2: merda110 ($100 in chips) 
Seat 3: franco232315 ($192.01 in chips) 
Seat 4: VahTang_89 ($116.25 in chips) 
Seat 5: easy_sarcasm ($100 in chips) 
Seat 6: LuckyShikari ($118.45 in chips) 
easy_sarcasm: posts small blind $0.50
LuckyShikari: posts big blind $1
*** HOLE CARDS ***
whlzor: folds 
merda110: folds 
franco232315: folds 
VahTang_89: folds 
easy_sarcasm: folds 
Uncalled bet ($0.50) returned to LuckyShikari
LuckyShikari collected $1 from pot
LuckyShikari: doesn't show hand 
*** SUMMARY ***
Total pot $1 | Rake $0 
Seat 1: whlzor folded before Flop (didn't bet)
Seat 2: merda110 folded before Flop (didn't bet)
Seat 3: franco232315 folded before Flop (didn't bet)
Seat 4: VahTang_89 (button) folded before Flop (didn't bet)
Seat 5: easy_sarcasm (small blind) folded before Flop
Seat 6: LuckyShikari (big blind) collected ($1)



PokerStars Hand #254579121854:  Hold'em No Limit ($0.50/$1.00 USD) - 2025/01/27 14:51:00 WET [2025/01/27 9:51:00 ET]
Table 'Misenus IV' 6-max Seat #5 is the button
Seat 1: whlzor ($104.30 in chips) 
Seat 2: merda110 ($100 in chips) 
Seat 3: franco232315 ($192.01 in chips) 
Seat 4: VahTang_89 ($116.25 in chips) 
Seat 5: easy_sarcasm ($100 in chips) 
Seat 6: LuckyShikari ($118.95 in chips) 
LuckyShikari: posts small blind $0.50
whlzor: posts big blind $1
*** HOLE CARDS ***
merda110: calls $1
franco232315: raises $6 to $7
VahTang_89: folds 
easy_sarcasm: folds 
LuckyShikari: calls $6.50
whlzor: raises $18 to $25
merda110: folds 
franco232315: calls $18
LuckyShikari: folds 
*** FLOP *** [Qs Js Kh]
whlzor: bets $14.32
franco232315: calls $14.32
*** TURN *** [Qs Js Kh] [Qh]
whlzor: checks 
franco232315: checks 
*** RIVER *** [Qs Js Kh Qh] [2h]
whlzor: bets $27.77
franco232315: folds 
Uncalled bet ($27.77) returned to whlzor
whlzor collected $84.14 from pot
whlzor: doesn't show hand 
*** SUMMARY ***
Total pot $86.64 | Rake $2.50 
Board [Qs Js Kh Qh 2h]
Seat 1: whlzor (big blind) collected ($84.14)
Seat 2: merda110 folded before Flop
Seat 3: franco232315 folded on the River
Seat 4: VahTang_89 folded before Flop (didn't bet)
Seat 5: easy_sarcasm (button) folded before Flop (didn't bet)
Seat 6: LuckyShikari (small blind) folded before Flop



PokerStars Hand #254579141171:  Hold'em No Limit ($0.50/$1.00 USD) - 2025/01/27 14:52:41 WET [2025/01/27 9:52:41 ET]
Table 'Misenus IV' 6-max Seat #6 is the button
Seat 1: whlzor ($149.12 in chips) 
Seat 2: merda110 ($99 in chips) 
Seat 3: franco232315 ($152.69 in chips) 
Seat 4: VahTang_89 ($116.25 in chips) 
Seat 5: easy_sarcasm ($100 in chips) 
Seat 6: LuckyShikari ($111.95 in chips) 
whlzor: posts small blind $0.50
merda110: posts big blind $1
*** HOLE CARDS ***
franco232315: folds 
VahTang_89: folds 
easy_sarcasm: folds 
LuckyShikari: raises $2 to $3
whlzor: folds 
merda110: calls $2
*** FLOP *** [8c As Ks]
merda110: checks 
LuckyShikari: bets $1
merda110: calls $1
*** TURN *** [8c As Ks] [Ah]
merda110: checks 
LuckyShikari: bets $2
merda110: folds 
Uncalled bet ($2) returned to LuckyShikari
LuckyShikari collected $8.08 from pot
LuckyShikari: doesn't show hand 
*** SUMMARY ***
Total pot $8.50 | Rake $0.42 
Board [8c As Ks Ah]
Seat 1: whlzor (small blind) folded before Flop
Seat 2: merda110 (big blind) folded on the Turn
Seat 3: franco232315 folded before Flop (didn't bet)
Seat 4: VahTang_89 folded before Flop (didn't bet)
Seat 5: easy_sarcasm folded before Flop (didn't bet)
Seat 6: LuckyShikari (button) collected ($8.08)



PokerStars Hand #254579151254:  Hold'em No Limit ($0.50/$1.00 USD) - 2025/01/27 14:53:34 WET [2025/01/27 9:53:34 ET]
Table 'Misenus IV' 6-max Seat #1 is the button
Seat 1: whlzor ($148.62 in chips) 
Seat 2: merda110 ($95 in chips) 
Seat 3: franco232315 ($152.69 in chips) 
Seat 4: VahTang_89 ($116.25 in chips) 
Seat 5: easy_sarcasm ($100 in chips) 
Seat 6: LuckyShikari ($116.03 in chips) 
merda110: posts small blind $0.50
franco232315: posts big blind $1
*** HOLE CARDS ***
VahTang_89: folds 
easy_sarcasm: folds 
LuckyShikari: folds 
whlzor: raises $2 to $3
merda110: calls $2.50
franco232315: raises $14 to $17
whlzor: calls $14
merda110: calls $14
*** FLOP *** [6s Th 9h]
merda110: checks 
franco232315: bets $135.69 and is all-in
whlzor: folds 
merda110: calls $78 and is all-in
Uncalled bet ($57.69) returned to franco232315
franco232315 has timed out
*** TURN *** [6s Th 9h] [Kc]
*** RIVER *** [6s Th 9h Kc] [Kd]
*** SHOW DOWN ***
merda110: shows [Td Jc] (two pair, Kings and Tens)
franco232315: shows [Jh Qc] (a straight, Nine to King)
franco232315 collected $204.50 from pot
*** SUMMARY ***
Total pot $207 | Rake $2.50 
Board [6s Th 9h Kc Kd]
Seat 1: whlzor (button) folded on the Flop
Seat 2: merda110 (small blind) showed [Td Jc] and lost with two pair, Kings and Tens
Seat 3: franco232315 (big blind) showed [Jh Qc] and won ($204.50) with a straight, Nine to King
Seat 4: VahTang_89 folded before Flop (didn't bet)
Seat 5: easy_sarcasm folded before Flop (didn't bet)
Seat 6: LuckyShikari folded before Flop (didn't bet)



PokerStars Hand #254579165703:  Hold'em No Limit ($0.50/$1.00 USD) - 2025/01/27 14:54:49 WET [2025/01/27 9:54:49 ET]
Table 'Misenus IV' 6-max Seat #3 is the button
Seat 2: merda110 ($0 in chips) is sitting out
Seat 1: whlzor ($131.62 in chips) 
Seat 3: franco232315 ($262.19 in chips) 
Seat 4: VahTang_89 ($116.25 in chips) 
Seat 5: easy_sarcasm ($100 in chips) 
Seat 6: LuckyShikari ($116.03 in chips) 
VahTang_89: posts small blind $0.50
easy_sarcasm: posts big blind $1
*** HOLE CARDS ***
LuckyShikari: raises $1.50 to $2.50
whlzor: folds 
franco232315: folds 
VahTang_89: folds 
easy_sarcasm: calls $1.50
*** FLOP *** [7c 2h Kd]
easy_sarcasm: checks 
LuckyShikari: bets $1.50
easy_sarcasm: folds 
Uncalled bet ($1.50) returned to LuckyShikari
LuckyShikari collected $5.22 from pot
LuckyShikari: doesn't show hand 
*** SUMMARY ***
Total pot $5.50 | Rake $0.28 
Board [7c 2h Kd]
Seat 2: merda110
Seat 1: whlzor folded before Flop (didn't bet)
Seat 3: franco232315 (button) folded before Flop (didn't bet)
Seat 4: VahTang_89 (small blind) folded before Flop
Seat 5: easy_sarcasm (big blind) folded on the Flop
Seat 6: LuckyShikari collected ($5.22)



PokerStars Hand #254579171869:  Hold'em No Limit ($0.50/$1.00 USD) - 2025/01/27 14:55:25 WET [2025/01/27 9:55:25 ET]
Table 'Misenus IV' 6-max Seat #4 is the button
Seat 2: merda110 ($0 in chips) is sitting out
Seat 1: whlzor ($131.62 in chips) 
Seat 3: franco232315 ($262.19 in chips) 
Seat 4: VahTang_89 ($115.75 in chips) 
Seat 5: easy_sarcasm ($100 in chips) 
Seat 6: LuckyShikari ($118.75 in chips) 
easy_sarcasm: posts small blind $0.50
LuckyShikari: posts big blind $1
*** HOLE CARDS ***
whlzor: folds 
franco232315: raises $1.50 to $2.50
VahTang_89: raises $5 to $7.50
easy_sarcasm: folds 
LuckyShikari: folds 
merda110 leaves the table
franco232315: folds 
Uncalled bet ($5) returned to VahTang_89
whlzor leaves the table
VahTang_89 collected $6.50 from pot
VahTang_89: doesn't show hand 
*** SUMMARY ***
Total pot $6.50 | Rake $0 
Seat 2: merda110
Seat 1: whlzor folded before Flop (didn't bet)
Seat 3: franco232315 folded before Flop
Seat 4: VahTang_89 (button) collected ($6.50)
Seat 5: easy_sarcasm (small blind) folded before Flop
Seat 6: LuckyShikari (big blind) folded before Flop



PokerStars Hand #254579177459:  Hold'em No Limit ($0.50/$1.00 USD) - 2025/01/27 14:56:02 WET [2025/01/27 9:56:02 ET]
Table 'Misenus IV' 6-max Seat #5 is the button
Seat 3: franco232315 ($259.69 in chips) 
Seat 4: VahTang_89 ($119.75 in chips) 
Seat 5: easy_sarcasm ($100 in chips) 
Seat 6: LuckyShikari ($117.75 in chips) 
LuckyShikari: posts small blind $0.50
franco232315: posts big blind $1
*** HOLE CARDS ***
VahTang_89: folds 
easy_sarcasm: raises $1.20 to $2.20
LuckyShikari: folds 
franco232315: folds 
Uncalled bet ($1.20) returned to easy_sarcasm
easy_sarcasm collected $2.50 from pot
*** SUMMARY ***
Total pot $2.50 | Rake $0 
Seat 3: franco232315 (big blind) folded before Flop
Seat 4: VahTang_89 folded before Flop (didn't bet)
Seat 5: easy_sarcasm (button) collected ($2.50)
Seat 6: LuckyShikari (small blind) folded before Flop



PokerStars Hand #254579195180:  Hold'em No Limit ($0.50/$1.00 USD) - 2025/01/27 14:57:59 WET [2025/01/27 9:57:59 ET]
Table 'Misenus IV' 6-max Seat #1 is the button
Seat 1: BoyLoc0 ($100 in chips) 
Seat 3: franco232315 ($258.69 in chips) 
Seat 5: RAidakCo ($100 in chips) 
franco232315: posts small blind $0.50
RAidakCo: posts big blind $1
*** HOLE CARDS ***
BoyLoc0: raises $1.50 to $2.50
franco232315: folds 
RAidakCo: calls $1.50
*** FLOP *** [Td Qc As]
RAidakCo: checks 
BoyLoc0: checks 
*** TURN *** [Td Qc As] [5d]
RAidakCo: checks 
BoyLoc0: bets $3.92
RAidakCo: calls $3.92
*** RIVER *** [Td Qc As 5d] [8s]
RAidakCo: checks 
BoyLoc0: bets $9.50
RAidakCo: calls $9.50
*** SHOW DOWN ***
BoyLoc0: shows [Jc 2c] (high card Ace)
RAidakCo: shows [Qs 3s] (a pair of Queens)
RAidakCo collected $31.34 from pot
*** SUMMARY ***
Total pot $32.34 | Rake $1 
Board [Td Qc As 5d 8s]
Seat 1: BoyLoc0 (button) showed [Jc 2c] and lost with high card Ace
Seat 3: franco232315 (small blind) folded before Flop
Seat 5: RAidakCo (big blind) showed [Qs 3s] and won ($31.34) with a pair of Queens



PokerStars Hand #254579204326:  Hold'em No Limit ($0.50/$1.00 USD) - 2025/01/27 14:59:00 WET [2025/01/27 9:59:00 ET]
Table 'Misenus IV' 6-max Seat #5 is the button
Seat 1: BoyLoc0 ($100 in chips) is sitting out
Seat 3: franco232315 ($258.19 in chips) 
Seat 5: RAidakCo ($115.42 in chips) 
RAidakCo: posts small blind $0.50
BoyLoc0: is sitting out 
franco232315: posts big blind $1
*** HOLE CARDS ***
BoyLoc0 leaves the table
RAidakCo: raises $1.50 to $2.50
franco232315: calls $1.50
*** FLOP *** [2s 3h 4d]
franco232315: checks 
RAidakCo: checks 
*** TURN *** [2s 3h 4d] [Th]
franco232315: bets $12.13
RAidakCo: calls $12.13
*** RIVER *** [2s 3h 4d Th] [3d]
franco232315: checks 
RAidakCo: checks 
*** SHOW DOWN ***
franco232315: shows [5d 8d] (a pair of Threes)
RAidakCo: shows [6d Td] (two pair, Tens and Threes)
RAidakCo collected $28.26 from pot
*** SUMMARY ***
Total pot $29.26 | Rake $1 
Board [2s 3h 4d Th 3d]
Seat 1: BoyLoc0
Seat 3: franco232315 (big blind) showed [5d 8d] and lost with a pair of Threes
Seat 5: RAidakCo (button) (small blind) showed [6d Td] and won ($28.26) with two pair, Tens and Threes



PokerStars Hand #254579214434:  Hold'em No Limit ($0.50/$1.00 USD) - 2025/01/27 15:00:07 WET [2025/01/27 10:00:07 ET]
Table 'Misenus IV' 6-max Seat #3 is the button
Seat 3: franco232315 ($243.56 in chips) 
Seat 5: RAidakCo ($129.05 in chips) 
franco232315: posts small blind $0.50
RAidakCo: posts big blind $1
*** HOLE CARDS ***
franco232315: folds 
Uncalled bet ($0.50) returned to RAidakCo
RAidakCo collected $1 from pot
RAidakCo: doesn't show hand 
*** SUMMARY ***
Total pot $1 | Rake $0 
Seat 3: franco232315 (button) (small blind) folded before Flop
Seat 5: RAidakCo (big blind) collected ($1)



