PokerStars Hand #254583578224:  Hold'em No Limit ($0.50/$1.00 USD) - 2025/01/27 19:56:56 WET [2025/01/27 14:56:56 ET]
Table 'Josephina V' 6-max Seat #5 is the button
Seat 1: BoyLoc0 ($117.97 in chips) 
Seat 2: SorinS28 ($100 in chips) 
Seat 3: skanb ($100 in chips) 
Seat 4: 1fudihara ($43.15 in chips) 
Seat 5: Gfoer ($100 in chips) 
Seat 6: worker0k ($100 in chips) 
worker0k: posts small blind $0.50
BoyLoc0: posts big blind $1
*** HOLE CARDS ***
SorinS28: folds 
skanb: folds 
1fudihara: folds 
Gfoer: folds 
worker0k: folds 
Uncalled bet ($0.50) returned to BoyLoc0
BoyLoc0 collected $1 from pot
BoyLoc0: doesn't show hand 
*** SUMMARY ***
Total pot $1 | Rake $0 
Seat 1: BoyLoc0 (big blind) collected ($1)
Seat 2: SorinS28 folded before Flop (didn't bet)
Seat 3: skanb folded before Flop (didn't bet)
Seat 4: 1fudihara folded before Flop (didn't bet)
Seat 5: Gfoer (button) folded before Flop (didn't bet)
Seat 6: worker0k (small blind) folded before Flop



PokerStars Hand #254583580949:  Hold'em No Limit ($0.50/$1.00 USD) - 2025/01/27 19:57:09 WET [2025/01/27 14:57:09 ET]
Table 'Josephina V' 6-max Seat #6 is the button
Seat 1: BoyLoc0 ($118.47 in chips) 
Seat 2: SorinS28 ($100 in chips) 
Seat 3: skanb ($100 in chips) 
Seat 4: 1fudihara ($43.15 in chips) 
Seat 5: Gfoer ($100 in chips) 
Seat 6: worker0k ($100 in chips) 
BoyLoc0: posts small blind $0.50
SorinS28: posts big blind $1
*** HOLE CARDS ***
skanb: folds 
1fudihara: raises $1.50 to $2.50
Gfoer: folds 
worker0k: folds 
BoyLoc0: raises $6.50 to $9
SorinS28: folds 
1fudihara: calls $6.50
*** FLOP *** [3s Jh 4c]
BoyLoc0: bets $11
1fudihara: folds 
Uncalled bet ($11) returned to BoyLoc0
BoyLoc0 collected $18.05 from pot
BoyLoc0: doesn't show hand 
*** SUMMARY ***
Total pot $19 | Rake $0.95 
Board [3s Jh 4c]
Seat 1: BoyLoc0 (small blind) collected ($18.05)
Seat 2: SorinS28 (big blind) folded before Flop
Seat 3: skanb folded before Flop (didn't bet)
Seat 4: 1fudihara folded on the Flop
Seat 5: Gfoer folded before Flop (didn't bet)
Seat 6: worker0k (button) folded before Flop (didn't bet)



PokerStars Hand #254583590516:  Hold'em No Limit ($0.50/$1.00 USD) - 2025/01/27 19:57:53 WET [2025/01/27 14:57:53 ET]
Table 'Josephina V' 6-max Seat #1 is the button
Seat 1: BoyLoc0 ($127.52 in chips) 
Seat 2: SorinS28 ($100 in chips) 
Seat 3: skanb ($100 in chips) 
Seat 4: 1fudihara ($34.15 in chips) 
Seat 5: Gfoer ($100 in chips) 
Seat 6: worker0k ($100 in chips) 
SorinS28: posts small blind $0.50
skanb: posts big blind $1
*** HOLE CARDS ***
1fudihara: folds 
Gfoer: raises $1.20 to $2.20
worker0k: folds 
BoyLoc0: folds 
SorinS28: folds 
1fudihara leaves the table
skanb: folds 
Uncalled bet ($1.20) returned to Gfoer
Gfoer collected $2.50 from pot
Gfoer: doesn't show hand 
*** SUMMARY ***
Total pot $2.50 | Rake $0 
Seat 1: BoyLoc0 (button) folded before Flop (didn't bet)
Seat 2: SorinS28 (small blind) folded before Flop
Seat 3: skanb (big blind) folded before Flop
Seat 4: 1fudihara folded before Flop (didn't bet)
Seat 5: Gfoer collected ($2.50)
Seat 6: worker0k folded before Flop (didn't bet)



PokerStars Hand #254583595914:  Hold'em No Limit ($0.50/$1.00 USD) - 2025/01/27 19:58:18 WET [2025/01/27 14:58:18 ET]
Table 'Josephina V' 6-max Seat #2 is the button
Seat 1: BoyLoc0 ($127.52 in chips) 
Seat 2: SorinS28 ($100 in chips) 
Seat 3: skanb ($100 in chips) 
Seat 5: Gfoer ($101.50 in chips) 
Seat 6: worker0k ($100 in chips) 
skanb: posts small blind $0.50
Gfoer: posts big blind $1
*** HOLE CARDS ***
worker0k: folds 
BoyLoc0: folds 
SorinS28: folds 
worker0k leaves the table
skanb: folds 
Uncalled bet ($0.50) returned to Gfoer
Gfoer collected $1 from pot
Gfoer: doesn't show hand 
*** SUMMARY ***
Total pot $1 | Rake $0 
Seat 1: BoyLoc0 folded before Flop (didn't bet)
Seat 2: SorinS28 (button) folded before Flop (didn't bet)
Seat 3: skanb (small blind) folded before Flop
Seat 5: Gfoer (big blind) collected ($1)
Seat 6: worker0k folded before Flop (didn't bet)



