PokerStars Hand #254587623053:  Hold'em No Limit ($0.50/$1.00 USD) - 2025/01/27 23:47:11 WET [2025/01/27 18:47:11 ET]
Table 'Mufrid V' 6-max Seat #4 is the button
Seat 2: Aleqseuka ($100 in chips) 
Seat 3: SorinS28 ($100 in chips) 
Seat 4: Seavus10 ($100 in chips) 
Aleqseuka: posts small blind $0.50
SorinS28: posts big blind $1
*** HOLE CARDS ***
Seavus10: folds 
Aleqseuka: folds 
Uncalled bet ($0.50) returned to SorinS28
SorinS28 collected $1 from pot
SorinS28: doesn't show hand 
*** SUMMARY ***
Total pot $1 | Rake $0 
Seat 2: Aleqseuka (small blind) folded before Flop
Seat 3: SorinS28 (big blind) collected ($1)
Seat 4: Seavus10 (button) folded before Flop (didn't bet)



PokerStars Hand #254587625555:  Hold'em No Limit ($0.50/$1.00 USD) - 2025/01/27 23:47:21 WET [2025/01/27 18:47:21 ET]
Table 'Mufrid V' 6-max Seat #2 is the button
Seat 2: Aleqseuka ($100 in chips) 
Seat 3: SorinS28 ($100.50 in chips) 
Seat 4: Seavus10 ($100 in chips) 
SorinS28: posts small blind $0.50
Seavus10: posts big blind $1
*** HOLE CARDS ***
Aleqseuka: folds 
Mr.Taraseus joins the table at seat #5 
nastja336 joins the table at seat #6 
SorinS28: raises $2 to $3
Seavus10: calls $2
*** FLOP *** [Js 8c 4d]
SorinS28: checks 
Seavus10: bets $1.90
SorinS28: folds 
Uncalled bet ($1.90) returned to Seavus10
Seavus10 collected $5.70 from pot
Seavus10: doesn't show hand 
*** SUMMARY ***
Total pot $6 | Rake $0.30 
Board [Js 8c 4d]
Seat 2: Aleqseuka (button) folded before Flop (didn't bet)
Seat 3: SorinS28 (small blind) folded on the Flop
Seat 4: Seavus10 (big blind) collected ($5.70)



PokerStars Hand #254587634613:  Hold'em No Limit ($0.50/$1.00 USD) - 2025/01/27 23:48:00 WET [2025/01/27 18:48:00 ET]
Table 'Mufrid V' 6-max Seat #3 is the button
Seat 6: nastja336 ($100 in chips) is sitting out
Seat 2: Aleqseuka ($100 in chips) 
Seat 3: SorinS28 ($100 in chips) 
Seat 4: Seavus10 ($102.70 in chips) 
Seat 5: Mr.Taraseus ($10 in chips) 
Seavus10: posts small blind $0.50
Mr.Taraseus: posts big blind $1
nastja336: sits out 
*** HOLE CARDS ***
Aleqseuka: raises $1.50 to $2.50
SorinS28: folds 
Seavus10: folds 
Mr.Taraseus: folds 
Uncalled bet ($1.50) returned to Aleqseuka
Aleqseuka collected $2.50 from pot
Aleqseuka: doesn't show hand 
*** SUMMARY ***
Total pot $2.50 | Rake $0 
Seat 6: nastja336
Seat 2: Aleqseuka collected ($2.50)
Seat 3: SorinS28 (button) folded before Flop (didn't bet)
Seat 4: Seavus10 (small blind) folded before Flop
Seat 5: Mr.Taraseus (big blind) folded before Flop



PokerStars Hand #254587639133:  Hold'em No Limit ($0.50/$1.00 USD) - 2025/01/27 23:48:19 WET [2025/01/27 18:48:19 ET]
Table 'Mufrid V' 6-max Seat #4 is the button
Seat 2: Aleqseuka ($101.50 in chips) 
Seat 3: SorinS28 ($100 in chips) 
Seat 4: Seavus10 ($102.20 in chips) 
Seat 5: Mr.Taraseus ($10 in chips) 
Seat 6: nastja336 ($100 in chips) 
Mr.Taraseus: posts small blind $0.50
nastja336: posts big blind $1
*** HOLE CARDS ***
Aleqseuka: folds 
SorinS28: folds 
Seavus10: folds 
Mr.Taraseus: raises $9 to $10 and is all-in
canibal27 joins the table at seat #1 
nastja336: folds 
Uncalled bet ($9) returned to Mr.Taraseus
Mr.Taraseus collected $2 from pot
Mr.Taraseus: doesn't show hand 
*** SUMMARY ***
Total pot $2 | Rake $0 
Seat 2: Aleqseuka folded before Flop (didn't bet)
Seat 3: SorinS28 folded before Flop (didn't bet)
Seat 4: Seavus10 (button) folded before Flop (didn't bet)
Seat 5: Mr.Taraseus (small blind) collected ($2)
Seat 6: nastja336 (big blind) folded before Flop



PokerStars Hand #254587643117:  Hold'em No Limit ($0.50/$1.00 USD) - 2025/01/27 23:48:36 WET [2025/01/27 18:48:36 ET]
Table 'Mufrid V' 6-max Seat #5 is the button
Seat 1: canibal27 ($100 in chips) 
Seat 2: Aleqseuka ($101.50 in chips) 
Seat 3: SorinS28 ($100 in chips) 
Seat 4: Seavus10 ($102.20 in chips) 
Seat 5: Mr.Taraseus ($11 in chips) 
Seat 6: nastja336 ($100 in chips) 
nastja336: posts small blind $0.50
canibal27: posts big blind $1
*** HOLE CARDS ***
Aleqseuka: folds 
SorinS28: folds 
Seavus10: folds 
Mr.Taraseus: folds 
nastja336: folds 
Uncalled bet ($0.50) returned to canibal27
canibal27 collected $1 from pot
canibal27: doesn't show hand 
*** SUMMARY ***
Total pot $1 | Rake $0 
Seat 1: canibal27 (big blind) collected ($1)
Seat 2: Aleqseuka folded before Flop (didn't bet)
Seat 3: SorinS28 folded before Flop (didn't bet)
Seat 4: Seavus10 folded before Flop (didn't bet)
Seat 5: Mr.Taraseus (button) folded before Flop (didn't bet)
Seat 6: nastja336 (small blind) folded before Flop



PokerStars Hand #254587647892:  Hold'em No Limit ($0.50/$1.00 USD) - 2025/01/27 23:48:56 WET [2025/01/27 18:48:56 ET]
Table 'Mufrid V' 6-max Seat #6 is the button
Seat 1: canibal27 ($100.50 in chips) 
Seat 2: Aleqseuka ($101.50 in chips) 
Seat 3: SorinS28 ($100 in chips) 
Seat 4: Seavus10 ($102.20 in chips) 
Seat 5: Mr.Taraseus ($11 in chips) 
Seat 6: nastja336 ($100 in chips) 
canibal27: posts small blind $0.50
Aleqseuka: posts big blind $1
*** HOLE CARDS ***
SorinS28: folds 
Seavus10: raises $1.20 to $2.20
SorinS28 leaves the table
Mr.Taraseus: raises $8.80 to $11 and is all-in
nastja336: folds 
canibal27: folds 
Aleqseuka: folds 
Seavus10: folds 
Uncalled bet ($8.80) returned to Mr.Taraseus
Mr.Taraseus collected $5.90 from pot
Mr.Taraseus: doesn't show hand 
*** SUMMARY ***
Total pot $5.90 | Rake $0 
Seat 1: canibal27 (small blind) folded before Flop
Seat 2: Aleqseuka (big blind) folded before Flop
Seat 3: SorinS28 folded before Flop (didn't bet)
Seat 4: Seavus10 folded before Flop
Seat 5: Mr.Taraseus collected ($5.90)
Seat 6: nastja336 (button) folded before Flop (didn't bet)



PokerStars Hand #254587653022:  Hold'em No Limit ($0.50/$1.00 USD) - 2025/01/27 23:49:18 WET [2025/01/27 18:49:18 ET]
Table 'Mufrid V' 6-max Seat #1 is the button
Seat 1: canibal27 ($100 in chips) 
Seat 2: Aleqseuka ($100.50 in chips) 
Seat 4: Seavus10 ($100 in chips) 
Seat 5: Mr.Taraseus ($14.70 in chips) 
Seat 6: nastja336 ($100 in chips) 
Aleqseuka: posts small blind $0.50
Seavus10: posts big blind $1
*** HOLE CARDS ***
Mr.Taraseus: folds 
Mr.Taraseus leaves the table
nastja336: folds 
canibal27: raises $1.50 to $2.50
Aleqseuka: folds 
Seavus10: folds 
Uncalled bet ($1.50) returned to canibal27
canibal27 collected $2.50 from pot
canibal27: doesn't show hand 
*** SUMMARY ***
Total pot $2.50 | Rake $0 
Seat 1: canibal27 (button) collected ($2.50)
Seat 2: Aleqseuka (small blind) folded before Flop
Seat 4: Seavus10 (big blind) folded before Flop
Seat 5: Mr.Taraseus folded before Flop (didn't bet)
Seat 6: nastja336 folded before Flop (didn't bet)



PokerStars Hand #254587657360:  Hold'em No Limit ($0.50/$1.00 USD) - 2025/01/27 23:49:37 WET [2025/01/27 18:49:37 ET]
Table 'Mufrid V' 6-max Seat #2 is the button
Seat 6: nastja336 ($100 in chips) is sitting out
Seat 1: canibal27 ($101.50 in chips) 
Seat 2: Aleqseuka ($100 in chips) 
Seat 4: Seavus10 ($100 in chips) 
Seavus10: posts small blind $0.50
nastja336: is sitting out 
canibal27: posts big blind $1
*** HOLE CARDS ***
nastja336 leaves the table
Aleqseuka: raises $1.50 to $2.50
Seavus10: folds 
canibal27: calls $1.50
*** FLOP *** [Jd Ah 4c]
canibal27: checks 
Aleqseuka: checks 
*** TURN *** [Jd Ah 4c] [7s]
canibal27: checks 
nastja336 joins the table at seat #6 
goethekiller joins the table at seat #3 
goethekiller is disconnected 
Aleqseuka: checks 
*** RIVER *** [Jd Ah 4c 7s] [8s]
Thoboy011 joins the table at seat #5 
Thoboy011 is disconnected 
canibal27: checks 
Aleqseuka: bets $6.53
canibal27: folds 
Uncalled bet ($6.53) returned to Aleqseuka
Aleqseuka collected $5.22 from pot
Aleqseuka: doesn't show hand 
*** SUMMARY ***
Total pot $5.50 | Rake $0.28 
Board [Jd Ah 4c 7s 8s]
Seat 6: nastja336
Seat 1: canibal27 (big blind) folded on the River
Seat 2: Aleqseuka (button) collected ($5.22)
Seat 4: Seavus10 (small blind) folded before Flop



PokerStars Hand #254587675788:  Hold'em No Limit ($0.50/$1.00 USD) - 2025/01/27 23:50:57 WET [2025/01/27 18:50:57 ET]
Table 'Mufrid V' 6-max Seat #4 is the button
Seat 3: goethekiller ($29.53 in chips) is sitting out
Seat 5: Thoboy011 ($20.04 in chips) is sitting out
Seat 6: nastja336 ($100 in chips) is sitting out
Seat 1: canibal27 ($100 in chips) 
Seat 2: Aleqseuka ($102.72 in chips) 
Seat 4: Seavus10 ($100 in chips) 
canibal27: posts small blind $0.50
Aleqseuka: posts big blind $1
goethekiller: sits out 
*** HOLE CARDS ***
Seavus10: folds 
canibal27: folds 
Uncalled bet ($0.50) returned to Aleqseuka
Aleqseuka collected $1 from pot
Aleqseuka: doesn't show hand 
*** SUMMARY ***
Total pot $1 | Rake $0 
Seat 3: goethekiller
Seat 5: Thoboy011
Seat 6: nastja336
Seat 1: canibal27 (small blind) folded before Flop
Seat 2: Aleqseuka (big blind) collected ($1)
Seat 4: Seavus10 (button) folded before Flop (didn't bet)



PokerStars Hand #254587678253:  Hold'em No Limit ($0.50/$1.00 USD) - 2025/01/27 23:51:07 WET [2025/01/27 18:51:07 ET]
Table 'Mufrid V' 6-max Seat #1 is the button
Seat 5: Thoboy011 ($20.04 in chips) is sitting out
Seat 6: nastja336 ($100 in chips) is sitting out
Seat 1: canibal27 ($100 in chips) 
Seat 2: Aleqseuka ($103.22 in chips) 
Seat 3: goethekiller ($29.53 in chips) 
Seat 4: Seavus10 ($100 in chips) 
Aleqseuka: posts small blind $0.50
goethekiller: posts big blind $1
Thoboy011: sits out 
nastja336: sits out 
*** HOLE CARDS ***
Seavus10: folds 
canibal27: raises $1.50 to $2.50
Aleqseuka: folds 
goethekiller: folds 
Uncalled bet ($1.50) returned to canibal27
canibal27 collected $2.50 from pot
canibal27: doesn't show hand 
*** SUMMARY ***
Total pot $2.50 | Rake $0 
Seat 5: Thoboy011
Seat 6: nastja336
Seat 1: canibal27 (button) collected ($2.50)
Seat 2: Aleqseuka (small blind) folded before Flop
Seat 3: goethekiller (big blind) folded before Flop
Seat 4: Seavus10 folded before Flop (didn't bet)



PokerStars Hand #254587682015:  Hold'em No Limit ($0.50/$1.00 USD) - 2025/01/27 23:51:24 WET [2025/01/27 18:51:24 ET]
Table 'Mufrid V' 6-max Seat #2 is the button
Seat 5: Thoboy011 ($20.04 in chips) is sitting out
Seat 6: nastja336 ($100 in chips) is sitting out
Seat 1: canibal27 ($101.50 in chips) 
Seat 2: Aleqseuka ($102.72 in chips) 
Seat 3: goethekiller ($28.53 in chips) 
Seat 4: Seavus10 ($100 in chips) 
goethekiller: posts small blind $0.50
Seavus10: posts big blind $1
Thoboy011: sits out 
nastja336: sits out 
*** HOLE CARDS ***
canibal27: raises $1.30 to $2.30
Aleqseuka: folds 
goethekiller: raises $2.47 to $4.77
Seavus10: folds 
canibal27: calls $2.47
*** FLOP *** [Qs 7h Js]
goethekiller: bets $5.88
canibal27: folds 
Uncalled bet ($5.88) returned to goethekiller
goethekiller collected $10.01 from pot
*** SUMMARY ***
Total pot $10.54 | Rake $0.53 
Board [Qs 7h Js]
Seat 5: Thoboy011
Seat 6: nastja336
Seat 1: canibal27 folded on the Flop
Seat 2: Aleqseuka (button) folded before Flop (didn't bet)
Seat 3: goethekiller (small blind) collected ($10.01)
Seat 4: Seavus10 (big blind) folded before Flop



PokerStars Hand #254587690794:  Hold'em No Limit ($0.50/$1.00 USD) - 2025/01/27 23:52:03 WET [2025/01/27 18:52:03 ET]
Table 'Mufrid V' 6-max Seat #3 is the button
Seat 6: nastja336 ($100 in chips) is sitting out
Seat 1: canibal27 ($100 in chips) 
Seat 2: Aleqseuka ($102.72 in chips) 
Seat 3: goethekiller ($33.77 in chips) 
Seat 4: Seavus10 ($100 in chips) 
Seat 5: Thoboy011 ($20.04 in chips) 
Seavus10: posts small blind $0.50
Thoboy011: posts big blind $1
nastja336: sits out 
*** HOLE CARDS ***
canibal27: folds 
Aleqseuka: folds 
goethekiller: raises $1 to $2
Seavus10: folds 
Thoboy011: calls $1
*** FLOP *** [3d Qs Jh]
Thoboy011: checks 
goethekiller: bets $3
Thoboy011: calls $3
*** TURN *** [3d Qs Jh] [As]
Thoboy011: bets $4.99
goethekiller: folds 
Uncalled bet ($4.99) returned to Thoboy011
Thoboy011 collected $9.98 from pot
Thoboy011: doesn't show hand 
*** SUMMARY ***
Total pot $10.50 | Rake $0.52 
Board [3d Qs Jh As]
Seat 6: nastja336
Seat 1: canibal27 folded before Flop (didn't bet)
Seat 2: Aleqseuka folded before Flop (didn't bet)
Seat 3: goethekiller (button) folded on the Turn
Seat 4: Seavus10 (small blind) folded before Flop
Seat 5: Thoboy011 (big blind) collected ($9.98)



PokerStars Hand #254587697186:  Hold'em No Limit ($0.50/$1.00 USD) - 2025/01/27 23:52:31 WET [2025/01/27 18:52:31 ET]
Table 'Mufrid V' 6-max Seat #4 is the button
Seat 1: canibal27 ($100 in chips) 
Seat 2: Aleqseuka ($102.72 in chips) 
Seat 3: goethekiller ($28.77 in chips) 
Seat 4: Seavus10 ($100 in chips) 
Seat 5: Thoboy011 ($25.02 in chips) 
Seat 6: nastja336 ($100 in chips) 
Thoboy011: posts small blind $0.50
nastja336: posts big blind $1
*** HOLE CARDS ***
canibal27: folds 
Aleqseuka: folds 
goethekiller: folds 
Seavus10: folds 
Thoboy011: calls $0.50
nastja336: checks 
*** FLOP *** [Ah Tc Jd]
Thoboy011: bets $1
nastja336: folds 
Uncalled bet ($1) returned to Thoboy011
Thoboy011 collected $1.90 from pot
Thoboy011: doesn't show hand 
*** SUMMARY ***
Total pot $2 | Rake $0.10 
Board [Ah Tc Jd]
Seat 1: canibal27 folded before Flop (didn't bet)
Seat 2: Aleqseuka folded before Flop (didn't bet)
Seat 3: goethekiller folded before Flop (didn't bet)
Seat 4: Seavus10 (button) folded before Flop (didn't bet)
Seat 5: Thoboy011 (small blind) collected ($1.90)
Seat 6: nastja336 (big blind) folded on the Flop



PokerStars Hand #254587702362:  Hold'em No Limit ($0.50/$1.00 USD) - 2025/01/27 23:52:54 WET [2025/01/27 18:52:54 ET]
Table 'Mufrid V' 6-max Seat #5 is the button
Seat 1: canibal27 ($100 in chips) 
Seat 2: Aleqseuka ($102.72 in chips) 
Seat 3: goethekiller ($28.77 in chips) 
Seat 4: Seavus10 ($100 in chips) 
Seat 5: Thoboy011 ($25.92 in chips) 
Seat 6: nastja336 ($100 in chips) 
nastja336: posts small blind $0.50
canibal27: posts big blind $1
*** HOLE CARDS ***
Aleqseuka: folds 
goethekiller: folds 
Seavus10: raises $1.20 to $2.20
Aleqseuka leaves the table
Thoboy011: calls $2.20
nastja336: folds 
canibal27: folds 
*** FLOP *** [Js 6c 6d]
Seavus10: checks 
Thoboy011: checks 
*** TURN *** [Js 6c 6d] [Kh]
Seavus10: checks 
Thoboy011: checks 
*** RIVER *** [Js 6c 6d Kh] [3c]
Seavus10: checks 
Thoboy011: checks 
*** SHOW DOWN ***
Seavus10: shows [5c 5h] (two pair, Sixes and Fives)
Thoboy011: mucks hand 
Seavus10 collected $5.60 from pot
*** SUMMARY ***
Total pot $5.90 | Rake $0.30 
Board [Js 6c 6d Kh 3c]
Seat 1: canibal27 (big blind) folded before Flop
Seat 2: Aleqseuka folded before Flop (didn't bet)
Seat 3: goethekiller folded before Flop (didn't bet)
Seat 4: Seavus10 showed [5c 5h] and won ($5.60) with two pair, Sixes and Fives
Seat 5: Thoboy011 (button) mucked
Seat 6: nastja336 (small blind) folded before Flop



PokerStars Hand #254587711832:  Hold'em No Limit ($0.50/$1.00 USD) - 2025/01/27 23:53:36 WET [2025/01/27 18:53:36 ET]
Table 'Mufrid V' 6-max Seat #6 is the button
Seat 1: canibal27 ($100 in chips) 
Seat 3: goethekiller ($28.77 in chips) 
Seat 4: Seavus10 ($103.40 in chips) 
Seat 5: Thoboy011 ($23.72 in chips) 
Seat 6: nastja336 ($100 in chips) 
canibal27: posts small blind $0.50
goethekiller: posts big blind $1
*** HOLE CARDS ***
Seavus10: raises $1.20 to $2.20
Thoboy011: folds 
nastja336: folds 
canibal27: folds 
goethekiller: folds 
Uncalled bet ($1.20) returned to Seavus10
Seavus10 collected $2.50 from pot
Seavus10: doesn't show hand 
*** SUMMARY ***
Total pot $2.50 | Rake $0 
Seat 1: canibal27 (small blind) folded before Flop
Seat 3: goethekiller (big blind) folded before Flop
Seat 4: Seavus10 collected ($2.50)
Seat 5: Thoboy011 folded before Flop (didn't bet)
Seat 6: nastja336 (button) folded before Flop (didn't bet)



PokerStars Hand #254587716215:  Hold'em No Limit ($0.50/$1.00 USD) - 2025/01/27 23:53:55 WET [2025/01/27 18:53:55 ET]
Table 'Mufrid V' 6-max Seat #1 is the button
Seat 1: canibal27 ($100 in chips) 
Seat 3: goethekiller ($27.77 in chips) 
Seat 4: Seavus10 ($104.90 in chips) 
Seat 5: Thoboy011 ($23.72 in chips) 
Seat 6: nastja336 ($100 in chips) 
goethekiller: posts small blind $0.50
Seavus10: posts big blind $1
*** HOLE CARDS ***
Thoboy011: calls $1
nastja336: folds 
canibal27: raises $2 to $3
goethekiller: raises $4.99 to $7.99
z00mba joins the table at seat #2 
Seavus10: folds 
Thoboy011: folds 
canibal27: raises $92.01 to $100 and is all-in
goethekiller: calls $19.78 and is all-in
Uncalled bet ($72.23) returned to canibal27
*** FLOP *** [Jc Ad Ac]
*** TURN *** [Jc Ad Ac] [Ks]
*** RIVER *** [Jc Ad Ac Ks] [Qc]
*** SHOW DOWN ***
goethekiller: shows [Tc Ah] (a straight, Ten to Ace)
canibal27: shows [As 6d] (three of a kind, Aces)
goethekiller collected $55.04 from pot
*** SUMMARY ***
Total pot $57.54 | Rake $2.50 
Board [Jc Ad Ac Ks Qc]
Seat 1: canibal27 (button) showed [As 6d] and lost with three of a kind, Aces
Seat 3: goethekiller (small blind) showed [Tc Ah] and won ($55.04) with a straight, Ten to Ace
Seat 4: Seavus10 (big blind) folded before Flop
Seat 5: Thoboy011 folded before Flop
Seat 6: nastja336 folded before Flop (didn't bet)



PokerStars Hand #254587727272:  Hold'em No Limit ($0.50/$1.00 USD) - 2025/01/27 23:54:44 WET [2025/01/27 18:54:44 ET]
Table 'Mufrid V' 6-max Seat #3 is the button
Seat 2: z00mba ($100 in chips) is sitting out
Seat 1: canibal27 ($100 in chips) 
Seat 3: goethekiller ($55.04 in chips) 
Seat 4: Seavus10 ($103.90 in chips) 
Seat 5: Thoboy011 ($22.72 in chips) 
Seat 6: nastja336 ($100 in chips) 
Seavus10: posts small blind $0.50
Thoboy011: posts big blind $1
z00mba: sits out 
*** HOLE CARDS ***
nastja336: folds 
canibal27: folds 
goethekiller: folds 
Seavus10: folds 
Uncalled bet ($0.50) returned to Thoboy011
Thoboy011 collected $1 from pot
Thoboy011: doesn't show hand 
*** SUMMARY ***
Total pot $1 | Rake $0 
Seat 2: z00mba
Seat 1: canibal27 folded before Flop (didn't bet)
Seat 3: goethekiller (button) folded before Flop (didn't bet)
Seat 4: Seavus10 (small blind) folded before Flop
Seat 5: Thoboy011 (big blind) collected ($1)
Seat 6: nastja336 folded before Flop (didn't bet)



PokerStars Hand #254587730077:  Hold'em No Limit ($0.50/$1.00 USD) - 2025/01/27 23:54:57 WET [2025/01/27 18:54:57 ET]
Table 'Mufrid V' 6-max Seat #4 is the button
Seat 2: z00mba ($100 in chips) is sitting out
Seat 1: canibal27 ($100 in chips) 
Seat 3: goethekiller ($55.04 in chips) 
Seat 4: Seavus10 ($103.40 in chips) 
Seat 5: Thoboy011 ($23.22 in chips) 
Seat 6: nastja336 ($100 in chips) 
Thoboy011: posts small blind $0.50
nastja336: posts big blind $1
z00mba: sits out 
*** HOLE CARDS ***
canibal27: folds 
goethekiller: raises $1.55 to $2.55
Seavus10: folds 
Thoboy011: calls $2.05
nastja336: folds 
*** FLOP *** [4c 7c 7d]
Thoboy011: checks 
goethekiller: bets $3.90
Thoboy011: folds 
Uncalled bet ($3.90) returned to goethekiller
goethekiller collected $5.80 from pot
*** SUMMARY ***
Total pot $6.10 | Rake $0.30 
Board [4c 7c 7d]
Seat 2: z00mba
Seat 1: canibal27 folded before Flop (didn't bet)
Seat 3: goethekiller collected ($5.80)
Seat 4: Seavus10 (button) folded before Flop (didn't bet)
Seat 5: Thoboy011 (small blind) folded on the Flop
Seat 6: nastja336 (big blind) folded before Flop



PokerStars Hand #254587735540:  Hold'em No Limit ($0.50/$1.00 USD) - 2025/01/27 23:55:26 WET [2025/01/27 18:55:26 ET]
Table 'Mufrid V' 6-max Seat #5 is the button
Seat 2: z00mba ($100 in chips) is sitting out
Seat 1: canibal27 ($100 in chips) 
Seat 3: goethekiller ($58.29 in chips) 
Seat 4: Seavus10 ($103.40 in chips) 
Seat 5: Thoboy011 ($20.67 in chips) 
Seat 6: nastja336 ($100 in chips) 
nastja336: posts small blind $0.50
canibal27: posts big blind $1
z00mba: sits out 
*** HOLE CARDS ***
goethekiller: calls $1
Seavus10: raises $2.70 to $3.70
Thoboy011: folds 
nastja336: folds 
canibal27: calls $2.70
goethekiller: calls $2.70
*** FLOP *** [3h 6h 7h]
canibal27: checks 
goethekiller: checks 
Seavus10: checks 
*** TURN *** [3h 6h 7h] [9d]
canibal27: checks 
goethekiller: checks 
Seavus10: bets $6.77
canibal27: folds 
goethekiller: calls $6.77
*** RIVER *** [3h 6h 7h 9d] [2s]
goethekiller: checks 
Seavus10: bets $17.91
goethekiller: folds 
Uncalled bet ($17.91) returned to Seavus10
Seavus10 collected $23.88 from pot
Seavus10: doesn't show hand 
*** SUMMARY ***
Total pot $25.14 | Rake $1.26 
Board [3h 6h 7h 9d 2s]
Seat 2: z00mba
Seat 1: canibal27 (big blind) folded on the Turn
Seat 3: goethekiller folded on the River
Seat 4: Seavus10 collected ($23.88)
Seat 5: Thoboy011 (button) folded before Flop (didn't bet)
Seat 6: nastja336 (small blind) folded before Flop



PokerStars Hand #254587748514:  Hold'em No Limit ($0.50/$1.00 USD) - 2025/01/27 23:56:40 WET [2025/01/27 18:56:40 ET]
Table 'Mufrid V' 6-max Seat #6 is the button
Seat 1: canibal27 ($100 in chips) 
Seat 2: z00mba ($100 in chips) 
Seat 3: goethekiller ($47.82 in chips) 
Seat 4: Seavus10 ($116.81 in chips) 
Seat 5: Thoboy011 ($20.67 in chips) 
Seat 6: nastja336 ($100 in chips) 
canibal27: posts small blind $0.50
z00mba: posts big blind $1
*** HOLE CARDS ***
goethekiller: folds 
Seavus10: folds 
Thoboy011: folds 
nastja336: raises $1.50 to $2.50
canibal27: folds 
z00mba: folds 
Uncalled bet ($1.50) returned to nastja336
nastja336 collected $2.50 from pot
nastja336: doesn't show hand 
*** SUMMARY ***
Total pot $2.50 | Rake $0 
Seat 1: canibal27 (small blind) folded before Flop
Seat 2: z00mba (big blind) folded before Flop
Seat 3: goethekiller folded before Flop (didn't bet)
Seat 4: Seavus10 folded before Flop (didn't bet)
Seat 5: Thoboy011 folded before Flop (didn't bet)
Seat 6: nastja336 (button) collected ($2.50)



PokerStars Hand #254587754575:  Hold'em No Limit ($0.50/$1.00 USD) - 2025/01/27 23:57:15 WET [2025/01/27 18:57:15 ET]
Table 'Mufrid V' 6-max Seat #1 is the button
Seat 1: canibal27 ($100 in chips) 
Seat 2: z00mba ($100 in chips) 
Seat 3: goethekiller ($47.82 in chips) 
Seat 4: Seavus10 ($116.81 in chips) 
Seat 5: Thoboy011 ($20.67 in chips) 
Seat 6: nastja336 ($101.50 in chips) 
z00mba: posts small blind $0.50
goethekiller: posts big blind $1
*** HOLE CARDS ***
Seavus10: raises $1.50 to $2.50
Thoboy011: folds 
nastja336: folds 
canibal27: folds 
z00mba: folds 
goethekiller: folds 
Uncalled bet ($1.50) returned to Seavus10
Seavus10 collected $2.50 from pot
Seavus10: doesn't show hand 
*** SUMMARY ***
Total pot $2.50 | Rake $0 
Seat 1: canibal27 (button) folded before Flop (didn't bet)
Seat 2: z00mba (small blind) folded before Flop
Seat 3: goethekiller (big blind) folded before Flop
Seat 4: Seavus10 collected ($2.50)
Seat 5: Thoboy011 folded before Flop (didn't bet)
Seat 6: nastja336 folded before Flop (didn't bet)



PokerStars Hand #254587756566:  Hold'em No Limit ($0.50/$1.00 USD) - 2025/01/27 23:57:26 WET [2025/01/27 18:57:26 ET]
Table 'Mufrid V' 6-max Seat #2 is the button
Seat 1: canibal27 ($100 in chips) 
Seat 2: z00mba ($100 in chips) 
Seat 3: goethekiller ($46.82 in chips) 
Seat 4: Seavus10 ($118.31 in chips) 
Seat 5: Thoboy011 ($20.67 in chips) 
Seat 6: nastja336 ($101.50 in chips) 
goethekiller: posts small blind $0.50
Seavus10: posts big blind $1
*** HOLE CARDS ***
Thoboy011: calls $1
nastja336: folds 
canibal27: folds 
z00mba: folds 
goethekiller: raises $1.68 to $2.68
Seavus10: folds 
Thoboy011: calls $1.68
*** FLOP *** [6h Js Tc]
goethekiller: bets $3.02
Thoboy011: calls $3.02
*** TURN *** [6h Js Tc] [Kd]
goethekiller: checks 
Thoboy011: bets $3.89
goethekiller: folds 
Uncalled bet ($3.89) returned to Thoboy011
Thoboy011 collected $11.78 from pot
Thoboy011: doesn't show hand 
*** SUMMARY ***
Total pot $12.40 | Rake $0.62 
Board [6h Js Tc Kd]
Seat 1: canibal27 folded before Flop (didn't bet)
Seat 2: z00mba (button) folded before Flop (didn't bet)
Seat 3: goethekiller (small blind) folded on the Turn
Seat 4: Seavus10 (big blind) folded before Flop
Seat 5: Thoboy011 collected ($11.78)
Seat 6: nastja336 folded before Flop (didn't bet)



PokerStars Hand #254587764456:  Hold'em No Limit ($0.50/$1.00 USD) - 2025/01/27 23:58:12 WET [2025/01/27 18:58:12 ET]
Table 'Mufrid V' 6-max Seat #3 is the button
Seat 1: canibal27 ($100 in chips) 
Seat 2: z00mba ($100 in chips) 
Seat 3: goethekiller ($41.12 in chips) 
Seat 4: Seavus10 ($117.31 in chips) 
Seat 5: Thoboy011 ($26.75 in chips) 
Seat 6: nastja336 ($101.50 in chips) 
Seavus10: posts small blind $0.50
Thoboy011: posts big blind $1
*** HOLE CARDS ***
nastja336: folds 
canibal27: folds 
z00mba: folds 
goethekiller: folds 
Seavus10: folds 
Uncalled bet ($0.50) returned to Thoboy011
Thoboy011 collected $1 from pot
Thoboy011: doesn't show hand 
*** SUMMARY ***
Total pot $1 | Rake $0 
Seat 1: canibal27 folded before Flop (didn't bet)
Seat 2: z00mba folded before Flop (didn't bet)
Seat 3: goethekiller (button) folded before Flop (didn't bet)
Seat 4: Seavus10 (small blind) folded before Flop
Seat 5: Thoboy011 (big blind) collected ($1)
Seat 6: nastja336 folded before Flop (didn't bet)



PokerStars Hand #254587768305:  Hold'em No Limit ($0.50/$1.00 USD) - 2025/01/27 23:58:34 WET [2025/01/27 18:58:34 ET]
Table 'Mufrid V' 6-max Seat #4 is the button
Seat 1: canibal27 ($100 in chips) 
Seat 2: z00mba ($100 in chips) 
Seat 3: goethekiller ($41.12 in chips) 
Seat 4: Seavus10 ($116.81 in chips) 
Seat 5: Thoboy011 ($27.25 in chips) 
Seat 6: nastja336 ($101.50 in chips) 
Thoboy011: posts small blind $0.50
nastja336: posts big blind $1
*** HOLE CARDS ***
canibal27: folds 
z00mba: folds 
goethekiller: folds 
Seavus10: raises $1.50 to $2.50
Thoboy011: folds 
nastja336: folds 
Uncalled bet ($1.50) returned to Seavus10
Seavus10 collected $2.50 from pot
Seavus10: doesn't show hand 
*** SUMMARY ***
Total pot $2.50 | Rake $0 
Seat 1: canibal27 folded before Flop (didn't bet)
Seat 2: z00mba folded before Flop (didn't bet)
Seat 3: goethekiller folded before Flop (didn't bet)
Seat 4: Seavus10 (button) collected ($2.50)
Seat 5: Thoboy011 (small blind) folded before Flop
Seat 6: nastja336 (big blind) folded before Flop



PokerStars Hand #254587770670:  Hold'em No Limit ($0.50/$1.00 USD) - 2025/01/27 23:58:48 WET [2025/01/27 18:58:48 ET]
Table 'Mufrid V' 6-max Seat #5 is the button
Seat 1: canibal27 ($100 in chips) 
Seat 2: z00mba ($100 in chips) 
Seat 3: goethekiller ($41.12 in chips) 
Seat 4: Seavus10 ($118.31 in chips) 
Seat 5: Thoboy011 ($26.75 in chips) 
Seat 6: nastja336 ($100.50 in chips) 
nastja336: posts small blind $0.50
canibal27: posts big blind $1
*** HOLE CARDS ***
z00mba: folds 
goethekiller: folds 
Seavus10: folds 
Thoboy011: folds 
nastja336: folds 
Uncalled bet ($0.50) returned to canibal27
canibal27 collected $1 from pot
canibal27: doesn't show hand 
*** SUMMARY ***
Total pot $1 | Rake $0 
Seat 1: canibal27 (big blind) collected ($1)
Seat 2: z00mba folded before Flop (didn't bet)
Seat 3: goethekiller folded before Flop (didn't bet)
Seat 4: Seavus10 folded before Flop (didn't bet)
Seat 5: Thoboy011 (button) folded before Flop (didn't bet)
Seat 6: nastja336 (small blind) folded before Flop



PokerStars Hand #254587774125:  Hold'em No Limit ($0.50/$1.00 USD) - 2025/01/27 23:59:08 WET [2025/01/27 18:59:08 ET]
Table 'Mufrid V' 6-max Seat #6 is the button
Seat 1: canibal27 ($100.50 in chips) 
Seat 2: z00mba ($100 in chips) 
Seat 3: goethekiller ($41.12 in chips) 
Seat 4: Seavus10 ($118.31 in chips) 
Seat 5: Thoboy011 ($26.75 in chips) 
Seat 6: nastja336 ($100 in chips) 
canibal27: posts small blind $0.50
z00mba: posts big blind $1
*** HOLE CARDS ***
goethekiller: calls $1
Seavus10: folds 
Thoboy011: folds 
nastja336: folds 
canibal27: folds 
z00mba: checks 
*** FLOP *** [Ad 7h 2c]
z00mba: checks 
goethekiller: checks 
*** TURN *** [Ad 7h 2c] [Kh]
z00mba: checks 
goethekiller: bets $1.19
z00mba: folds 
Uncalled bet ($1.19) returned to goethekiller
goethekiller collected $2.38 from pot
*** SUMMARY ***
Total pot $2.50 | Rake $0.12 
Board [Ad 7h 2c Kh]
Seat 1: canibal27 (small blind) folded before Flop
Seat 2: z00mba (big blind) folded on the Turn
Seat 3: goethekiller collected ($2.38)
Seat 4: Seavus10 folded before Flop (didn't bet)
Seat 5: Thoboy011 folded before Flop (didn't bet)
Seat 6: nastja336 (button) folded before Flop (didn't bet)



PokerStars Hand #254587781241:  Hold'em No Limit ($0.50/$1.00 USD) - 2025/01/27 23:59:48 WET [2025/01/27 18:59:48 ET]
Table 'Mufrid V' 6-max Seat #1 is the button
Seat 1: canibal27 ($100 in chips) 
Seat 2: z00mba ($100 in chips) 
Seat 3: goethekiller ($42.50 in chips) 
Seat 4: Seavus10 ($118.31 in chips) 
Seat 5: Thoboy011 ($26.75 in chips) 
Seat 6: nastja336 ($100 in chips) 
z00mba: posts small blind $0.50
goethekiller: posts big blind $1
*** HOLE CARDS ***
Seavus10: folds 
Thoboy011: calls $1
nastja336: raises $3.50 to $4.50
canibal27: folds 
z00mba: folds 
goethekiller: folds 
Thoboy011: calls $3.50
*** FLOP *** [2h 8d 9c]
Thoboy011: checks 
nastja336: checks 
*** TURN *** [2h 8d 9c] [5d]
Thoboy011: checks 
nastja336: checks 
*** RIVER *** [2h 8d 9c 5d] [5c]
Thoboy011: checks 
nastja336: checks 
*** SHOW DOWN ***
Thoboy011: shows [Td Ks] (a pair of Fives)
nastja336: shows [Qd Kc] (a pair of Fives - King+Queen kicker)
nastja336 collected $9.98 from pot
*** SUMMARY ***
Total pot $10.50 | Rake $0.52 
Board [2h 8d 9c 5d 5c]
Seat 1: canibal27 (button) folded before Flop (didn't bet)
Seat 2: z00mba (small blind) folded before Flop
Seat 3: goethekiller (big blind) folded before Flop
Seat 4: Seavus10 folded before Flop (didn't bet)
Seat 5: Thoboy011 showed [Td Ks] and lost with a pair of Fives
Seat 6: nastja336 showed [Qd Kc] and won ($9.98) with a pair of Fives



PokerStars Hand #254587786596:  Hold'em No Limit ($0.50/$1.00 USD) - 2025/01/27 0:00:18 WET [2025/01/27 19:00:18 ET]
Table 'Mufrid V' 6-max Seat #2 is the button
Seat 1: canibal27 ($100 in chips) 
Seat 2: z00mba ($100 in chips) 
Seat 3: goethekiller ($41.50 in chips) 
Seat 4: Seavus10 ($118.31 in chips) 
Seat 5: Thoboy011 ($22.25 in chips) 
Seat 6: nastja336 ($105.48 in chips) 
goethekiller: posts small blind $0.50
Seavus10: posts big blind $1
*** HOLE CARDS ***
Thoboy011: folds 
nastja336: folds 
canibal27: raises $1.30 to $2.30
z00mba: folds 
goethekiller: folds 
Seavus10: calls $1.30
*** FLOP *** [As Kc Th]
Seavus10: checks 
canibal27: bets $2.42
Seavus10: calls $2.42
*** TURN *** [As Kc Th] [6c]
Seavus10: checks 
canibal27: checks 
*** RIVER *** [As Kc Th 6c] [8c]
Seavus10: bets $2.36
canibal27: folds 
Uncalled bet ($2.36) returned to Seavus10
Seavus10 collected $9.44 from pot
Seavus10: doesn't show hand 
*** SUMMARY ***
Total pot $9.94 | Rake $0.50 
Board [As Kc Th 6c 8c]
Seat 1: canibal27 folded on the River
Seat 2: z00mba (button) folded before Flop (didn't bet)
Seat 3: goethekiller (small blind) folded before Flop
Seat 4: Seavus10 (big blind) collected ($9.44)
Seat 5: Thoboy011 folded before Flop (didn't bet)
Seat 6: nastja336 folded before Flop (didn't bet)



PokerStars Hand #254587803140:  Hold'em No Limit ($0.50/$1.00 USD) - 2025/01/27 0:01:40 WET [2025/01/27 19:01:40 ET]
Table 'Mufrid V' 6-max Seat #3 is the button
Seat 1: canibal27 ($100 in chips) 
Seat 2: z00mba ($100 in chips) 
Seat 3: goethekiller ($41 in chips) 
Seat 4: Seavus10 ($123.03 in chips) 
Seat 5: Thoboy011 ($22.25 in chips) 
Seat 6: nastja336 ($105.48 in chips) 
Seavus10: posts small blind $0.50
Thoboy011: posts big blind $1
*** HOLE CARDS ***
nastja336: folds 
canibal27: folds 
z00mba: raises $1.50 to $2.50
goethekiller: raises $2.36 to $4.86
Seavus10: folds 
Thoboy011: folds 
z00mba: calls $2.36
*** FLOP *** [Qh 2s Tc]
z00mba: checks 
goethekiller: bets $5.33
z00mba: folds 
Uncalled bet ($5.33) returned to goethekiller
goethekiller collected $10.66 from pot
*** SUMMARY ***
Total pot $11.22 | Rake $0.56 
Board [Qh 2s Tc]
Seat 1: canibal27 folded before Flop (didn't bet)
Seat 2: z00mba folded on the Flop
Seat 3: goethekiller (button) collected ($10.66)
Seat 4: Seavus10 (small blind) folded before Flop
Seat 5: Thoboy011 (big blind) folded before Flop
Seat 6: nastja336 folded before Flop (didn't bet)



PokerStars Hand #254587811391:  Hold'em No Limit ($0.50/$1.00 USD) - 2025/01/27 0:02:18 WET [2025/01/27 19:02:18 ET]
Table 'Mufrid V' 6-max Seat #4 is the button
Seat 1: canibal27 ($100 in chips) 
Seat 2: z00mba ($100 in chips) 
Seat 3: goethekiller ($46.80 in chips) 
Seat 4: Seavus10 ($122.53 in chips) 
Seat 5: Thoboy011 ($21.25 in chips) 
Seat 6: nastja336 ($105.48 in chips) 
Thoboy011: posts small blind $0.50
nastja336: posts big blind $1
*** HOLE CARDS ***
canibal27: folds 
z00mba: folds 
goethekiller: folds 
Seavus10: folds 
Thoboy011: folds 
Uncalled bet ($0.50) returned to nastja336
nastja336 collected $1 from pot
nastja336: doesn't show hand 
*** SUMMARY ***
Total pot $1 | Rake $0 
Seat 1: canibal27 folded before Flop (didn't bet)
Seat 2: z00mba folded before Flop (didn't bet)
Seat 3: goethekiller folded before Flop (didn't bet)
Seat 4: Seavus10 (button) folded before Flop (didn't bet)
Seat 5: Thoboy011 (small blind) folded before Flop
Seat 6: nastja336 (big blind) collected ($1)



PokerStars Hand #254587813704:  Hold'em No Limit ($0.50/$1.00 USD) - 2025/01/27 0:02:29 WET [2025/01/27 19:02:29 ET]
Table 'Mufrid V' 6-max Seat #5 is the button
Seat 1: canibal27 ($100 in chips) 
Seat 2: z00mba ($100 in chips) 
Seat 3: goethekiller ($46.80 in chips) 
Seat 4: Seavus10 ($122.53 in chips) 
Seat 5: Thoboy011 ($20.75 in chips) 
Seat 6: nastja336 ($105.98 in chips) 
nastja336: posts small blind $0.50
canibal27: posts big blind $1
*** HOLE CARDS ***
z00mba: folds 
goethekiller: calls $1
Seavus10: folds 
Thoboy011: calls $1
nastja336: raises $5 to $6
canibal27: folds 
goethekiller: calls $5
Thoboy011: folds 
*** FLOP *** [Ac 6c 5c]
nastja336: bets $4.39
goethekiller: raises $4.39 to $8.78
nastja336: folds 
Uncalled bet ($4.39) returned to goethekiller
goethekiller collected $21.64 from pot
*** SUMMARY ***
Total pot $22.78 | Rake $1.14 
Board [Ac 6c 5c]
Seat 1: canibal27 (big blind) folded before Flop
Seat 2: z00mba folded before Flop (didn't bet)
Seat 3: goethekiller collected ($21.64)
Seat 4: Seavus10 folded before Flop (didn't bet)
Seat 5: Thoboy011 (button) folded before Flop
Seat 6: nastja336 (small blind) folded on the Flop



PokerStars Hand #254587823520:  Hold'em No Limit ($0.50/$1.00 USD) - 2025/01/27 0:03:15 WET [2025/01/27 19:03:15 ET]
Table 'Mufrid V' 6-max Seat #6 is the button
Seat 1: canibal27 ($100 in chips) 
Seat 2: z00mba ($100 in chips) 
Seat 3: goethekiller ($58.05 in chips) 
Seat 4: Seavus10 ($122.53 in chips) 
Seat 5: Thoboy011 ($19.75 in chips) 
Seat 6: nastja336 ($100 in chips) 
canibal27: posts small blind $0.50
z00mba: posts big blind $1
*** HOLE CARDS ***
goethekiller: folds 
Seavus10: folds 
Thoboy011: calls $1
nastja336: folds 
canibal27: folds 
z00mba: checks 
*** FLOP *** [6s 2h 8h]
z00mba: checks 
Thoboy011: bets $1
z00mba: folds 
Uncalled bet ($1) returned to Thoboy011
Thoboy011 collected $2.38 from pot
Thoboy011: doesn't show hand 
*** SUMMARY ***
Total pot $2.50 | Rake $0.12 
Board [6s 2h 8h]
Seat 1: canibal27 (small blind) folded before Flop
Seat 2: z00mba (big blind) folded on the Flop
Seat 3: goethekiller folded before Flop (didn't bet)
Seat 4: Seavus10 folded before Flop (didn't bet)
Seat 5: Thoboy011 collected ($2.38)
Seat 6: nastja336 (button) folded before Flop (didn't bet)



PokerStars Hand #254587829318:  Hold'em No Limit ($0.50/$1.00 USD) - 2025/01/27 0:03:41 WET [2025/01/27 19:03:41 ET]
Table 'Mufrid V' 6-max Seat #1 is the button
Seat 1: canibal27 ($100 in chips) 
Seat 2: z00mba ($100 in chips) 
Seat 3: goethekiller ($58.05 in chips) 
Seat 4: Seavus10 ($122.53 in chips) 
Seat 5: Thoboy011 ($21.13 in chips) 
Seat 6: nastja336 ($100 in chips) 
z00mba: posts small blind $0.50
goethekiller: posts big blind $1
*** HOLE CARDS ***
Seavus10: folds 
Thoboy011: folds 
nastja336: raises $1.50 to $2.50
canibal27: folds 
z00mba: folds 
goethekiller: folds 
Uncalled bet ($1.50) returned to nastja336
nastja336 collected $2.50 from pot
nastja336: doesn't show hand 
*** SUMMARY ***
Total pot $2.50 | Rake $0 
Seat 1: canibal27 (button) folded before Flop (didn't bet)
Seat 2: z00mba (small blind) folded before Flop
Seat 3: goethekiller (big blind) folded before Flop
Seat 4: Seavus10 folded before Flop (didn't bet)
Seat 5: Thoboy011 folded before Flop (didn't bet)
Seat 6: nastja336 collected ($2.50)



PokerStars Hand #254587834439:  Hold'em No Limit ($0.50/$1.00 USD) - 2025/01/27 0:04:04 WET [2025/01/27 19:04:04 ET]
Table 'Mufrid V' 6-max Seat #2 is the button
Seat 1: canibal27 ($100 in chips) 
Seat 2: z00mba ($100 in chips) 
Seat 3: goethekiller ($57.05 in chips) 
Seat 4: Seavus10 ($122.53 in chips) 
Seat 5: Thoboy011 ($21.13 in chips) 
Seat 6: nastja336 ($101.50 in chips) 
goethekiller: posts small blind $0.50
Seavus10: posts big blind $1
*** HOLE CARDS ***
Thoboy011: folds 
nastja336: folds 
canibal27: folds 
z00mba: folds 
goethekiller: folds 
Uncalled bet ($0.50) returned to Seavus10
Seavus10 collected $1 from pot
Seavus10: doesn't show hand 
*** SUMMARY ***
Total pot $1 | Rake $0 
Seat 1: canibal27 folded before Flop (didn't bet)
Seat 2: z00mba (button) folded before Flop (didn't bet)
Seat 3: goethekiller (small blind) folded before Flop
Seat 4: Seavus10 (big blind) collected ($1)
Seat 5: Thoboy011 folded before Flop (didn't bet)
Seat 6: nastja336 folded before Flop (didn't bet)



PokerStars Hand #254587837276:  Hold'em No Limit ($0.50/$1.00 USD) - 2025/01/27 0:04:17 WET [2025/01/27 19:04:17 ET]
Table 'Mufrid V' 6-max Seat #3 is the button
Seat 1: canibal27 ($100 in chips) 
Seat 2: z00mba ($100 in chips) 
Seat 3: goethekiller ($56.55 in chips) 
Seat 4: Seavus10 ($123.03 in chips) 
Seat 5: Thoboy011 ($21.13 in chips) 
Seat 6: nastja336 ($101.50 in chips) 
Seavus10: posts small blind $0.50
Thoboy011: posts big blind $1
*** HOLE CARDS ***
nastja336: folds 
canibal27: folds 
z00mba: folds 
goethekiller: raises $1.68 to $2.68
Seavus10: folds 
Thoboy011: folds 
Uncalled bet ($1.68) returned to goethekiller
goethekiller collected $2.50 from pot
*** SUMMARY ***
Total pot $2.50 | Rake $0 
Seat 1: canibal27 folded before Flop (didn't bet)
Seat 2: z00mba folded before Flop (didn't bet)
Seat 3: goethekiller (button) collected ($2.50)
Seat 4: Seavus10 (small blind) folded before Flop
Seat 5: Thoboy011 (big blind) folded before Flop
Seat 6: nastja336 folded before Flop (didn't bet)



PokerStars Hand #254587841733:  Hold'em No Limit ($0.50/$1.00 USD) - 2025/01/27 0:04:37 WET [2025/01/27 19:04:37 ET]
Table 'Mufrid V' 6-max Seat #4 is the button
Seat 1: canibal27 ($100 in chips) 
Seat 2: z00mba ($100 in chips) 
Seat 3: goethekiller ($58.05 in chips) 
Seat 4: Seavus10 ($122.53 in chips) 
Seat 5: Thoboy011 ($20.13 in chips) 
Seat 6: nastja336 ($101.50 in chips) 
Thoboy011: posts small blind $0.50
nastja336: posts big blind $1
*** HOLE CARDS ***
canibal27: folds 
z00mba: folds 
goethekiller: raises $1.68 to $2.68
Seavus10: folds 
Thoboy011: calls $2.18
nastja336: folds 
*** FLOP *** [Jc 5d 5c]
Thoboy011: checks 
goethekiller: bets $3.02
Thoboy011: calls $3.02
*** TURN *** [Jc 5d 5c] [Jd]
Thoboy011: checks 
goethekiller: bets $52.35 and is all-in
Thoboy011: folds 
Uncalled bet ($52.35) returned to goethekiller
goethekiller collected $11.78 from pot
*** SUMMARY ***
Total pot $12.40 | Rake $0.62 
Board [Jc 5d 5c Jd]
Seat 1: canibal27 folded before Flop (didn't bet)
Seat 2: z00mba folded before Flop (didn't bet)
Seat 3: goethekiller collected ($11.78)
Seat 4: Seavus10 (button) folded before Flop (didn't bet)
Seat 5: Thoboy011 (small blind) folded on the Turn
Seat 6: nastja336 (big blind) folded before Flop



PokerStars Hand #254587848052:  Hold'em No Limit ($0.50/$1.00 USD) - 2025/01/27 0:05:06 WET [2025/01/27 19:05:06 ET]
Table 'Mufrid V' 6-max Seat #5 is the button
Seat 1: canibal27 ($100 in chips) 
Seat 2: z00mba ($100 in chips) 
Seat 3: goethekiller ($64.13 in chips) 
Seat 4: Seavus10 ($122.53 in chips) 
Seat 5: Thoboy011 ($14.43 in chips) 
Seat 6: nastja336 ($100.50 in chips) 
nastja336: posts small blind $0.50
canibal27: posts big blind $1
*** HOLE CARDS ***
z00mba: folds 
goethekiller: folds 
Seavus10: folds 
Thoboy011: folds 
nastja336: raises $2 to $3
canibal27: raises $6 to $9
nastja336: calls $6
*** FLOP *** [6d 3c 4s]
nastja336: checks 
canibal27: checks 
*** TURN *** [6d 3c 4s] [8c]
nastja336: bets $8.55
canibal27: calls $8.55
*** RIVER *** [6d 3c 4s 8c] [4h]
nastja336: bets $22
canibal27: folds 
Uncalled bet ($22) returned to nastja336
nastja336 collected $33.34 from pot
nastja336: doesn't show hand 
*** SUMMARY ***
Total pot $35.10 | Rake $1.76 
Board [6d 3c 4s 8c 4h]
Seat 1: canibal27 (big blind) folded on the River
Seat 2: z00mba folded before Flop (didn't bet)
Seat 3: goethekiller folded before Flop (didn't bet)
Seat 4: Seavus10 folded before Flop (didn't bet)
Seat 5: Thoboy011 (button) folded before Flop (didn't bet)
Seat 6: nastja336 (small blind) collected ($33.34)



PokerStars Hand #254587859126:  Hold'em No Limit ($0.50/$1.00 USD) - 2025/01/27 0:05:56 WET [2025/01/27 19:05:56 ET]
Table 'Mufrid V' 6-max Seat #6 is the button
Seat 1: canibal27 ($100 in chips) 
Seat 2: z00mba ($100 in chips) 
Seat 3: goethekiller ($64.13 in chips) 
Seat 4: Seavus10 ($122.53 in chips) 
Seat 5: Thoboy011 ($14.43 in chips) 
Seat 6: nastja336 ($116.29 in chips) 
canibal27: posts small blind $0.50
z00mba: posts big blind $1
*** HOLE CARDS ***
goethekiller: folds 
Seavus10: raises $1.20 to $2.20
Thoboy011: calls $2.20
nastja336: folds 
canibal27: folds 
z00mba: calls $1.20
*** FLOP *** [5s 6s Kh]
z00mba: checks 
Seavus10: bets $2.24
Thoboy011: calls $2.24
z00mba: folds 
*** TURN *** [5s 6s Kh] [Ks]
Seavus10: checks 
Thoboy011: bets $2.50
Seavus10: calls $2.50
*** RIVER *** [5s 6s Kh Ks] [2d]
Seavus10: checks 
Thoboy011: bets $7.49 and is all-in
Seavus10: calls $7.49
*** SHOW DOWN ***
Thoboy011: shows [7s Kd] (three of a kind, Kings)
Seavus10: shows [8d 8s] (two pair, Kings and Eights)
Thoboy011 collected $29.98 from pot
*** SUMMARY ***
Total pot $31.56 | Rake $1.58 
Board [5s 6s Kh Ks 2d]
Seat 1: canibal27 (small blind) folded before Flop
Seat 2: z00mba (big blind) folded on the Flop
Seat 3: goethekiller folded before Flop (didn't bet)
Seat 4: Seavus10 showed [8d 8s] and lost with two pair, Kings and Eights
Seat 5: Thoboy011 showed [7s Kd] and won ($29.98) with three of a kind, Kings
Seat 6: nastja336 (button) folded before Flop (didn't bet)



PokerStars Hand #254587874694:  Hold'em No Limit ($0.50/$1.00 USD) - 2025/01/27 0:07:08 WET [2025/01/27 19:07:08 ET]
Table 'Mufrid V' 6-max Seat #1 is the button
Seat 1: canibal27 ($100 in chips) 
Seat 2: z00mba ($100 in chips) 
Seat 3: goethekiller ($64.13 in chips) 
Seat 4: Seavus10 ($108.10 in chips) 
Seat 5: Thoboy011 ($29.98 in chips) 
Seat 6: nastja336 ($116.29 in chips) 
z00mba: posts small blind $0.50
goethekiller: posts big blind $1
*** HOLE CARDS ***
Seavus10: folds 
Thoboy011: folds 
nastja336: folds 
canibal27: raises $1.50 to $2.50
z00mba: folds 
goethekiller: folds 
Uncalled bet ($1.50) returned to canibal27
canibal27 collected $2.50 from pot
canibal27: doesn't show hand 
*** SUMMARY ***
Total pot $2.50 | Rake $0 
Seat 1: canibal27 (button) collected ($2.50)
Seat 2: z00mba (small blind) folded before Flop
Seat 3: goethekiller (big blind) folded before Flop
Seat 4: Seavus10 folded before Flop (didn't bet)
Seat 5: Thoboy011 folded before Flop (didn't bet)
Seat 6: nastja336 folded before Flop (didn't bet)



PokerStars Hand #254587879505:  Hold'em No Limit ($0.50/$1.00 USD) - 2025/01/27 0:07:30 WET [2025/01/27 19:07:30 ET]
Table 'Mufrid V' 6-max Seat #2 is the button
Seat 1: canibal27 ($101.50 in chips) 
Seat 2: z00mba ($100 in chips) 
Seat 3: goethekiller ($63.13 in chips) 
Seat 4: Seavus10 ($108.10 in chips) 
Seat 5: Thoboy011 ($29.98 in chips) 
Seat 6: nastja336 ($116.29 in chips) 
goethekiller: posts small blind $0.50
Seavus10: posts big blind $1
*** HOLE CARDS ***
Thoboy011: calls $1
nastja336: folds 
canibal27: folds 
z00mba: raises $2.50 to $3.50
goethekiller: folds 
Seavus10: folds 
Thoboy011: calls $2.50
*** FLOP *** [Jc Ah 3d]
Thoboy011: checks 
z00mba: bets $4
Thoboy011: folds 
Uncalled bet ($4) returned to z00mba
z00mba collected $8.08 from pot
z00mba: doesn't show hand 
*** SUMMARY ***
Total pot $8.50 | Rake $0.42 
Board [Jc Ah 3d]
Seat 1: canibal27 folded before Flop (didn't bet)
Seat 2: z00mba (button) collected ($8.08)
Seat 3: goethekiller (small blind) folded before Flop
Seat 4: Seavus10 (big blind) folded before Flop
Seat 5: Thoboy011 folded on the Flop
Seat 6: nastja336 folded before Flop (didn't bet)



PokerStars Hand #254587884508:  Hold'em No Limit ($0.50/$1.00 USD) - 2025/01/27 0:07:54 WET [2025/01/27 19:07:54 ET]
Table 'Mufrid V' 6-max Seat #3 is the button
Seat 1: canibal27 ($101.50 in chips) 
Seat 2: z00mba ($104.58 in chips) 
Seat 3: goethekiller ($62.63 in chips) 
Seat 4: Seavus10 ($107.10 in chips) 
Seat 5: Thoboy011 ($26.48 in chips) 
Seat 6: nastja336 ($116.29 in chips) 
Seavus10: posts small blind $0.50
Thoboy011: posts big blind $1
*** HOLE CARDS ***
nastja336: raises $1.50 to $2.50
canibal27: folds 
z00mba: folds 
goethekiller: folds 
Seavus10: folds 
Thoboy011: folds 
Uncalled bet ($1.50) returned to nastja336
nastja336 collected $2.50 from pot
nastja336: doesn't show hand 
*** SUMMARY ***
Total pot $2.50 | Rake $0 
Seat 1: canibal27 folded before Flop (didn't bet)
Seat 2: z00mba folded before Flop (didn't bet)
Seat 3: goethekiller (button) folded before Flop (didn't bet)
Seat 4: Seavus10 (small blind) folded before Flop
Seat 5: Thoboy011 (big blind) folded before Flop
Seat 6: nastja336 collected ($2.50)



PokerStars Hand #254587889548:  Hold'em No Limit ($0.50/$1.00 USD) - 2025/01/27 0:08:17 WET [2025/01/27 19:08:17 ET]
Table 'Mufrid V' 6-max Seat #4 is the button
Seat 1: canibal27 ($101.50 in chips) 
Seat 2: z00mba ($104.58 in chips) 
Seat 3: goethekiller ($62.63 in chips) 
Seat 4: Seavus10 ($106.60 in chips) 
Seat 5: Thoboy011 ($25.48 in chips) 
Seat 6: nastja336 ($117.79 in chips) 
Thoboy011: posts small blind $0.50
nastja336: posts big blind $1
*** HOLE CARDS ***
canibal27: folds 
z00mba: folds 
goethekiller: folds 
Seavus10: folds 
Thoboy011: raises $1 to $2
nastja336: folds 
Uncalled bet ($1) returned to Thoboy011
Thoboy011 collected $2 from pot
Thoboy011: doesn't show hand 
*** SUMMARY ***
Total pot $2 | Rake $0 
Seat 1: canibal27 folded before Flop (didn't bet)
Seat 2: z00mba folded before Flop (didn't bet)
Seat 3: goethekiller folded before Flop (didn't bet)
Seat 4: Seavus10 (button) folded before Flop (didn't bet)
Seat 5: Thoboy011 (small blind) collected ($2)
Seat 6: nastja336 (big blind) folded before Flop



PokerStars Hand #254587894517:  Hold'em No Limit ($0.50/$1.00 USD) - 2025/01/27 0:08:39 WET [2025/01/27 19:08:39 ET]
Table 'Mufrid V' 6-max Seat #5 is the button
Seat 1: canibal27 ($101.50 in chips) 
Seat 2: z00mba ($104.58 in chips) 
Seat 3: goethekiller ($62.63 in chips) 
Seat 4: Seavus10 ($106.60 in chips) 
Seat 5: Thoboy011 ($26.48 in chips) 
Seat 6: nastja336 ($116.79 in chips) 
nastja336: posts small blind $0.50
canibal27: posts big blind $1
*** HOLE CARDS ***
z00mba: folds 
goethekiller: raises $2.22 to $3.22
Seavus10: folds 
Thoboy011: folds 
nastja336: folds 
canibal27: calls $2.22
*** FLOP *** [3s Kd 8h]
canibal27: checks 
goethekiller: bets $4.30
canibal27: folds 
Uncalled bet ($4.30) returned to goethekiller
goethekiller collected $6.59 from pot
*** SUMMARY ***
Total pot $6.94 | Rake $0.35 
Board [3s Kd 8h]
Seat 1: canibal27 (big blind) folded on the Flop
Seat 2: z00mba folded before Flop (didn't bet)
Seat 3: goethekiller collected ($6.59)
Seat 4: Seavus10 folded before Flop (didn't bet)
Seat 5: Thoboy011 (button) folded before Flop (didn't bet)
Seat 6: nastja336 (small blind) folded before Flop



PokerStars Hand #254587900250:  Hold'em No Limit ($0.50/$1.00 USD) - 2025/01/27 0:09:06 WET [2025/01/27 19:09:06 ET]
Table 'Mufrid V' 6-max Seat #6 is the button
Seat 1: canibal27 ($100 in chips) 
Seat 2: z00mba ($104.58 in chips) 
Seat 3: goethekiller ($66 in chips) 
Seat 4: Seavus10 ($106.60 in chips) 
Seat 5: Thoboy011 ($26.48 in chips) 
Seat 6: nastja336 ($116.29 in chips) 
canibal27: posts small blind $0.50
z00mba: posts big blind $1
*** HOLE CARDS ***
goethekiller: folds 
Seavus10: folds 
Thoboy011: folds 
nastja336: folds 
canibal27: folds 
Uncalled bet ($0.50) returned to z00mba
z00mba collected $1 from pot
z00mba: doesn't show hand 
*** SUMMARY ***
Total pot $1 | Rake $0 
Seat 1: canibal27 (small blind) folded before Flop
Seat 2: z00mba (big blind) collected ($1)
Seat 3: goethekiller folded before Flop (didn't bet)
Seat 4: Seavus10 folded before Flop (didn't bet)
Seat 5: Thoboy011 folded before Flop (didn't bet)
Seat 6: nastja336 (button) folded before Flop (didn't bet)



PokerStars Hand #254587903693:  Hold'em No Limit ($0.50/$1.00 USD) - 2025/01/27 0:09:22 WET [2025/01/27 19:09:22 ET]
Table 'Mufrid V' 6-max Seat #1 is the button
Seat 1: canibal27 ($100 in chips) 
Seat 2: z00mba ($105.08 in chips) 
Seat 3: goethekiller ($66 in chips) 
Seat 4: Seavus10 ($106.60 in chips) 
Seat 5: Thoboy011 ($26.48 in chips) 
Seat 6: nastja336 ($116.29 in chips) 
z00mba: posts small blind $0.50
goethekiller: posts big blind $1
*** HOLE CARDS ***
Seavus10: raises $1.50 to $2.50
Thoboy011: folds 
nastja336: folds 
canibal27: folds 
z00mba: folds 
goethekiller: calls $1.50
*** FLOP *** [6d Jd 8s]
goethekiller: checks 
Seavus10: bets $3.11
goethekiller: raises $3.11 to $6.22
Seavus10: raises $12.44 to $18.66
goethekiller: raises $44.84 to $63.50 and is all-in
Seavus10: calls $44.84
*** TURN *** [6d Jd 8s] [Jc]
*** RIVER *** [6d Jd 8s Jc] [Td]
*** SHOW DOWN ***
goethekiller: shows [9d Ac] (a pair of Jacks)
Seavus10: shows [Qc Qd] (two pair, Queens and Jacks)
Seavus10 collected $130 from pot
*** SUMMARY ***
Total pot $132.50 | Rake $2.50 
Board [6d Jd 8s Jc Td]
Seat 1: canibal27 (button) folded before Flop (didn't bet)
Seat 2: z00mba (small blind) folded before Flop
Seat 3: goethekiller (big blind) showed [9d Ac] and lost with a pair of Jacks
Seat 4: Seavus10 showed [Qc Qd] and won ($130) with two pair, Queens and Jacks
Seat 5: Thoboy011 folded before Flop (didn't bet)
Seat 6: nastja336 folded before Flop (didn't bet)



PokerStars Hand #254587915970:  Hold'em No Limit ($0.50/$1.00 USD) - 2025/01/27 0:10:20 WET [2025/01/27 19:10:20 ET]
Table 'Mufrid V' 6-max Seat #2 is the button
Seat 3: goethekiller ($0 in chips) is sitting out
Seat 1: canibal27 ($100 in chips) 
Seat 2: z00mba ($104.58 in chips) 
Seat 4: Seavus10 ($170.60 in chips) 
Seat 5: Thoboy011 ($26.48 in chips) 
Seat 6: nastja336 ($116.29 in chips) 
Seavus10: posts small blind $0.50
Thoboy011: posts big blind $1
*** HOLE CARDS ***
nastja336: folds 
canibal27: folds 
z00mba: folds 
Seavus10: raises $1.50 to $2.50
Thoboy011: calls $1.50
*** FLOP *** [Jh 4s Js]
Seavus10: bets $1.58
goethekiller is disconnected 
Thoboy011: folds 
Uncalled bet ($1.58) returned to Seavus10
Seavus10 collected $4.75 from pot
Seavus10: doesn't show hand 
*** SUMMARY ***
Total pot $5 | Rake $0.25 
Board [Jh 4s Js]
Seat 3: goethekiller
Seat 1: canibal27 folded before Flop (didn't bet)
Seat 2: z00mba (button) folded before Flop (didn't bet)
Seat 4: Seavus10 (small blind) collected ($4.75)
Seat 5: Thoboy011 (big blind) folded on the Flop
Seat 6: nastja336 folded before Flop (didn't bet)



PokerStars Hand #254587920823:  Hold'em No Limit ($0.50/$1.00 USD) - 2025/01/27 0:10:43 WET [2025/01/27 19:10:43 ET]
Table 'Mufrid V' 6-max Seat #4 is the button
Seat 3: goethekiller ($0 in chips) is sitting out
Seat 1: canibal27 ($100 in chips) 
Seat 2: z00mba ($104.58 in chips) 
Seat 4: Seavus10 ($172.85 in chips) 
Seat 5: Thoboy011 ($23.98 in chips) 
Seat 6: nastja336 ($116.29 in chips) 
Thoboy011: posts small blind $0.50
nastja336: posts big blind $1
*** HOLE CARDS ***
canibal27: folds 
z00mba: raises $1.50 to $2.50
Seavus10: folds 
Thoboy011: folds 
nastja336: folds 
Uncalled bet ($1.50) returned to z00mba
z00mba collected $2.50 from pot
z00mba: doesn't show hand 
*** SUMMARY ***
Total pot $2.50 | Rake $0 
Seat 3: goethekiller
Seat 1: canibal27 folded before Flop (didn't bet)
Seat 2: z00mba collected ($2.50)
Seat 4: Seavus10 (button) folded before Flop (didn't bet)
Seat 5: Thoboy011 (small blind) folded before Flop
Seat 6: nastja336 (big blind) folded before Flop



PokerStars Hand #254587923968:  Hold'em No Limit ($0.50/$1.00 USD) - 2025/01/27 0:10:57 WET [2025/01/27 19:10:57 ET]
Table 'Mufrid V' 6-max Seat #5 is the button
Seat 3: goethekiller ($0 in chips) is sitting out
Seat 1: canibal27 ($100 in chips) 
Seat 2: z00mba ($106.08 in chips) 
Seat 4: Seavus10 ($172.85 in chips) 
Seat 5: Thoboy011 ($23.48 in chips) 
Seat 6: nastja336 ($115.29 in chips) 
nastja336: posts small blind $0.50
canibal27: posts big blind $1
*** HOLE CARDS ***
z00mba: folds 
Seavus10: folds 
Thoboy011: folds 
nastja336: folds 
Uncalled bet ($0.50) returned to canibal27
canibal27 collected $1 from pot
canibal27: doesn't show hand 
*** SUMMARY ***
Total pot $1 | Rake $0 
Seat 3: goethekiller
Seat 1: canibal27 (big blind) collected ($1)
Seat 2: z00mba folded before Flop (didn't bet)
Seat 4: Seavus10 folded before Flop (didn't bet)
Seat 5: Thoboy011 (button) folded before Flop (didn't bet)
Seat 6: nastja336 (small blind) folded before Flop



PokerStars Hand #254587926597:  Hold'em No Limit ($0.50/$1.00 USD) - 2025/01/27 0:11:10 WET [2025/01/27 19:11:10 ET]
Table 'Mufrid V' 6-max Seat #6 is the button
Seat 3: goethekiller ($0 in chips) is sitting out
Seat 1: canibal27 ($100.50 in chips) 
Seat 2: z00mba ($106.08 in chips) 
Seat 4: Seavus10 ($172.85 in chips) 
Seat 5: Thoboy011 ($23.48 in chips) 
Seat 6: nastja336 ($114.79 in chips) 
canibal27: posts small blind $0.50
z00mba: posts big blind $1
*** HOLE CARDS ***
Seavus10: folds 
Thoboy011: folds 
nastja336: folds 
canibal27: folds 
Uncalled bet ($0.50) returned to z00mba
z00mba collected $1 from pot
z00mba: doesn't show hand 
*** SUMMARY ***
Total pot $1 | Rake $0 
Seat 3: goethekiller
Seat 1: canibal27 (small blind) folded before Flop
Seat 2: z00mba (big blind) collected ($1)
Seat 4: Seavus10 folded before Flop (didn't bet)
Seat 5: Thoboy011 folded before Flop (didn't bet)
Seat 6: nastja336 (button) folded before Flop (didn't bet)



PokerStars Hand #254587929292:  Hold'em No Limit ($0.50/$1.00 USD) - 2025/01/27 0:11:23 WET [2025/01/27 19:11:23 ET]
Table 'Mufrid V' 6-max Seat #1 is the button
Seat 3: goethekiller ($0 in chips) is sitting out
Seat 1: canibal27 ($100 in chips) 
Seat 2: z00mba ($106.58 in chips) 
Seat 4: Seavus10 ($172.85 in chips) 
Seat 5: Thoboy011 ($23.48 in chips) 
Seat 6: nastja336 ($114.79 in chips) 
z00mba: posts small blind $0.50
Seavus10: posts big blind $1
*** HOLE CARDS ***
Thoboy011: folds 
nastja336: raises $1.50 to $2.50
canibal27: folds 
z00mba: raises $9 to $11.50
Seavus10: folds 
nastja336: raises $14.50 to $26
z00mba: folds 
Uncalled bet ($14.50) returned to nastja336
nastja336 collected $24 from pot
nastja336: doesn't show hand 
*** SUMMARY ***
Total pot $24 | Rake $0 
Seat 3: goethekiller
Seat 1: canibal27 (button) folded before Flop (didn't bet)
Seat 2: z00mba (small blind) folded before Flop
Seat 4: Seavus10 (big blind) folded before Flop
Seat 5: Thoboy011 folded before Flop (didn't bet)
Seat 6: nastja336 collected ($24)



PokerStars Hand #254587937591:  Hold'em No Limit ($0.50/$1.00 USD) - 2025/01/27 0:12:02 WET [2025/01/27 19:12:02 ET]
Table 'Mufrid V' 6-max Seat #2 is the button
Seat 3: goethekiller ($0 in chips) is sitting out
Seat 1: canibal27 ($100 in chips) 
Seat 2: z00mba ($100 in chips) 
Seat 4: Seavus10 ($171.85 in chips) 
Seat 5: Thoboy011 ($23.48 in chips) 
Seat 6: nastja336 ($127.29 in chips) 
Seavus10: posts small blind $0.50
Thoboy011: posts big blind $1
*** HOLE CARDS ***
nastja336: raises $1.50 to $2.50
canibal27: folds 
z00mba: folds 
Seavus10: folds 
Thoboy011: calls $1.50
*** FLOP *** [Jc 7c 9s]
Thoboy011: checks 
nastja336: checks 
*** TURN *** [Jc 7c 9s] [Js]
Thoboy011: bets $1
nastja336: calls $1
*** RIVER *** [Jc 7c 9s Js] [Jh]
Thoboy011: bets $3.56
nastja336: calls $3.56
*** SHOW DOWN ***
Thoboy011: shows [Qc 9c] (a full house, Jacks full of Nines)
nastja336: mucks hand 
Thoboy011 collected $13.89 from pot
*** SUMMARY ***
Total pot $14.62 | Rake $0.73 
Board [Jc 7c 9s Js Jh]
Seat 3: goethekiller
Seat 1: canibal27 folded before Flop (didn't bet)
Seat 2: z00mba (button) folded before Flop (didn't bet)
Seat 4: Seavus10 (small blind) folded before Flop
Seat 5: Thoboy011 (big blind) showed [Qc 9c] and won ($13.89) with a full house, Jacks full of Nines
Seat 6: nastja336 mucked



PokerStars Hand #254587944293:  Hold'em No Limit ($0.50/$1.00 USD) - 2025/01/27 0:12:34 WET [2025/01/27 19:12:34 ET]
Table 'Mufrid V' 6-max Seat #4 is the button
Seat 3: goethekiller ($0 in chips) is sitting out
Seat 6: nastja336 ($120.23 in chips) is sitting out
Seat 1: canibal27 ($100 in chips) 
Seat 2: z00mba ($100 in chips) 
Seat 4: Seavus10 ($171.35 in chips) 
Seat 5: Thoboy011 ($30.31 in chips) 
Thoboy011: posts small blind $0.50
nastja336: is sitting out 
canibal27: posts big blind $1
*** HOLE CARDS ***
nastja336 leaves the table
z00mba: folds 
Seavus10: raises $1.50 to $2.50
Thoboy011: folds 
canibal27: calls $1.50
*** FLOP *** [2c Tc Kd]
m0nTTu joins the table at seat #6 
canibal27: checks 
Seavus10: checks 
*** TURN *** [2c Tc Kd] [Ts]
canibal27: checks 
Seavus10: bets $1.31
canibal27: folds 
Uncalled bet ($1.31) returned to Seavus10
Seavus10 collected $5.22 from pot
Seavus10: doesn't show hand 
*** SUMMARY ***
Total pot $5.50 | Rake $0.28 
Board [2c Tc Kd Ts]
Seat 3: goethekiller
Seat 6: nastja336
Seat 1: canibal27 (big blind) folded on the Turn
Seat 2: z00mba folded before Flop (didn't bet)
Seat 4: Seavus10 (button) collected ($5.22)
Seat 5: Thoboy011 (small blind) folded before Flop



PokerStars Hand #254587954659:  Hold'em No Limit ($0.50/$1.00 USD) - 2025/01/27 0:13:22 WET [2025/01/27 19:13:22 ET]
Table 'Mufrid V' 6-max Seat #5 is the button
Seat 3: goethekiller ($0 in chips) is sitting out
Seat 6: m0nTTu ($10 in chips) is sitting out
Seat 1: canibal27 ($100 in chips) 
Seat 2: z00mba ($100 in chips) 
Seat 4: Seavus10 ($174.07 in chips) 
Seat 5: Thoboy011 ($29.81 in chips) 
canibal27: posts small blind $0.50
z00mba: posts big blind $1
*** HOLE CARDS ***
Seavus10: folds 
Thoboy011: raises $1 to $2
canibal27: folds 
z00mba: calls $1
*** FLOP *** [4h Qh Qd]
z00mba: checks 
Thoboy011: bets $1
z00mba: raises $3 to $4
Thoboy011: calls $3
*** TURN *** [4h Qh Qd] [Ah]
z00mba: bets $3.80
Thoboy011: calls $3.80
*** RIVER *** [4h Qh Qd Ah] [2s]
z00mba: bets $27.89
Thoboy011: calls $20.01 and is all-in
Uncalled bet ($7.88) returned to z00mba
*** SHOW DOWN ***
z00mba: shows [Qc Ad] (a full house, Queens full of Aces)
Thoboy011: shows [Kh Th] (a flush, Ace high)
z00mba collected $59.12 from pot
*** SUMMARY ***
Total pot $60.12 | Rake $1 
Board [4h Qh Qd Ah 2s]
Seat 3: goethekiller
Seat 6: m0nTTu
Seat 1: canibal27 (small blind) folded before Flop
Seat 2: z00mba (big blind) showed [Qc Ad] and won ($59.12) with a full house, Queens full of Aces
Seat 4: Seavus10 folded before Flop (didn't bet)
Seat 5: Thoboy011 (button) showed [Kh Th] and lost with a flush, Ace high



PokerStars Hand #254587964264:  Hold'em No Limit ($0.50/$1.00 USD) - 2025/01/27 0:14:08 WET [2025/01/27 19:14:08 ET]
Table 'Mufrid V' 6-max Seat #1 is the button
Seat 3: goethekiller ($0 in chips) is sitting out
Seat 5: Thoboy011 ($0 in chips) is sitting out
Seat 6: m0nTTu ($10 in chips) is sitting out
Seat 1: canibal27 ($100 in chips) 
Seat 2: z00mba ($129.31 in chips) 
Seat 4: Seavus10 ($174.07 in chips) 
z00mba: posts small blind $0.50
Seavus10: posts big blind $1
m0nTTu: sits out 
*** HOLE CARDS ***
Thoboy011 leaves the table
canibal27: folds 
z00mba: raises $2 to $3
Seavus10: folds 
Uncalled bet ($2) returned to z00mba
z00mba collected $2 from pot
z00mba: doesn't show hand 
*** SUMMARY ***
Total pot $2 | Rake $0 
Seat 3: goethekiller
Seat 5: Thoboy011
Seat 6: m0nTTu
Seat 1: canibal27 (button) folded before Flop (didn't bet)
Seat 2: z00mba (small blind) collected ($2)
Seat 4: Seavus10 (big blind) folded before Flop



PokerStars Hand #254587968848:  Hold'em No Limit ($0.50/$1.00 USD) - 2025/01/27 0:14:30 WET [2025/01/27 19:14:30 ET]
Table 'Mufrid V' 6-max Seat #2 is the button
Seat 3: goethekiller ($0 in chips) is sitting out
Seat 1: canibal27 ($100 in chips) 
Seat 2: z00mba ($130.31 in chips) 
Seat 4: Seavus10 ($173.07 in chips) 
Seat 6: m0nTTu ($10 in chips) 
Seavus10: posts small blind $0.50
m0nTTu: posts big blind $1
*** HOLE CARDS ***
canibal27: raises $1.30 to $2.30
z00mba: folds 
Seavus10: folds 
m0nTTu: folds 
Uncalled bet ($1.30) returned to canibal27
canibal27 collected $2.50 from pot
canibal27: doesn't show hand 
*** SUMMARY ***
Total pot $2.50 | Rake $0 
Seat 3: goethekiller
Seat 1: canibal27 collected ($2.50)
Seat 2: z00mba (button) folded before Flop (didn't bet)
Seat 4: Seavus10 (small blind) folded before Flop
Seat 6: m0nTTu (big blind) folded before Flop



PokerStars Hand #254587975706:  Hold'em No Limit ($0.50/$1.00 USD) - 2025/01/27 0:15:03 WET [2025/01/27 19:15:03 ET]
Table 'Mufrid V' 6-max Seat #4 is the button
Seat 3: goethekiller ($0 in chips) is sitting out
Seat 1: canibal27 ($101.50 in chips) 
Seat 2: z00mba ($130.31 in chips) 
Seat 4: Seavus10 ($172.57 in chips) 
Seat 6: m0nTTu ($10 in chips) 
m0nTTu: posts small blind $0.50
canibal27: posts big blind $1
*** HOLE CARDS ***
z00mba: folds 
Seavus10: raises $1.50 to $2.50
m0nTTu: folds 
canibal27: folds 
Uncalled bet ($1.50) returned to Seavus10
Seavus10 collected $2.50 from pot
Seavus10: doesn't show hand 
*** SUMMARY ***
Total pot $2.50 | Rake $0 
Seat 3: goethekiller
Seat 1: canibal27 (big blind) folded before Flop
Seat 2: z00mba folded before Flop (didn't bet)
Seat 4: Seavus10 (button) collected ($2.50)
Seat 6: m0nTTu (small blind) folded before Flop



PokerStars Hand #254587983181:  Hold'em No Limit ($0.50/$1.00 USD) - 2025/01/27 0:15:38 WET [2025/01/27 19:15:38 ET]
Table 'Mufrid V' 6-max Seat #6 is the button
Seat 2: z00mba ($130.31 in chips) is sitting out
Seat 3: goethekiller ($0 in chips) is sitting out
Seat 1: canibal27 ($100.50 in chips) 
Seat 4: Seavus10 ($174.07 in chips) 
Seat 6: m0nTTu ($10 in chips) 
canibal27: posts small blind $0.50
z00mba: is sitting out 
Seavus10: posts big blind $1
*** HOLE CARDS ***
m0nTTu: folds 
z00mba leaves the table
canibal27: folds 
Uncalled bet ($0.50) returned to Seavus10
Seavus10 collected $1 from pot
goethekiller leaves the table
Seavus10: doesn't show hand 
*** SUMMARY ***
Total pot $1 | Rake $0 
Seat 2: z00mba
Seat 3: goethekiller
Seat 1: canibal27 (small blind) folded before Flop
Seat 4: Seavus10 (big blind) collected ($1)
Seat 6: m0nTTu (button) folded before Flop (didn't bet)



PokerStars Hand #254587990910:  Hold'em No Limit ($0.50/$1.00 USD) - 2025/01/27 0:16:14 WET [2025/01/27 19:16:14 ET]
Table 'Mufrid V' 6-max Seat #4 is the button
Seat 6: m0nTTu ($10 in chips) is sitting out
Seat 1: canibal27 ($100 in chips) 
Seat 4: Seavus10 ($174.57 in chips) 
Seavus10: posts small blind $0.50
m0nTTu: is sitting out 
canibal27: posts big blind $1
*** HOLE CARDS ***
Seavus10: raises $1.50 to $2.50
canibal27: folds 
Uncalled bet ($1.50) returned to Seavus10
Seavus10 collected $2 from pot
Seavus10: doesn't show hand 
*** SUMMARY ***
Total pot $2 | Rake $0 
Seat 6: m0nTTu
Seat 1: canibal27 (big blind) folded before Flop
Seat 4: Seavus10 (button) (small blind) collected ($2)



PokerStars Hand #254587993434:  Hold'em No Limit ($0.50/$1.00 USD) - 2025/01/27 0:16:26 WET [2025/01/27 19:16:26 ET]
Table 'Mufrid V' 6-max Seat #1 is the button
Seat 6: m0nTTu ($10 in chips) is sitting out
Seat 1: canibal27 ($100 in chips) 
Seat 4: Seavus10 ($175.57 in chips) 
canibal27: posts small blind $0.50
Seavus10: posts big blind $1
*** HOLE CARDS ***
m0nTTu leaves the table
canibal27: folds 
Uncalled bet ($0.50) returned to Seavus10
Seavus10 collected $1 from pot
Seavus10: doesn't show hand 
*** SUMMARY ***
Total pot $1 | Rake $0 
Seat 6: m0nTTu
Seat 1: canibal27 (button) (small blind) folded before Flop
Seat 4: Seavus10 (big blind) collected ($1)



PokerStars Hand #254587995182:  Hold'em No Limit ($0.50/$1.00 USD) - 2025/01/27 0:16:34 WET [2025/01/27 19:16:34 ET]
Table 'Mufrid V' 6-max Seat #4 is the button
Seat 1: canibal27 ($100 in chips) 
Seat 4: Seavus10 ($176.07 in chips) 
Seavus10: posts small blind $0.50
canibal27: posts big blind $1
*** HOLE CARDS ***
Seavus10: raises $1.50 to $2.50
canibal27: calls $1.50
*** FLOP *** [Qs 4h 6s]
canibal27: checks 
Seavus10: checks 
*** TURN *** [Qs 4h 6s] [Th]
canibal27: checks 
Seavus10: bets $3.56
canibal27: calls $3.56
*** RIVER *** [Qs 4h 6s Th] [Ad]
canibal27: checks 
Seavus10: bets $7.68
canibal27: calls $7.68
*** SHOW DOWN ***
Seavus10: shows [Jd Kc] (a straight, Ten to Ace)
canibal27: mucks hand 
Seavus10 collected $26.48 from pot
*** SUMMARY ***
Total pot $27.48 | Rake $1 
Board [Qs 4h 6s Th Ad]
Seat 1: canibal27 (big blind) mucked
Seat 4: Seavus10 (button) (small blind) showed [Jd Kc] and won ($26.48) with a straight, Ten to Ace



PokerStars Hand #254588011805:  Hold'em No Limit ($0.50/$1.00 USD) - 2025/01/27 0:17:54 WET [2025/01/27 19:17:54 ET]
Table 'Mufrid V' 6-max Seat #1 is the button
Seat 1: canibal27 ($100 in chips) 
Seat 4: Seavus10 ($188.81 in chips) 
canibal27: posts small blind $0.50
Seavus10: posts big blind $1
*** HOLE CARDS ***
canibal27: folds 
Uncalled bet ($0.50) returned to Seavus10
Seavus10 collected $1 from pot
Seavus10: doesn't show hand 
*** SUMMARY ***
Total pot $1 | Rake $0 
Seat 1: canibal27 (button) (small blind) folded before Flop
Seat 4: Seavus10 (big blind) collected ($1)



