PokerStars Hand #254583293255:  Hold'em No Limit ($0.50/$1.00 USD) - 2025/01/27 19:40:58 WET [2025/01/27 14:40:58 ET]
Table 'Niobe V' 6-max Seat #4 is the button
Seat 2: barneyflstn ($0 in chips) is sitting out
Seat 1: joaquin612 ($100 in chips) 
Seat 3: SorinS28 ($100 in chips) 
Seat 4: YeeesMan ($109.95 in chips) 
Seat 5: kakelkungen ($62.74 in chips) 
Seat 6: blackclan7 ($100 in chips) 
kakelkungen: posts small blind $0.50
blackclan7: posts big blind $1
*** HOLE CARDS ***
joaquin612: folds 
SorinS28: raises $1.30 to $2.30
YeeesMan: folds 
kakelkungen: folds 
blackclan7: calls $1.30
*** FLOP *** [Qd Jh Ac]
blackclan7: checks 
SorinS28: bets $1.36
blackclan7: calls $1.36
*** TURN *** [Qd Jh Ac] [4h]
blackclan7: checks 
SorinS28: checks 
*** RIVER *** [Qd Jh Ac 4h] [4s]
blackclan7: checks 
SorinS28: bets $5.57
blackclan7: folds 
Uncalled bet ($5.57) returned to SorinS28
SorinS28 collected $7.43 from pot
SorinS28: doesn't show hand 
*** SUMMARY ***
Total pot $7.82 | Rake $0.39 
Board [Qd Jh Ac 4h 4s]
Seat 2: barneyflstn
Seat 1: joaquin612 folded before Flop (didn't bet)
Seat 3: SorinS28 collected ($7.43)
Seat 4: YeeesMan (button) folded before Flop (didn't bet)
Seat 5: kakelkungen (small blind) folded before Flop
Seat 6: blackclan7 (big blind) folded on the River



PokerStars Hand #254583317811:  Hold'em No Limit ($0.50/$1.00 USD) - 2025/01/27 19:42:18 WET [2025/01/27 14:42:18 ET]
Table 'Niobe V' 6-max Seat #5 is the button
Seat 2: barneyflstn ($0 in chips) is sitting out
Seat 1: joaquin612 ($100 in chips) 
Seat 3: SorinS28 ($103.77 in chips) 
Seat 4: YeeesMan ($109.95 in chips) 
Seat 5: kakelkungen ($62.24 in chips) 
Seat 6: blackclan7 ($100 in chips) 
blackclan7: posts small blind $0.50
joaquin612: posts big blind $1
*** HOLE CARDS ***
SorinS28: folds 
YeeesMan: folds 
kakelkungen: raises $1 to $2
blackclan7: folds 
joaquin612: folds 
Uncalled bet ($1) returned to kakelkungen
kakelkungen collected $2.50 from pot
*** SUMMARY ***
Total pot $2.50 | Rake $0 
Seat 2: barneyflstn
Seat 1: joaquin612 (big blind) folded before Flop
Seat 3: SorinS28 folded before Flop (didn't bet)
Seat 4: YeeesMan folded before Flop (didn't bet)
Seat 5: kakelkungen (button) collected ($2.50)
Seat 6: blackclan7 (small blind) folded before Flop



PokerStars Hand #254583323240:  Hold'em No Limit ($0.50/$1.00 USD) - 2025/01/27 19:42:36 WET [2025/01/27 14:42:36 ET]
Table 'Niobe V' 6-max Seat #6 is the button
Seat 2: barneyflstn ($0 in chips) is sitting out
Seat 3: SorinS28 ($103.77 in chips) is sitting out
Seat 1: joaquin612 ($100 in chips) 
Seat 4: YeeesMan ($109.95 in chips) 
Seat 5: kakelkungen ($63.74 in chips) 
Seat 6: blackclan7 ($100 in chips) 
joaquin612: posts small blind $0.50
SorinS28: is sitting out 
YeeesMan: posts big blind $1
*** HOLE CARDS ***
kakelkungen: folds 
blackclan7: folds 
joaquin612: folds 
Uncalled bet ($0.50) returned to YeeesMan
YeeesMan collected $1 from pot
YeeesMan: doesn't show hand 
*** SUMMARY ***
Total pot $1 | Rake $0 
Seat 2: barneyflstn
Seat 3: SorinS28
Seat 1: joaquin612 (small blind) folded before Flop
Seat 4: YeeesMan (big blind) collected ($1)
Seat 5: kakelkungen folded before Flop (didn't bet)
Seat 6: blackclan7 (button) folded before Flop (didn't bet)



PokerStars Hand #254583327610:  Hold'em No Limit ($0.50/$1.00 USD) - 2025/01/27 19:42:51 WET [2025/01/27 14:42:51 ET]
Table 'Niobe V' 6-max Seat #1 is the button
Seat 2: barneyflstn ($0 in chips) is sitting out
Seat 3: SorinS28 ($103.77 in chips) is sitting out
Seat 1: joaquin612 ($100 in chips) 
Seat 4: YeeesMan ($110.45 in chips) 
Seat 5: kakelkungen ($63.74 in chips) 
Seat 6: blackclan7 ($100 in chips) 
YeeesMan: posts small blind $0.50
kakelkungen: posts big blind $1
*** HOLE CARDS ***
SorinS28 leaves the table
blackclan7: raises $1.30 to $2.30
joaquin612: folds 
YeeesMan: raises $8.70 to $11
tintin641 joins the table at seat #3 
kakelkungen: folds 
blackclan7: folds 
Uncalled bet ($8.70) returned to YeeesMan
YeeesMan collected $5.60 from pot
YeeesMan: doesn't show hand 
blackclan7 leaves the table
*** SUMMARY ***
Total pot $5.60 | Rake $0 
Seat 2: barneyflstn
Seat 3: SorinS28
Seat 1: joaquin612 (button) folded before Flop (didn't bet)
Seat 4: YeeesMan (small blind) collected ($5.60)
Seat 5: kakelkungen (big blind) folded before Flop
Seat 6: blackclan7 folded before Flop



PokerStars Hand #254583336547:  Hold'em No Limit ($0.50/$1.00 USD) - 2025/01/27 19:43:20 WET [2025/01/27 14:43:20 ET]
Table 'Niobe V' 6-max Seat #4 is the button
Seat 2: barneyflstn ($0 in chips) is sitting out
Seat 3: tintin641 ($100 in chips) is sitting out
Seat 1: joaquin612 ($100 in chips) 
Seat 4: YeeesMan ($113.75 in chips) 
Seat 5: kakelkungen ($62.74 in chips) 
kakelkungen: posts small blind $0.50
joaquin612: posts big blind $1
tintin641: sits out 
*** HOLE CARDS ***
YeeesMan: raises $1.50 to $2.50
kakelkungen: folds 
joaquin612: folds 
Uncalled bet ($1.50) returned to YeeesMan
YeeesMan collected $2.50 from pot
YeeesMan: doesn't show hand 
*** SUMMARY ***
Total pot $2.50 | Rake $0 
Seat 2: barneyflstn
Seat 3: tintin641
Seat 1: joaquin612 (big blind) folded before Flop
Seat 4: YeeesMan (button) collected ($2.50)
Seat 5: kakelkungen (small blind) folded before Flop



PokerStars Hand #254583342370:  Hold'em No Limit ($0.50/$1.00 USD) - 2025/01/27 19:43:39 WET [2025/01/27 14:43:39 ET]
Table 'Niobe V' 6-max Seat #5 is the button
Seat 2: barneyflstn ($0 in chips) is sitting out
Seat 1: joaquin612 ($100 in chips) 
Seat 3: tintin641 ($100 in chips) 
Seat 4: YeeesMan ($115.25 in chips) 
Seat 5: kakelkungen ($62.24 in chips) 
joaquin612: posts small blind $0.50
tintin641: posts big blind $1
*** HOLE CARDS ***
YeeesMan: folds 
kakelkungen: calls $1
joaquin612: calls $0.50
tintin641: checks 
*** FLOP *** [Jd 7s Ah]
joaquin612: checks 
tintin641: checks 
poker_soul11 joins the table at seat #6 
kakelkungen: checks 
*** TURN *** [Jd 7s Ah] [Ad]
joaquin612: checks 
tintin641: checks 
kakelkungen: bets $1
joaquin612: folds 
tintin641: folds 
Uncalled bet ($1) returned to kakelkungen
kakelkungen collected $2.85 from pot
*** SUMMARY ***
Total pot $3 | Rake $0.15 
Board [Jd 7s Ah Ad]
Seat 2: barneyflstn
Seat 1: joaquin612 (small blind) folded on the Turn
Seat 3: tintin641 (big blind) folded on the Turn
Seat 4: YeeesMan folded before Flop (didn't bet)
Seat 5: kakelkungen (button) collected ($2.85)



PokerStars Hand #254583357938:  Hold'em No Limit ($0.50/$1.00 USD) - 2025/01/27 19:44:31 WET [2025/01/27 14:44:31 ET]
Table 'Niobe V' 6-max Seat #1 is the button
Seat 2: barneyflstn ($0 in chips) is sitting out
Seat 6: poker_soul11 ($100 in chips) is sitting out
Seat 1: joaquin612 ($100 in chips) 
Seat 3: tintin641 ($100 in chips) 
Seat 4: YeeesMan ($115.25 in chips) 
Seat 5: kakelkungen ($64.09 in chips) 
tintin641: posts small blind $0.50
YeeesMan: posts big blind $1
poker_soul11: sits out 
*** HOLE CARDS ***
kakelkungen: calls $1
joaquin612: folds 
tintin641: folds 
YeeesMan: raises $7 to $8
kakelkungen: folds 
Uncalled bet ($7) returned to YeeesMan
YeeesMan collected $2.50 from pot
YeeesMan: doesn't show hand 
*** SUMMARY ***
Total pot $2.50 | Rake $0 
Seat 2: barneyflstn
Seat 6: poker_soul11
Seat 1: joaquin612 (button) folded before Flop (didn't bet)
Seat 3: tintin641 (small blind) folded before Flop
Seat 4: YeeesMan (big blind) collected ($2.50)
Seat 5: kakelkungen folded before Flop



PokerStars Hand #254583367959:  Hold'em No Limit ($0.50/$1.00 USD) - 2025/01/27 19:45:03 WET [2025/01/27 14:45:03 ET]
Table 'Niobe V' 6-max Seat #3 is the button
Seat 2: barneyflstn ($0 in chips) is sitting out
Seat 6: poker_soul11 ($100 in chips) is sitting out
Seat 1: joaquin612 ($100 in chips) 
Seat 3: tintin641 ($100 in chips) 
Seat 4: YeeesMan ($116.75 in chips) 
Seat 5: kakelkungen ($63.09 in chips) 
YeeesMan: posts small blind $0.50
kakelkungen: posts big blind $1
poker_soul11: sits out 
*** HOLE CARDS ***
joaquin612: folds 
tintin641: raises $1.50 to $2.50
YeeesMan: folds 
kakelkungen: folds 
Uncalled bet ($1.50) returned to tintin641
tintin641 collected $2.50 from pot
tintin641: doesn't show hand 
*** SUMMARY ***
Total pot $2.50 | Rake $0 
Seat 2: barneyflstn
Seat 6: poker_soul11
Seat 1: joaquin612 folded before Flop (didn't bet)
Seat 3: tintin641 (button) collected ($2.50)
Seat 4: YeeesMan (small blind) folded before Flop
Seat 5: kakelkungen (big blind) folded before Flop



PokerStars Hand #254583377840:  Hold'em No Limit ($0.50/$1.00 USD) - 2025/01/27 19:45:35 WET [2025/01/27 14:45:35 ET]
Table 'Niobe V' 6-max Seat #4 is the button
Seat 2: barneyflstn ($0 in chips) is sitting out
Seat 1: joaquin612 ($100 in chips) 
Seat 3: tintin641 ($101.50 in chips) 
Seat 4: YeeesMan ($116.25 in chips) 
Seat 5: kakelkungen ($62.09 in chips) 
Seat 6: poker_soul11 ($100 in chips) 
kakelkungen: posts small blind $0.50
poker_soul11: posts big blind $1
*** HOLE CARDS ***
joaquin612: raises $1.50 to $2.50
tintin641: folds 
YeeesMan: calls $2.50
kakelkungen: folds 
poker_soul11: folds 
*** FLOP *** [9d 5d 7c]
joaquin612: checks 
YeeesMan: bets $4.63
joaquin612: folds 
Uncalled bet ($4.63) returned to YeeesMan
YeeesMan collected $6.18 from pot
YeeesMan: doesn't show hand 
*** SUMMARY ***
Total pot $6.50 | Rake $0.32 
Board [9d 5d 7c]
Seat 2: barneyflstn
Seat 1: joaquin612 folded on the Flop
Seat 3: tintin641 folded before Flop (didn't bet)
Seat 4: YeeesMan (button) collected ($6.18)
Seat 5: kakelkungen (small blind) folded before Flop
Seat 6: poker_soul11 (big blind) folded before Flop



PokerStars Hand #254583390887:  Hold'em No Limit ($0.50/$1.00 USD) - 2025/01/27 19:46:18 WET [2025/01/27 14:46:18 ET]
Table 'Niobe V' 6-max Seat #5 is the button
Seat 2: barneyflstn ($0 in chips) is sitting out
Seat 1: joaquin612 ($100 in chips) 
Seat 3: tintin641 ($101.50 in chips) 
Seat 4: YeeesMan ($119.93 in chips) 
Seat 5: kakelkungen ($61.59 in chips) 
Seat 6: poker_soul11 ($100 in chips) 
poker_soul11: posts small blind $0.50
joaquin612: posts big blind $1
*** HOLE CARDS ***
tintin641: folds 
YeeesMan: raises $1.50 to $2.50
kakelkungen: folds 
poker_soul11: folds 
joaquin612: folds 
Uncalled bet ($1.50) returned to YeeesMan
YeeesMan collected $2.50 from pot
YeeesMan: doesn't show hand 
*** SUMMARY ***
Total pot $2.50 | Rake $0 
Seat 2: barneyflstn
Seat 1: joaquin612 (big blind) folded before Flop
Seat 3: tintin641 folded before Flop (didn't bet)
Seat 4: YeeesMan collected ($2.50)
Seat 5: kakelkungen (button) folded before Flop (didn't bet)
Seat 6: poker_soul11 (small blind) folded before Flop



PokerStars Hand #254583397265:  Hold'em No Limit ($0.50/$1.00 USD) - 2025/01/27 19:46:38 WET [2025/01/27 14:46:38 ET]
Table 'Niobe V' 6-max Seat #6 is the button
Seat 2: barneyflstn ($0 in chips) is sitting out
Seat 1: joaquin612 ($100 in chips) 
Seat 3: tintin641 ($101.50 in chips) 
Seat 4: YeeesMan ($121.43 in chips) 
Seat 5: kakelkungen ($61.59 in chips) 
Seat 6: poker_soul11 ($100 in chips) 
joaquin612: posts small blind $0.50
tintin641: posts big blind $1
*** HOLE CARDS ***
YeeesMan: raises $1.50 to $2.50
kakelkungen: folds 
poker_soul11: folds 
joaquin612: folds 
tintin641: folds 
Uncalled bet ($1.50) returned to YeeesMan
YeeesMan collected $2.50 from pot
YeeesMan: doesn't show hand 
*** SUMMARY ***
Total pot $2.50 | Rake $0 
Seat 2: barneyflstn
Seat 1: joaquin612 (small blind) folded before Flop
Seat 3: tintin641 (big blind) folded before Flop
Seat 4: YeeesMan collected ($2.50)
Seat 5: kakelkungen folded before Flop (didn't bet)
Seat 6: poker_soul11 (button) folded before Flop (didn't bet)



PokerStars Hand #254583402893:  Hold'em No Limit ($0.50/$1.00 USD) - 2025/01/27 19:46:56 WET [2025/01/27 14:46:56 ET]
Table 'Niobe V' 6-max Seat #1 is the button
Seat 2: barneyflstn ($0 in chips) is sitting out
Seat 1: joaquin612 ($100 in chips) 
Seat 3: tintin641 ($100.50 in chips) 
Seat 4: YeeesMan ($122.93 in chips) 
Seat 5: kakelkungen ($61.59 in chips) 
Seat 6: poker_soul11 ($100 in chips) 
tintin641: posts small blind $0.50
YeeesMan: posts big blind $1
*** HOLE CARDS ***
kakelkungen: folds 
poker_soul11: raises $1.20 to $2.20
joaquin612: folds 
tintin641: folds 
YeeesMan: folds 
Uncalled bet ($1.20) returned to poker_soul11
poker_soul11 collected $2.50 from pot
poker_soul11: doesn't show hand 
*** SUMMARY ***
Total pot $2.50 | Rake $0 
Seat 2: barneyflstn
Seat 1: joaquin612 (button) folded before Flop (didn't bet)
Seat 3: tintin641 (small blind) folded before Flop
Seat 4: YeeesMan (big blind) folded before Flop
Seat 5: kakelkungen folded before Flop (didn't bet)
Seat 6: poker_soul11 collected ($2.50)



PokerStars Hand #254583408640:  Hold'em No Limit ($0.50/$1.00 USD) - 2025/01/27 19:47:15 WET [2025/01/27 14:47:15 ET]
Table 'Niobe V' 6-max Seat #3 is the button
Seat 2: barneyflstn ($0 in chips) is sitting out
Seat 1: joaquin612 ($100 in chips) 
Seat 3: tintin641 ($100 in chips) 
Seat 4: YeeesMan ($121.93 in chips) 
Seat 5: kakelkungen ($61.59 in chips) 
Seat 6: poker_soul11 ($101.50 in chips) 
YeeesMan: posts small blind $0.50
kakelkungen: posts big blind $1
*** HOLE CARDS ***
poker_soul11: raises $1.20 to $2.20
joaquin612: raises $5.30 to $7.50
tintin641: folds 
YeeesMan: folds 
kakelkungen: folds 
poker_soul11: calls $5.30
*** FLOP *** [Qc 9c 3s]
poker_soul11: checks 
joaquin612: bets $5.17
poker_soul11: folds 
Uncalled bet ($5.17) returned to joaquin612
joaquin612 collected $15.68 from pot
joaquin612: doesn't show hand 
*** SUMMARY ***
Total pot $16.50 | Rake $0.82 
Board [Qc 9c 3s]
Seat 2: barneyflstn
Seat 1: joaquin612 collected ($15.68)
Seat 3: tintin641 (button) folded before Flop (didn't bet)
Seat 4: YeeesMan (small blind) folded before Flop
Seat 5: kakelkungen (big blind) folded before Flop
Seat 6: poker_soul11 folded on the Flop



PokerStars Hand #254583428822:  Hold'em No Limit ($0.50/$1.00 USD) - 2025/01/27 19:48:21 WET [2025/01/27 14:48:21 ET]
Table 'Niobe V' 6-max Seat #4 is the button
Seat 2: barneyflstn ($0 in chips) is sitting out
Seat 1: joaquin612 ($108.18 in chips) 
Seat 3: tintin641 ($100 in chips) 
Seat 4: YeeesMan ($121.43 in chips) 
Seat 5: kakelkungen ($60.59 in chips) 
Seat 6: poker_soul11 ($100 in chips) 
kakelkungen: posts small blind $0.50
poker_soul11: posts big blind $1
*** HOLE CARDS ***
joaquin612: folds 
tintin641: folds 
YeeesMan: raises $1.50 to $2.50
kakelkungen: raises $5 to $7.50
poker_soul11: folds 
YeeesMan: folds 
Uncalled bet ($5) returned to kakelkungen
kakelkungen collected $6 from pot
*** SUMMARY ***
Total pot $6 | Rake $0 
Seat 2: barneyflstn
Seat 1: joaquin612 folded before Flop (didn't bet)
Seat 3: tintin641 folded before Flop (didn't bet)
Seat 4: YeeesMan (button) folded before Flop
Seat 5: kakelkungen (small blind) collected ($6)
Seat 6: poker_soul11 (big blind) folded before Flop



PokerStars Hand #254583437508:  Hold'em No Limit ($0.50/$1.00 USD) - 2025/01/27 19:48:49 WET [2025/01/27 14:48:49 ET]
Table 'Niobe V' 6-max Seat #5 is the button
Seat 2: barneyflstn ($0 in chips) is sitting out
Seat 1: joaquin612 ($108.18 in chips) 
Seat 3: tintin641 ($100 in chips) 
Seat 4: YeeesMan ($118.93 in chips) 
Seat 5: kakelkungen ($64.09 in chips) 
Seat 6: poker_soul11 ($100 in chips) 
poker_soul11: posts small blind $0.50
joaquin612: posts big blind $1
*** HOLE CARDS ***
tintin641: raises $1.50 to $2.50
YeeesMan: folds 
kakelkungen: folds 
poker_soul11: folds 
joaquin612: raises $8.50 to $11
tintin641: calls $8.50
*** FLOP *** [7h Ks 5h]
joaquin612: bets $7.06
tintin641: folds 
Uncalled bet ($7.06) returned to joaquin612
joaquin612 collected $21.38 from pot
joaquin612: doesn't show hand 
*** SUMMARY ***
Total pot $22.50 | Rake $1.12 
Board [7h Ks 5h]
Seat 2: barneyflstn
Seat 1: joaquin612 (big blind) collected ($21.38)
Seat 3: tintin641 folded on the Flop
Seat 4: YeeesMan folded before Flop (didn't bet)
Seat 5: kakelkungen (button) folded before Flop (didn't bet)
Seat 6: poker_soul11 (small blind) folded before Flop



PokerStars Hand #254583450116:  Hold'em No Limit ($0.50/$1.00 USD) - 2025/01/27 19:49:29 WET [2025/01/27 14:49:29 ET]
Table 'Niobe V' 6-max Seat #6 is the button
Seat 2: barneyflstn ($0 in chips) is sitting out
Seat 1: joaquin612 ($118.56 in chips) 
Seat 3: tintin641 ($100 in chips) 
Seat 4: YeeesMan ($118.93 in chips) 
Seat 5: kakelkungen ($64.09 in chips) 
Seat 6: poker_soul11 ($100 in chips) 
joaquin612: posts small blind $0.50
tintin641: posts big blind $1
*** HOLE CARDS ***
YeeesMan: raises $1.50 to $2.50
kakelkungen: calls $2.50
poker_soul11: folds 
joaquin612: folds 
tintin641: raises $11 to $13.50
YeeesMan: folds 
kakelkungen: calls $11
*** FLOP *** [7s Th 8d]
tintin641: checks 
kakelkungen: checks 
*** TURN *** [7s Th 8d] [2d]
tintin641: checks 
kakelkungen: checks 
*** RIVER *** [7s Th 8d 2d] [7d]
tintin641: checks 
kakelkungen: bets $6.25
tintin641: calls $6.25
*** SHOW DOWN ***
kakelkungen: shows [Ts Qh] (two pair, Tens and Sevens)
tintin641: mucks hand 
kakelkungen collected $40.38 from pot
barneyflstn leaves the table
*** SUMMARY ***
Total pot $42.50 | Rake $2.12 
Board [7s Th 8d 2d 7d]
Seat 2: barneyflstn
Seat 1: joaquin612 (small blind) folded before Flop
Seat 3: tintin641 (big blind) mucked
Seat 4: YeeesMan folded before Flop
Seat 5: kakelkungen showed [Ts Qh] and won ($40.38) with two pair, Tens and Sevens
Seat 6: poker_soul11 (button) folded before Flop (didn't bet)



PokerStars Hand #254583487080:  Hold'em No Limit ($0.50/$1.00 USD) - 2025/01/27 19:51:29 WET [2025/01/27 14:51:29 ET]
Table 'Niobe V' 6-max Seat #1 is the button
Seat 4: YeeesMan ($116.43 in chips) is sitting out
Seat 1: joaquin612 ($118.06 in chips) 
Seat 3: tintin641 ($100 in chips) 
Seat 5: kakelkungen ($84.72 in chips) 
Seat 6: poker_soul11 ($100 in chips) 
tintin641: posts small blind $0.50
YeeesMan: is sitting out 
kakelkungen: posts big blind $1
*** HOLE CARDS ***
J0SHB0SH joins the table at seat #2 
poker_soul11: folds 
YeeesMan leaves the table
joaquin612: folds 
tintin641: raises $2 to $3
kakelkungen: calls $2
*** FLOP *** [9s Jc 6s]
tintin641: checks 
kakelkungen: bets $4.85
coeeeelho joins the table at seat #4 
tintin641: folds 
Uncalled bet ($4.85) returned to kakelkungen
kakelkungen collected $5.70 from pot
*** SUMMARY ***
Total pot $6 | Rake $0.30 
Board [9s Jc 6s]
Seat 4: YeeesMan
Seat 1: joaquin612 (button) folded before Flop (didn't bet)
Seat 3: tintin641 (small blind) folded on the Flop
Seat 5: kakelkungen (big blind) collected ($5.70)
Seat 6: poker_soul11 folded before Flop (didn't bet)



PokerStars Hand #254583502685:  Hold'em No Limit ($0.50/$1.00 USD) - 2025/01/27 19:52:19 WET [2025/01/27 14:52:19 ET]
Table 'Niobe V' 6-max Seat #3 is the button
Seat 2: J0SHB0SH ($100 in chips) is sitting out
Seat 4: coeeeelho ($100 in chips) is sitting out
Seat 1: joaquin612 ($118.06 in chips) 
Seat 3: tintin641 ($100 in chips) 
Seat 5: kakelkungen ($87.42 in chips) 
Seat 6: poker_soul11 ($100 in chips) 
kakelkungen: posts small blind $0.50
poker_soul11: posts big blind $1
J0SHB0SH: sits out 
*** HOLE CARDS ***
joaquin612: raises $1.50 to $2.50
tintin641: folds 
kakelkungen: folds 
poker_soul11: folds 
Uncalled bet ($1.50) returned to joaquin612
joaquin612 collected $2.50 from pot
joaquin612: doesn't show hand 
*** SUMMARY ***
Total pot $2.50 | Rake $0 
Seat 2: J0SHB0SH
Seat 4: coeeeelho
Seat 1: joaquin612 collected ($2.50)
Seat 3: tintin641 (button) folded before Flop (didn't bet)
Seat 5: kakelkungen (small blind) folded before Flop
Seat 6: poker_soul11 (big blind) folded before Flop



PokerStars Hand #254583511877:  Hold'em No Limit ($0.50/$1.00 USD) - 2025/01/27 19:52:49 WET [2025/01/27 14:52:49 ET]
Table 'Niobe V' 6-max Seat #5 is the button
Seat 2: J0SHB0SH ($100 in chips) is sitting out
Seat 4: coeeeelho ($100 in chips) is sitting out
Seat 1: joaquin612 ($119.56 in chips) 
Seat 3: tintin641 ($100 in chips) 
Seat 5: kakelkungen ($86.92 in chips) 
Seat 6: poker_soul11 ($100 in chips) 
poker_soul11: posts small blind $0.50
joaquin612: posts big blind $1
J0SHB0SH: sits out 
coeeeelho: sits out 
*** HOLE CARDS ***
tintin641: folds 
kakelkungen: raises $1 to $2
poker_soul11: folds 
joaquin612: calls $1
*** FLOP *** [4d 6c 8c]
joaquin612: checks 
kakelkungen: checks 
*** TURN *** [4d 6c 8c] [9h]
joaquin612: checks 
kakelkungen: checks 
*** RIVER *** [4d 6c 8c 9h] [Ts]
joaquin612: bets $3
kakelkungen: folds 
Uncalled bet ($3) returned to joaquin612
joaquin612 collected $4.28 from pot
joaquin612: doesn't show hand 
*** SUMMARY ***
Total pot $4.50 | Rake $0.22 
Board [4d 6c 8c 9h Ts]
Seat 2: J0SHB0SH
Seat 4: coeeeelho
Seat 1: joaquin612 (big blind) collected ($4.28)
Seat 3: tintin641 folded before Flop (didn't bet)
Seat 5: kakelkungen (button) folded on the River
Seat 6: poker_soul11 (small blind) folded before Flop



PokerStars Hand #254583530930:  Hold'em No Limit ($0.50/$1.00 USD) - 2025/01/27 19:53:50 WET [2025/01/27 14:53:50 ET]
Table 'Niobe V' 6-max Seat #6 is the button
Seat 4: coeeeelho ($100 in chips) is sitting out
Seat 1: joaquin612 ($121.84 in chips) 
Seat 2: J0SHB0SH ($100 in chips) 
Seat 3: tintin641 ($100 in chips) 
Seat 5: kakelkungen ($84.92 in chips) 
Seat 6: poker_soul11 ($100 in chips) 
joaquin612: posts small blind $0.50
J0SHB0SH: posts big blind $1
coeeeelho: sits out 
*** HOLE CARDS ***
tintin641: folds 
kakelkungen: folds 
poker_soul11: folds 
joaquin612: folds 
Uncalled bet ($0.50) returned to J0SHB0SH
J0SHB0SH collected $1 from pot
J0SHB0SH: doesn't show hand 
*** SUMMARY ***
Total pot $1 | Rake $0 
Seat 4: coeeeelho
Seat 1: joaquin612 (small blind) folded before Flop
Seat 2: J0SHB0SH (big blind) collected ($1)
Seat 3: tintin641 folded before Flop (didn't bet)
Seat 5: kakelkungen folded before Flop (didn't bet)
Seat 6: poker_soul11 (button) folded before Flop (didn't bet)



PokerStars Hand #254583535970:  Hold'em No Limit ($0.50/$1.00 USD) - 2025/01/27 19:54:06 WET [2025/01/27 14:54:06 ET]
Table 'Niobe V' 6-max Seat #1 is the button
Seat 3: tintin641 ($100 in chips) is sitting out
Seat 1: joaquin612 ($121.34 in chips) 
Seat 2: J0SHB0SH ($100.50 in chips) 
Seat 4: coeeeelho ($100 in chips) 
Seat 5: kakelkungen ($84.92 in chips) 
Seat 6: poker_soul11 ($100 in chips) 
J0SHB0SH: posts small blind $0.50
tintin641: is sitting out 
coeeeelho: posts big blind $1
*** HOLE CARDS ***
tintin641 leaves the table
kakelkungen: calls $1
poker_soul11: raises $3 to $4
joaquin612: folds 
J0SHB0SH: folds 
coeeeelho: folds 
kakelkungen: calls $3
*** FLOP *** [4d 5c Qs]
kakelkungen: checks 
poker_soul11: bets $2.26
BumHuntKing joins the table at seat #3 
kakelkungen: raises $5.77 to $8.03
poker_soul11: calls $5.77
*** TURN *** [4d 5c Qs] [3h]
kakelkungen: bets $12.14
poker_soul11: raises $12.14 to $24.28
kakelkungen: calls $12.14
*** RIVER *** [4d 5c Qs 3h] [5h]
kakelkungen: checks 
poker_soul11: bets $53.72
kakelkungen: calls $48.61 and is all-in
Uncalled bet ($5.11) returned to poker_soul11
*** SHOW DOWN ***
poker_soul11: shows [Qc Qh] (a full house, Queens full of Fives)
kakelkungen: shows [Jh Qd] (two pair, Queens and Fives)
poker_soul11 collected $168.84 from pot
*** SUMMARY ***
Total pot $171.34 | Rake $2.50 
Board [4d 5c Qs 3h 5h]
Seat 3: tintin641
Seat 1: joaquin612 (button) folded before Flop (didn't bet)
Seat 2: J0SHB0SH (small blind) folded before Flop
Seat 4: coeeeelho (big blind) folded before Flop
Seat 5: kakelkungen showed [Jh Qd] and lost with two pair, Queens and Fives
Seat 6: poker_soul11 showed [Qc Qh] and won ($168.84) with a full house, Queens full of Fives



PokerStars Hand #254583560179:  Hold'em No Limit ($0.50/$1.00 USD) - 2025/01/27 19:55:31 WET [2025/01/27 14:55:31 ET]
Table 'Niobe V' 6-max Seat #2 is the button
Seat 3: BumHuntKing ($100 in chips) is sitting out
Seat 5: kakelkungen ($0 in chips) is sitting out
Seat 1: joaquin612 ($121.34 in chips) 
Seat 2: J0SHB0SH ($100 in chips) 
Seat 4: coeeeelho ($100 in chips) 
Seat 6: poker_soul11 ($183.92 in chips) 
coeeeelho: posts small blind $0.50
poker_soul11: posts big blind $1
*** HOLE CARDS ***
joaquin612: folds 
J0SHB0SH: folds 
coeeeelho: folds 
Uncalled bet ($0.50) returned to poker_soul11
poker_soul11 collected $1 from pot
poker_soul11: doesn't show hand 
*** SUMMARY ***
Total pot $1 | Rake $0 
Seat 3: BumHuntKing
Seat 5: kakelkungen
Seat 1: joaquin612 folded before Flop (didn't bet)
Seat 2: J0SHB0SH (button) folded before Flop (didn't bet)
Seat 4: coeeeelho (small blind) folded before Flop
Seat 6: poker_soul11 (big blind) collected ($1)



PokerStars Hand #254583562105:  Hold'em No Limit ($0.50/$1.00 USD) - 2025/01/27 19:55:40 WET [2025/01/27 14:55:40 ET]
Table 'Niobe V' 6-max Seat #4 is the button
Seat 3: BumHuntKing ($100 in chips) is sitting out
Seat 5: kakelkungen ($72.12 in chips) is sitting out
Seat 1: joaquin612 ($121.34 in chips) 
Seat 2: J0SHB0SH ($100 in chips) 
Seat 4: coeeeelho ($100 in chips) 
Seat 6: poker_soul11 ($184.42 in chips) 
poker_soul11: posts small blind $0.50
joaquin612: posts big blind $1
BumHuntKing: sits out 
*** HOLE CARDS ***
J0SHB0SH: folds 
coeeeelho: raises $1.50 to $2.50
poker_soul11: folds 
joaquin612: folds 
Uncalled bet ($1.50) returned to coeeeelho
coeeeelho collected $2.50 from pot
*** SUMMARY ***
Total pot $2.50 | Rake $0 
Seat 3: BumHuntKing
Seat 5: kakelkungen
Seat 1: joaquin612 (big blind) folded before Flop
Seat 2: J0SHB0SH folded before Flop (didn't bet)
Seat 4: coeeeelho (button) collected ($2.50)
Seat 6: poker_soul11 (small blind) folded before Flop



PokerStars Hand #254583565857:  Hold'em No Limit ($0.50/$1.00 USD) - 2025/01/27 19:55:58 WET [2025/01/27 14:55:58 ET]
Table 'Niobe V' 6-max Seat #6 is the button
Seat 3: BumHuntKing ($100 in chips) is sitting out
Seat 1: joaquin612 ($120.34 in chips) 
Seat 2: J0SHB0SH ($100 in chips) 
Seat 4: coeeeelho ($101.50 in chips) 
Seat 5: kakelkungen ($72.12 in chips) 
Seat 6: poker_soul11 ($183.92 in chips) 
joaquin612: posts small blind $0.50
J0SHB0SH: posts big blind $1
BumHuntKing: sits out 
kakelkungen: posts small & big blinds $1.50
*** HOLE CARDS ***
coeeeelho: folds 
kakelkungen has timed out
kakelkungen: checks 
poker_soul11: raises $3 to $4
joaquin612: raises $11 to $15
J0SHB0SH: folds 
kakelkungen: folds 
poker_soul11: folds 
Uncalled bet ($11) returned to joaquin612
joaquin612 collected $10.50 from pot
joaquin612: doesn't show hand 
*** SUMMARY ***
Total pot $10.50 | Rake $0 
Seat 3: BumHuntKing
Seat 1: joaquin612 (small blind) collected ($10.50)
Seat 2: J0SHB0SH (big blind) folded before Flop
Seat 4: coeeeelho folded before Flop (didn't bet)
Seat 5: kakelkungen folded before Flop (didn't bet)
Seat 6: poker_soul11 (button) folded before Flop



PokerStars Hand #254583578782:  Hold'em No Limit ($0.50/$1.00 USD) - 2025/01/27 19:56:58 WET [2025/01/27 14:56:58 ET]
Table 'Niobe V' 6-max Seat #1 is the button
Seat 1: joaquin612 ($126.84 in chips) 
Seat 2: J0SHB0SH ($100 in chips) 
Seat 3: BumHuntKing ($100 in chips) 
Seat 4: coeeeelho ($101.50 in chips) 
Seat 5: kakelkungen ($70.62 in chips) 
Seat 6: poker_soul11 ($179.92 in chips) 
J0SHB0SH: posts small blind $0.50
BumHuntKing: posts big blind $1
*** HOLE CARDS ***
coeeeelho: folds 
kakelkungen: calls $1
poker_soul11: folds 
joaquin612: folds 
J0SHB0SH: raises $4 to $5
BumHuntKing: folds 
kakelkungen: calls $4
*** FLOP *** [Jh 8d 8s]
J0SHB0SH: bets $3.45
kakelkungen: calls $3.45
*** TURN *** [Jh 8d 8s] [3c]
J0SHB0SH: checks 
kakelkungen: checks 
*** RIVER *** [Jh 8d 8s 3c] [Qc]
J0SHB0SH: checks 
kakelkungen: checks 
*** SHOW DOWN ***
J0SHB0SH: shows [Th Ah] (a pair of Eights)
kakelkungen: mucks hand 
J0SHB0SH collected $17 from pot
*** SUMMARY ***
Total pot $17.90 | Rake $0.90 
Board [Jh 8d 8s 3c Qc]
Seat 1: joaquin612 (button) folded before Flop (didn't bet)
Seat 2: J0SHB0SH (small blind) showed [Th Ah] and won ($17) with a pair of Eights
Seat 3: BumHuntKing (big blind) folded before Flop
Seat 4: coeeeelho folded before Flop (didn't bet)
Seat 5: kakelkungen mucked
Seat 6: poker_soul11 folded before Flop (didn't bet)



PokerStars Hand #254583590282:  Hold'em No Limit ($0.50/$1.00 USD) - 2025/01/27 19:57:52 WET [2025/01/27 14:57:52 ET]
Table 'Niobe V' 6-max Seat #2 is the button
Seat 1: joaquin612 ($126.84 in chips) 
Seat 2: J0SHB0SH ($108.55 in chips) 
Seat 3: BumHuntKing ($100 in chips) 
Seat 4: coeeeelho ($101.50 in chips) 
Seat 5: kakelkungen ($62.17 in chips) 
Seat 6: poker_soul11 ($179.92 in chips) 
BumHuntKing: posts small blind $0.50
coeeeelho: posts big blind $1
*** HOLE CARDS ***
kakelkungen: folds 
poker_soul11: folds 
joaquin612: folds 
J0SHB0SH: folds 
kakelkungen leaves the table
BumHuntKing: folds 
Uncalled bet ($0.50) returned to coeeeelho
coeeeelho collected $1 from pot
*** SUMMARY ***
Total pot $1 | Rake $0 
Seat 1: joaquin612 folded before Flop (didn't bet)
Seat 2: J0SHB0SH (button) folded before Flop (didn't bet)
Seat 3: BumHuntKing (small blind) folded before Flop
Seat 4: coeeeelho (big blind) collected ($1)
Seat 5: kakelkungen folded before Flop (didn't bet)
Seat 6: poker_soul11 folded before Flop (didn't bet)



PokerStars Hand #254583594301:  Hold'em No Limit ($0.50/$1.00 USD) - 2025/01/27 19:58:11 WET [2025/01/27 14:58:11 ET]
Table 'Niobe V' 6-max Seat #3 is the button
Seat 1: joaquin612 ($126.84 in chips) 
Seat 2: J0SHB0SH ($108.55 in chips) 
Seat 3: BumHuntKing ($100 in chips) 
Seat 4: coeeeelho ($102 in chips) 
Seat 6: poker_soul11 ($179.92 in chips) 
coeeeelho: posts small blind $0.50
poker_soul11: posts big blind $1
*** HOLE CARDS ***
joaquin612: folds 
J0SHB0SH: raises $1.50 to $2.50
BumHuntKing: folds 
coeeeelho: folds 
poker_soul11: folds 
Uncalled bet ($1.50) returned to J0SHB0SH
J0SHB0SH collected $2.50 from pot
J0SHB0SH: doesn't show hand 
*** SUMMARY ***
Total pot $2.50 | Rake $0 
Seat 1: joaquin612 folded before Flop (didn't bet)
Seat 2: J0SHB0SH collected ($2.50)
Seat 3: BumHuntKing (button) folded before Flop (didn't bet)
Seat 4: coeeeelho (small blind) folded before Flop
Seat 6: poker_soul11 (big blind) folded before Flop



PokerStars Hand #254583597242:  Hold'em No Limit ($0.50/$1.00 USD) - 2025/01/27 19:58:25 WET [2025/01/27 14:58:25 ET]
Table 'Niobe V' 6-max Seat #4 is the button
Seat 1: joaquin612 ($126.84 in chips) is sitting out
Seat 2: J0SHB0SH ($110.05 in chips) 
Seat 3: BumHuntKing ($100 in chips) 
Seat 4: coeeeelho ($101.50 in chips) 
Seat 6: poker_soul11 ($178.92 in chips) 
poker_soul11: posts small blind $0.50
joaquin612: is sitting out 
J0SHB0SH: posts big blind $1
*** HOLE CARDS ***
joaquin612 leaves the table
BumHuntKing: raises $1.20 to $2.20
coeeeelho: folds 
poker_soul11: folds 
J0SHB0SH: folds 
Uncalled bet ($1.20) returned to BumHuntKing
BumHuntKing collected $2.50 from pot
BumHuntKing: doesn't show hand 
*** SUMMARY ***
Total pot $2.50 | Rake $0 
Seat 1: joaquin612
Seat 2: J0SHB0SH (big blind) folded before Flop
Seat 3: BumHuntKing collected ($2.50)
Seat 4: coeeeelho (button) folded before Flop (didn't bet)
Seat 6: poker_soul11 (small blind) folded before Flop



PokerStars Hand #254583600335:  Hold'em No Limit ($0.50/$1.00 USD) - 2025/01/27 19:58:39 WET [2025/01/27 14:58:39 ET]
Table 'Niobe V' 6-max Seat #6 is the button
Seat 3: BumHuntKing ($101.50 in chips) is sitting out
Seat 2: J0SHB0SH ($109.05 in chips) 
Seat 4: coeeeelho ($101.50 in chips) 
Seat 6: poker_soul11 ($178.42 in chips) 
J0SHB0SH: posts small blind $0.50
BumHuntKing: is sitting out 
coeeeelho: posts big blind $1
*** HOLE CARDS ***
BumHuntKing leaves the table
poker_soul11: raises $1.20 to $2.20
J0SHB0SH: folds 
coeeeelho: calls $1.20
*** FLOP *** [4c 5s 4d]
coeeeelho: checks 
poker_soul11: bets $1.54
coeeeelho: calls $1.54
*** TURN *** [4c 5s 4d] [7h]
coeeeelho: checks 
franbasualdo10 joins the table at seat #3 
franbasualdo10 is disconnected 
poker_soul11: bets $5
coeeeelho: folds 
Uncalled bet ($5) returned to poker_soul11
poker_soul11 collected $7.58 from pot
poker_soul11: doesn't show hand 
*** SUMMARY ***
Total pot $7.98 | Rake $0.40 
Board [4c 5s 4d 7h]
Seat 3: BumHuntKing
Seat 2: J0SHB0SH (small blind) folded before Flop
Seat 4: coeeeelho (big blind) folded on the Turn
Seat 6: poker_soul11 (button) collected ($7.58)



PokerStars Hand #254583612714:  Hold'em No Limit ($0.50/$1.00 USD) - 2025/01/27 19:59:36 WET [2025/01/27 14:59:36 ET]
Table 'Niobe V' 6-max Seat #2 is the button
Seat 3: franbasualdo10 ($20.01 in chips) is sitting out
Seat 2: J0SHB0SH ($108.55 in chips) 
Seat 4: coeeeelho ($100 in chips) 
Seat 6: poker_soul11 ($182.26 in chips) 
coeeeelho: posts small blind $0.50
poker_soul11: posts big blind $1
*** HOLE CARDS ***
J0SHB0SH: raises $1.50 to $2.50
michasia joins the table at seat #1 
Manifestorr joins the table at seat #5 
coeeeelho: folds 
poker_soul11: folds 
Uncalled bet ($1.50) returned to J0SHB0SH
J0SHB0SH collected $2.50 from pot
J0SHB0SH: doesn't show hand 
*** SUMMARY ***
Total pot $2.50 | Rake $0 
Seat 3: franbasualdo10
Seat 2: J0SHB0SH (button) collected ($2.50)
Seat 4: coeeeelho (small blind) folded before Flop
Seat 6: poker_soul11 (big blind) folded before Flop



PokerStars Hand #254583616539:  Hold'em No Limit ($0.50/$1.00 USD) - 2025/01/27 19:59:53 WET [2025/01/27 14:59:53 ET]
Table 'Niobe V' 6-max Seat #4 is the button
Seat 5: Manifestorr ($100 in chips) is sitting out
Seat 1: michasia ($100 in chips) 
Seat 2: J0SHB0SH ($110.05 in chips) 
Seat 3: franbasualdo10 ($20.01 in chips) 
Seat 4: coeeeelho ($100 in chips) 
Seat 6: poker_soul11 ($181.26 in chips) 
poker_soul11: posts small blind $0.50
michasia: posts big blind $1
franbasualdo10: posts big blind $1
*** HOLE CARDS ***
J0SHB0SH: raises $3 to $4
franbasualdo10: folds 
coeeeelho: folds 
poker_soul11: folds 
michasia: folds 
Uncalled bet ($3) returned to J0SHB0SH
J0SHB0SH collected $3.50 from pot
J0SHB0SH: doesn't show hand 
*** SUMMARY ***
Total pot $3.50 | Rake $0 
Seat 5: Manifestorr
Seat 1: michasia (big blind) folded before Flop
Seat 2: J0SHB0SH collected ($3.50)
Seat 3: franbasualdo10 folded before Flop (didn't bet)
Seat 4: coeeeelho (button) folded before Flop (didn't bet)
Seat 6: poker_soul11 (small blind) folded before Flop



PokerStars Hand #254583621899:  Hold'em No Limit ($0.50/$1.00 USD) - 2025/01/27 20:00:17 WET [2025/01/27 15:00:17 ET]
Table 'Niobe V' 6-max Seat #6 is the button
Seat 5: Manifestorr ($100 in chips) is sitting out
Seat 1: michasia ($100 in chips) 
Seat 2: J0SHB0SH ($112.55 in chips) 
Seat 3: franbasualdo10 ($19.01 in chips) 
Seat 4: coeeeelho ($100 in chips) 
Seat 6: poker_soul11 ($180.76 in chips) 
michasia: posts small blind $0.50
J0SHB0SH: posts big blind $1
Manifestorr: sits out 
*** HOLE CARDS ***
franbasualdo10: calls $1
coeeeelho: raises $3.20 to $4.20
poker_soul11: folds 
michasia: folds 
J0SHB0SH: folds 
franbasualdo10: calls $3.20
*** FLOP *** [5h 3s 6s]
franbasualdo10: checks 
coeeeelho: bets $4.70
franbasualdo10: folds 
Uncalled bet ($4.70) returned to coeeeelho
coeeeelho collected $9.40 from pot
*** SUMMARY ***
Total pot $9.90 | Rake $0.50 
Board [5h 3s 6s]
Seat 5: Manifestorr
Seat 1: michasia (small blind) folded before Flop
Seat 2: J0SHB0SH (big blind) folded before Flop
Seat 3: franbasualdo10 folded on the Flop
Seat 4: coeeeelho collected ($9.40)
Seat 6: poker_soul11 (button) folded before Flop (didn't bet)



PokerStars Hand #254583632172:  Hold'em No Limit ($0.50/$1.00 USD) - 2025/01/27 20:01:00 WET [2025/01/27 15:01:00 ET]
Table 'Niobe V' 6-max Seat #1 is the button
Seat 5: Manifestorr ($100 in chips) is sitting out
Seat 1: michasia ($100 in chips) 
Seat 2: J0SHB0SH ($111.55 in chips) 
Seat 3: franbasualdo10 ($14.81 in chips) 
Seat 4: coeeeelho ($105.20 in chips) 
Seat 6: poker_soul11 ($180.76 in chips) 
J0SHB0SH: posts small blind $0.50
franbasualdo10: posts big blind $1
Manifestorr: sits out 
*** HOLE CARDS ***
coeeeelho: raises $1.20 to $2.20
poker_soul11: folds 
michasia: folds 
J0SHB0SH: folds 
franbasualdo10: calls $1.20
*** FLOP *** [Ad 2h As]
franbasualdo10: checks 
coeeeelho: bets $1.17
franbasualdo10: raises $2.17 to $3.34
coeeeelho: folds 
Uncalled bet ($2.17) returned to franbasualdo10
franbasualdo10 collected $6.88 from pot
*** SUMMARY ***
Total pot $7.24 | Rake $0.36 
Board [Ad 2h As]
Seat 5: Manifestorr
Seat 1: michasia (button) folded before Flop (didn't bet)
Seat 2: J0SHB0SH (small blind) folded before Flop
Seat 3: franbasualdo10 (big blind) collected ($6.88)
Seat 4: coeeeelho folded on the Flop
Seat 6: poker_soul11 folded before Flop (didn't bet)



PokerStars Hand #254583641718:  Hold'em No Limit ($0.50/$1.00 USD) - 2025/01/27 20:01:37 WET [2025/01/27 15:01:37 ET]
Table 'Niobe V' 6-max Seat #2 is the button
Seat 4: coeeeelho ($101.83 in chips) is sitting out
Seat 1: michasia ($100 in chips) 
Seat 2: J0SHB0SH ($111.05 in chips) 
Seat 3: franbasualdo10 ($18.32 in chips) 
Seat 5: Manifestorr ($100 in chips) 
Seat 6: poker_soul11 ($180.76 in chips) 
franbasualdo10: posts small blind $0.50
coeeeelho: is sitting out 
Manifestorr: posts big blind $1
*** HOLE CARDS ***
poker_soul11: folds 
michasia: raises $1.80 to $2.80
J0SHB0SH: folds 
franbasualdo10: folds 
Manifestorr: calls $1.80
*** FLOP *** [7h Jd 2s]
Manifestorr: checks 
michasia: bets $1.91
Manifestorr: folds 
Uncalled bet ($1.91) returned to michasia
michasia collected $5.80 from pot
michasia: doesn't show hand 
*** SUMMARY ***
Total pot $6.10 | Rake $0.30 
Board [7h Jd 2s]
Seat 4: coeeeelho
Seat 1: michasia collected ($5.80)
Seat 2: J0SHB0SH (button) folded before Flop (didn't bet)
Seat 3: franbasualdo10 (small blind) folded before Flop
Seat 5: Manifestorr (big blind) folded on the Flop
Seat 6: poker_soul11 folded before Flop (didn't bet)



PokerStars Hand #254583647523:  Hold'em No Limit ($0.50/$1.00 USD) - 2025/01/27 20:01:59 WET [2025/01/27 15:01:59 ET]
Table 'Niobe V' 6-max Seat #3 is the button
Seat 1: michasia ($103 in chips) is sitting out
Seat 4: coeeeelho ($101.83 in chips) is sitting out
Seat 6: poker_soul11 ($180.76 in chips) is sitting out
Seat 2: J0SHB0SH ($111.05 in chips) 
Seat 3: franbasualdo10 ($17.82 in chips) 
Seat 5: Manifestorr ($100 in chips) 
Manifestorr: posts small blind $0.50
poker_soul11: is sitting out 
michasia: is sitting out 
J0SHB0SH: posts big blind $1
*** HOLE CARDS ***
poker_soul11 leaves the table
franbasualdo10: raises $1 to $2
Manifestorr: folds 
J0SHB0SH: raises $16 to $18
franbasualdo10: calls $15.82 and is all-in
Uncalled bet ($0.18) returned to J0SHB0SH
*** FLOP *** [4h 5c 8d]
*** TURN *** [4h 5c 8d] [9s]
MaRKiToScoK joins the table at seat #6 
*** RIVER *** [4h 5c 8d 9s] [5d]
*** SHOW DOWN ***
J0SHB0SH: shows [Qs Qc] (two pair, Queens and Fives)
franbasualdo10: shows [8h Ac] (two pair, Eights and Fives)
J0SHB0SH collected $35.14 from pot
*** SUMMARY ***
Total pot $36.14 | Rake $1 
Board [4h 5c 8d 9s 5d]
Seat 1: michasia
Seat 4: coeeeelho
Seat 6: poker_soul11
Seat 2: J0SHB0SH (big blind) showed [Qs Qc] and won ($35.14) with two pair, Queens and Fives
Seat 3: franbasualdo10 (button) showed [8h Ac] and lost with two pair, Eights and Fives
Seat 5: Manifestorr (small blind) folded before Flop



PokerStars Hand #254583656281:  Hold'em No Limit ($0.50/$1.00 USD) - 2025/01/27 20:02:26 WET [2025/01/27 15:02:26 ET]
Table 'Niobe V' 6-max Seat #5 is the button
Seat 1: michasia ($103 in chips) is sitting out
Seat 3: franbasualdo10 ($0 in chips) is sitting out
Seat 6: MaRKiToScoK ($100 in chips) is sitting out
Seat 2: J0SHB0SH ($128.37 in chips) 
Seat 4: coeeeelho ($101.83 in chips) 
Seat 5: Manifestorr ($100 in chips) 
J0SHB0SH: posts small blind $0.50
coeeeelho: posts big blind $1
*** HOLE CARDS ***
Manifestorr: folds 
J0SHB0SH: raises $2 to $3
franbasualdo10 leaves the table
coeeeelho: folds 
Uncalled bet ($2) returned to J0SHB0SH
J0SHB0SH collected $2 from pot
J0SHB0SH: doesn't show hand 
*** SUMMARY ***
Total pot $2 | Rake $0 
Seat 1: michasia
Seat 3: franbasualdo10
Seat 6: MaRKiToScoK
Seat 2: J0SHB0SH (small blind) collected ($2)
Seat 4: coeeeelho (big blind) folded before Flop
Seat 5: Manifestorr (button) folded before Flop (didn't bet)



PokerStars Hand #254583661691:  Hold'em No Limit ($0.50/$1.00 USD) - 2025/01/27 20:02:44 WET [2025/01/27 15:02:44 ET]
Table 'Niobe V' 6-max Seat #2 is the button
Seat 1: michasia ($103 in chips) is sitting out
Seat 6: MaRKiToScoK ($100 in chips) is sitting out
Seat 2: J0SHB0SH ($129.37 in chips) 
Seat 4: coeeeelho ($100.83 in chips) 
Seat 5: Manifestorr ($100 in chips) 
coeeeelho: posts small blind $0.50
Manifestorr: posts big blind $1
elcutez joins the table at seat #3 
MaRKiToScoK: sits out 
elcutez is disconnected 
michasia: sits out 
*** HOLE CARDS ***
J0SHB0SH: raises $1.50 to $2.50
coeeeelho: raises $8.72 to $11.22
Manifestorr: folds 
J0SHB0SH: folds 
Uncalled bet ($8.72) returned to coeeeelho
coeeeelho collected $6 from pot
*** SUMMARY ***
Total pot $6 | Rake $0 
Seat 1: michasia
Seat 6: MaRKiToScoK
Seat 2: J0SHB0SH (button) folded before Flop
Seat 4: coeeeelho (small blind) collected ($6)
Seat 5: Manifestorr (big blind) folded before Flop



PokerStars Hand #254583666294:  Hold'em No Limit ($0.50/$1.00 USD) - 2025/01/27 20:03:00 WET [2025/01/27 15:03:00 ET]
Table 'Niobe V' 6-max Seat #4 is the button
Seat 1: michasia ($103 in chips) is sitting out
Seat 3: elcutez ($100 in chips) is sitting out
Seat 2: J0SHB0SH ($126.87 in chips) 
Seat 4: coeeeelho ($104.33 in chips) 
Seat 5: Manifestorr ($100 in chips) 
Seat 6: MaRKiToScoK ($100 in chips) 
Manifestorr: posts small blind $0.50
MaRKiToScoK: posts big blind $1
michasia: sits out 
elcutez: sits out 
*** HOLE CARDS ***
J0SHB0SH: folds 
coeeeelho: folds 
Manifestorr: raises $2 to $3
MaRKiToScoK: raises $6 to $9
Manifestorr: folds 
Uncalled bet ($6) returned to MaRKiToScoK
MaRKiToScoK collected $6 from pot
*** SUMMARY ***
Total pot $6 | Rake $0 
Seat 1: michasia
Seat 3: elcutez
Seat 2: J0SHB0SH folded before Flop (didn't bet)
Seat 4: coeeeelho (button) folded before Flop (didn't bet)
Seat 5: Manifestorr (small blind) folded before Flop
Seat 6: MaRKiToScoK (big blind) collected ($6)



PokerStars Hand #254583672182:  Hold'em No Limit ($0.50/$1.00 USD) - 2025/01/27 20:03:20 WET [2025/01/27 15:03:20 ET]
Table 'Niobe V' 6-max Seat #5 is the button
Seat 1: michasia ($103 in chips) 
Seat 2: J0SHB0SH ($126.87 in chips) 
Seat 3: elcutez ($100 in chips) 
Seat 4: coeeeelho ($104.33 in chips) 
Seat 5: Manifestorr ($100 in chips) 
Seat 6: MaRKiToScoK ($103 in chips) 
MaRKiToScoK: posts small blind $0.50
michasia: posts big blind $1
elcutez: posts big blind $1
*** HOLE CARDS ***
J0SHB0SH: folds 
elcutez: raises $2.50 to $3.50
coeeeelho: folds 
Manifestorr: folds 
MaRKiToScoK: raises $10 to $13.50
michasia: folds 
elcutez: calls $10
*** FLOP *** [Kd 8c 5d]
MaRKiToScoK: bets $8.78
elcutez: calls $8.78
*** TURN *** [Kd 8c 5d] [4s]
MaRKiToScoK: checks 
elcutez: checks 
*** RIVER *** [Kd 8c 5d 4s] [As]
MaRKiToScoK: bets $80.72 and is all-in
elcutez: folds 
Uncalled bet ($80.72) returned to MaRKiToScoK
MaRKiToScoK collected $43.28 from pot
*** SUMMARY ***
Total pot $45.56 | Rake $2.28 
Board [Kd 8c 5d 4s As]
Seat 1: michasia (big blind) folded before Flop
Seat 2: J0SHB0SH folded before Flop (didn't bet)
Seat 3: elcutez folded on the River
Seat 4: coeeeelho folded before Flop (didn't bet)
Seat 5: Manifestorr (button) folded before Flop (didn't bet)
Seat 6: MaRKiToScoK (small blind) collected ($43.28)



PokerStars Hand #254583694146:  Hold'em No Limit ($0.50/$1.00 USD) - 2025/01/27 20:04:29 WET [2025/01/27 15:04:29 ET]
Table 'Niobe V' 6-max Seat #6 is the button
Seat 1: michasia ($102 in chips) 
Seat 2: J0SHB0SH ($126.87 in chips) 
Seat 3: elcutez ($77.72 in chips) 
Seat 4: coeeeelho ($104.33 in chips) 
Seat 5: Manifestorr ($100 in chips) 
Seat 6: MaRKiToScoK ($124 in chips) 
michasia: posts small blind $0.50
J0SHB0SH: posts big blind $1
*** HOLE CARDS ***
elcutez: calls $1
coeeeelho: folds 
Manifestorr: folds 
MaRKiToScoK: raises $3 to $4
michasia: folds 
J0SHB0SH: raises $10 to $14
elcutez: folds 
MaRKiToScoK: folds 
Uncalled bet ($10) returned to J0SHB0SH
J0SHB0SH collected $9.50 from pot
J0SHB0SH: doesn't show hand 
*** SUMMARY ***
Total pot $9.50 | Rake $0 
Seat 1: michasia (small blind) folded before Flop
Seat 2: J0SHB0SH (big blind) collected ($9.50)
Seat 3: elcutez folded before Flop
Seat 4: coeeeelho folded before Flop (didn't bet)
Seat 5: Manifestorr folded before Flop (didn't bet)
Seat 6: MaRKiToScoK (button) folded before Flop



PokerStars Hand #254583712173:  Hold'em No Limit ($0.50/$1.00 USD) - 2025/01/27 20:05:24 WET [2025/01/27 15:05:24 ET]
Table 'Niobe V' 6-max Seat #1 is the button
Seat 1: michasia ($101.50 in chips) 
Seat 2: J0SHB0SH ($132.37 in chips) 
Seat 3: elcutez ($76.72 in chips) 
Seat 4: coeeeelho ($104.33 in chips) 
Seat 5: Manifestorr ($100 in chips) 
Seat 6: MaRKiToScoK ($120 in chips) 
J0SHB0SH: posts small blind $0.50
elcutez: posts big blind $1
*** HOLE CARDS ***
coeeeelho: raises $1.20 to $2.20
Manifestorr: folds 
MaRKiToScoK: folds 
michasia: folds 
J0SHB0SH: folds 
elcutez: folds 
Uncalled bet ($1.20) returned to coeeeelho
coeeeelho collected $2.50 from pot
*** SUMMARY ***
Total pot $2.50 | Rake $0 
Seat 1: michasia (button) folded before Flop (didn't bet)
Seat 2: J0SHB0SH (small blind) folded before Flop
Seat 3: elcutez (big blind) folded before Flop
Seat 4: coeeeelho collected ($2.50)
Seat 5: Manifestorr folded before Flop (didn't bet)
Seat 6: MaRKiToScoK folded before Flop (didn't bet)



PokerStars Hand #254583719194:  Hold'em No Limit ($0.50/$1.00 USD) - 2025/01/27 20:05:45 WET [2025/01/27 15:05:45 ET]
Table 'Niobe V' 6-max Seat #2 is the button
Seat 1: michasia ($101.50 in chips) 
Seat 2: J0SHB0SH ($131.87 in chips) 
Seat 3: elcutez ($75.72 in chips) 
Seat 4: coeeeelho ($105.83 in chips) 
Seat 5: Manifestorr ($100 in chips) 
Seat 6: MaRKiToScoK ($120 in chips) 
elcutez: posts small blind $0.50
coeeeelho: posts big blind $1
*** HOLE CARDS ***
Manifestorr: raises $1.20 to $2.20
MaRKiToScoK: calls $2.20
michasia: folds 
J0SHB0SH: folds 
elcutez: folds 
coeeeelho: folds 
*** FLOP *** [6s 8c Ad]
Manifestorr: checks 
MaRKiToScoK: checks 
*** TURN *** [6s 8c Ad] [Qc]
Manifestorr: checks 
MaRKiToScoK: checks 
*** RIVER *** [6s 8c Ad Qc] [As]
Manifestorr: bets $1.85
MaRKiToScoK: folds 
Uncalled bet ($1.85) returned to Manifestorr
Manifestorr collected $5.60 from pot
*** SUMMARY ***
Total pot $5.90 | Rake $0.30 
Board [6s 8c Ad Qc As]
Seat 1: michasia folded before Flop (didn't bet)
Seat 2: J0SHB0SH (button) folded before Flop (didn't bet)
Seat 3: elcutez (small blind) folded before Flop
Seat 4: coeeeelho (big blind) folded before Flop
Seat 5: Manifestorr collected ($5.60)
Seat 6: MaRKiToScoK folded on the River



PokerStars Hand #254583736029:  Hold'em No Limit ($0.50/$1.00 USD) - 2025/01/27 20:06:36 WET [2025/01/27 15:06:36 ET]
Table 'Niobe V' 6-max Seat #3 is the button
Seat 1: michasia ($101.50 in chips) 
Seat 2: J0SHB0SH ($131.87 in chips) 
Seat 3: elcutez ($75.22 in chips) 
Seat 4: coeeeelho ($104.83 in chips) 
Seat 5: Manifestorr ($103.40 in chips) 
Seat 6: MaRKiToScoK ($117.80 in chips) 
coeeeelho: posts small blind $0.50
Manifestorr: posts big blind $1
*** HOLE CARDS ***
MaRKiToScoK: folds 
michasia: folds 
J0SHB0SH: folds 
elcutez: folds 
coeeeelho: raises $2 to $3
Manifestorr: raises $6 to $9
coeeeelho: raises $11 to $20
Manifestorr: folds 
Uncalled bet ($11) returned to coeeeelho
coeeeelho collected $18 from pot
*** SUMMARY ***
Total pot $18 | Rake $0 
Seat 1: michasia folded before Flop (didn't bet)
Seat 2: J0SHB0SH folded before Flop (didn't bet)
Seat 3: elcutez (button) folded before Flop (didn't bet)
Seat 4: coeeeelho (small blind) collected ($18)
Seat 5: Manifestorr (big blind) folded before Flop
Seat 6: MaRKiToScoK folded before Flop (didn't bet)



PokerStars Hand #254583751143:  Hold'em No Limit ($0.50/$1.00 USD) - 2025/01/27 20:07:22 WET [2025/01/27 15:07:22 ET]
Table 'Niobe V' 6-max Seat #4 is the button
Seat 1: michasia ($101.50 in chips) 
Seat 2: J0SHB0SH ($131.87 in chips) 
Seat 3: elcutez ($84.52 in chips) 
Seat 4: coeeeelho ($113.83 in chips) 
Seat 5: Manifestorr ($100 in chips) 
Seat 6: MaRKiToScoK ($117.80 in chips) 
Manifestorr: posts small blind $0.50
MaRKiToScoK: posts big blind $1
*** HOLE CARDS ***
michasia: folds 
michasia leaves the table
J0SHB0SH: raises $1 to $2
elcutez: folds 
coeeeelho: raises $5.50 to $7.50
Manifestorr: folds 
MaRKiToScoK: folds 
J0SHB0SH: folds 
Uncalled bet ($5.50) returned to coeeeelho
coeeeelho collected $5.50 from pot
*** SUMMARY ***
Total pot $5.50 | Rake $0 
Seat 1: michasia folded before Flop (didn't bet)
Seat 2: J0SHB0SH folded before Flop
Seat 3: elcutez folded before Flop (didn't bet)
Seat 4: coeeeelho (button) collected ($5.50)
Seat 5: Manifestorr (small blind) folded before Flop
Seat 6: MaRKiToScoK (big blind) folded before Flop



PokerStars Hand #254583759768:  Hold'em No Limit ($0.50/$1.00 USD) - 2025/01/27 20:07:48 WET [2025/01/27 15:07:48 ET]
Table 'Niobe V' 6-max Seat #5 is the button
Seat 2: J0SHB0SH ($129.87 in chips) is sitting out
Seat 3: elcutez ($84.52 in chips) 
Seat 4: coeeeelho ($117.33 in chips) 
Seat 5: Manifestorr ($100 in chips) 
Seat 6: MaRKiToScoK ($116.80 in chips) 
MaRKiToScoK: posts small blind $0.50
J0SHB0SH: is sitting out 
elcutez: posts big blind $1
*** HOLE CARDS ***
coeeeelho: raises $1.20 to $2.20
Manifestorr: folds 
J0SHB0SH leaves the table
MaRKiToScoK: folds 
elcutez: folds 
Uncalled bet ($1.20) returned to coeeeelho
coeeeelho collected $2.50 from pot
*** SUMMARY ***
Total pot $2.50 | Rake $0 
Seat 2: J0SHB0SH
Seat 3: elcutez (big blind) folded before Flop
Seat 4: coeeeelho collected ($2.50)
Seat 5: Manifestorr (button) folded before Flop (didn't bet)
Seat 6: MaRKiToScoK (small blind) folded before Flop



PokerStars Hand #254583765195:  Hold'em No Limit ($0.50/$1.00 USD) - 2025/01/27 20:08:04 WET [2025/01/27 15:08:04 ET]
Table 'Niobe V' 6-max Seat #6 is the button
Seat 3: elcutez ($83.52 in chips) 
Seat 4: coeeeelho ($118.83 in chips) 
Seat 5: Manifestorr ($100 in chips) 
Seat 6: MaRKiToScoK ($116.30 in chips) 
elcutez: posts small blind $0.50
coeeeelho: posts big blind $1
*** HOLE CARDS ***
michasia joins the table at seat #2 
Manifestorr: folds 
MaRKiToScoK: folds 
elcutez: folds 
Uncalled bet ($0.50) returned to coeeeelho
coeeeelho collected $1 from pot
*** SUMMARY ***
Total pot $1 | Rake $0 
Seat 3: elcutez (small blind) folded before Flop
Seat 4: coeeeelho (big blind) collected ($1)
Seat 5: Manifestorr folded before Flop (didn't bet)
Seat 6: MaRKiToScoK (button) folded before Flop (didn't bet)



PokerStars Hand #254583769231:  Hold'em No Limit ($0.50/$1.00 USD) - 2025/01/27 20:08:16 WET [2025/01/27 15:08:16 ET]
Table 'Niobe V' 6-max Seat #3 is the button
Seat 2: michasia ($101.50 in chips) is sitting out
Seat 3: elcutez ($83.02 in chips) 
Seat 4: coeeeelho ($119.33 in chips) 
Seat 5: Manifestorr ($100 in chips) 
Seat 6: MaRKiToScoK ($116.30 in chips) 
coeeeelho: posts small blind $0.50
Manifestorr: posts big blind $1
michasia: sits out 
*** HOLE CARDS ***
MaRKiToScoK: folds 
elcutez: raises $2 to $3
coeeeelho: folds 
Manifestorr: calls $2
*** FLOP *** [8d Jd 7s]
Manifestorr: checks 
elcutez: bets $6.18
Manifestorr: folds 
Uncalled bet ($6.18) returned to elcutez
elcutez collected $6.18 from pot
*** SUMMARY ***
Total pot $6.50 | Rake $0.32 
Board [8d Jd 7s]
Seat 2: michasia
Seat 3: elcutez (button) collected ($6.18)
Seat 4: coeeeelho (small blind) folded before Flop
Seat 5: Manifestorr (big blind) folded on the Flop
Seat 6: MaRKiToScoK folded before Flop (didn't bet)



PokerStars Hand #254583778687:  Hold'em No Limit ($0.50/$1.00 USD) - 2025/01/27 20:08:44 WET [2025/01/27 15:08:44 ET]
Table 'Niobe V' 6-max Seat #4 is the button
Seat 2: michasia ($101.50 in chips) is sitting out
Seat 3: elcutez ($86.20 in chips) 
Seat 4: coeeeelho ($118.83 in chips) 
Seat 5: Manifestorr ($100 in chips) 
Seat 6: MaRKiToScoK ($116.30 in chips) 
Manifestorr: posts small blind $0.50
MaRKiToScoK: posts big blind $1
michasia: sits out 
*** HOLE CARDS ***
elcutez: folds 
coeeeelho: raises $1.20 to $2.20
Manifestorr: folds 
MaRKiToScoK: calls $1.20
*** FLOP *** [3s Js 3c]
MaRKiToScoK: checks 
coeeeelho: bets $1.54
MaRKiToScoK: calls $1.54
*** TURN *** [3s Js 3c] [Th]
MaRKiToScoK: checks 
coeeeelho: bets $5.69
MaRKiToScoK: folds 
Uncalled bet ($5.69) returned to coeeeelho
coeeeelho collected $7.58 from pot
*** SUMMARY ***
Total pot $7.98 | Rake $0.40 
Board [3s Js 3c Th]
Seat 2: michasia
Seat 3: elcutez folded before Flop (didn't bet)
Seat 4: coeeeelho (button) collected ($7.58)
Seat 5: Manifestorr (small blind) folded before Flop
Seat 6: MaRKiToScoK (big blind) folded on the Turn



PokerStars Hand #254583795310:  Hold'em No Limit ($0.50/$1.00 USD) - 2025/01/27 20:09:34 WET [2025/01/27 15:09:34 ET]
Table 'Niobe V' 6-max Seat #5 is the button
Seat 2: michasia ($101.50 in chips) 
Seat 3: elcutez ($86.20 in chips) 
Seat 4: coeeeelho ($122.67 in chips) 
Seat 5: Manifestorr ($100 in chips) 
Seat 6: MaRKiToScoK ($112.56 in chips) 
MaRKiToScoK: posts small blind $0.50
michasia: posts big blind $1
*** HOLE CARDS ***
elcutez: folds 
coeeeelho: raises $1.30 to $2.30
Manifestorr: folds 
MaRKiToScoK: folds 
michasia: folds 
Uncalled bet ($1.30) returned to coeeeelho
coeeeelho collected $2.50 from pot
*** SUMMARY ***
Total pot $2.50 | Rake $0 
Seat 2: michasia (big blind) folded before Flop
Seat 3: elcutez folded before Flop (didn't bet)
Seat 4: coeeeelho collected ($2.50)
Seat 5: Manifestorr (button) folded before Flop (didn't bet)
Seat 6: MaRKiToScoK (small blind) folded before Flop



PokerStars Hand #254583804461:  Hold'em No Limit ($0.50/$1.00 USD) - 2025/01/27 20:10:02 WET [2025/01/27 15:10:02 ET]
Table 'Niobe V' 6-max Seat #6 is the button
Seat 2: michasia ($100.50 in chips) 
Seat 3: elcutez ($86.20 in chips) 
Seat 4: coeeeelho ($124.17 in chips) 
Seat 5: Manifestorr ($100 in chips) 
Seat 6: MaRKiToScoK ($112.06 in chips) 
michasia: posts small blind $0.50
elcutez: posts big blind $1
*** HOLE CARDS ***
coeeeelho: folds 
Manifestorr: raises $1.20 to $2.20
MaRKiToScoK: folds 
MaRKiToScoK leaves the table
michasia: folds 
elcutez: folds 
Uncalled bet ($1.20) returned to Manifestorr
Manifestorr collected $2.50 from pot
*** SUMMARY ***
Total pot $2.50 | Rake $0 
Seat 2: michasia (small blind) folded before Flop
Seat 3: elcutez (big blind) folded before Flop
Seat 4: coeeeelho folded before Flop (didn't bet)
Seat 5: Manifestorr collected ($2.50)
Seat 6: MaRKiToScoK (button) folded before Flop (didn't bet)



PokerStars Hand #254583815093:  Hold'em No Limit ($0.50/$1.00 USD) - 2025/01/27 20:10:33 WET [2025/01/27 15:10:33 ET]
Table 'Niobe V' 6-max Seat #2 is the button
Seat 2: michasia ($100 in chips) 
Seat 3: elcutez ($85.20 in chips) 
Seat 4: coeeeelho ($124.17 in chips) 
Seat 5: Manifestorr ($101.50 in chips) 
elcutez: posts small blind $0.50
coeeeelho: posts big blind $1
*** HOLE CARDS ***
Manifestorr: raises $1.20 to $2.20
michasia: folds 
elcutez: folds 
coeeeelho: raises $9.80 to $12
Manifestorr: folds 
Uncalled bet ($9.80) returned to coeeeelho
coeeeelho collected $4.90 from pot
irenicus24 joins the table at seat #1 
*** SUMMARY ***
Total pot $4.90 | Rake $0 
Seat 2: michasia (button) folded before Flop (didn't bet)
Seat 3: elcutez (small blind) folded before Flop
Seat 4: coeeeelho (big blind) collected ($4.90)
Seat 5: Manifestorr folded before Flop



PokerStars Hand #254583821959:  Hold'em No Limit ($0.50/$1.00 USD) - 2025/01/27 20:10:54 WET [2025/01/27 15:10:54 ET]
Table 'Niobe V' 6-max Seat #3 is the button
Seat 5: Manifestorr ($100 in chips) is sitting out
Seat 1: irenicus24 ($100 in chips) 
Seat 2: michasia ($100 in chips) 
Seat 3: elcutez ($84.70 in chips) 
Seat 4: coeeeelho ($126.87 in chips) 
coeeeelho: posts small blind $0.50
Manifestorr: is sitting out 
irenicus24: posts big blind $1
*** HOLE CARDS ***
Manifestorr leaves the table
michasia: folds 
elcutez: raises $2.50 to $3.50
coeeeelho: folds 
irenicus24: folds 
Uncalled bet ($2.50) returned to elcutez
elcutez collected $2.50 from pot
*** SUMMARY ***
Total pot $2.50 | Rake $0 
Seat 5: Manifestorr
Seat 1: irenicus24 (big blind) folded before Flop
Seat 2: michasia folded before Flop (didn't bet)
Seat 3: elcutez (button) collected ($2.50)
Seat 4: coeeeelho (small blind) folded before Flop



PokerStars Hand #254583828146:  Hold'em No Limit ($0.50/$1.00 USD) - 2025/01/27 20:11:12 WET [2025/01/27 15:11:12 ET]
Table 'Niobe V' 6-max Seat #4 is the button
Seat 2: michasia ($100 in chips) is sitting out
Seat 1: irenicus24 ($100 in chips) 
Seat 3: elcutez ($86.20 in chips) 
Seat 4: coeeeelho ($126.37 in chips) 
irenicus24: posts small blind $0.50
michasia: is sitting out 
elcutez: posts big blind $1
*** HOLE CARDS ***
michasia leaves the table
coeeeelho: raises $1.50 to $2.50
irenicus24: raises $8.50 to $11
Balibali5 joins the table at seat #2 
Balibali5 is disconnected 
Nicedaymybro joins the table at seat #6 
elcutez: folds 
coeeeelho: folds 
Uncalled bet ($8.50) returned to irenicus24
irenicus24 collected $6 from pot
irenicus24: doesn't show hand 
*** SUMMARY ***
Total pot $6 | Rake $0 
Seat 2: michasia
Seat 1: irenicus24 (small blind) collected ($6)
Seat 3: elcutez (big blind) folded before Flop
Seat 4: coeeeelho (button) folded before Flop



PokerStars Hand #254583838079:  Hold'em No Limit ($0.50/$1.00 USD) - 2025/01/27 20:11:42 WET [2025/01/27 15:11:42 ET]
Table 'Niobe V' 6-max Seat #1 is the button
Seat 2: Balibali5 ($100 in chips) is sitting out
Seat 6: Nicedaymybro ($100 in chips) is sitting out
Seat 1: irenicus24 ($103.50 in chips) 
Seat 3: elcutez ($85.20 in chips) 
Seat 4: coeeeelho ($123.87 in chips) 
elcutez: posts small blind $0.50
coeeeelho: posts big blind $1
Nicedaymybro: sits out 
*** HOLE CARDS ***
irenicus24: folds 
elcutez: folds 
Uncalled bet ($0.50) returned to coeeeelho
coeeeelho collected $1 from pot
*** SUMMARY ***
Total pot $1 | Rake $0 
Seat 2: Balibali5
Seat 6: Nicedaymybro
Seat 1: irenicus24 (button) folded before Flop (didn't bet)
Seat 3: elcutez (small blind) folded before Flop
Seat 4: coeeeelho (big blind) collected ($1)



PokerStars Hand #254583841506:  Hold'em No Limit ($0.50/$1.00 USD) - 2025/01/27 20:11:53 WET [2025/01/27 15:11:53 ET]
Table 'Niobe V' 6-max Seat #3 is the button
Seat 2: Balibali5 ($100 in chips) is sitting out
Seat 1: irenicus24 ($103.50 in chips) 
Seat 3: elcutez ($85.94 in chips) 
Seat 4: coeeeelho ($124.37 in chips) 
Seat 6: Nicedaymybro ($100 in chips) 
coeeeelho: posts small blind $0.50
Nicedaymybro: posts big blind $1
Balibali5: sits out 
*** HOLE CARDS ***
irenicus24: folds 
elcutez: raises $2 to $3
coeeeelho: raises $8 to $11
Nicedaymybro: folds 
elcutez: calls $8
*** FLOP *** [Tc Ad Ks]
coeeeelho: bets $5.50
elcutez: folds 
Uncalled bet ($5.50) returned to coeeeelho
coeeeelho collected $22 from pot
JUANS2 joins the table at seat #5 
elcutez leaves the table
*** SUMMARY ***
Total pot $23 | Rake $1 
Board [Tc Ad Ks]
Seat 2: Balibali5
Seat 1: irenicus24 folded before Flop (didn't bet)
Seat 3: elcutez (button) folded on the Flop
Seat 4: coeeeelho (small blind) collected ($22)
Seat 6: Nicedaymybro (big blind) folded before Flop



PokerStars Hand #254583848716:  Hold'em No Limit ($0.50/$1.00 USD) - 2025/01/27 20:12:14 WET [2025/01/27 15:12:14 ET]
Table 'Niobe V' 6-max Seat #4 is the button
Seat 2: Balibali5 ($100 in chips) is sitting out
Seat 5: JUANS2 ($100 in chips) is sitting out
Seat 1: irenicus24 ($103.50 in chips) 
Seat 4: coeeeelho ($135.37 in chips) 
Seat 6: Nicedaymybro ($100 in chips) 
Nicedaymybro: posts small blind $0.50
irenicus24: posts big blind $1
Balibali5: sits out 
*** HOLE CARDS ***
coeeeelho: raises $1.20 to $2.20
Nicedaymybro: folds 
irenicus24: folds 
Uncalled bet ($1.20) returned to coeeeelho
coeeeelho collected $2.50 from pot
*** SUMMARY ***
Total pot $2.50 | Rake $0 
Seat 2: Balibali5
Seat 5: JUANS2
Seat 1: irenicus24 (big blind) folded before Flop
Seat 4: coeeeelho (button) collected ($2.50)
Seat 6: Nicedaymybro (small blind) folded before Flop



PokerStars Hand #254583855066:  Hold'em No Limit ($0.50/$1.00 USD) - 2025/01/27 20:12:34 WET [2025/01/27 15:12:34 ET]
Table 'Niobe V' 6-max Seat #6 is the button
Seat 5: JUANS2 ($100 in chips) is sitting out
Seat 1: irenicus24 ($102.50 in chips) 
Seat 2: Balibali5 ($100 in chips) 
Seat 4: coeeeelho ($136.87 in chips) 
Seat 6: Nicedaymybro ($100 in chips) 
irenicus24: posts small blind $0.50
Balibali5: posts big blind $1
BGS013 joins the table at seat #3 
JUANS2: sits out 
*** HOLE CARDS ***
coeeeelho: folds 
Nicedaymybro: folds 
irenicus24: raises $2 to $3
Balibali5: folds 
Uncalled bet ($2) returned to irenicus24
irenicus24 collected $2 from pot
irenicus24: doesn't show hand 
*** SUMMARY ***
Total pot $2 | Rake $0 
Seat 5: JUANS2
Seat 1: irenicus24 (small blind) collected ($2)
Seat 2: Balibali5 (big blind) folded before Flop
Seat 4: coeeeelho folded before Flop (didn't bet)
Seat 6: Nicedaymybro (button) folded before Flop (didn't bet)



PokerStars Hand #254583859053:  Hold'em No Limit ($0.50/$1.00 USD) - 2025/01/27 20:12:46 WET [2025/01/27 15:12:46 ET]
Table 'Niobe V' 6-max Seat #1 is the button
Seat 5: JUANS2 ($100 in chips) is sitting out
Seat 6: Nicedaymybro ($100 in chips) is sitting out
Seat 1: irenicus24 ($103.50 in chips) 
Seat 2: Balibali5 ($99 in chips) 
Seat 3: BGS013 ($100 in chips) 
Seat 4: coeeeelho ($136.87 in chips) 
Balibali5: posts small blind $0.50
BGS013: posts big blind $1
JUANS2: sits out 
*** HOLE CARDS ***
coeeeelho: folds 
irenicus24: raises $1.50 to $2.50
Balibali5: folds 
BGS013: folds 
Uncalled bet ($1.50) returned to irenicus24
irenicus24 collected $2.50 from pot
irenicus24: doesn't show hand 
*** SUMMARY ***
Total pot $2.50 | Rake $0 
Seat 5: JUANS2
Seat 6: Nicedaymybro
Seat 1: irenicus24 (button) collected ($2.50)
Seat 2: Balibali5 (small blind) folded before Flop
Seat 3: BGS013 (big blind) folded before Flop
Seat 4: coeeeelho folded before Flop (didn't bet)



PokerStars Hand #254583864042:  Hold'em No Limit ($0.50/$1.00 USD) - 2025/01/27 20:13:01 WET [2025/01/27 15:13:01 ET]
Table 'Niobe V' 6-max Seat #2 is the button
Seat 5: JUANS2 ($100 in chips) is sitting out
Seat 6: Nicedaymybro ($100 in chips) is sitting out
Seat 1: irenicus24 ($105 in chips) 
Seat 2: Balibali5 ($98.50 in chips) 
Seat 3: BGS013 ($100 in chips) 
Seat 4: coeeeelho ($136.87 in chips) 
BGS013: posts small blind $0.50
coeeeelho: posts big blind $1
JUANS2: sits out 
*** HOLE CARDS ***
irenicus24: folds 
JUANS2 leaves the table
Balibali5: folds 
BGS013: raises $2 to $3
coeeeelho: folds 
Uncalled bet ($2) returned to BGS013
BGS013 collected $2 from pot
BGS013: doesn't show hand 
Keck Rene joins the table at seat #5 
Keck Rene is disconnected 
*** SUMMARY ***
Total pot $2 | Rake $0 
Seat 5: JUANS2
Seat 6: Nicedaymybro
Seat 1: irenicus24 folded before Flop (didn't bet)
Seat 2: Balibali5 (button) folded before Flop (didn't bet)
Seat 3: BGS013 (small blind) collected ($2)
Seat 4: coeeeelho (big blind) folded before Flop



PokerStars Hand #254583868220:  Hold'em No Limit ($0.50/$1.00 USD) - 2025/01/27 20:13:13 WET [2025/01/27 15:13:13 ET]
Table 'Niobe V' 6-max Seat #3 is the button
Seat 6: Nicedaymybro ($100 in chips) is sitting out
Seat 1: irenicus24 ($105 in chips) 
Seat 2: Balibali5 ($98.50 in chips) 
Seat 3: BGS013 ($101 in chips) 
Seat 4: coeeeelho ($135.87 in chips) 
Seat 5: Keck Rene ($10 in chips) 
coeeeelho: posts small blind $0.50
Keck Rene: posts big blind $1
*** HOLE CARDS ***
irenicus24: folds 
Balibali5: raises $2 to $3
BGS013: folds 
coeeeelho: folds 
Keck Rene: folds 
Uncalled bet ($2) returned to Balibali5
Balibali5 collected $2.50 from pot
*** SUMMARY ***
Total pot $2.50 | Rake $0 
Seat 6: Nicedaymybro
Seat 1: irenicus24 folded before Flop (didn't bet)
Seat 2: Balibali5 collected ($2.50)
Seat 3: BGS013 (button) folded before Flop (didn't bet)
Seat 4: coeeeelho (small blind) folded before Flop
Seat 5: Keck Rene (big blind) folded before Flop



PokerStars Hand #254583874336:  Hold'em No Limit ($0.50/$1.00 USD) - 2025/01/27 20:13:32 WET [2025/01/27 15:13:32 ET]
Table 'Niobe V' 6-max Seat #4 is the button
Seat 6: Nicedaymybro ($100 in chips) is sitting out
Seat 1: irenicus24 ($105 in chips) 
Seat 2: Balibali5 ($100 in chips) 
Seat 3: BGS013 ($101 in chips) 
Seat 4: coeeeelho ($135.37 in chips) 
Seat 5: Keck Rene ($9 in chips) 
Keck Rene: posts small blind $0.50
irenicus24: posts big blind $1
*** HOLE CARDS ***
Balibali5: folds 
BGS013: folds 
coeeeelho: folds 
Keck Rene: calls $0.50
irenicus24: raises $104 to $105 and is all-in
Keck Rene: folds 
Uncalled bet ($104) returned to irenicus24
irenicus24 collected $2 from pot
irenicus24: doesn't show hand 
*** SUMMARY ***
Total pot $2 | Rake $0 
Seat 6: Nicedaymybro
Seat 1: irenicus24 (big blind) collected ($2)
Seat 2: Balibali5 folded before Flop (didn't bet)
Seat 3: BGS013 folded before Flop (didn't bet)
Seat 4: coeeeelho (button) folded before Flop (didn't bet)
Seat 5: Keck Rene (small blind) folded before Flop



PokerStars Hand #254583882127:  Hold'em No Limit ($0.50/$1.00 USD) - 2025/01/27 20:13:55 WET [2025/01/27 15:13:55 ET]
Table 'Niobe V' 6-max Seat #5 is the button
Seat 6: Nicedaymybro ($100 in chips) is sitting out
Seat 1: irenicus24 ($106 in chips) 
Seat 2: Balibali5 ($100 in chips) 
Seat 3: BGS013 ($101 in chips) 
Seat 4: coeeeelho ($135.37 in chips) 
Seat 5: Keck Rene ($8 in chips) 
irenicus24: posts small blind $0.50
Balibali5: posts big blind $1
*** HOLE CARDS ***
BGS013: raises $1 to $2
coeeeelho: folds 
Keck Rene: raises $6 to $8 and is all-in
irenicus24: folds 
Balibali5: folds 
BGS013: folds 
Uncalled bet ($6) returned to Keck Rene
Keck Rene collected $5.50 from pot
*** SUMMARY ***
Total pot $5.50 | Rake $0 
Seat 6: Nicedaymybro
Seat 1: irenicus24 (small blind) folded before Flop
Seat 2: Balibali5 (big blind) folded before Flop
Seat 3: BGS013 folded before Flop
Seat 4: coeeeelho folded before Flop (didn't bet)
Seat 5: Keck Rene (button) collected ($5.50)



PokerStars Hand #254583888803:  Hold'em No Limit ($0.50/$1.00 USD) - 2025/01/27 20:14:15 WET [2025/01/27 15:14:15 ET]
Table 'Niobe V' 6-max Seat #1 is the button
Seat 6: Nicedaymybro ($100 in chips) is sitting out
Seat 1: irenicus24 ($105.50 in chips) 
Seat 2: Balibali5 ($99 in chips) 
Seat 3: BGS013 ($100 in chips) 
Seat 4: coeeeelho ($135.37 in chips) 
Seat 5: Keck Rene ($11.50 in chips) 
Balibali5: posts small blind $0.50
BGS013: posts big blind $1
*** HOLE CARDS ***
coeeeelho: folds 
coeeeelho leaves the table
Keck Rene: folds 
irenicus24: folds 
Balibali5: folds 
Uncalled bet ($0.50) returned to BGS013
BGS013 collected $1 from pot
BGS013: doesn't show hand 
*** SUMMARY ***
Total pot $1 | Rake $0 
Seat 6: Nicedaymybro
Seat 1: irenicus24 (button) folded before Flop (didn't bet)
Seat 2: Balibali5 (small blind) folded before Flop
Seat 3: BGS013 (big blind) collected ($1)
Seat 4: coeeeelho folded before Flop (didn't bet)
Seat 5: Keck Rene folded before Flop (didn't bet)



PokerStars Hand #254583895584:  Hold'em No Limit ($0.50/$1.00 USD) - 2025/01/27 20:14:35 WET [2025/01/27 15:14:35 ET]
Table 'Niobe V' 6-max Seat #2 is the button
Seat 6: Nicedaymybro ($100 in chips) is sitting out
Seat 1: irenicus24 ($105.50 in chips) 
Seat 2: Balibali5 ($98.50 in chips) 
Seat 3: BGS013 ($100.50 in chips) 
Seat 5: Keck Rene ($11.50 in chips) 
BGS013: posts small blind $0.50
Keck Rene: posts big blind $1
*** HOLE CARDS ***
irenicus24: folds 
Balibali5: folds 
BGS013: folds 
Uncalled bet ($0.50) returned to Keck Rene
Keck Rene collected $1 from pot
*** SUMMARY ***
Total pot $1 | Rake $0 
Seat 6: Nicedaymybro
Seat 1: irenicus24 folded before Flop (didn't bet)
Seat 2: Balibali5 (button) folded before Flop (didn't bet)
Seat 3: BGS013 (small blind) folded before Flop
Seat 5: Keck Rene (big blind) collected ($1)



PokerStars Hand #254583898675:  Hold'em No Limit ($0.50/$1.00 USD) - 2025/01/27 20:14:44 WET [2025/01/27 15:14:44 ET]
Table 'Niobe V' 6-max Seat #3 is the button
Seat 1: irenicus24 ($105.50 in chips) 
Seat 2: Balibali5 ($98.50 in chips) 
Seat 3: BGS013 ($100 in chips) 
Seat 5: Keck Rene ($12 in chips) 
Seat 6: Nicedaymybro ($100 in chips) 
Keck Rene: posts small blind $0.50
Nicedaymybro: posts big blind $1
*** HOLE CARDS ***
JUANS2 joins the table at seat #4 
irenicus24: folds 
Balibali5: folds 
BGS013: folds 
Keck Rene: calls $0.50
Nicedaymybro: checks 
*** FLOP *** [8s 2c Qh]
Keck Rene: bets $1
Nicedaymybro: calls $1
*** TURN *** [8s 2c Qh] [5c]
Keck Rene: bets $3.80
Nicedaymybro: folds 
Uncalled bet ($3.80) returned to Keck Rene
Keck Rene collected $3.80 from pot
*** SUMMARY ***
Total pot $4 | Rake $0.20 
Board [8s 2c Qh 5c]
Seat 1: irenicus24 folded before Flop (didn't bet)
Seat 2: Balibali5 folded before Flop (didn't bet)
Seat 3: BGS013 (button) folded before Flop (didn't bet)
Seat 5: Keck Rene (small blind) collected ($3.80)
Seat 6: Nicedaymybro (big blind) folded on the Turn



PokerStars Hand #254583910993:  Hold'em No Limit ($0.50/$1.00 USD) - 2025/01/27 20:15:21 WET [2025/01/27 15:15:21 ET]
Table 'Niobe V' 6-max Seat #5 is the button
Seat 1: irenicus24 ($105.50 in chips) is sitting out
Seat 4: JUANS2 ($100 in chips) is sitting out
Seat 2: Balibali5 ($98.50 in chips) 
Seat 3: BGS013 ($100 in chips) 
Seat 5: Keck Rene ($13.80 in chips) 
Seat 6: Nicedaymybro ($100 in chips) 
Nicedaymybro: posts small blind $0.50
irenicus24: is sitting out 
Balibali5: posts big blind $1
JUANS2: sits out 
*** HOLE CARDS ***
BGS013: folds 
Keck Rene: folds 
Nicedaymybro: raises $2 to $3
Balibali5: folds 
Uncalled bet ($2) returned to Nicedaymybro
Nicedaymybro collected $2 from pot
Nicedaymybro: doesn't show hand 
*** SUMMARY ***
Total pot $2 | Rake $0 
Seat 1: irenicus24
Seat 4: JUANS2
Seat 2: Balibali5 (big blind) folded before Flop
Seat 3: BGS013 folded before Flop (didn't bet)
Seat 5: Keck Rene (button) folded before Flop (didn't bet)
Seat 6: Nicedaymybro (small blind) collected ($2)



PokerStars Hand #254583916027:  Hold'em No Limit ($0.50/$1.00 USD) - 2025/01/27 20:15:35 WET [2025/01/27 15:15:35 ET]
Table 'Niobe V' 6-max Seat #6 is the button
Seat 1: irenicus24 ($105.50 in chips) is sitting out
Seat 4: JUANS2 ($100 in chips) is sitting out
Seat 2: Balibali5 ($97.50 in chips) 
Seat 3: BGS013 ($100 in chips) 
Seat 5: Keck Rene ($13.80 in chips) 
Seat 6: Nicedaymybro ($101 in chips) 
Balibali5: posts small blind $0.50
BGS013: posts big blind $1
JUANS2: sits out 
*** HOLE CARDS ***
Keck Rene: calls $1
Nicedaymybro: folds 
Balibali5: raises $5 to $6
BGS013: folds 
Keck Rene: calls $5
*** FLOP *** [Js 7s 3c]
Balibali5: bets $12.35
Keck Rene: calls $7.80 and is all-in
Uncalled bet ($4.55) returned to Balibali5
irenicus24 leaves the table
*** TURN *** [Js 7s 3c] [8c]
*** RIVER *** [Js 7s 3c 8c] [Td]
*** SHOW DOWN ***
Balibali5: shows [Kh Ac] (high card Ace)
Keck Rene: shows [As 8s] (a pair of Eights)
Keck Rene cashed out the hand for $12.99 | Cash Out Fee $0.26
*** SUMMARY ***
Total pot $28.60 | Rake $1 
Board [Js 7s 3c 8c Td]
Seat 1: irenicus24
Seat 4: JUANS2
Seat 2: Balibali5 (small blind) showed [Kh Ac] and lost with high card Ace
Seat 3: BGS013 (big blind) folded before Flop
Seat 5: Keck Rene showed [As 8s] and won ($27.60) with a pair of Eights (pot not awarded as player cashed out)
Seat 6: Nicedaymybro (button) folded before Flop (didn't bet)



PokerStars Hand #254583930351:  Hold'em No Limit ($0.50/$1.00 USD) - 2025/01/27 20:16:18 WET [2025/01/27 15:16:18 ET]
Table 'Niobe V' 6-max Seat #2 is the button
Seat 2: Balibali5 ($83.70 in chips) 
Seat 3: BGS013 ($100 in chips) 
Seat 4: JUANS2 ($100 in chips) 
Seat 5: Keck Rene ($12.99 in chips) 
Seat 6: Nicedaymybro ($101 in chips) 
BGS013: posts small blind $0.50
JUANS2: posts big blind $1
*** HOLE CARDS ***
Keck Rene: raises $1 to $2
Nicedaymybro: folds 
Balibali5: folds 
BGS013: folds 
JUANS2: folds 
Uncalled bet ($1) returned to Keck Rene
Keck Rene collected $2.50 from pot
*** SUMMARY ***
Total pot $2.50 | Rake $0 
Seat 2: Balibali5 (button) folded before Flop (didn't bet)
Seat 3: BGS013 (small blind) folded before Flop
Seat 4: JUANS2 (big blind) folded before Flop
Seat 5: Keck Rene collected ($2.50)
Seat 6: Nicedaymybro folded before Flop (didn't bet)



PokerStars Hand #254583935310:  Hold'em No Limit ($0.50/$1.00 USD) - 2025/01/27 20:16:33 WET [2025/01/27 15:16:33 ET]
Table 'Niobe V' 6-max Seat #3 is the button
Seat 2: Balibali5 ($83.70 in chips) 
Seat 3: BGS013 ($100 in chips) 
Seat 4: JUANS2 ($100 in chips) 
Seat 5: Keck Rene ($14.49 in chips) 
Seat 6: Nicedaymybro ($101 in chips) 
JUANS2: posts small blind $0.50
Keck Rene: posts big blind $1
*** HOLE CARDS ***
Nicedaymybro: folds 
Balibali5: folds 
Conor1109 joins the table at seat #1 
BGS013: raises $1.50 to $2.50
JUANS2: folds 
Keck Rene: raises $2.50 to $5
BGS013: raises $6 to $11
Keck Rene: raises $3.49 to $14.49 and is all-in
BGS013: calls $3.49
*** FLOP *** [4d Ac 7s]
*** TURN *** [4d Ac 7s] [4s]
*** RIVER *** [4d Ac 7s 4s] [Qc]
*** SHOW DOWN ***
Keck Rene: shows [Kh Kc] (two pair, Kings and Fours)
BGS013: shows [As Ts] (two pair, Aces and Fours)
BGS013 collected $28.01 from pot
*** SUMMARY ***
Total pot $29.48 | Rake $1.47 
Board [4d Ac 7s 4s Qc]
Seat 2: Balibali5 folded before Flop (didn't bet)
Seat 3: BGS013 (button) showed [As Ts] and won ($28.01) with two pair, Aces and Fours
Seat 4: JUANS2 (small blind) folded before Flop
Seat 5: Keck Rene (big blind) showed [Kh Kc] and lost with two pair, Kings and Fours
Seat 6: Nicedaymybro folded before Flop (didn't bet)



PokerStars Hand #254583945356:  Hold'em No Limit ($0.50/$1.00 USD) - 2025/01/27 20:17:03 WET [2025/01/27 15:17:03 ET]
Table 'Niobe V' 6-max Seat #4 is the button
Seat 5: Keck Rene ($0 in chips) is sitting out
Seat 1: Conor1109 ($57.44 in chips) 
Seat 2: Balibali5 ($83.70 in chips) 
Seat 3: BGS013 ($113.52 in chips) 
Seat 4: JUANS2 ($100 in chips) 
Seat 6: Nicedaymybro ($101 in chips) 
Nicedaymybro: posts small blind $0.50
Conor1109: posts big blind $1
*** HOLE CARDS ***
Balibali5: folds 
Keck Rene leaves the table
BGS013: folds 
JUANS2: raises $1.50 to $2.50
michasia joins the table at seat #5 
Nicedaymybro: raises $8.50 to $11
Conor1109: folds 
JUANS2: calls $8.50
*** FLOP *** [5s 3s 2c]
Nicedaymybro: bets $16.43
JUANS2: calls $16.43
*** TURN *** [5s 3s 2c] [Js]
Nicedaymybro: bets $17.62
JUANS2: folds 
Uncalled bet ($17.62) returned to Nicedaymybro
Nicedaymybro collected $53.36 from pot
Nicedaymybro: doesn't show hand 
*** SUMMARY ***
Total pot $55.86 | Rake $2.50 
Board [5s 3s 2c Js]
Seat 5: Keck Rene
Seat 1: Conor1109 (big blind) folded before Flop
Seat 2: Balibali5 folded before Flop (didn't bet)
Seat 3: BGS013 folded before Flop (didn't bet)
Seat 4: JUANS2 (button) folded on the Turn
Seat 6: Nicedaymybro (small blind) collected ($53.36)



PokerStars Hand #254583967246:  Hold'em No Limit ($0.50/$1.00 USD) - 2025/01/27 20:18:08 WET [2025/01/27 15:18:08 ET]
Table 'Niobe V' 6-max Seat #6 is the button
Seat 5: michasia ($100 in chips) is sitting out
Seat 1: Conor1109 ($56.44 in chips) 
Seat 2: Balibali5 ($83.70 in chips) 
Seat 3: BGS013 ($113.52 in chips) 
Seat 4: JUANS2 ($100 in chips) 
Seat 6: Nicedaymybro ($126.93 in chips) 
Conor1109: posts small blind $0.50
Balibali5: posts big blind $1
michasia: sits out 
*** HOLE CARDS ***
BGS013: raises $1 to $2
JUANS2: folds 
Nicedaymybro: raises $5 to $7
Conor1109: folds 
Balibali5: folds 
BGS013: folds 
Uncalled bet ($5) returned to Nicedaymybro
Nicedaymybro collected $5.50 from pot
Nicedaymybro: doesn't show hand 
*** SUMMARY ***
Total pot $5.50 | Rake $0 
Seat 5: michasia
Seat 1: Conor1109 (small blind) folded before Flop
Seat 2: Balibali5 (big blind) folded before Flop
Seat 3: BGS013 folded before Flop
Seat 4: JUANS2 folded before Flop (didn't bet)
Seat 6: Nicedaymybro (button) collected ($5.50)



PokerStars Hand #254583972697:  Hold'em No Limit ($0.50/$1.00 USD) - 2025/01/27 20:18:24 WET [2025/01/27 15:18:24 ET]
Table 'Niobe V' 6-max Seat #1 is the button
Seat 5: michasia ($100 in chips) is sitting out
Seat 1: Conor1109 ($55.94 in chips) 
Seat 2: Balibali5 ($82.70 in chips) 
Seat 3: BGS013 ($111.52 in chips) 
Seat 4: JUANS2 ($100 in chips) 
Seat 6: Nicedaymybro ($130.43 in chips) 
Balibali5: posts small blind $0.50
BGS013: posts big blind $1
michasia: sits out 
*** HOLE CARDS ***
JUANS2: folds 
Nicedaymybro: folds 
Conor1109: folds 
Balibali5: folds 
Uncalled bet ($0.50) returned to BGS013
BGS013 collected $1 from pot
BGS013: doesn't show hand 
*** SUMMARY ***
Total pot $1 | Rake $0 
Seat 5: michasia
Seat 1: Conor1109 (button) folded before Flop (didn't bet)
Seat 2: Balibali5 (small blind) folded before Flop
Seat 3: BGS013 (big blind) collected ($1)
Seat 4: JUANS2 folded before Flop (didn't bet)
Seat 6: Nicedaymybro folded before Flop (didn't bet)



PokerStars Hand #254583975541:  Hold'em No Limit ($0.50/$1.00 USD) - 2025/01/27 20:18:33 WET [2025/01/27 15:18:33 ET]
Table 'Niobe V' 6-max Seat #2 is the button
Seat 5: michasia ($100 in chips) is sitting out
Seat 1: Conor1109 ($55.94 in chips) 
Seat 2: Balibali5 ($82.20 in chips) 
Seat 3: BGS013 ($112.02 in chips) 
Seat 4: JUANS2 ($100 in chips) 
Seat 6: Nicedaymybro ($130.43 in chips) 
BGS013: posts small blind $0.50
JUANS2: posts big blind $1
michasia: sits out 
*** HOLE CARDS ***
Nicedaymybro: raises $1.50 to $2.50
Conor1109: folds 
Balibali5: folds 
BGS013: folds 
JUANS2: folds 
Uncalled bet ($1.50) returned to Nicedaymybro
Nicedaymybro collected $2.50 from pot
Nicedaymybro: doesn't show hand 
*** SUMMARY ***
Total pot $2.50 | Rake $0 
Seat 5: michasia
Seat 1: Conor1109 folded before Flop (didn't bet)
Seat 2: Balibali5 (button) folded before Flop (didn't bet)
Seat 3: BGS013 (small blind) folded before Flop
Seat 4: JUANS2 (big blind) folded before Flop
Seat 6: Nicedaymybro collected ($2.50)



PokerStars Hand #254583981391:  Hold'em No Limit ($0.50/$1.00 USD) - 2025/01/27 20:18:50 WET [2025/01/27 15:18:50 ET]
Table 'Niobe V' 6-max Seat #3 is the button
Seat 1: Conor1109 ($55.94 in chips) 
Seat 2: Balibali5 ($82.20 in chips) 
Seat 3: BGS013 ($111.52 in chips) 
Seat 4: JUANS2 ($100 in chips) 
Seat 5: michasia ($100 in chips) 
Seat 6: Nicedaymybro ($131.93 in chips) 
JUANS2: posts small blind $0.50
michasia: posts big blind $1
*** HOLE CARDS ***
Nicedaymybro: folds 
Conor1109: folds 
Balibali5: folds 
BGS013: raises $1.50 to $2.50
JUANS2: folds 
michasia: raises $9.50 to $12
BGS013: folds 
Uncalled bet ($9.50) returned to michasia
michasia collected $5.50 from pot
michasia: doesn't show hand 
*** SUMMARY ***
Total pot $5.50 | Rake $0 
Seat 1: Conor1109 folded before Flop (didn't bet)
Seat 2: Balibali5 folded before Flop (didn't bet)
Seat 3: BGS013 (button) folded before Flop
Seat 4: JUANS2 (small blind) folded before Flop
Seat 5: michasia (big blind) collected ($5.50)
Seat 6: Nicedaymybro folded before Flop (didn't bet)



PokerStars Hand #254583989887:  Hold'em No Limit ($0.50/$1.00 USD) - 2025/01/27 20:19:16 WET [2025/01/27 15:19:16 ET]
Table 'Niobe V' 6-max Seat #4 is the button
Seat 1: Conor1109 ($55.94 in chips) 
Seat 2: Balibali5 ($82.20 in chips) 
Seat 3: BGS013 ($109.02 in chips) 
Seat 4: JUANS2 ($100 in chips) 
Seat 5: michasia ($103 in chips) 
Seat 6: Nicedaymybro ($131.93 in chips) 
michasia: posts small blind $0.50
Nicedaymybro: posts big blind $1
*** HOLE CARDS ***
Conor1109: calls $1
Balibali5: folds 
BGS013: folds 
JUANS2: raises $4 to $5
michasia: folds 
Nicedaymybro: folds 
Conor1109: folds 
Uncalled bet ($4) returned to JUANS2
JUANS2 collected $3.50 from pot
JUANS2: doesn't show hand 
*** SUMMARY ***
Total pot $3.50 | Rake $0 
Seat 1: Conor1109 folded before Flop
Seat 2: Balibali5 folded before Flop (didn't bet)
Seat 3: BGS013 folded before Flop (didn't bet)
Seat 4: JUANS2 (button) collected ($3.50)
Seat 5: michasia (small blind) folded before Flop
Seat 6: Nicedaymybro (big blind) folded before Flop



PokerStars Hand #254583996511:  Hold'em No Limit ($0.50/$1.00 USD) - 2025/01/27 20:19:36 WET [2025/01/27 15:19:36 ET]
Table 'Niobe V' 6-max Seat #5 is the button
Seat 1: Conor1109 ($54.94 in chips) 
Seat 2: Balibali5 ($82.20 in chips) 
Seat 3: BGS013 ($109.02 in chips) 
Seat 4: JUANS2 ($102.50 in chips) 
Seat 5: michasia ($102.50 in chips) 
Seat 6: Nicedaymybro ($130.93 in chips) 
Nicedaymybro: posts small blind $0.50
Conor1109: posts big blind $1
*** HOLE CARDS ***
Balibali5: folds 
BGS013: folds 
JUANS2: folds 
michasia: folds 
Balibali5 leaves the table
Nicedaymybro: raises $2 to $3
Conor1109: calls $2
*** FLOP *** [6s 8c 3h]
Nicedaymybro: checks 
BoyLoc0 joins the table at seat #2 
Conor1109: checks 
*** TURN *** [6s 8c 3h] [Jd]
Nicedaymybro: checks 
Conor1109: checks 
*** RIVER *** [6s 8c 3h Jd] [Jc]
Nicedaymybro: bets $4.28
Conor1109: folds 
Uncalled bet ($4.28) returned to Nicedaymybro
Nicedaymybro collected $5.70 from pot
Nicedaymybro: doesn't show hand 
*** SUMMARY ***
Total pot $6 | Rake $0.30 
Board [6s 8c 3h Jd Jc]
Seat 1: Conor1109 (big blind) folded on the River
Seat 2: Balibali5 folded before Flop (didn't bet)
Seat 3: BGS013 folded before Flop (didn't bet)
Seat 4: JUANS2 folded before Flop (didn't bet)
Seat 5: michasia (button) folded before Flop (didn't bet)
Seat 6: Nicedaymybro (small blind) collected ($5.70)



PokerStars Hand #254584006848:  Hold'em No Limit ($0.50/$1.00 USD) - 2025/01/27 20:20:07 WET [2025/01/27 15:20:07 ET]
Table 'Niobe V' 6-max Seat #6 is the button
Seat 1: Conor1109 ($51.94 in chips) 
Seat 2: BoyLoc0 ($100 in chips) 
Seat 3: BGS013 ($109.02 in chips) 
Seat 4: JUANS2 ($102.50 in chips) 
Seat 5: michasia ($102.50 in chips) 
Seat 6: Nicedaymybro ($133.63 in chips) 
Conor1109: posts small blind $0.50
BoyLoc0: posts big blind $1
*** HOLE CARDS ***
BGS013: folds 
JUANS2: raises $1.20 to $2.20
michasia: folds 
Nicedaymybro: calls $2.20
Conor1109: folds 
michasia leaves the table
BoyLoc0: folds 
*** FLOP *** [7d Qd 2h]
JUANS2: bets $1.85
Nicedaymybro: calls $1.85
*** TURN *** [7d Qd 2h] [Td]
JUANS2: checks 
Nicedaymybro: checks 
*** RIVER *** [7d Qd 2h Td] [7s]
JUANS2: bets $6.84
Nicedaymybro: raises $15.07 to $21.91
JUANS2: folds 
Uncalled bet ($15.07) returned to Nicedaymybro
Nicedaymybro collected $22.12 from pot
Nicedaymybro: doesn't show hand 
*** SUMMARY ***
Total pot $23.28 | Rake $1.16 
Board [7d Qd 2h Td 7s]
Seat 1: Conor1109 (small blind) folded before Flop
Seat 2: BoyLoc0 (big blind) folded before Flop
Seat 3: BGS013 folded before Flop (didn't bet)
Seat 4: JUANS2 folded on the River
Seat 5: michasia folded before Flop (didn't bet)
Seat 6: Nicedaymybro (button) collected ($22.12)



PokerStars Hand #254584031259:  Hold'em No Limit ($0.50/$1.00 USD) - 2025/01/27 20:21:21 WET [2025/01/27 15:21:21 ET]
Table 'Niobe V' 6-max Seat #1 is the button
Seat 1: Conor1109 ($51.44 in chips) 
Seat 2: BoyLoc0 ($100 in chips) 
Seat 3: BGS013 ($109.02 in chips) 
Seat 4: JUANS2 ($100 in chips) 
Seat 6: Nicedaymybro ($144.86 in chips) 
BoyLoc0: posts small blind $0.50
BGS013: posts big blind $1
*** HOLE CARDS ***
JUANS2: raises $1.20 to $2.20
Nicedaymybro: folds 
Conor1109: folds 
coeeeelho joins the table at seat #5 
BoyLoc0: folds 
BGS013: folds 
Uncalled bet ($1.20) returned to JUANS2
JUANS2 collected $2.50 from pot
JUANS2: doesn't show hand 
*** SUMMARY ***
Total pot $2.50 | Rake $0 
Seat 1: Conor1109 (button) folded before Flop (didn't bet)
Seat 2: BoyLoc0 (small blind) folded before Flop
Seat 3: BGS013 (big blind) folded before Flop
Seat 4: JUANS2 collected ($2.50)
Seat 6: Nicedaymybro folded before Flop (didn't bet)



PokerStars Hand #254584039175:  Hold'em No Limit ($0.50/$1.00 USD) - 2025/01/27 20:21:44 WET [2025/01/27 15:21:44 ET]
Table 'Niobe V' 6-max Seat #2 is the button
Seat 5: coeeeelho ($135.37 in chips) is sitting out
Seat 1: Conor1109 ($51.44 in chips) 
Seat 2: BoyLoc0 ($100 in chips) 
Seat 3: BGS013 ($108.02 in chips) 
Seat 4: JUANS2 ($101.50 in chips) 
Seat 6: Nicedaymybro ($144.86 in chips) 
BGS013: posts small blind $0.50
JUANS2: posts big blind $1
coeeeelho: sits out 
*** HOLE CARDS ***
Nicedaymybro: folds 
Conor1109: calls $1
BoyLoc0: folds 
BGS013: folds 
JUANS2: checks 
*** FLOP *** [8c Jd Th]
JUANS2: checks 
Conor1109: checks 
*** TURN *** [8c Jd Th] [2d]
JUANS2: bets $2
Conor1109: calls $2
*** RIVER *** [8c Jd Th 2d] [Kc]
JUANS2: bets $5.50
Conor1109: calls $5.50
*** SHOW DOWN ***
JUANS2: shows [5s 9d] (high card King)
Conor1109: shows [7d Kd] (a pair of Kings)
Conor1109 collected $16.62 from pot
*** SUMMARY ***
Total pot $17.50 | Rake $0.88 
Board [8c Jd Th 2d Kc]
Seat 5: coeeeelho
Seat 1: Conor1109 showed [7d Kd] and won ($16.62) with a pair of Kings
Seat 2: BoyLoc0 (button) folded before Flop (didn't bet)
Seat 3: BGS013 (small blind) folded before Flop
Seat 4: JUANS2 (big blind) showed [5s 9d] and lost with high card King
Seat 6: Nicedaymybro folded before Flop (didn't bet)



PokerStars Hand #254584051815:  Hold'em No Limit ($0.50/$1.00 USD) - 2025/01/27 20:22:22 WET [2025/01/27 15:22:22 ET]
Table 'Niobe V' 6-max Seat #3 is the button
Seat 1: Conor1109 ($59.56 in chips) 
Seat 2: BoyLoc0 ($100 in chips) 
Seat 3: BGS013 ($107.52 in chips) 
Seat 4: JUANS2 ($100 in chips) 
Seat 5: coeeeelho ($135.37 in chips) 
Seat 6: Nicedaymybro ($144.86 in chips) 
JUANS2: posts small blind $0.50
coeeeelho: posts big blind $1
*** HOLE CARDS ***
Nicedaymybro: folds 
Conor1109: folds 
BoyLoc0: raises $1.50 to $2.50
BGS013: raises $5.50 to $8
JUANS2: folds 
coeeeelho: folds 
BoyLoc0: calls $5.50
*** FLOP *** [4c 9d 6c]
BoyLoc0: checks 
BGS013: bets $9.14
BoyLoc0: folds 
Uncalled bet ($9.14) returned to BGS013
BGS013 collected $16.62 from pot
BGS013: doesn't show hand 
*** SUMMARY ***
Total pot $17.50 | Rake $0.88 
Board [4c 9d 6c]
Seat 1: Conor1109 folded before Flop (didn't bet)
Seat 2: BoyLoc0 folded on the Flop
Seat 3: BGS013 (button) collected ($16.62)
Seat 4: JUANS2 (small blind) folded before Flop
Seat 5: coeeeelho (big blind) folded before Flop
Seat 6: Nicedaymybro folded before Flop (didn't bet)



PokerStars Hand #254584066215:  Hold'em No Limit ($0.50/$1.00 USD) - 2025/01/27 20:23:06 WET [2025/01/27 15:23:06 ET]
Table 'Niobe V' 6-max Seat #4 is the button
Seat 1: Conor1109 ($59.56 in chips) 
Seat 2: BoyLoc0 ($100 in chips) 
Seat 3: BGS013 ($116.14 in chips) 
Seat 4: JUANS2 ($100 in chips) 
Seat 5: coeeeelho ($134.37 in chips) 
Seat 6: Nicedaymybro ($144.86 in chips) 
coeeeelho: posts small blind $0.50
Nicedaymybro: posts big blind $1
*** HOLE CARDS ***
Conor1109: folds 
BoyLoc0: folds 
BGS013: folds 
JUANS2: folds 
coeeeelho: folds 
Uncalled bet ($0.50) returned to Nicedaymybro
Nicedaymybro collected $1 from pot
Nicedaymybro: doesn't show hand 
*** SUMMARY ***
Total pot $1 | Rake $0 
Seat 1: Conor1109 folded before Flop (didn't bet)
Seat 2: BoyLoc0 folded before Flop (didn't bet)
Seat 3: BGS013 folded before Flop (didn't bet)
Seat 4: JUANS2 (button) folded before Flop (didn't bet)
Seat 5: coeeeelho (small blind) folded before Flop
Seat 6: Nicedaymybro (big blind) collected ($1)



PokerStars Hand #254584073263:  Hold'em No Limit ($0.50/$1.00 USD) - 2025/01/27 20:23:27 WET [2025/01/27 15:23:27 ET]
Table 'Niobe V' 6-max Seat #5 is the button
Seat 1: Conor1109 ($59.56 in chips) 
Seat 2: BoyLoc0 ($100 in chips) 
Seat 3: BGS013 ($116.14 in chips) 
Seat 4: JUANS2 ($100 in chips) 
Seat 5: coeeeelho ($133.87 in chips) 
Seat 6: Nicedaymybro ($145.36 in chips) 
Nicedaymybro: posts small blind $0.50
Conor1109: posts big blind $1
*** HOLE CARDS ***
BoyLoc0: folds 
BGS013: folds 
JUANS2: folds 
coeeeelho: folds 
Nicedaymybro: raises $2 to $3
Conor1109: calls $2
*** FLOP *** [5h Ts 2d]
Nicedaymybro: checks 
Conor1109: checks 
*** TURN *** [5h Ts 2d] [5d]
Nicedaymybro: checks 
Conor1109: bets $5.70
Nicedaymybro: calls $5.70
*** RIVER *** [5h Ts 2d 5d] [7h]
Nicedaymybro: checks 
Conor1109: checks 
*** SHOW DOWN ***
Nicedaymybro: shows [Ad Ac] (two pair, Aces and Fives)
Conor1109: mucks hand 
Nicedaymybro collected $16.53 from pot
*** SUMMARY ***
Total pot $17.40 | Rake $0.87 
Board [5h Ts 2d 5d 7h]
Seat 1: Conor1109 (big blind) mucked
Seat 2: BoyLoc0 folded before Flop (didn't bet)
Seat 3: BGS013 folded before Flop (didn't bet)
Seat 4: JUANS2 folded before Flop (didn't bet)
Seat 5: coeeeelho (button) folded before Flop (didn't bet)
Seat 6: Nicedaymybro (small blind) showed [Ad Ac] and won ($16.53) with two pair, Aces and Fives



PokerStars Hand #254584093065:  Hold'em No Limit ($0.50/$1.00 USD) - 2025/01/27 20:24:27 WET [2025/01/27 15:24:27 ET]
Table 'Niobe V' 6-max Seat #6 is the button
Seat 1: Conor1109 ($50.86 in chips) 
Seat 2: BoyLoc0 ($100 in chips) 
Seat 3: BGS013 ($116.14 in chips) 
Seat 4: JUANS2 ($100 in chips) 
Seat 5: coeeeelho ($133.87 in chips) 
Seat 6: Nicedaymybro ($153.19 in chips) 
Conor1109: posts small blind $0.50
BoyLoc0: posts big blind $1
*** HOLE CARDS ***
BGS013: folds 
JUANS2: folds 
coeeeelho: raises $1.20 to $2.20
Nicedaymybro: folds 
Conor1109: folds 
BoyLoc0: calls $1.20
*** FLOP *** [2d As Ts]
BoyLoc0: checks 
coeeeelho: checks 
*** TURN *** [2d As Ts] [Kd]
BoyLoc0: bets $3.50
coeeeelho: calls $3.50
*** RIVER *** [2d As Ts Kd] [9d]
BoyLoc0: checks 
coeeeelho: checks 
*** SHOW DOWN ***
BoyLoc0: shows [Jc Ad] (a pair of Aces)
coeeeelho: mucks hand 
BoyLoc0 collected $11.30 from pot
*** SUMMARY ***
Total pot $11.90 | Rake $0.60 
Board [2d As Ts Kd 9d]
Seat 1: Conor1109 (small blind) folded before Flop
Seat 2: BoyLoc0 (big blind) showed [Jc Ad] and won ($11.30) with a pair of Aces
Seat 3: BGS013 folded before Flop (didn't bet)
Seat 4: JUANS2 folded before Flop (didn't bet)
Seat 5: coeeeelho mucked
Seat 6: Nicedaymybro (button) folded before Flop (didn't bet)



PokerStars Hand #254584116961:  Hold'em No Limit ($0.50/$1.00 USD) - 2025/01/27 20:25:38 WET [2025/01/27 15:25:38 ET]
Table 'Niobe V' 6-max Seat #1 is the button
Seat 1: Conor1109 ($50.36 in chips) 
Seat 2: BoyLoc0 ($105.60 in chips) 
Seat 3: BGS013 ($116.14 in chips) 
Seat 4: JUANS2 ($100 in chips) 
Seat 5: coeeeelho ($128.17 in chips) 
Seat 6: Nicedaymybro ($153.19 in chips) 
BoyLoc0: posts small blind $0.50
BGS013: posts big blind $1
*** HOLE CARDS ***
JUANS2: raises $1.20 to $2.20
coeeeelho: folds 
Nicedaymybro: folds 
Conor1109: calls $2.20
BoyLoc0: folds 
BGS013: calls $1.20
*** FLOP *** [9c Js Qs]
BGS013: checks 
JUANS2: checks 
Conor1109: checks 
*** TURN *** [9c Js Qs] [8h]
BGS013: checks 
JUANS2: checks 
Conor1109: checks 
*** RIVER *** [9c Js Qs 8h] [8c]
BGS013: checks 
JUANS2: checks 
Conor1109: checks 
*** SHOW DOWN ***
BGS013: shows [9d Jd] (two pair, Jacks and Nines)
JUANS2: mucks hand 
Conor1109: mucks hand 
BGS013 collected $6.74 from pot
*** SUMMARY ***
Total pot $7.10 | Rake $0.36 
Board [9c Js Qs 8h 8c]
Seat 1: Conor1109 (button) mucked
Seat 2: BoyLoc0 (small blind) folded before Flop
Seat 3: BGS013 (big blind) showed [9d Jd] and won ($6.74) with two pair, Jacks and Nines
Seat 4: JUANS2 mucked
Seat 5: coeeeelho folded before Flop (didn't bet)
Seat 6: Nicedaymybro folded before Flop (didn't bet)



PokerStars Hand #254584131676:  Hold'em No Limit ($0.50/$1.00 USD) - 2025/01/27 20:26:22 WET [2025/01/27 15:26:22 ET]
Table 'Niobe V' 6-max Seat #2 is the button
Seat 1: Conor1109 ($48.16 in chips) 
Seat 2: BoyLoc0 ($105.10 in chips) 
Seat 3: BGS013 ($120.68 in chips) 
Seat 4: JUANS2 ($100 in chips) 
Seat 5: coeeeelho ($128.17 in chips) 
Seat 6: Nicedaymybro ($153.19 in chips) 
BGS013: posts small blind $0.50
JUANS2: posts big blind $1
*** HOLE CARDS ***
coeeeelho: folds 
Nicedaymybro: folds 
Conor1109: calls $1
BoyLoc0: folds 
BGS013: raises $3.50 to $4.50
JUANS2: folds 
Conor1109: calls $3.50
*** FLOP *** [6s 4h Qs]
BGS013: bets $2.47
Conor1109: folds 
Uncalled bet ($2.47) returned to BGS013
BGS013 collected $9.50 from pot
BGS013: doesn't show hand 
*** SUMMARY ***
Total pot $10 | Rake $0.50 
Board [6s 4h Qs]
Seat 1: Conor1109 folded on the Flop
Seat 2: BoyLoc0 (button) folded before Flop (didn't bet)
Seat 3: BGS013 (small blind) collected ($9.50)
Seat 4: JUANS2 (big blind) folded before Flop
Seat 5: coeeeelho folded before Flop (didn't bet)
Seat 6: Nicedaymybro folded before Flop (didn't bet)



PokerStars Hand #254584144501:  Hold'em No Limit ($0.50/$1.00 USD) - 2025/01/27 20:27:01 WET [2025/01/27 15:27:01 ET]
Table 'Niobe V' 6-max Seat #3 is the button
Seat 1: Conor1109 ($43.66 in chips) 
Seat 2: BoyLoc0 ($105.10 in chips) 
Seat 3: BGS013 ($125.68 in chips) 
Seat 4: JUANS2 ($100 in chips) 
Seat 5: coeeeelho ($128.17 in chips) 
Seat 6: Nicedaymybro ($153.19 in chips) 
JUANS2: posts small blind $0.50
coeeeelho: posts big blind $1
*** HOLE CARDS ***
Nicedaymybro: folds 
Conor1109: raises $1 to $2
BoyLoc0: raises $4 to $6
BGS013: folds 
JUANS2: folds 
coeeeelho: folds 
Conor1109: calls $4
*** FLOP *** [2c Qs Ts]
Conor1109: checks 
BoyLoc0: checks 
*** TURN *** [2c Qs Ts] [Ks]
Conor1109: bets $12.82
BoyLoc0: folds 
Uncalled bet ($12.82) returned to Conor1109
Conor1109 collected $12.82 from pot
Conor1109: doesn't show hand 
*** SUMMARY ***
Total pot $13.50 | Rake $0.68 
Board [2c Qs Ts Ks]
Seat 1: Conor1109 collected ($12.82)
Seat 2: BoyLoc0 folded on the Turn
Seat 3: BGS013 (button) folded before Flop (didn't bet)
Seat 4: JUANS2 (small blind) folded before Flop
Seat 5: coeeeelho (big blind) folded before Flop
Seat 6: Nicedaymybro folded before Flop (didn't bet)



PokerStars Hand #254584156037:  Hold'em No Limit ($0.50/$1.00 USD) - 2025/01/27 20:27:35 WET [2025/01/27 15:27:35 ET]
Table 'Niobe V' 6-max Seat #4 is the button
Seat 1: Conor1109 ($50.48 in chips) 
Seat 2: BoyLoc0 ($100 in chips) 
Seat 3: BGS013 ($125.68 in chips) 
Seat 4: JUANS2 ($100 in chips) 
Seat 5: coeeeelho ($127.17 in chips) 
Seat 6: Nicedaymybro ($153.19 in chips) 
coeeeelho: posts small blind $0.50
Nicedaymybro: posts big blind $1
*** HOLE CARDS ***
Conor1109: calls $1
BoyLoc0: folds 
BGS013: folds 
JUANS2: folds 
coeeeelho: folds 
Nicedaymybro: checks 
*** FLOP *** [7c 8h Tc]
Nicedaymybro: bets $1.19
Conor1109: calls $1.19
*** TURN *** [7c 8h Tc] [9d]
Nicedaymybro: bets $4.64
Conor1109: folds 
Uncalled bet ($4.64) returned to Nicedaymybro
Nicedaymybro collected $4.64 from pot
Nicedaymybro: doesn't show hand 
*** SUMMARY ***
Total pot $4.88 | Rake $0.24 
Board [7c 8h Tc 9d]
Seat 1: Conor1109 folded on the Turn
Seat 2: BoyLoc0 folded before Flop (didn't bet)
Seat 3: BGS013 folded before Flop (didn't bet)
Seat 4: JUANS2 (button) folded before Flop (didn't bet)
Seat 5: coeeeelho (small blind) folded before Flop
Seat 6: Nicedaymybro (big blind) collected ($4.64)



PokerStars Hand #254584166434:  Hold'em No Limit ($0.50/$1.00 USD) - 2025/01/27 20:28:07 WET [2025/01/27 15:28:07 ET]
Table 'Niobe V' 6-max Seat #5 is the button
Seat 1: Conor1109 ($48.29 in chips) 
Seat 2: BoyLoc0 ($100 in chips) 
Seat 3: BGS013 ($125.68 in chips) 
Seat 4: JUANS2 ($100 in chips) 
Seat 5: coeeeelho ($126.67 in chips) 
Seat 6: Nicedaymybro ($155.64 in chips) 
Nicedaymybro: posts small blind $0.50
Conor1109: posts big blind $1
*** HOLE CARDS ***
BoyLoc0: raises $1.50 to $2.50
BGS013: folds 
JUANS2: raises $5 to $7.50
coeeeelho: folds 
Nicedaymybro: folds 
Conor1109: raises $5 to $12.50
BoyLoc0: folds 
JUANS2: calls $5
*** FLOP *** [Th 9s 6s]
Conor1109: bets $35.79 and is all-in
JUANS2: folds 
Uncalled bet ($35.79) returned to Conor1109
Conor1109 collected $26.60 from pot
Conor1109: doesn't show hand 
*** SUMMARY ***
Total pot $28 | Rake $1.40 
Board [Th 9s 6s]
Seat 1: Conor1109 (big blind) collected ($26.60)
Seat 2: BoyLoc0 folded before Flop
Seat 3: BGS013 folded before Flop (didn't bet)
Seat 4: JUANS2 folded on the Flop
Seat 5: coeeeelho (button) folded before Flop (didn't bet)
Seat 6: Nicedaymybro (small blind) folded before Flop



PokerStars Hand #254584180486:  Hold'em No Limit ($0.50/$1.00 USD) - 2025/01/27 20:28:49 WET [2025/01/27 15:28:49 ET]
Table 'Niobe V' 6-max Seat #6 is the button
Seat 1: Conor1109 ($62.39 in chips) 
Seat 2: BoyLoc0 ($100 in chips) 
Seat 3: BGS013 ($125.68 in chips) 
Seat 4: JUANS2 ($100 in chips) 
Seat 5: coeeeelho ($126.67 in chips) 
Seat 6: Nicedaymybro ($155.14 in chips) 
Conor1109: posts small blind $0.50
BoyLoc0: posts big blind $1
*** HOLE CARDS ***
BGS013: folds 
JUANS2: raises $1.50 to $2.50
coeeeelho: folds 
Nicedaymybro: folds 
Conor1109: folds 
BoyLoc0: folds 
Uncalled bet ($1.50) returned to JUANS2
JUANS2 collected $2.50 from pot
JUANS2: doesn't show hand 
*** SUMMARY ***
Total pot $2.50 | Rake $0 
Seat 1: Conor1109 (small blind) folded before Flop
Seat 2: BoyLoc0 (big blind) folded before Flop
Seat 3: BGS013 folded before Flop (didn't bet)
Seat 4: JUANS2 collected ($2.50)
Seat 5: coeeeelho folded before Flop (didn't bet)
Seat 6: Nicedaymybro (button) folded before Flop (didn't bet)



PokerStars Hand #254584188268:  Hold'em No Limit ($0.50/$1.00 USD) - 2025/01/27 20:29:11 WET [2025/01/27 15:29:11 ET]
Table 'Niobe V' 6-max Seat #1 is the button
Seat 1: Conor1109 ($61.89 in chips) 
Seat 2: BoyLoc0 ($100 in chips) 
Seat 3: BGS013 ($125.68 in chips) 
Seat 4: JUANS2 ($101.50 in chips) 
Seat 5: coeeeelho ($126.67 in chips) 
Seat 6: Nicedaymybro ($155.14 in chips) 
BoyLoc0: posts small blind $0.50
BGS013: posts big blind $1
*** HOLE CARDS ***
JUANS2: raises $1.50 to $2.50
coeeeelho: folds 
Nicedaymybro: folds 
Conor1109: raises $1.50 to $4
BoyLoc0: folds 
BGS013: folds 
JUANS2: calls $1.50
*** FLOP *** [3s Kc 6h]
JUANS2: checks 
Conor1109: checks 
*** TURN *** [3s Kc 6h] [Ts]
JUANS2: checks 
Conor1109: bets $4.51
JUANS2: folds 
Uncalled bet ($4.51) returned to Conor1109
Conor1109 collected $9.02 from pot
Conor1109: doesn't show hand 
*** SUMMARY ***
Total pot $9.50 | Rake $0.48 
Board [3s Kc 6h Ts]
Seat 1: Conor1109 (button) collected ($9.02)
Seat 2: BoyLoc0 (small blind) folded before Flop
Seat 3: BGS013 (big blind) folded before Flop
Seat 4: JUANS2 folded on the Turn
Seat 5: coeeeelho folded before Flop (didn't bet)
Seat 6: Nicedaymybro folded before Flop (didn't bet)



PokerStars Hand #254584202688:  Hold'em No Limit ($0.50/$1.00 USD) - 2025/01/27 20:29:55 WET [2025/01/27 15:29:55 ET]
Table 'Niobe V' 6-max Seat #2 is the button
Seat 1: Conor1109 ($66.91 in chips) 
Seat 2: BoyLoc0 ($100 in chips) 
Seat 3: BGS013 ($124.68 in chips) 
Seat 4: JUANS2 ($100 in chips) 
Seat 5: coeeeelho ($126.67 in chips) 
Seat 6: Nicedaymybro ($155.14 in chips) 
BGS013: posts small blind $0.50
JUANS2: posts big blind $1
*** HOLE CARDS ***
coeeeelho: folds 
Nicedaymybro: raises $1.50 to $2.50
Conor1109: folds 
BoyLoc0: folds 
BGS013: folds 
JUANS2: folds 
Uncalled bet ($1.50) returned to Nicedaymybro
Nicedaymybro collected $2.50 from pot
Nicedaymybro: doesn't show hand 
*** SUMMARY ***
Total pot $2.50 | Rake $0 
Seat 1: Conor1109 folded before Flop (didn't bet)
Seat 2: BoyLoc0 (button) folded before Flop (didn't bet)
Seat 3: BGS013 (small blind) folded before Flop
Seat 4: JUANS2 (big blind) folded before Flop
Seat 5: coeeeelho folded before Flop (didn't bet)
Seat 6: Nicedaymybro collected ($2.50)



PokerStars Hand #254584210070:  Hold'em No Limit ($0.50/$1.00 USD) - 2025/01/27 20:30:17 WET [2025/01/27 15:30:17 ET]
Table 'Niobe V' 6-max Seat #3 is the button
Seat 1: Conor1109 ($66.91 in chips) 
Seat 2: BoyLoc0 ($100 in chips) 
Seat 3: BGS013 ($124.18 in chips) 
Seat 4: JUANS2 ($100 in chips) 
Seat 5: coeeeelho ($126.67 in chips) 
Seat 6: Nicedaymybro ($156.64 in chips) 
JUANS2: posts small blind $0.50
coeeeelho: posts big blind $1
*** HOLE CARDS ***
Nicedaymybro: folds 
Conor1109: folds 
BoyLoc0: raises $1.50 to $2.50
BGS013: folds 
JUANS2: folds 
coeeeelho: calls $1.50
*** FLOP *** [Kh 5d 4d]
coeeeelho: checks 
BoyLoc0: checks 
*** TURN *** [Kh 5d 4d] [2s]
coeeeelho: checks 
BoyLoc0: checks 
*** RIVER *** [Kh 5d 4d 2s] [Jh]
coeeeelho: checks 
BoyLoc0: checks 
*** SHOW DOWN ***
coeeeelho: shows [9d Ah] (high card Ace)
BoyLoc0: mucks hand 
coeeeelho collected $5.22 from pot
*** SUMMARY ***
Total pot $5.50 | Rake $0.28 
Board [Kh 5d 4d 2s Jh]
Seat 1: Conor1109 folded before Flop (didn't bet)
Seat 2: BoyLoc0 mucked
Seat 3: BGS013 (button) folded before Flop (didn't bet)
Seat 4: JUANS2 (small blind) folded before Flop
Seat 5: coeeeelho (big blind) showed [9d Ah] and won ($5.22) with high card Ace
Seat 6: Nicedaymybro folded before Flop (didn't bet)



PokerStars Hand #254584231535:  Hold'em No Limit ($0.50/$1.00 USD) - 2025/01/27 20:31:20 WET [2025/01/27 15:31:20 ET]
Table 'Niobe V' 6-max Seat #4 is the button
Seat 1: Conor1109 ($66.91 in chips) 
Seat 2: BoyLoc0 ($100 in chips) 
Seat 3: BGS013 ($124.18 in chips) 
Seat 4: JUANS2 ($100 in chips) 
Seat 5: coeeeelho ($129.39 in chips) 
Seat 6: Nicedaymybro ($156.64 in chips) 
coeeeelho: posts small blind $0.50
Nicedaymybro: posts big blind $1
*** HOLE CARDS ***
Conor1109: folds 
BoyLoc0: folds 
BGS013: folds 
JUANS2: folds 
coeeeelho: raises $2 to $3
Nicedaymybro: calls $2
*** FLOP *** [Td 7s Th]
coeeeelho: bets $1.88
Nicedaymybro: folds 
Uncalled bet ($1.88) returned to coeeeelho
coeeeelho collected $5.70 from pot
*** SUMMARY ***
Total pot $6 | Rake $0.30 
Board [Td 7s Th]
Seat 1: Conor1109 folded before Flop (didn't bet)
Seat 2: BoyLoc0 folded before Flop (didn't bet)
Seat 3: BGS013 folded before Flop (didn't bet)
Seat 4: JUANS2 (button) folded before Flop (didn't bet)
Seat 5: coeeeelho (small blind) collected ($5.70)
Seat 6: Nicedaymybro (big blind) folded on the Flop



PokerStars Hand #254584242326:  Hold'em No Limit ($0.50/$1.00 USD) - 2025/01/27 20:31:53 WET [2025/01/27 15:31:53 ET]
Table 'Niobe V' 6-max Seat #5 is the button
Seat 1: Conor1109 ($66.91 in chips) 
Seat 2: BoyLoc0 ($100 in chips) 
Seat 3: BGS013 ($124.18 in chips) 
Seat 4: JUANS2 ($100 in chips) 
Seat 5: coeeeelho ($132.09 in chips) 
Seat 6: Nicedaymybro ($153.64 in chips) 
Nicedaymybro: posts small blind $0.50
Conor1109: posts big blind $1
*** HOLE CARDS ***
BoyLoc0: folds 
BGS013: folds 
JUANS2: folds 
coeeeelho: folds 
Nicedaymybro: folds 
Uncalled bet ($0.50) returned to Conor1109
Conor1109 collected $1 from pot
Conor1109: doesn't show hand 
*** SUMMARY ***
Total pot $1 | Rake $0 
Seat 1: Conor1109 (big blind) collected ($1)
Seat 2: BoyLoc0 folded before Flop (didn't bet)
Seat 3: BGS013 folded before Flop (didn't bet)
Seat 4: JUANS2 folded before Flop (didn't bet)
Seat 5: coeeeelho (button) folded before Flop (didn't bet)
Seat 6: Nicedaymybro (small blind) folded before Flop



PokerStars Hand #254584250084:  Hold'em No Limit ($0.50/$1.00 USD) - 2025/01/27 20:32:16 WET [2025/01/27 15:32:16 ET]
Table 'Niobe V' 6-max Seat #6 is the button
Seat 1: Conor1109 ($67.41 in chips) 
Seat 2: BoyLoc0 ($100 in chips) 
Seat 3: BGS013 ($124.18 in chips) 
Seat 4: JUANS2 ($100 in chips) 
Seat 5: coeeeelho ($132.09 in chips) 
Seat 6: Nicedaymybro ($153.14 in chips) 
Conor1109: posts small blind $0.50
BoyLoc0: posts big blind $1
*** HOLE CARDS ***
BGS013: raises $1 to $2
JUANS2: folds 
coeeeelho: folds 
Nicedaymybro: folds 
Conor1109: calls $1.50
BoyLoc0: calls $1
*** FLOP *** [7h 2d 6h]
Conor1109: checks 
BoyLoc0: checks 
BGS013: checks 
*** TURN *** [7h 2d 6h] [9c]
Conor1109: bets $5.70
BoyLoc0: folds 
BGS013: folds 
Uncalled bet ($5.70) returned to Conor1109
Conor1109 collected $5.70 from pot
Conor1109: doesn't show hand 
*** SUMMARY ***
Total pot $6 | Rake $0.30 
Board [7h 2d 6h 9c]
Seat 1: Conor1109 (small blind) collected ($5.70)
Seat 2: BoyLoc0 (big blind) folded on the Turn
Seat 3: BGS013 folded on the Turn
Seat 4: JUANS2 folded before Flop (didn't bet)
Seat 5: coeeeelho folded before Flop (didn't bet)
Seat 6: Nicedaymybro (button) folded before Flop (didn't bet)



PokerStars Hand #254584263976:  Hold'em No Limit ($0.50/$1.00 USD) - 2025/01/27 20:32:58 WET [2025/01/27 15:32:58 ET]
Table 'Niobe V' 6-max Seat #1 is the button
Seat 1: Conor1109 ($71.11 in chips) 
Seat 2: BoyLoc0 ($100 in chips) 
Seat 3: BGS013 ($122.18 in chips) 
Seat 4: JUANS2 ($100 in chips) 
Seat 5: coeeeelho ($132.09 in chips) 
Seat 6: Nicedaymybro ($153.14 in chips) 
BoyLoc0: posts small blind $0.50
BGS013: posts big blind $1
*** HOLE CARDS ***
JUANS2: folds 
coeeeelho: folds 
Nicedaymybro: folds 
Conor1109: folds 
BoyLoc0: raises $2 to $3
BGS013: folds 
Uncalled bet ($2) returned to BoyLoc0
BoyLoc0 collected $2 from pot
BoyLoc0: doesn't show hand 
*** SUMMARY ***
Total pot $2 | Rake $0 
Seat 1: Conor1109 (button) folded before Flop (didn't bet)
Seat 2: BoyLoc0 (small blind) collected ($2)
Seat 3: BGS013 (big blind) folded before Flop
Seat 4: JUANS2 folded before Flop (didn't bet)
Seat 5: coeeeelho folded before Flop (didn't bet)
Seat 6: Nicedaymybro folded before Flop (didn't bet)



PokerStars Hand #254584269367:  Hold'em No Limit ($0.50/$1.00 USD) - 2025/01/27 20:33:14 WET [2025/01/27 15:33:14 ET]
Table 'Niobe V' 6-max Seat #2 is the button
Seat 1: Conor1109 ($71.11 in chips) 
Seat 2: BoyLoc0 ($101 in chips) 
Seat 3: BGS013 ($121.18 in chips) 
Seat 4: JUANS2 ($100 in chips) 
Seat 5: coeeeelho ($132.09 in chips) 
Seat 6: Nicedaymybro ($153.14 in chips) 
BGS013: posts small blind $0.50
JUANS2: posts big blind $1
*** HOLE CARDS ***
coeeeelho: raises $1.10 to $2.10
Nicedaymybro: folds 
Conor1109: folds 
BoyLoc0: folds 
BGS013: folds 
JUANS2: folds 
Uncalled bet ($1.10) returned to coeeeelho
coeeeelho collected $2.50 from pot
*** SUMMARY ***
Total pot $2.50 | Rake $0 
Seat 1: Conor1109 folded before Flop (didn't bet)
Seat 2: BoyLoc0 (button) folded before Flop (didn't bet)
Seat 3: BGS013 (small blind) folded before Flop
Seat 4: JUANS2 (big blind) folded before Flop
Seat 5: coeeeelho collected ($2.50)
Seat 6: Nicedaymybro folded before Flop (didn't bet)



PokerStars Hand #254584275787:  Hold'em No Limit ($0.50/$1.00 USD) - 2025/01/27 20:33:33 WET [2025/01/27 15:33:33 ET]
Table 'Niobe V' 6-max Seat #3 is the button
Seat 1: Conor1109 ($71.11 in chips) 
Seat 2: BoyLoc0 ($101 in chips) 
Seat 3: BGS013 ($120.68 in chips) 
Seat 4: JUANS2 ($100 in chips) 
Seat 5: coeeeelho ($133.59 in chips) 
Seat 6: Nicedaymybro ($153.14 in chips) 
JUANS2: posts small blind $0.50
coeeeelho: posts big blind $1
*** HOLE CARDS ***
Nicedaymybro: raises $1.50 to $2.50
Conor1109: folds 
BoyLoc0: folds 
BGS013: folds 
JUANS2: folds 
coeeeelho: folds 
Uncalled bet ($1.50) returned to Nicedaymybro
Nicedaymybro collected $2.50 from pot
Nicedaymybro: doesn't show hand 
*** SUMMARY ***
Total pot $2.50 | Rake $0 
Seat 1: Conor1109 folded before Flop (didn't bet)
Seat 2: BoyLoc0 folded before Flop (didn't bet)
Seat 3: BGS013 (button) folded before Flop (didn't bet)
Seat 4: JUANS2 (small blind) folded before Flop
Seat 5: coeeeelho (big blind) folded before Flop
Seat 6: Nicedaymybro collected ($2.50)



PokerStars Hand #254584282613:  Hold'em No Limit ($0.50/$1.00 USD) - 2025/01/27 20:33:54 WET [2025/01/27 15:33:54 ET]
Table 'Niobe V' 6-max Seat #4 is the button
Seat 1: Conor1109 ($71.11 in chips) 
Seat 2: BoyLoc0 ($101 in chips) 
Seat 3: BGS013 ($120.68 in chips) 
Seat 4: JUANS2 ($100 in chips) 
Seat 5: coeeeelho ($132.59 in chips) 
Seat 6: Nicedaymybro ($154.64 in chips) 
coeeeelho: posts small blind $0.50
Nicedaymybro: posts big blind $1
*** HOLE CARDS ***
Conor1109: folds 
BoyLoc0: raises $1.50 to $2.50
BGS013: folds 
JUANS2: raises $5 to $7.50
coeeeelho: raises $125.09 to $132.59 and is all-in
Nicedaymybro: folds 
BoyLoc0: folds 
JUANS2: calls $92.50 and is all-in
Uncalled bet ($32.59) returned to coeeeelho
*** FLOP *** [7d 2c Kh]
*** TURN *** [7d 2c Kh] [7s]
*** RIVER *** [7d 2c Kh 7s] [9d]
*** SHOW DOWN ***
coeeeelho: shows [Ks Ac] (two pair, Kings and Sevens)
JUANS2: shows [Qc Qs] (two pair, Queens and Sevens)
coeeeelho collected $201 from pot
*** SUMMARY ***
Total pot $203.50 | Rake $2.50 
Board [7d 2c Kh 7s 9d]
Seat 1: Conor1109 folded before Flop (didn't bet)
Seat 2: BoyLoc0 folded before Flop
Seat 3: BGS013 folded before Flop (didn't bet)
Seat 4: JUANS2 (button) showed [Qc Qs] and lost with two pair, Queens and Sevens
Seat 5: coeeeelho (small blind) showed [Ks Ac] and won ($201) with two pair, Kings and Sevens
Seat 6: Nicedaymybro (big blind) folded before Flop



PokerStars Hand #254584298871:  Hold'em No Limit ($0.50/$1.00 USD) - 2025/01/27 20:34:43 WET [2025/01/27 15:34:43 ET]
Table 'Niobe V' 6-max Seat #5 is the button
Seat 1: Conor1109 ($71.11 in chips) 
Seat 2: BoyLoc0 ($100 in chips) 
Seat 3: BGS013 ($120.68 in chips) 
Seat 4: JUANS2 ($100 in chips) 
Seat 5: coeeeelho ($233.59 in chips) 
Seat 6: Nicedaymybro ($153.64 in chips) 
Nicedaymybro: posts small blind $0.50
Conor1109: posts big blind $1
*** HOLE CARDS ***
BoyLoc0: folds 
BGS013: folds 
JUANS2: raises $1.50 to $2.50
coeeeelho: folds 
Nicedaymybro: folds 
Conor1109: calls $1.50
*** FLOP *** [7s Jc Ac]
Conor1109: bets $5.22
JUANS2: calls $5.22
*** TURN *** [7s Jc Ac] [5d]
Conor1109: bets $15.14
JUANS2: folds 
Uncalled bet ($15.14) returned to Conor1109
Conor1109 collected $15.14 from pot
Conor1109: doesn't show hand 
*** SUMMARY ***
Total pot $15.94 | Rake $0.80 
Board [7s Jc Ac 5d]
Seat 1: Conor1109 (big blind) collected ($15.14)
Seat 2: BoyLoc0 folded before Flop (didn't bet)
Seat 3: BGS013 folded before Flop (didn't bet)
Seat 4: JUANS2 folded on the Turn
Seat 5: coeeeelho (button) folded before Flop (didn't bet)
Seat 6: Nicedaymybro (small blind) folded before Flop



PokerStars Hand #254584310945:  Hold'em No Limit ($0.50/$1.00 USD) - 2025/01/27 20:35:20 WET [2025/01/27 15:35:20 ET]
Table 'Niobe V' 6-max Seat #6 is the button
Seat 1: Conor1109 ($78.53 in chips) 
Seat 2: BoyLoc0 ($100 in chips) 
Seat 3: BGS013 ($120.68 in chips) 
Seat 4: JUANS2 ($100 in chips) 
Seat 5: coeeeelho ($233.59 in chips) 
Seat 6: Nicedaymybro ($153.14 in chips) 
Conor1109: posts small blind $0.50
BoyLoc0: posts big blind $1
*** HOLE CARDS ***
BGS013: raises $1 to $2
JUANS2: folds 
coeeeelho: folds 
Nicedaymybro: folds 
Conor1109: folds 
BoyLoc0: folds 
Uncalled bet ($1) returned to BGS013
BGS013 collected $2.50 from pot
BGS013: doesn't show hand 
*** SUMMARY ***
Total pot $2.50 | Rake $0 
Seat 1: Conor1109 (small blind) folded before Flop
Seat 2: BoyLoc0 (big blind) folded before Flop
Seat 3: BGS013 collected ($2.50)
Seat 4: JUANS2 folded before Flop (didn't bet)
Seat 5: coeeeelho folded before Flop (didn't bet)
Seat 6: Nicedaymybro (button) folded before Flop (didn't bet)



PokerStars Hand #254584320384:  Hold'em No Limit ($0.50/$1.00 USD) - 2025/01/27 20:35:48 WET [2025/01/27 15:35:48 ET]
Table 'Niobe V' 6-max Seat #1 is the button
Seat 1: Conor1109 ($78.03 in chips) 
Seat 2: BoyLoc0 ($100 in chips) 
Seat 3: BGS013 ($122.18 in chips) 
Seat 4: JUANS2 ($100 in chips) 
Seat 5: coeeeelho ($233.59 in chips) 
Seat 6: Nicedaymybro ($153.14 in chips) 
BoyLoc0: posts small blind $0.50
BGS013: posts big blind $1
*** HOLE CARDS ***
JUANS2: folds 
coeeeelho: folds 
Nicedaymybro: folds 
Conor1109: raises $2 to $3
BoyLoc0: folds 
BGS013: calls $2
*** FLOP *** [Th 9c 9h]
BGS013: checks 
Conor1109: checks 
*** TURN *** [Th 9c 9h] [7h]
BGS013: checks 
Conor1109: checks 
*** RIVER *** [Th 9c 9h 7h] [Qc]
BGS013: bets $4.82
Conor1109: calls $4.82
*** SHOW DOWN ***
BGS013: shows [3c 2c] (a pair of Nines)
Conor1109: shows [Ac 3h] (a pair of Nines - Ace kicker)
Conor1109 collected $15.33 from pot
*** SUMMARY ***
Total pot $16.14 | Rake $0.81 
Board [Th 9c 9h 7h Qc]
Seat 1: Conor1109 (button) showed [Ac 3h] and won ($15.33) with a pair of Nines
Seat 2: BoyLoc0 (small blind) folded before Flop
Seat 3: BGS013 (big blind) showed [3c 2c] and lost with a pair of Nines
Seat 4: JUANS2 folded before Flop (didn't bet)
Seat 5: coeeeelho folded before Flop (didn't bet)
Seat 6: Nicedaymybro folded before Flop (didn't bet)



PokerStars Hand #254584333193:  Hold'em No Limit ($0.50/$1.00 USD) - 2025/01/27 20:36:27 WET [2025/01/27 15:36:27 ET]
Table 'Niobe V' 6-max Seat #2 is the button
Seat 1: Conor1109 ($85.54 in chips) 
Seat 2: BoyLoc0 ($100 in chips) 
Seat 3: BGS013 ($114.36 in chips) 
Seat 4: JUANS2 ($100 in chips) 
Seat 5: coeeeelho ($233.59 in chips) 
Seat 6: Nicedaymybro ($153.14 in chips) 
BGS013: posts small blind $0.50
JUANS2: posts big blind $1
*** HOLE CARDS ***
coeeeelho: folds 
Nicedaymybro: folds 
Conor1109: calls $1
BoyLoc0: raises $3 to $4
BGS013: folds 
JUANS2: calls $3
Conor1109: folds 
*** FLOP *** [5h 3c 8s]
JUANS2: checks 
BoyLoc0: checks 
*** TURN *** [5h 3c 8s] [Ks]
JUANS2: checks 
BoyLoc0: checks 
*** RIVER *** [5h 3c 8s Ks] [6h]
JUANS2: checks 
BoyLoc0: checks 
*** SHOW DOWN ***
JUANS2: shows [Jd Ah] (high card Ace)
BoyLoc0: mucks hand 
JUANS2 collected $9.02 from pot
*** SUMMARY ***
Total pot $9.50 | Rake $0.48 
Board [5h 3c 8s Ks 6h]
Seat 1: Conor1109 folded before Flop
Seat 2: BoyLoc0 (button) mucked
Seat 3: BGS013 (small blind) folded before Flop
Seat 4: JUANS2 (big blind) showed [Jd Ah] and won ($9.02) with high card Ace
Seat 5: coeeeelho folded before Flop (didn't bet)
Seat 6: Nicedaymybro folded before Flop (didn't bet)



PokerStars Hand #254584351339:  Hold'em No Limit ($0.50/$1.00 USD) - 2025/01/27 20:37:22 WET [2025/01/27 15:37:22 ET]
Table 'Niobe V' 6-max Seat #3 is the button
Seat 1: Conor1109 ($84.54 in chips) 
Seat 2: BoyLoc0 ($100 in chips) 
Seat 3: BGS013 ($113.86 in chips) 
Seat 4: JUANS2 ($105.02 in chips) 
Seat 5: coeeeelho ($233.59 in chips) 
Seat 6: Nicedaymybro ($153.14 in chips) 
JUANS2: posts small blind $0.50
coeeeelho: posts big blind $1
*** HOLE CARDS ***
Nicedaymybro: folds 
Conor1109: raises $2 to $3
BoyLoc0: raises $6 to $9
BGS013: folds 
JUANS2: folds 
coeeeelho: folds 
Conor1109: calls $6
*** FLOP *** [8h Td 8c]
Conor1109: checks 
BoyLoc0: checks 
*** TURN *** [8h Td 8c] [Tc]
Conor1109: checks 
BoyLoc0: checks 
*** RIVER *** [8h Td 8c Tc] [6c]
Conor1109: checks 
BoyLoc0: checks 
*** SHOW DOWN ***
Conor1109: shows [2s As] (two pair, Tens and Eights)
BoyLoc0: shows [Ad Ks] (two pair, Tens and Eights)
Conor1109 collected $9.26 from pot
BoyLoc0 collected $9.26 from pot
*** SUMMARY ***
Total pot $19.50 | Rake $0.98 
Board [8h Td 8c Tc 6c]
Seat 1: Conor1109 showed [2s As] and won ($9.26) with two pair, Tens and Eights
Seat 2: BoyLoc0 showed [Ad Ks] and won ($9.26) with two pair, Tens and Eights
Seat 3: BGS013 (button) folded before Flop (didn't bet)
Seat 4: JUANS2 (small blind) folded before Flop
Seat 5: coeeeelho (big blind) folded before Flop
Seat 6: Nicedaymybro folded before Flop (didn't bet)



PokerStars Hand #254584363445:  Hold'em No Limit ($0.50/$1.00 USD) - 2025/01/27 20:37:59 WET [2025/01/27 15:37:59 ET]
Table 'Niobe V' 6-max Seat #4 is the button
Seat 1: Conor1109 ($84.80 in chips) 
Seat 2: BoyLoc0 ($100.26 in chips) 
Seat 3: BGS013 ($113.86 in chips) 
Seat 4: JUANS2 ($104.52 in chips) 
Seat 5: coeeeelho ($232.59 in chips) 
Seat 6: Nicedaymybro ($153.14 in chips) 
coeeeelho: posts small blind $0.50
Nicedaymybro: posts big blind $1
*** HOLE CARDS ***
Conor1109: calls $1
BoyLoc0: raises $3 to $4
BGS013: folds 
JUANS2: folds 
coeeeelho: folds 
Nicedaymybro: folds 
Conor1109: calls $3
*** FLOP *** [2s 3h 5c]
Conor1109: checks 
BoyLoc0: checks 
*** TURN *** [2s 3h 5c] [8c]
Conor1109: checks 
BoyLoc0: checks 
*** RIVER *** [2s 3h 5c 8c] [As]
Conor1109: checks 
BoyLoc0: bets $6.77
Conor1109: folds 
Uncalled bet ($6.77) returned to BoyLoc0
BoyLoc0 collected $9.02 from pot
BoyLoc0: doesn't show hand 
*** SUMMARY ***
Total pot $9.50 | Rake $0.48 
Board [2s 3h 5c 8c As]
Seat 1: Conor1109 folded on the River
Seat 2: BoyLoc0 collected ($9.02)
Seat 3: BGS013 folded before Flop (didn't bet)
Seat 4: JUANS2 (button) folded before Flop (didn't bet)
Seat 5: coeeeelho (small blind) folded before Flop
Seat 6: Nicedaymybro (big blind) folded before Flop



PokerStars Hand #254584378573:  Hold'em No Limit ($0.50/$1.00 USD) - 2025/01/27 20:38:44 WET [2025/01/27 15:38:44 ET]
Table 'Niobe V' 6-max Seat #5 is the button
Seat 1: Conor1109 ($80.80 in chips) 
Seat 2: BoyLoc0 ($105.28 in chips) 
Seat 3: BGS013 ($113.86 in chips) 
Seat 4: JUANS2 ($104.52 in chips) 
Seat 5: coeeeelho ($232.09 in chips) 
Seat 6: Nicedaymybro ($152.14 in chips) 
Nicedaymybro: posts small blind $0.50
Conor1109: posts big blind $1
*** HOLE CARDS ***
BoyLoc0: folds 
BGS013: folds 
JUANS2: folds 
coeeeelho: folds 
Nicedaymybro: raises $2 to $3
Conor1109: calls $2
*** FLOP *** [Th Qh Ad]
Nicedaymybro: checks 
Conor1109: checks 
*** TURN *** [Th Qh Ad] [Jh]
Nicedaymybro: checks 
Conor1109: checks 
*** RIVER *** [Th Qh Ad Jh] [4d]
Nicedaymybro: bets $1
Conor1109: folds 
Uncalled bet ($1) returned to Nicedaymybro
Nicedaymybro collected $5.70 from pot
Nicedaymybro: doesn't show hand 
*** SUMMARY ***
Total pot $6 | Rake $0.30 
Board [Th Qh Ad Jh 4d]
Seat 1: Conor1109 (big blind) folded on the River
Seat 2: BoyLoc0 folded before Flop (didn't bet)
Seat 3: BGS013 folded before Flop (didn't bet)
Seat 4: JUANS2 folded before Flop (didn't bet)
Seat 5: coeeeelho (button) folded before Flop (didn't bet)
Seat 6: Nicedaymybro (small blind) collected ($5.70)



PokerStars Hand #254584390353:  Hold'em No Limit ($0.50/$1.00 USD) - 2025/01/27 20:39:20 WET [2025/01/27 15:39:20 ET]
Table 'Niobe V' 6-max Seat #6 is the button
Seat 1: Conor1109 ($77.80 in chips) 
Seat 2: BoyLoc0 ($105.28 in chips) 
Seat 3: BGS013 ($113.86 in chips) 
Seat 4: JUANS2 ($104.52 in chips) 
Seat 5: coeeeelho ($232.09 in chips) 
Seat 6: Nicedaymybro ($154.84 in chips) 
Conor1109: posts small blind $0.50
BoyLoc0: posts big blind $1
*** HOLE CARDS ***
BGS013 has timed out
BGS013: folds 
JUANS2: raises $2 to $3
coeeeelho: folds 
Nicedaymybro: folds 
Conor1109: calls $2.50
BoyLoc0: folds 
*** FLOP *** [3h 8s Th]
Conor1109: bets $6.65
JUANS2: calls $6.65
*** TURN *** [3h 8s Th] [4d]
Conor1109: checks 
JUANS2: checks 
*** RIVER *** [3h 8s Th 4d] [6c]
Conor1109: checks 
JUANS2: checks 
*** SHOW DOWN ***
Conor1109: shows [Ad 9h] (high card Ace)
JUANS2: shows [9c 9s] (a pair of Nines)
JUANS2 collected $19.28 from pot
*** SUMMARY ***
Total pot $20.30 | Rake $1.02 
Board [3h 8s Th 4d 6c]
Seat 1: Conor1109 (small blind) showed [Ad 9h] and lost with high card Ace
Seat 2: BoyLoc0 (big blind) folded before Flop
Seat 3: BGS013 folded before Flop (didn't bet)
Seat 4: JUANS2 showed [9c 9s] and won ($19.28) with a pair of Nines
Seat 5: coeeeelho folded before Flop (didn't bet)
Seat 6: Nicedaymybro (button) folded before Flop (didn't bet)



PokerStars Hand #254584405869:  Hold'em No Limit ($0.50/$1.00 USD) - 2025/01/27 20:40:07 WET [2025/01/27 15:40:07 ET]
Table 'Niobe V' 6-max Seat #1 is the button
Seat 1: Conor1109 ($68.15 in chips) 
Seat 2: BoyLoc0 ($104.28 in chips) 
Seat 3: BGS013 ($113.86 in chips) 
Seat 4: JUANS2 ($114.15 in chips) 
Seat 5: coeeeelho ($232.09 in chips) 
Seat 6: Nicedaymybro ($154.84 in chips) 
BoyLoc0: posts small blind $0.50
BGS013: posts big blind $1
*** HOLE CARDS ***
JUANS2: folds 
coeeeelho: raises $1.20 to $2.20
Nicedaymybro: folds 
Conor1109: raises $1.20 to $3.40
BoyLoc0: folds 
BGS013: folds 
coeeeelho: calls $1.20
*** FLOP *** [Jc 8c Ah]
coeeeelho: checks 
Conor1109: bets $7.88
coeeeelho: folds 
Uncalled bet ($7.88) returned to Conor1109
Conor1109 collected $7.88 from pot
Conor1109: doesn't show hand 
*** SUMMARY ***
Total pot $8.30 | Rake $0.42 
Board [Jc 8c Ah]
Seat 1: Conor1109 (button) collected ($7.88)
Seat 2: BoyLoc0 (small blind) folded before Flop
Seat 3: BGS013 (big blind) folded before Flop
Seat 4: JUANS2 folded before Flop (didn't bet)
Seat 5: coeeeelho folded on the Flop
Seat 6: Nicedaymybro folded before Flop (didn't bet)



PokerStars Hand #254584416929:  Hold'em No Limit ($0.50/$1.00 USD) - 2025/01/27 20:40:41 WET [2025/01/27 15:40:41 ET]
Table 'Niobe V' 6-max Seat #2 is the button
Seat 1: Conor1109 ($72.63 in chips) 
Seat 2: BoyLoc0 ($103.78 in chips) 
Seat 3: BGS013 ($112.86 in chips) 
Seat 4: JUANS2 ($114.15 in chips) 
Seat 5: coeeeelho ($228.69 in chips) 
Seat 6: Nicedaymybro ($154.84 in chips) 
BGS013: posts small blind $0.50
JUANS2: posts big blind $1
*** HOLE CARDS ***
coeeeelho: folds 
Nicedaymybro: folds 
Conor1109: raises $2 to $3
BoyLoc0: raises $6 to $9
BGS013: folds 
JUANS2: folds 
Conor1109: calls $6
*** FLOP *** [As 4h 3s]
Conor1109: checks 
BoyLoc0: bets $9.26
Conor1109: calls $9.26
*** TURN *** [As 4h 3s] [7d]
Conor1109: checks 
BoyLoc0: checks 
*** RIVER *** [As 4h 3s 7d] [Qc]
Conor1109: checks 
BoyLoc0: checks 
*** SHOW DOWN ***
Conor1109: shows [Kc Js] (high card Ace)
BoyLoc0: shows [Ah 9s] (a pair of Aces)
BoyLoc0 collected $36.12 from pot
*** SUMMARY ***
Total pot $38.02 | Rake $1.90 
Board [As 4h 3s 7d Qc]
Seat 1: Conor1109 showed [Kc Js] and lost with high card Ace
Seat 2: BoyLoc0 (button) showed [Ah 9s] and won ($36.12) with a pair of Aces
Seat 3: BGS013 (small blind) folded before Flop
Seat 4: JUANS2 (big blind) folded before Flop
Seat 5: coeeeelho folded before Flop (didn't bet)
Seat 6: Nicedaymybro folded before Flop (didn't bet)



PokerStars Hand #254584432481:  Hold'em No Limit ($0.50/$1.00 USD) - 2025/01/27 20:41:28 WET [2025/01/27 15:41:28 ET]
Table 'Niobe V' 6-max Seat #3 is the button
Seat 1: Conor1109 ($54.37 in chips) 
Seat 2: BoyLoc0 ($121.64 in chips) 
Seat 3: BGS013 ($112.36 in chips) 
Seat 4: JUANS2 ($113.15 in chips) 
Seat 5: coeeeelho ($228.69 in chips) 
Seat 6: Nicedaymybro ($154.84 in chips) 
JUANS2: posts small blind $0.50
coeeeelho: posts big blind $1
*** HOLE CARDS ***
Nicedaymybro: folds 
Conor1109: folds 
BoyLoc0: folds 
BGS013: folds 
JUANS2: folds 
Uncalled bet ($0.50) returned to coeeeelho
coeeeelho collected $1 from pot
*** SUMMARY ***
Total pot $1 | Rake $0 
Seat 1: Conor1109 folded before Flop (didn't bet)
Seat 2: BoyLoc0 folded before Flop (didn't bet)
Seat 3: BGS013 (button) folded before Flop (didn't bet)
Seat 4: JUANS2 (small blind) folded before Flop
Seat 5: coeeeelho (big blind) collected ($1)
Seat 6: Nicedaymybro folded before Flop (didn't bet)



PokerStars Hand #254584439416:  Hold'em No Limit ($0.50/$1.00 USD) - 2025/01/27 20:41:48 WET [2025/01/27 15:41:48 ET]
Table 'Niobe V' 6-max Seat #4 is the button
Seat 1: Conor1109 ($54.37 in chips) 
Seat 2: BoyLoc0 ($121.64 in chips) 
Seat 3: BGS013 ($112.36 in chips) 
Seat 4: JUANS2 ($112.65 in chips) 
Seat 5: coeeeelho ($229.19 in chips) 
Seat 6: Nicedaymybro ($154.84 in chips) 
coeeeelho: posts small blind $0.50
Nicedaymybro: posts big blind $1
*** HOLE CARDS ***
Conor1109: raises $1 to $2
BoyLoc0: folds 
BGS013: folds 
JUANS2: folds 
coeeeelho: folds 
Nicedaymybro: folds 
Uncalled bet ($1) returned to Conor1109
Conor1109 collected $2.50 from pot
Conor1109: doesn't show hand 
*** SUMMARY ***
Total pot $2.50 | Rake $0 
Seat 1: Conor1109 collected ($2.50)
Seat 2: BoyLoc0 folded before Flop (didn't bet)
Seat 3: BGS013 folded before Flop (didn't bet)
Seat 4: JUANS2 (button) folded before Flop (didn't bet)
Seat 5: coeeeelho (small blind) folded before Flop
Seat 6: Nicedaymybro (big blind) folded before Flop



PokerStars Hand #254584443830:  Hold'em No Limit ($0.50/$1.00 USD) - 2025/01/27 20:42:02 WET [2025/01/27 15:42:02 ET]
Table 'Niobe V' 6-max Seat #5 is the button
Seat 1: Conor1109 ($55.87 in chips) 
Seat 2: BoyLoc0 ($121.64 in chips) 
Seat 3: BGS013 ($112.36 in chips) 
Seat 4: JUANS2 ($112.65 in chips) 
Seat 5: coeeeelho ($228.69 in chips) 
Seat 6: Nicedaymybro ($153.84 in chips) 
Nicedaymybro: posts small blind $0.50
Conor1109: posts big blind $1
*** HOLE CARDS ***
BoyLoc0: folds 
BGS013: raises $1 to $2
JUANS2: folds 
coeeeelho: calls $2
Nicedaymybro: folds 
Conor1109: calls $1
*** FLOP *** [Jd 4s 6h]
Conor1109: checks 
BGS013: checks 
coeeeelho: bets $2
Conor1109: folds 
BGS013: calls $2
*** TURN *** [Jd 4s 6h] [Qc]
BGS013: checks 
coeeeelho: checks 
*** RIVER *** [Jd 4s 6h Qc] [4c]
BGS013: bets $7.78
coeeeelho: folds 
Uncalled bet ($7.78) returned to BGS013
BGS013 collected $9.98 from pot
BGS013: doesn't show hand 
*** SUMMARY ***
Total pot $10.50 | Rake $0.52 
Board [Jd 4s 6h Qc 4c]
Seat 1: Conor1109 (big blind) folded on the Flop
Seat 2: BoyLoc0 folded before Flop (didn't bet)
Seat 3: BGS013 collected ($9.98)
Seat 4: JUANS2 folded before Flop (didn't bet)
Seat 5: coeeeelho (button) folded on the River
Seat 6: Nicedaymybro (small blind) folded before Flop



PokerStars Hand #254584477506:  Hold'em No Limit ($0.50/$1.00 USD) - 2025/01/27 20:43:44 WET [2025/01/27 15:43:44 ET]
Table 'Niobe V' 6-max Seat #6 is the button
Seat 1: Conor1109 ($53.87 in chips) 
Seat 2: BoyLoc0 ($121.64 in chips) 
Seat 3: BGS013 ($118.34 in chips) 
Seat 4: JUANS2 ($112.65 in chips) 
Seat 5: coeeeelho ($224.69 in chips) 
Seat 6: Nicedaymybro ($153.34 in chips) 
Conor1109: posts small blind $0.50
BoyLoc0: posts big blind $1
*** HOLE CARDS ***
BGS013: folds 
JUANS2: folds 
coeeeelho: raises $1.20 to $2.20
Nicedaymybro: folds 
Conor1109: calls $1.70
BoyLoc0: folds 
*** FLOP *** [6h Td Qh]
Conor1109: bets $4
coeeeelho: calls $4
*** TURN *** [6h Td Qh] [Ks]
Conor1109: bets $6.37
coeeeelho: calls $6.37
*** RIVER *** [6h Td Qh Ks] [9s]
Conor1109: checks 
coeeeelho: bets $8.19
Conor1109: folds 
Uncalled bet ($8.19) returned to coeeeelho
coeeeelho collected $24.83 from pot
*** SUMMARY ***
Total pot $26.14 | Rake $1.31 
Board [6h Td Qh Ks 9s]
Seat 1: Conor1109 (small blind) folded on the River
Seat 2: BoyLoc0 (big blind) folded before Flop
Seat 3: BGS013 folded before Flop (didn't bet)
Seat 4: JUANS2 folded before Flop (didn't bet)
Seat 5: coeeeelho collected ($24.83)
Seat 6: Nicedaymybro (button) folded before Flop (didn't bet)



PokerStars Hand #254584493388:  Hold'em No Limit ($0.50/$1.00 USD) - 2025/01/27 20:44:33 WET [2025/01/27 15:44:33 ET]
Table 'Niobe V' 6-max Seat #1 is the button
Seat 1: Conor1109 ($41.30 in chips) 
Seat 2: BoyLoc0 ($120.64 in chips) 
Seat 3: BGS013 ($118.34 in chips) 
Seat 4: JUANS2 ($112.65 in chips) 
Seat 5: coeeeelho ($236.95 in chips) 
Seat 6: Nicedaymybro ($153.34 in chips) 
BoyLoc0: posts small blind $0.50
BGS013: posts big blind $1
*** HOLE CARDS ***
JUANS2: raises $1.50 to $2.50
coeeeelho: folds 
Nicedaymybro: folds 
Conor1109: raises $1.50 to $4
BoyLoc0: folds 
BGS013: folds 
JUANS2: raises $11.50 to $15.50
Conor1109: calls $11.50
*** FLOP *** [6d Ks 4c]
JUANS2: bets $26
Conor1109: calls $25.80 and is all-in
Uncalled bet ($0.20) returned to JUANS2
*** TURN *** [6d Ks 4c] [Ac]
*** RIVER *** [6d Ks 4c Ac] [2s]
*** SHOW DOWN ***
JUANS2: shows [As Qc] (a pair of Aces)
Conor1109: shows [6s 8s] (a pair of Sixes)
JUANS2 collected $81.60 from pot
*** SUMMARY ***
Total pot $84.10 | Rake $2.50 
Board [6d Ks 4c Ac 2s]
Seat 1: Conor1109 (button) showed [6s 8s] and lost with a pair of Sixes
Seat 2: BoyLoc0 (small blind) folded before Flop
Seat 3: BGS013 (big blind) folded before Flop
Seat 4: JUANS2 showed [As Qc] and won ($81.60) with a pair of Aces
Seat 5: coeeeelho folded before Flop (didn't bet)
Seat 6: Nicedaymybro folded before Flop (didn't bet)



PokerStars Hand #254584511254:  Hold'em No Limit ($0.50/$1.00 USD) - 2025/01/27 20:45:27 WET [2025/01/27 15:45:27 ET]
Table 'Niobe V' 6-max Seat #2 is the button
Seat 1: Conor1109 ($0 in chips) is sitting out
Seat 2: BoyLoc0 ($120.14 in chips) 
Seat 3: BGS013 ($117.34 in chips) 
Seat 4: JUANS2 ($152.95 in chips) 
Seat 5: coeeeelho ($236.95 in chips) 
Seat 6: Nicedaymybro ($153.34 in chips) 
BGS013: posts small blind $0.50
JUANS2: posts big blind $1
*** HOLE CARDS ***
Conor1109 leaves the table
coeeeelho: folds 
Nicedaymybro: folds 
BoyLoc0: raises $1.50 to $2.50
BGS013: folds 
JUANS2: folds 
Uncalled bet ($1.50) returned to BoyLoc0
BoyLoc0 collected $2.50 from pot
BoyLoc0: doesn't show hand 
*** SUMMARY ***
Total pot $2.50 | Rake $0 
Seat 1: Conor1109
Seat 2: BoyLoc0 (button) collected ($2.50)
Seat 3: BGS013 (small blind) folded before Flop
Seat 4: JUANS2 (big blind) folded before Flop
Seat 5: coeeeelho folded before Flop (didn't bet)
Seat 6: Nicedaymybro folded before Flop (didn't bet)



PokerStars Hand #254584520360:  Hold'em No Limit ($0.50/$1.00 USD) - 2025/01/27 20:45:55 WET [2025/01/27 15:45:55 ET]
Table 'Niobe V' 6-max Seat #3 is the button
Seat 2: BoyLoc0 ($121.64 in chips) 
Seat 3: BGS013 ($116.84 in chips) 
Seat 4: JUANS2 ($151.95 in chips) 
Seat 5: coeeeelho ($236.95 in chips) 
Seat 6: Nicedaymybro ($153.34 in chips) 
JUANS2: posts small blind $0.50
coeeeelho: posts big blind $1
*** HOLE CARDS ***
Nicedaymybro: folds 
BoyLoc0: folds 
BGS013: raises $1.50 to $2.50
JUANS2: folds 
coeeeelho: calls $1.50
*** FLOP *** [4s 6d Qd]
coeeeelho: checks 
BGS013: checks 
*** TURN *** [4s 6d Qd] [Ts]
coeeeelho: checks 
BGS013: bets $2.87
coeeeelho: folds 
Uncalled bet ($2.87) returned to BGS013
BGS013 collected $5.22 from pot
BGS013: doesn't show hand 
*** SUMMARY ***
Total pot $5.50 | Rake $0.28 
Board [4s 6d Qd Ts]
Seat 2: BoyLoc0 folded before Flop (didn't bet)
Seat 3: BGS013 (button) collected ($5.22)
Seat 4: JUANS2 (small blind) folded before Flop
Seat 5: coeeeelho (big blind) folded on the Turn
Seat 6: Nicedaymybro folded before Flop (didn't bet)



PokerStars Hand #254584531821:  Hold'em No Limit ($0.50/$1.00 USD) - 2025/01/27 20:46:30 WET [2025/01/27 15:46:30 ET]
Table 'Niobe V' 6-max Seat #4 is the button
Seat 2: BoyLoc0 ($121.64 in chips) 
Seat 3: BGS013 ($119.56 in chips) 
Seat 4: JUANS2 ($151.45 in chips) 
Seat 5: coeeeelho ($234.45 in chips) 
Seat 6: Nicedaymybro ($153.34 in chips) 
coeeeelho: posts small blind $0.50
Nicedaymybro: posts big blind $1
*** HOLE CARDS ***
BoyLoc0: folds 
BGS013: folds 
JUANS2: folds 
coeeeelho: raises $2 to $3
Nicedaymybro: calls $2
*** FLOP *** [Js Kd 2d]
coeeeelho: bets $1.43
Nicedaymybro: folds 
Uncalled bet ($1.43) returned to coeeeelho
coeeeelho collected $5.70 from pot
*** SUMMARY ***
Total pot $6 | Rake $0.30 
Board [Js Kd 2d]
Seat 2: BoyLoc0 folded before Flop (didn't bet)
Seat 3: BGS013 folded before Flop (didn't bet)
Seat 4: JUANS2 (button) folded before Flop (didn't bet)
Seat 5: coeeeelho (small blind) collected ($5.70)
Seat 6: Nicedaymybro (big blind) folded on the Flop



PokerStars Hand #254584540019:  Hold'em No Limit ($0.50/$1.00 USD) - 2025/01/27 20:46:55 WET [2025/01/27 15:46:55 ET]
Table 'Niobe V' 6-max Seat #5 is the button
Seat 2: BoyLoc0 ($121.64 in chips) is sitting out
Seat 3: BGS013 ($119.56 in chips) 
Seat 4: JUANS2 ($151.45 in chips) 
Seat 5: coeeeelho ($237.15 in chips) 
Seat 6: Nicedaymybro ($150.34 in chips) 
Nicedaymybro: posts small blind $0.50
BoyLoc0: is sitting out 
BGS013: posts big blind $1
*** HOLE CARDS ***
JUANS2: raises $1.50 to $2.50
BoyLoc0 leaves the table
coeeeelho: folds 
Nicedaymybro: folds 
BGS013: folds 
Uncalled bet ($1.50) returned to JUANS2
JUANS2 collected $2.50 from pot
JUANS2: doesn't show hand 
*** SUMMARY ***
Total pot $2.50 | Rake $0 
Seat 2: BoyLoc0
Seat 3: BGS013 (big blind) folded before Flop
Seat 4: JUANS2 collected ($2.50)
Seat 5: coeeeelho (button) folded before Flop (didn't bet)
Seat 6: Nicedaymybro (small blind) folded before Flop



PokerStars Hand #254584546011:  Hold'em No Limit ($0.50/$1.00 USD) - 2025/01/27 20:47:13 WET [2025/01/27 15:47:13 ET]
Table 'Niobe V' 6-max Seat #6 is the button
Seat 4: JUANS2 ($152.95 in chips) is sitting out
Seat 3: BGS013 ($118.56 in chips) 
Seat 5: coeeeelho ($237.15 in chips) 
Seat 6: Nicedaymybro ($149.84 in chips) 
BGS013: posts small blind $0.50
JUANS2: is sitting out 
coeeeelho: posts big blind $1
*** HOLE CARDS ***
JUANS2 leaves the table
Nicedaymybro: raises $1.50 to $2.50
BGS013: folds 
coeeeelho: folds 
Uncalled bet ($1.50) returned to Nicedaymybro
Nicedaymybro collected $2.50 from pot
Nicedaymybro: doesn't show hand 
*** SUMMARY ***
Total pot $2.50 | Rake $0 
Seat 4: JUANS2
Seat 3: BGS013 (small blind) folded before Flop
Seat 5: coeeeelho (big blind) folded before Flop
Seat 6: Nicedaymybro (button) collected ($2.50)



PokerStars Hand #254584549123:  Hold'em No Limit ($0.50/$1.00 USD) - 2025/01/27 20:47:22 WET [2025/01/27 15:47:22 ET]
Table 'Niobe V' 6-max Seat #5 is the button
Seat 6: Nicedaymybro ($151.34 in chips) is sitting out
Seat 3: BGS013 ($118.06 in chips) 
Seat 5: coeeeelho ($236.15 in chips) 
coeeeelho: posts small blind $0.50
Nicedaymybro: is sitting out 
BGS013: posts big blind $1
*** HOLE CARDS ***
coeeeelho: raises $1.50 to $2.50
Nicedaymybro leaves the table
BGS013: calls $1.50
*** FLOP *** [Ks 9s 2d]
BGS013: checks 
coeeeelho: bets $1.57
BGS013: calls $1.57
*** TURN *** [Ks 9s 2d] [7c]
BGS013: checks 
coeeeelho: bets $11.60
BGS013: folds 
Uncalled bet ($11.60) returned to coeeeelho
coeeeelho collected $7.73 from pot
*** SUMMARY ***
Total pot $8.14 | Rake $0.41 
Board [Ks 9s 2d 7c]
Seat 6: Nicedaymybro
Seat 3: BGS013 (big blind) folded on the Turn
Seat 5: coeeeelho (button) (small blind) collected ($7.73)



