PokerStars Hand #254577781522:  Hold'em No Limit ($0.50/$1.00 USD) - 2025/01/27 12:33:44 WET [2025/01/27 7:33:44 ET]
Table 'Tarka IV' 6-max Seat #1 is the button
Seat 1: Gfoer ($100 in chips) 
Seat 2: fpfeifer97 ($112.21 in chips) 
Seat 3: raiseinthedarkk ($100 in chips) 
Seat 6: Velkiturso ($86.79 in chips) 
fpfeifer97: posts small blind $0.50
raiseinthedarkk: posts big blind $1
*** HOLE CARDS ***
Velkiturso: raises $2 to $3
Gfoer: folds 
fpfeifer97: folds 
himqa joins the table at seat #4 
raiseinthedarkk: folds 
Uncalled bet ($2) returned to Velkiturso
Velkiturso collected $2.50 from pot
Velkiturso: doesn't show hand 
*** SUMMARY ***
Total pot $2.50 | Rake $0 
Seat 1: Gfoer (button) folded before Flop (didn't bet)
Seat 2: fpfeifer97 (small blind) folded before Flop
Seat 3: raiseinthedarkk (big blind) folded before Flop
Seat 6: Velkiturso collected ($2.50)



PokerStars Hand #254577783295:  Hold'em No Limit ($0.50/$1.00 USD) - 2025/01/27 12:33:57 WET [2025/01/27 7:33:57 ET]
Table 'Tarka IV' 6-max Seat #2 is the button
Seat 1: Gfoer ($100 in chips) 
Seat 2: fpfeifer97 ($111.71 in chips) 
Seat 3: raiseinthedarkk ($100 in chips) 
Seat 4: himqa ($100 in chips) 
Seat 6: Velkiturso ($88.29 in chips) 
raiseinthedarkk: posts small blind $0.50
himqa: posts big blind $1
*** HOLE CARDS ***
Velkiturso: folds 
Gfoer: folds 
fpfeifer97: raises $1.50 to $2.50
raiseinthedarkk: folds 
himqa: folds 
Uncalled bet ($1.50) returned to fpfeifer97
fpfeifer97 collected $2.50 from pot
*** SUMMARY ***
Total pot $2.50 | Rake $0 
Seat 1: Gfoer folded before Flop (didn't bet)
Seat 2: fpfeifer97 (button) collected ($2.50)
Seat 3: raiseinthedarkk (small blind) folded before Flop
Seat 4: himqa (big blind) folded before Flop
Seat 6: Velkiturso folded before Flop (didn't bet)



PokerStars Hand #254577786256:  Hold'em No Limit ($0.50/$1.00 USD) - 2025/01/27 12:34:19 WET [2025/01/27 7:34:19 ET]
Table 'Tarka IV' 6-max Seat #3 is the button
Seat 1: Gfoer ($100 in chips) 
Seat 2: fpfeifer97 ($113.21 in chips) 
Seat 3: raiseinthedarkk ($100 in chips) 
Seat 4: himqa ($100 in chips) 
Seat 6: Velkiturso ($88.29 in chips) 
himqa: posts small blind $0.50
Velkiturso: posts big blind $1
*** HOLE CARDS ***
Gfoer: folds 
fpfeifer97: folds 
raiseinthedarkk: raises $1.50 to $2.50
himqa: folds 
Velkiturso: raises $5.50 to $8
raiseinthedarkk: folds 
Uncalled bet ($5.50) returned to Velkiturso
Velkiturso collected $5.50 from pot
Velkiturso: doesn't show hand 
*** SUMMARY ***
Total pot $5.50 | Rake $0 
Seat 1: Gfoer folded before Flop (didn't bet)
Seat 2: fpfeifer97 folded before Flop (didn't bet)
Seat 3: raiseinthedarkk (button) folded before Flop
Seat 4: himqa (small blind) folded before Flop
Seat 6: Velkiturso (big blind) collected ($5.50)



PokerStars Hand #254577790133:  Hold'em No Limit ($0.50/$1.00 USD) - 2025/01/27 12:34:47 WET [2025/01/27 7:34:47 ET]
Table 'Tarka IV' 6-max Seat #4 is the button
Seat 1: Gfoer ($100 in chips) 
Seat 2: fpfeifer97 ($113.21 in chips) 
Seat 3: raiseinthedarkk ($100 in chips) 
Seat 4: himqa ($100 in chips) 
Seat 6: Velkiturso ($91.29 in chips) 
Velkiturso: posts small blind $0.50
Gfoer: posts big blind $1
*** HOLE CARDS ***
fpfeifer97: folds 
raiseinthedarkk: folds 
himqa: raises $1.50 to $2.50
Velkiturso: folds 
Gfoer: folds 
Uncalled bet ($1.50) returned to himqa
himqa collected $2.50 from pot
himqa: doesn't show hand 
*** SUMMARY ***
Total pot $2.50 | Rake $0 
Seat 1: Gfoer (big blind) folded before Flop
Seat 2: fpfeifer97 folded before Flop (didn't bet)
Seat 3: raiseinthedarkk folded before Flop (didn't bet)
Seat 4: himqa (button) collected ($2.50)
Seat 6: Velkiturso (small blind) folded before Flop



PokerStars Hand #254577792257:  Hold'em No Limit ($0.50/$1.00 USD) - 2025/01/27 12:35:03 WET [2025/01/27 7:35:03 ET]
Table 'Tarka IV' 6-max Seat #6 is the button
Seat 1: Gfoer ($100 in chips) 
Seat 2: fpfeifer97 ($113.21 in chips) 
Seat 3: raiseinthedarkk ($100 in chips) 
Seat 4: himqa ($101.50 in chips) 
Seat 6: Velkiturso ($90.79 in chips) 
Gfoer: posts small blind $0.50
fpfeifer97: posts big blind $1
*** HOLE CARDS ***
raiseinthedarkk: folds 
himqa: folds 
Velkiturso: folds 
Gfoer: folds 
Uncalled bet ($0.50) returned to fpfeifer97
fpfeifer97 collected $1 from pot
*** SUMMARY ***
Total pot $1 | Rake $0 
Seat 1: Gfoer (small blind) folded before Flop
Seat 2: fpfeifer97 (big blind) collected ($1)
Seat 3: raiseinthedarkk folded before Flop (didn't bet)
Seat 4: himqa folded before Flop (didn't bet)
Seat 6: Velkiturso (button) folded before Flop (didn't bet)



PokerStars Hand #254577794277:  Hold'em No Limit ($0.50/$1.00 USD) - 2025/01/27 12:35:18 WET [2025/01/27 7:35:18 ET]
Table 'Tarka IV' 6-max Seat #1 is the button
Seat 1: Gfoer ($100 in chips) 
Seat 2: fpfeifer97 ($113.71 in chips) 
Seat 3: raiseinthedarkk ($100 in chips) 
Seat 4: himqa ($101.50 in chips) 
Seat 6: Velkiturso ($90.79 in chips) 
fpfeifer97: posts small blind $0.50
raiseinthedarkk: posts big blind $1
*** HOLE CARDS ***
himqa: folds 
Velkiturso: raises $2 to $3
Gfoer: folds 
fpfeifer97: calls $2.50
raiseinthedarkk: folds 
*** FLOP *** [7d Qd 9h]
fpfeifer97: checks 
Velkiturso: bets $3.33
fpfeifer97: folds 
Uncalled bet ($3.33) returned to Velkiturso
Velkiturso collected $6.65 from pot
Velkiturso: doesn't show hand 
*** SUMMARY ***
Total pot $7 | Rake $0.35 
Board [7d Qd 9h]
Seat 1: Gfoer (button) folded before Flop (didn't bet)
Seat 2: fpfeifer97 (small blind) folded on the Flop
Seat 3: raiseinthedarkk (big blind) folded before Flop
Seat 4: himqa folded before Flop (didn't bet)
Seat 6: Velkiturso collected ($6.65)



PokerStars Hand #254577798513:  Hold'em No Limit ($0.50/$1.00 USD) - 2025/01/27 12:35:49 WET [2025/01/27 7:35:49 ET]
Table 'Tarka IV' 6-max Seat #2 is the button
Seat 1: Gfoer ($100 in chips) 
Seat 2: fpfeifer97 ($110.71 in chips) 
Seat 3: raiseinthedarkk ($100 in chips) 
Seat 4: himqa ($101.50 in chips) 
Seat 6: Velkiturso ($94.44 in chips) 
raiseinthedarkk: posts small blind $0.50
himqa: posts big blind $1
*** HOLE CARDS ***
Velkiturso: folds 
Gfoer: raises $1.20 to $2.20
fpfeifer97: folds 
raiseinthedarkk: folds 
AlexEliseev7 joins the table at seat #5 
himqa: calls $1.20
*** FLOP *** [Jd As 5d]
himqa: checks 
Gfoer: bets $3.50
himqa: folds 
Uncalled bet ($3.50) returned to Gfoer
Gfoer collected $4.66 from pot
Gfoer: doesn't show hand 
*** SUMMARY ***
Total pot $4.90 | Rake $0.24 
Board [Jd As 5d]
Seat 1: Gfoer collected ($4.66)
Seat 2: fpfeifer97 (button) folded before Flop (didn't bet)
Seat 3: raiseinthedarkk (small blind) folded before Flop
Seat 4: himqa (big blind) folded on the Flop
Seat 6: Velkiturso folded before Flop (didn't bet)



PokerStars Hand #254577804527:  Hold'em No Limit ($0.50/$1.00 USD) - 2025/01/27 12:36:32 WET [2025/01/27 7:36:32 ET]
Table 'Tarka IV' 6-max Seat #3 is the button
Seat 1: Gfoer ($102.46 in chips) 
Seat 2: fpfeifer97 ($110.71 in chips) 
Seat 3: raiseinthedarkk ($100 in chips) 
Seat 4: himqa ($100 in chips) 
Seat 5: AlexEliseev7 ($100 in chips) 
Seat 6: Velkiturso ($94.44 in chips) 
himqa: posts small blind $0.50
AlexEliseev7: posts big blind $1
*** HOLE CARDS ***
Velkiturso: raises $2 to $3
Gfoer: folds 
fpfeifer97: folds 
raiseinthedarkk: folds 
himqa: folds 
AlexEliseev7: folds 
Uncalled bet ($2) returned to Velkiturso
Velkiturso collected $2.50 from pot
Velkiturso: doesn't show hand 
*** SUMMARY ***
Total pot $2.50 | Rake $0 
Seat 1: Gfoer folded before Flop (didn't bet)
Seat 2: fpfeifer97 folded before Flop (didn't bet)
Seat 3: raiseinthedarkk (button) folded before Flop (didn't bet)
Seat 4: himqa (small blind) folded before Flop
Seat 5: AlexEliseev7 (big blind) folded before Flop
Seat 6: Velkiturso collected ($2.50)



PokerStars Hand #254577806732:  Hold'em No Limit ($0.50/$1.00 USD) - 2025/01/27 12:36:48 WET [2025/01/27 7:36:48 ET]
Table 'Tarka IV' 6-max Seat #4 is the button
Seat 1: Gfoer ($102.46 in chips) 
Seat 2: fpfeifer97 ($110.71 in chips) 
Seat 3: raiseinthedarkk ($100 in chips) 
Seat 4: himqa ($100 in chips) 
Seat 5: AlexEliseev7 ($100 in chips) 
Seat 6: Velkiturso ($95.94 in chips) 
AlexEliseev7: posts small blind $0.50
Velkiturso: posts big blind $1
*** HOLE CARDS ***
Gfoer: folds 
fpfeifer97: folds 
raiseinthedarkk: folds 
himqa: folds 
AlexEliseev7: folds 
Uncalled bet ($0.50) returned to Velkiturso
Velkiturso collected $1 from pot
Velkiturso: doesn't show hand 
*** SUMMARY ***
Total pot $1 | Rake $0 
Seat 1: Gfoer folded before Flop (didn't bet)
Seat 2: fpfeifer97 folded before Flop (didn't bet)
Seat 3: raiseinthedarkk folded before Flop (didn't bet)
Seat 4: himqa (button) folded before Flop (didn't bet)
Seat 5: AlexEliseev7 (small blind) folded before Flop
Seat 6: Velkiturso (big blind) collected ($1)



PokerStars Hand #254577808350:  Hold'em No Limit ($0.50/$1.00 USD) - 2025/01/27 12:36:59 WET [2025/01/27 7:36:59 ET]
Table 'Tarka IV' 6-max Seat #5 is the button
Seat 1: Gfoer ($102.46 in chips) 
Seat 2: fpfeifer97 ($110.71 in chips) 
Seat 3: raiseinthedarkk ($100 in chips) 
Seat 4: himqa ($100 in chips) 
Seat 5: AlexEliseev7 ($100 in chips) 
Seat 6: Velkiturso ($96.44 in chips) 
Velkiturso: posts small blind $0.50
Gfoer: posts big blind $1
*** HOLE CARDS ***
fpfeifer97: folds 
raiseinthedarkk: folds 
himqa: folds 
AlexEliseev7: folds 
Velkiturso: folds 
Uncalled bet ($0.50) returned to Gfoer
Gfoer collected $1 from pot
Gfoer: doesn't show hand 
*** SUMMARY ***
Total pot $1 | Rake $0 
Seat 1: Gfoer (big blind) collected ($1)
Seat 2: fpfeifer97 folded before Flop (didn't bet)
Seat 3: raiseinthedarkk folded before Flop (didn't bet)
Seat 4: himqa folded before Flop (didn't bet)
Seat 5: AlexEliseev7 (button) folded before Flop (didn't bet)
Seat 6: Velkiturso (small blind) folded before Flop



PokerStars Hand #254577811552:  Hold'em No Limit ($0.50/$1.00 USD) - 2025/01/27 12:37:23 WET [2025/01/27 7:37:23 ET]
Table 'Tarka IV' 6-max Seat #6 is the button
Seat 1: Gfoer ($102.96 in chips) 
Seat 2: fpfeifer97 ($110.71 in chips) 
Seat 3: raiseinthedarkk ($100 in chips) 
Seat 4: himqa ($100 in chips) 
Seat 5: AlexEliseev7 ($100 in chips) 
Seat 6: Velkiturso ($95.94 in chips) 
Gfoer: posts small blind $0.50
fpfeifer97: posts big blind $1
*** HOLE CARDS ***
raiseinthedarkk: folds 
himqa: folds 
AlexEliseev7: folds 
Velkiturso: raises $2 to $3
Gfoer: folds 
fpfeifer97: calls $2
*** FLOP *** [5h Qh Th]
fpfeifer97: checks 
Velkiturso: bets $3.09
fpfeifer97: calls $3.09
*** TURN *** [5h Qh Th] [6d]
fpfeifer97: checks 
Velkiturso: checks 
*** RIVER *** [5h Qh Th 6d] [4c]
fpfeifer97: bets $10
Velkiturso: folds 
Uncalled bet ($10) returned to fpfeifer97
fpfeifer97 collected $12.05 from pot
*** SUMMARY ***
Total pot $12.68 | Rake $0.63 
Board [5h Qh Th 6d 4c]
Seat 1: Gfoer (small blind) folded before Flop
Seat 2: fpfeifer97 (big blind) collected ($12.05)
Seat 3: raiseinthedarkk folded before Flop (didn't bet)
Seat 4: himqa folded before Flop (didn't bet)
Seat 5: AlexEliseev7 folded before Flop (didn't bet)
Seat 6: Velkiturso (button) folded on the River



PokerStars Hand #254577821433:  Hold'em No Limit ($0.50/$1.00 USD) - 2025/01/27 12:38:33 WET [2025/01/27 7:38:33 ET]
Table 'Tarka IV' 6-max Seat #1 is the button
Seat 1: Gfoer ($102.46 in chips) 
Seat 2: fpfeifer97 ($116.67 in chips) 
Seat 3: raiseinthedarkk ($100 in chips) 
Seat 4: himqa ($100 in chips) 
Seat 5: AlexEliseev7 ($100 in chips) 
Seat 6: Velkiturso ($89.85 in chips) 
fpfeifer97: posts small blind $0.50
raiseinthedarkk: posts big blind $1
*** HOLE CARDS ***
himqa: raises $1.50 to $2.50
AlexEliseev7: folds 
Velkiturso: folds 
Gfoer: folds 
fpfeifer97: folds 
raiseinthedarkk: folds 
Uncalled bet ($1.50) returned to himqa
himqa collected $2.50 from pot
himqa: doesn't show hand 
*** SUMMARY ***
Total pot $2.50 | Rake $0 
Seat 1: Gfoer (button) folded before Flop (didn't bet)
Seat 2: fpfeifer97 (small blind) folded before Flop
Seat 3: raiseinthedarkk (big blind) folded before Flop
Seat 4: himqa collected ($2.50)
Seat 5: AlexEliseev7 folded before Flop (didn't bet)
Seat 6: Velkiturso folded before Flop (didn't bet)



PokerStars Hand #254577825332:  Hold'em No Limit ($0.50/$1.00 USD) - 2025/01/27 12:39:01 WET [2025/01/27 7:39:01 ET]
Table 'Tarka IV' 6-max Seat #2 is the button
Seat 1: Gfoer ($102.46 in chips) 
Seat 2: fpfeifer97 ($116.17 in chips) 
Seat 3: raiseinthedarkk ($100 in chips) 
Seat 4: himqa ($101.50 in chips) 
Seat 5: AlexEliseev7 ($100 in chips) 
Seat 6: Velkiturso ($89.85 in chips) 
raiseinthedarkk: posts small blind $0.50
himqa: posts big blind $1
*** HOLE CARDS ***
AlexEliseev7: folds 
Velkiturso: folds 
Gfoer: folds 
fpfeifer97: raises $1.50 to $2.50
raiseinthedarkk: folds 
himqa: folds 
Uncalled bet ($1.50) returned to fpfeifer97
fpfeifer97 collected $2.50 from pot
*** SUMMARY ***
Total pot $2.50 | Rake $0 
Seat 1: Gfoer folded before Flop (didn't bet)
Seat 2: fpfeifer97 (button) collected ($2.50)
Seat 3: raiseinthedarkk (small blind) folded before Flop
Seat 4: himqa (big blind) folded before Flop
Seat 5: AlexEliseev7 folded before Flop (didn't bet)
Seat 6: Velkiturso folded before Flop (didn't bet)



PokerStars Hand #254577827617:  Hold'em No Limit ($0.50/$1.00 USD) - 2025/01/27 12:39:18 WET [2025/01/27 7:39:18 ET]
Table 'Tarka IV' 6-max Seat #3 is the button
Seat 1: Gfoer ($102.46 in chips) 
Seat 2: fpfeifer97 ($117.67 in chips) 
Seat 3: raiseinthedarkk ($100 in chips) 
Seat 4: himqa ($100.50 in chips) 
Seat 5: AlexEliseev7 ($100 in chips) 
Seat 6: Velkiturso ($89.85 in chips) 
himqa: posts small blind $0.50
AlexEliseev7: posts big blind $1
*** HOLE CARDS ***
Velkiturso: folds 
Gfoer: folds 
fpfeifer97: raises $1.50 to $2.50
raiseinthedarkk: folds 
himqa: raises $7.50 to $10
AlexEliseev7: folds 
fpfeifer97: calls $7.50
*** FLOP *** [8d 2s 9h]
himqa: bets $6.58
fpfeifer97: calls $6.58
*** TURN *** [8d 2s 9h] [Ah]
himqa: bets $24.34
fpfeifer97: folds 
Uncalled bet ($24.34) returned to himqa
himqa collected $32.45 from pot
himqa: doesn't show hand 
*** SUMMARY ***
Total pot $34.16 | Rake $1.71 
Board [8d 2s 9h Ah]
Seat 1: Gfoer folded before Flop (didn't bet)
Seat 2: fpfeifer97 folded on the Turn
Seat 3: raiseinthedarkk (button) folded before Flop (didn't bet)
Seat 4: himqa (small blind) collected ($32.45)
Seat 5: AlexEliseev7 (big blind) folded before Flop
Seat 6: Velkiturso folded before Flop (didn't bet)



PokerStars Hand #254577836834:  Hold'em No Limit ($0.50/$1.00 USD) - 2025/01/27 12:40:23 WET [2025/01/27 7:40:23 ET]
Table 'Tarka IV' 6-max Seat #4 is the button
Seat 1: Gfoer ($102.46 in chips) 
Seat 2: fpfeifer97 ($101.09 in chips) 
Seat 3: raiseinthedarkk ($100 in chips) 
Seat 4: himqa ($116.37 in chips) 
Seat 5: AlexEliseev7 ($100 in chips) 
Seat 6: Velkiturso ($89.85 in chips) 
AlexEliseev7: posts small blind $0.50
Velkiturso: posts big blind $1
*** HOLE CARDS ***
Gfoer: folds 
fpfeifer97: raises $1.50 to $2.50
raiseinthedarkk: folds 
himqa: raises $5 to $7.50
AlexEliseev7: raises $14 to $21.50
Velkiturso: folds 
fpfeifer97: folds 
himqa: folds 
Uncalled bet ($14) returned to AlexEliseev7
AlexEliseev7 collected $18.50 from pot
AlexEliseev7: doesn't show hand 
*** SUMMARY ***
Total pot $18.50 | Rake $0 
Seat 1: Gfoer folded before Flop (didn't bet)
Seat 2: fpfeifer97 folded before Flop
Seat 3: raiseinthedarkk folded before Flop (didn't bet)
Seat 4: himqa (button) folded before Flop
Seat 5: AlexEliseev7 (small blind) collected ($18.50)
Seat 6: Velkiturso (big blind) folded before Flop



PokerStars Hand #254577841823:  Hold'em No Limit ($0.50/$1.00 USD) - 2025/01/27 12:40:58 WET [2025/01/27 7:40:58 ET]
Table 'Tarka IV' 6-max Seat #5 is the button
Seat 1: Gfoer ($102.46 in chips) 
Seat 2: fpfeifer97 ($98.59 in chips) 
Seat 3: raiseinthedarkk ($100 in chips) 
Seat 4: himqa ($108.87 in chips) 
Seat 5: AlexEliseev7 ($111 in chips) 
Seat 6: Velkiturso ($88.85 in chips) 
Velkiturso: posts small blind $0.50
Gfoer: posts big blind $1
*** HOLE CARDS ***
fpfeifer97: folds 
raiseinthedarkk: raises $1.20 to $2.20
himqa: folds 
AlexEliseev7: folds 
Velkiturso: raises $6.80 to $9
Gfoer: folds 
raiseinthedarkk: calls $6.80
*** FLOP *** [Jh Ad 5h]
Velkiturso: bets $9.03
raiseinthedarkk: folds 
Uncalled bet ($9.03) returned to Velkiturso
Velkiturso collected $18.05 from pot
Velkiturso: doesn't show hand 
*** SUMMARY ***
Total pot $19 | Rake $0.95 
Board [Jh Ad 5h]
Seat 1: Gfoer (big blind) folded before Flop
Seat 2: fpfeifer97 folded before Flop (didn't bet)
Seat 3: raiseinthedarkk folded on the Flop
Seat 4: himqa folded before Flop (didn't bet)
Seat 5: AlexEliseev7 (button) folded before Flop (didn't bet)
Seat 6: Velkiturso (small blind) collected ($18.05)



PokerStars Hand #254577848641:  Hold'em No Limit ($0.50/$1.00 USD) - 2025/01/27 12:41:45 WET [2025/01/27 7:41:45 ET]
Table 'Tarka IV' 6-max Seat #6 is the button
Seat 1: Gfoer ($101.46 in chips) 
Seat 2: fpfeifer97 ($98.59 in chips) 
Seat 3: raiseinthedarkk ($100 in chips) 
Seat 4: himqa ($108.87 in chips) 
Seat 5: AlexEliseev7 ($111 in chips) 
Seat 6: Velkiturso ($97.90 in chips) 
Gfoer: posts small blind $0.50
fpfeifer97: posts big blind $1
*** HOLE CARDS ***
raiseinthedarkk: raises $1.20 to $2.20
himqa: folds 
AlexEliseev7: folds 
Velkiturso: calls $2.20
Gfoer: calls $1.70
fpfeifer97: calls $1.20
*** FLOP *** [Jh 7d Js]
Gfoer: checks 
fpfeifer97: checks 
raiseinthedarkk: checks 
Velkiturso: checks 
*** TURN *** [Jh 7d Js] [Kc]
Gfoer: bets $3.01
fpfeifer97: folds 
raiseinthedarkk: folds 
Velkiturso: calls $3.01
*** RIVER *** [Jh 7d Js Kc] [4h]
Gfoer: checks 
Velkiturso: checks 
*** SHOW DOWN ***
Gfoer: shows [7h 7c] (a full house, Sevens full of Jacks)
Velkiturso: mucks hand 
Gfoer collected $14.08 from pot
*** SUMMARY ***
Total pot $14.82 | Rake $0.74 
Board [Jh 7d Js Kc 4h]
Seat 1: Gfoer (small blind) showed [7h 7c] and won ($14.08) with a full house, Sevens full of Jacks
Seat 2: fpfeifer97 (big blind) folded on the Turn
Seat 3: raiseinthedarkk folded on the Turn
Seat 4: himqa folded before Flop (didn't bet)
Seat 5: AlexEliseev7 folded before Flop (didn't bet)
Seat 6: Velkiturso (button) mucked



PokerStars Hand #254577859061:  Hold'em No Limit ($0.50/$1.00 USD) - 2025/01/27 12:42:57 WET [2025/01/27 7:42:57 ET]
Table 'Tarka IV' 6-max Seat #1 is the button
Seat 1: Gfoer ($110.33 in chips) 
Seat 2: fpfeifer97 ($96.39 in chips) 
Seat 3: raiseinthedarkk ($100 in chips) 
Seat 4: himqa ($108.87 in chips) 
Seat 5: AlexEliseev7 ($111 in chips) 
Seat 6: Velkiturso ($92.69 in chips) 
fpfeifer97: posts small blind $0.50
raiseinthedarkk: posts big blind $1
*** HOLE CARDS ***
himqa: raises $1.50 to $2.50
AlexEliseev7: folds 
Velkiturso: folds 
Gfoer: folds 
fpfeifer97: folds 
raiseinthedarkk: folds 
Uncalled bet ($1.50) returned to himqa
himqa collected $2.50 from pot
himqa: doesn't show hand 
*** SUMMARY ***
Total pot $2.50 | Rake $0 
Seat 1: Gfoer (button) folded before Flop (didn't bet)
Seat 2: fpfeifer97 (small blind) folded before Flop
Seat 3: raiseinthedarkk (big blind) folded before Flop
Seat 4: himqa collected ($2.50)
Seat 5: AlexEliseev7 folded before Flop (didn't bet)
Seat 6: Velkiturso folded before Flop (didn't bet)



PokerStars Hand #254577861886:  Hold'em No Limit ($0.50/$1.00 USD) - 2025/01/27 12:43:17 WET [2025/01/27 7:43:17 ET]
Table 'Tarka IV' 6-max Seat #2 is the button
Seat 1: Gfoer ($110.33 in chips) 
Seat 2: fpfeifer97 ($95.89 in chips) 
Seat 3: raiseinthedarkk ($100 in chips) 
Seat 4: himqa ($110.37 in chips) 
Seat 5: AlexEliseev7 ($111 in chips) 
Seat 6: Velkiturso ($92.69 in chips) 
raiseinthedarkk: posts small blind $0.50
himqa: posts big blind $1
*** HOLE CARDS ***
AlexEliseev7: folds 
Velkiturso: raises $1 to $2
Gfoer: folds 
fpfeifer97: folds 
raiseinthedarkk: folds 
himqa: folds 
Uncalled bet ($1) returned to Velkiturso
Velkiturso collected $2.50 from pot
Velkiturso: doesn't show hand 
*** SUMMARY ***
Total pot $2.50 | Rake $0 
Seat 1: Gfoer folded before Flop (didn't bet)
Seat 2: fpfeifer97 (button) folded before Flop (didn't bet)
Seat 3: raiseinthedarkk (small blind) folded before Flop
Seat 4: himqa (big blind) folded before Flop
Seat 5: AlexEliseev7 folded before Flop (didn't bet)
Seat 6: Velkiturso collected ($2.50)



PokerStars Hand #254577865180:  Hold'em No Limit ($0.50/$1.00 USD) - 2025/01/27 12:43:39 WET [2025/01/27 7:43:39 ET]
Table 'Tarka IV' 6-max Seat #3 is the button
Seat 1: Gfoer ($110.33 in chips) 
Seat 2: fpfeifer97 ($95.89 in chips) 
Seat 3: raiseinthedarkk ($100 in chips) 
Seat 4: himqa ($109.37 in chips) 
Seat 5: AlexEliseev7 ($111 in chips) 
Seat 6: Velkiturso ($94.19 in chips) 
himqa: posts small blind $0.50
AlexEliseev7: posts big blind $1
*** HOLE CARDS ***
Velkiturso: folds 
Gfoer: raises $1.20 to $2.20
fpfeifer97: folds 
raiseinthedarkk: folds 
himqa: folds 
AlexEliseev7: folds 
Uncalled bet ($1.20) returned to Gfoer
Gfoer collected $2.50 from pot
Gfoer: doesn't show hand 
*** SUMMARY ***
Total pot $2.50 | Rake $0 
Seat 1: Gfoer collected ($2.50)
Seat 2: fpfeifer97 folded before Flop (didn't bet)
Seat 3: raiseinthedarkk (button) folded before Flop (didn't bet)
Seat 4: himqa (small blind) folded before Flop
Seat 5: AlexEliseev7 (big blind) folded before Flop
Seat 6: Velkiturso folded before Flop (didn't bet)



PokerStars Hand #254577868706:  Hold'em No Limit ($0.50/$1.00 USD) - 2025/01/27 12:44:04 WET [2025/01/27 7:44:04 ET]
Table 'Tarka IV' 6-max Seat #4 is the button
Seat 1: Gfoer ($111.83 in chips) 
Seat 2: fpfeifer97 ($95.89 in chips) 
Seat 3: raiseinthedarkk ($100 in chips) 
Seat 4: himqa ($108.87 in chips) 
Seat 5: AlexEliseev7 ($110 in chips) 
Seat 6: Velkiturso ($94.19 in chips) 
AlexEliseev7: posts small blind $0.50
Velkiturso: posts big blind $1
*** HOLE CARDS ***
Gfoer: folds 
Gfoer leaves the table
fpfeifer97: folds 
raiseinthedarkk: folds 
himqa: raises $1.50 to $2.50
AlexEliseev7: folds 
Velkiturso: calls $1.50
*** FLOP *** [Ac Kc 7s]
jeffket joins the table at seat #1 
Velkiturso: checks 
himqa: bets $1.72
Velkiturso: calls $1.72
*** TURN *** [Ac Kc 7s] [6d]
Velkiturso: checks 
himqa: checks 
*** RIVER *** [Ac Kc 7s 6d] [4s]
Velkiturso: bets $4.25
himqa: folds 
Uncalled bet ($4.25) returned to Velkiturso
Velkiturso collected $8.49 from pot
Velkiturso: doesn't show hand 
*** SUMMARY ***
Total pot $8.94 | Rake $0.45 
Board [Ac Kc 7s 6d 4s]
Seat 1: Gfoer folded before Flop (didn't bet)
Seat 2: fpfeifer97 folded before Flop (didn't bet)
Seat 3: raiseinthedarkk folded before Flop (didn't bet)
Seat 4: himqa (button) folded on the River
Seat 5: AlexEliseev7 (small blind) folded before Flop
Seat 6: Velkiturso (big blind) collected ($8.49)



PokerStars Hand #254577879441:  Hold'em No Limit ($0.50/$1.00 USD) - 2025/01/27 12:45:16 WET [2025/01/27 7:45:16 ET]
Table 'Tarka IV' 6-max Seat #5 is the button
Seat 1: jeffket ($97.43 in chips) 
Seat 2: fpfeifer97 ($95.89 in chips) 
Seat 3: raiseinthedarkk ($100 in chips) 
Seat 4: himqa ($104.65 in chips) 
Seat 5: AlexEliseev7 ($109.50 in chips) 
Seat 6: Velkiturso ($98.46 in chips) 
Velkiturso: posts small blind $0.50
jeffket: posts big blind $1
*** HOLE CARDS ***
fpfeifer97: folds 
raiseinthedarkk: folds 
himqa: raises $1.50 to $2.50
AlexEliseev7: folds 
Velkiturso: raises $6 to $8.50
jeffket: folds 
himqa: calls $6
*** FLOP *** [6d 6s 4h]
Velkiturso: bets $8
himqa: calls $8
*** TURN *** [6d 6s 4h] [5h]
Velkiturso: bets $16.15
himqa: calls $16.15
*** RIVER *** [6d 6s 4h 5h] [8d]
Velkiturso: checks 
himqa: bets $72 and is all-in
Velkiturso: folds 
Uncalled bet ($72) returned to himqa
himqa collected $63.80 from pot
himqa: doesn't show hand 
*** SUMMARY ***
Total pot $66.30 | Rake $2.50 
Board [6d 6s 4h 5h 8d]
Seat 1: jeffket (big blind) folded before Flop
Seat 2: fpfeifer97 folded before Flop (didn't bet)
Seat 3: raiseinthedarkk folded before Flop (didn't bet)
Seat 4: himqa collected ($63.80)
Seat 5: AlexEliseev7 (button) folded before Flop (didn't bet)
Seat 6: Velkiturso (small blind) folded on the River



PokerStars Hand #254577891274:  Hold'em No Limit ($0.50/$1.00 USD) - 2025/01/27 12:46:35 WET [2025/01/27 7:46:35 ET]
Table 'Tarka IV' 6-max Seat #6 is the button
Seat 1: jeffket ($96.43 in chips) 
Seat 2: fpfeifer97 ($95.89 in chips) 
Seat 3: raiseinthedarkk ($100 in chips) 
Seat 4: himqa ($135.80 in chips) 
Seat 5: AlexEliseev7 ($109.50 in chips) 
Seat 6: Velkiturso ($65.81 in chips) 
jeffket: posts small blind $0.50
fpfeifer97: posts big blind $1
*** HOLE CARDS ***
raiseinthedarkk: folds 
himqa: raises $1.50 to $2.50
AlexEliseev7: folds 
Velkiturso: folds 
jeffket: folds 
fpfeifer97: calls $1.50
*** FLOP *** [Ks 2h 8h]
fpfeifer97: checks 
himqa: bets $3.71
fpfeifer97: calls $3.71
*** TURN *** [Ks 2h 8h] [9h]
fpfeifer97: bets $4.05
himqa: calls $4.05
*** RIVER *** [Ks 2h 8h 9h] [Ad]
fpfeifer97: bets $20
himqa: folds 
Uncalled bet ($20) returned to fpfeifer97
fpfeifer97 collected $19.97 from pot
*** SUMMARY ***
Total pot $21.02 | Rake $1.05 
Board [Ks 2h 8h 9h Ad]
Seat 1: jeffket (small blind) folded before Flop
Seat 2: fpfeifer97 (big blind) collected ($19.97)
Seat 3: raiseinthedarkk folded before Flop (didn't bet)
Seat 4: himqa folded on the River
Seat 5: AlexEliseev7 folded before Flop (didn't bet)
Seat 6: Velkiturso (button) folded before Flop (didn't bet)



PokerStars Hand #254577908217:  Hold'em No Limit ($0.50/$1.00 USD) - 2025/01/27 12:48:28 WET [2025/01/27 7:48:28 ET]
Table 'Tarka IV' 6-max Seat #1 is the button
Seat 1: jeffket ($95.93 in chips) 
Seat 2: fpfeifer97 ($105.60 in chips) 
Seat 3: raiseinthedarkk ($100 in chips) 
Seat 4: himqa ($125.54 in chips) 
Seat 5: AlexEliseev7 ($109.50 in chips) 
Seat 6: Velkiturso ($73.84 in chips) 
fpfeifer97: posts small blind $0.50
raiseinthedarkk: posts big blind $1
*** HOLE CARDS ***
himqa: folds 
AlexEliseev7: folds 
Velkiturso: folds 
jeffket: folds 
fpfeifer97: calls $0.50
raiseinthedarkk: checks 
*** FLOP *** [2h Ks Qs]
fpfeifer97: bets $1
raiseinthedarkk: calls $1
*** TURN *** [2h Ks Qs] [4d]
fpfeifer97: bets $5.50
raiseinthedarkk: folds 
Uncalled bet ($5.50) returned to fpfeifer97
fpfeifer97 collected $3.80 from pot
*** SUMMARY ***
Total pot $4 | Rake $0.20 
Board [2h Ks Qs 4d]
Seat 1: jeffket (button) folded before Flop (didn't bet)
Seat 2: fpfeifer97 (small blind) collected ($3.80)
Seat 3: raiseinthedarkk (big blind) folded on the Turn
Seat 4: himqa folded before Flop (didn't bet)
Seat 5: AlexEliseev7 folded before Flop (didn't bet)
Seat 6: Velkiturso folded before Flop (didn't bet)



PokerStars Hand #254577915884:  Hold'em No Limit ($0.50/$1.00 USD) - 2025/01/27 12:49:20 WET [2025/01/27 7:49:20 ET]
Table 'Tarka IV' 6-max Seat #2 is the button
Seat 1: jeffket ($95.93 in chips) 
Seat 2: fpfeifer97 ($107.40 in chips) 
Seat 3: raiseinthedarkk ($100 in chips) 
Seat 4: himqa ($125.54 in chips) 
Seat 5: AlexEliseev7 ($109.50 in chips) 
Seat 6: Velkiturso ($73.84 in chips) 
raiseinthedarkk: posts small blind $0.50
himqa: posts big blind $1
*** HOLE CARDS ***
AlexEliseev7: folds 
Velkiturso: folds 
jeffket: folds 
fpfeifer97: folds 
raiseinthedarkk: raises $2 to $3
himqa: folds 
Uncalled bet ($2) returned to raiseinthedarkk
raiseinthedarkk collected $2 from pot
raiseinthedarkk: doesn't show hand 
*** SUMMARY ***
Total pot $2 | Rake $0 
Seat 1: jeffket folded before Flop (didn't bet)
Seat 2: fpfeifer97 (button) folded before Flop (didn't bet)
Seat 3: raiseinthedarkk (small blind) collected ($2)
Seat 4: himqa (big blind) folded before Flop
Seat 5: AlexEliseev7 folded before Flop (didn't bet)
Seat 6: Velkiturso folded before Flop (didn't bet)



PokerStars Hand #254577917733:  Hold'em No Limit ($0.50/$1.00 USD) - 2025/01/27 12:49:33 WET [2025/01/27 7:49:33 ET]
Table 'Tarka IV' 6-max Seat #3 is the button
Seat 1: jeffket ($95.93 in chips) 
Seat 2: fpfeifer97 ($107.40 in chips) 
Seat 3: raiseinthedarkk ($101 in chips) 
Seat 4: himqa ($124.54 in chips) 
Seat 5: AlexEliseev7 ($109.50 in chips) 
Seat 6: Velkiturso ($73.84 in chips) 
himqa: posts small blind $0.50
AlexEliseev7: posts big blind $1
*** HOLE CARDS ***
Velkiturso: folds 
jeffket: raises $1 to $2
fpfeifer97: folds 
raiseinthedarkk: folds 
himqa: folds 
AlexEliseev7: folds 
Uncalled bet ($1) returned to jeffket
jeffket collected $2.50 from pot
jeffket: doesn't show hand 
*** SUMMARY ***
Total pot $2.50 | Rake $0 
Seat 1: jeffket collected ($2.50)
Seat 2: fpfeifer97 folded before Flop (didn't bet)
Seat 3: raiseinthedarkk (button) folded before Flop (didn't bet)
Seat 4: himqa (small blind) folded before Flop
Seat 5: AlexEliseev7 (big blind) folded before Flop
Seat 6: Velkiturso folded before Flop (didn't bet)



PokerStars Hand #254577920396:  Hold'em No Limit ($0.50/$1.00 USD) - 2025/01/27 12:49:50 WET [2025/01/27 7:49:50 ET]
Table 'Tarka IV' 6-max Seat #4 is the button
Seat 1: jeffket ($97.43 in chips) 
Seat 2: fpfeifer97 ($107.40 in chips) 
Seat 3: raiseinthedarkk ($101 in chips) 
Seat 4: himqa ($124.04 in chips) 
Seat 5: AlexEliseev7 ($108.50 in chips) 
Seat 6: Velkiturso ($73.84 in chips) 
AlexEliseev7: posts small blind $0.50
Velkiturso: posts big blind $1
*** HOLE CARDS ***
jeffket: folds 
fpfeifer97: raises $1.50 to $2.50
raiseinthedarkk: folds 
himqa: folds 
AlexEliseev7: folds 
Velkiturso: folds 
Uncalled bet ($1.50) returned to fpfeifer97
fpfeifer97 collected $2.50 from pot
*** SUMMARY ***
Total pot $2.50 | Rake $0 
Seat 1: jeffket folded before Flop (didn't bet)
Seat 2: fpfeifer97 collected ($2.50)
Seat 3: raiseinthedarkk folded before Flop (didn't bet)
Seat 4: himqa (button) folded before Flop (didn't bet)
Seat 5: AlexEliseev7 (small blind) folded before Flop
Seat 6: Velkiturso (big blind) folded before Flop



PokerStars Hand #254577925314:  Hold'em No Limit ($0.50/$1.00 USD) - 2025/01/27 12:50:24 WET [2025/01/27 7:50:24 ET]
Table 'Tarka IV' 6-max Seat #5 is the button
Seat 1: jeffket ($97.43 in chips) 
Seat 2: fpfeifer97 ($108.90 in chips) 
Seat 3: raiseinthedarkk ($101 in chips) 
Seat 4: himqa ($124.04 in chips) 
Seat 5: AlexEliseev7 ($108 in chips) 
Seat 6: Velkiturso ($72.84 in chips) 
Velkiturso: posts small blind $0.50
jeffket: posts big blind $1
*** HOLE CARDS ***
fpfeifer97: folds 
raiseinthedarkk: folds 
himqa: raises $1.50 to $2.50
AlexEliseev7: folds 
Velkiturso: folds 
jeffket: calls $1.50
*** FLOP *** [Jc Ts 8h]
jeffket: bets $7
himqa: calls $7
*** TURN *** [Jc Ts 8h] [5c]
jeffket: bets $24
himqa: calls $24
*** RIVER *** [Jc Ts 8h 5c] [7c]
jeffket: checks 
himqa: bets $90.54 and is all-in
jeffket: calls $63.93 and is all-in
Uncalled bet ($26.61) returned to himqa
*** SHOW DOWN ***
himqa: shows [Ks 9d] (a straight, Seven to Jack)
jeffket: shows [Jd 8d] (two pair, Jacks and Eights)
himqa collected $192.86 from pot
*** SUMMARY ***
Total pot $195.36 | Rake $2.50 
Board [Jc Ts 8h 5c 7c]
Seat 1: jeffket (big blind) showed [Jd 8d] and lost with two pair, Jacks and Eights
Seat 2: fpfeifer97 folded before Flop (didn't bet)
Seat 3: raiseinthedarkk folded before Flop (didn't bet)
Seat 4: himqa showed [Ks 9d] and won ($192.86) with a straight, Seven to Jack
Seat 5: AlexEliseev7 (button) folded before Flop (didn't bet)
Seat 6: Velkiturso (small blind) folded before Flop



PokerStars Hand #254577936326:  Hold'em No Limit ($0.50/$1.00 USD) - 2025/01/27 12:51:37 WET [2025/01/27 7:51:37 ET]
Table 'Tarka IV' 6-max Seat #6 is the button
Seat 1: jeffket ($0 in chips) is sitting out
Seat 2: fpfeifer97 ($108.90 in chips) 
Seat 3: raiseinthedarkk ($101 in chips) 
Seat 4: himqa ($219.47 in chips) 
Seat 5: AlexEliseev7 ($108 in chips) 
Seat 6: Velkiturso ($72.34 in chips) 
fpfeifer97: posts small blind $0.50
raiseinthedarkk: posts big blind $1
*** HOLE CARDS ***
himqa: folds 
AlexEliseev7: raises $1.50 to $2.50
Velkiturso: folds 
fpfeifer97: folds 
raiseinthedarkk: folds 
Uncalled bet ($1.50) returned to AlexEliseev7
AlexEliseev7 collected $2.50 from pot
AlexEliseev7: doesn't show hand 
*** SUMMARY ***
Total pot $2.50 | Rake $0 
Seat 1: jeffket
Seat 2: fpfeifer97 (small blind) folded before Flop
Seat 3: raiseinthedarkk (big blind) folded before Flop
Seat 4: himqa folded before Flop (didn't bet)
Seat 5: AlexEliseev7 collected ($2.50)
Seat 6: Velkiturso (button) folded before Flop (didn't bet)



PokerStars Hand #254577941085:  Hold'em No Limit ($0.50/$1.00 USD) - 2025/01/27 12:52:09 WET [2025/01/27 7:52:09 ET]
Table 'Tarka IV' 6-max Seat #2 is the button
Seat 1: jeffket ($0 in chips) is sitting out
Seat 2: fpfeifer97 ($108.40 in chips) 
Seat 3: raiseinthedarkk ($100 in chips) 
Seat 4: himqa ($219.47 in chips) 
Seat 5: AlexEliseev7 ($109.50 in chips) 
Seat 6: Velkiturso ($72.34 in chips) 
raiseinthedarkk: posts small blind $0.50
himqa: posts big blind $1
*** HOLE CARDS ***
jeffket leaves the table
AlexEliseev7: folds 
Velkiturso: raises $2 to $3
fpfeifer97: folds 
Pon4uk.ua joins the table at seat #1 
raiseinthedarkk: folds 
himqa: calls $2
*** FLOP *** [Qd Jh 6h]
himqa: checks 
Velkiturso: bets $4.09
himqa: folds 
Uncalled bet ($4.09) returned to Velkiturso
Velkiturso collected $6.18 from pot
Velkiturso: doesn't show hand 
*** SUMMARY ***
Total pot $6.50 | Rake $0.32 
Board [Qd Jh 6h]
Seat 1: jeffket
Seat 2: fpfeifer97 (button) folded before Flop (didn't bet)
Seat 3: raiseinthedarkk (small blind) folded before Flop
Seat 4: himqa (big blind) folded on the Flop
Seat 5: AlexEliseev7 folded before Flop (didn't bet)
Seat 6: Velkiturso collected ($6.18)



PokerStars Hand #254577947031:  Hold'em No Limit ($0.50/$1.00 USD) - 2025/01/27 12:52:49 WET [2025/01/27 7:52:49 ET]
Table 'Tarka IV' 6-max Seat #3 is the button
Seat 1: Pon4uk.ua ($100 in chips) is sitting out
Seat 2: fpfeifer97 ($108.40 in chips) 
Seat 3: raiseinthedarkk ($100 in chips) 
Seat 4: himqa ($216.47 in chips) 
Seat 5: AlexEliseev7 ($109.50 in chips) 
Seat 6: Velkiturso ($75.52 in chips) 
himqa: posts small blind $0.50
AlexEliseev7: posts big blind $1
Pon4uk.ua: sits out 
*** HOLE CARDS ***
Velkiturso: folds 
fpfeifer97: raises $1.50 to $2.50
raiseinthedarkk: folds 
himqa: folds 
AlexEliseev7: folds 
Uncalled bet ($1.50) returned to fpfeifer97
fpfeifer97 collected $2.50 from pot
*** SUMMARY ***
Total pot $2.50 | Rake $0 
Seat 1: Pon4uk.ua
Seat 2: fpfeifer97 collected ($2.50)
Seat 3: raiseinthedarkk (button) folded before Flop (didn't bet)
Seat 4: himqa (small blind) folded before Flop
Seat 5: AlexEliseev7 (big blind) folded before Flop
Seat 6: Velkiturso folded before Flop (didn't bet)



PokerStars Hand #254577950506:  Hold'em No Limit ($0.50/$1.00 USD) - 2025/01/27 12:53:12 WET [2025/01/27 7:53:12 ET]
Table 'Tarka IV' 6-max Seat #4 is the button
Seat 1: Pon4uk.ua ($100 in chips) is sitting out
Seat 2: fpfeifer97 ($109.90 in chips) 
Seat 3: raiseinthedarkk ($100 in chips) 
Seat 4: himqa ($215.97 in chips) 
Seat 5: AlexEliseev7 ($108.50 in chips) 
Seat 6: Velkiturso ($75.52 in chips) 
AlexEliseev7: posts small blind $0.50
Velkiturso: posts big blind $1
Pon4uk.ua: sits out 
*** HOLE CARDS ***
fpfeifer97: raises $1.50 to $2.50
raiseinthedarkk: folds 
himqa: folds 
AlexEliseev7: folds 
Velkiturso: folds 
Uncalled bet ($1.50) returned to fpfeifer97
fpfeifer97 collected $2.50 from pot
*** SUMMARY ***
Total pot $2.50 | Rake $0 
Seat 1: Pon4uk.ua
Seat 2: fpfeifer97 collected ($2.50)
Seat 3: raiseinthedarkk folded before Flop (didn't bet)
Seat 4: himqa (button) folded before Flop (didn't bet)
Seat 5: AlexEliseev7 (small blind) folded before Flop
Seat 6: Velkiturso (big blind) folded before Flop



PokerStars Hand #254577953118:  Hold'em No Limit ($0.50/$1.00 USD) - 2025/01/27 12:53:29 WET [2025/01/27 7:53:29 ET]
Table 'Tarka IV' 6-max Seat #5 is the button
Seat 1: Pon4uk.ua ($100 in chips) 
Seat 2: fpfeifer97 ($111.40 in chips) 
Seat 3: raiseinthedarkk ($100 in chips) 
Seat 4: himqa ($215.97 in chips) 
Seat 5: AlexEliseev7 ($108 in chips) 
Seat 6: Velkiturso ($74.52 in chips) 
Velkiturso: posts small blind $0.50
Pon4uk.ua: posts big blind $1
*** HOLE CARDS ***
fpfeifer97: folds 
raiseinthedarkk: folds 
himqa: folds 
AlexEliseev7: raises $1.50 to $2.50
Velkiturso: raises $6 to $8.50
Pon4uk.ua: folds 
AlexEliseev7: folds 
Uncalled bet ($6) returned to Velkiturso
Velkiturso collected $6 from pot
Velkiturso: doesn't show hand 
*** SUMMARY ***
Total pot $6 | Rake $0 
Seat 1: Pon4uk.ua (big blind) folded before Flop
Seat 2: fpfeifer97 folded before Flop (didn't bet)
Seat 3: raiseinthedarkk folded before Flop (didn't bet)
Seat 4: himqa folded before Flop (didn't bet)
Seat 5: AlexEliseev7 (button) folded before Flop
Seat 6: Velkiturso (small blind) collected ($6)



PokerStars Hand #254577957618:  Hold'em No Limit ($0.50/$1.00 USD) - 2025/01/27 12:53:59 WET [2025/01/27 7:53:59 ET]
Table 'Tarka IV' 6-max Seat #6 is the button
Seat 1: Pon4uk.ua ($100 in chips) 
Seat 2: fpfeifer97 ($111.40 in chips) 
Seat 3: raiseinthedarkk ($100 in chips) 
Seat 4: himqa ($215.97 in chips) 
Seat 5: AlexEliseev7 ($105.50 in chips) 
Seat 6: Velkiturso ($78.02 in chips) 
Pon4uk.ua: posts small blind $0.50
fpfeifer97: posts big blind $1
*** HOLE CARDS ***
raiseinthedarkk: folds 
himqa: folds 
AlexEliseev7: folds 
Velkiturso: raises $2 to $3
Pon4uk.ua: folds 
fpfeifer97: calls $2
*** FLOP *** [9h Tc Kd]
fpfeifer97: checks 
Velkiturso: bets $4.09
fpfeifer97: folds 
Uncalled bet ($4.09) returned to Velkiturso
Velkiturso collected $6.18 from pot
Velkiturso: doesn't show hand 
*** SUMMARY ***
Total pot $6.50 | Rake $0.32 
Board [9h Tc Kd]
Seat 1: Pon4uk.ua (small blind) folded before Flop
Seat 2: fpfeifer97 (big blind) folded on the Flop
Seat 3: raiseinthedarkk folded before Flop (didn't bet)
Seat 4: himqa folded before Flop (didn't bet)
Seat 5: AlexEliseev7 folded before Flop (didn't bet)
Seat 6: Velkiturso (button) collected ($6.18)



PokerStars Hand #254577962677:  Hold'em No Limit ($0.50/$1.00 USD) - 2025/01/27 12:54:33 WET [2025/01/27 7:54:33 ET]
Table 'Tarka IV' 6-max Seat #1 is the button
Seat 1: Pon4uk.ua ($100 in chips) 
Seat 2: fpfeifer97 ($108.40 in chips) 
Seat 3: raiseinthedarkk ($100 in chips) 
Seat 4: himqa ($215.97 in chips) 
Seat 5: AlexEliseev7 ($105.50 in chips) 
Seat 6: Velkiturso ($81.20 in chips) 
fpfeifer97: posts small blind $0.50
raiseinthedarkk: posts big blind $1
*** HOLE CARDS ***
himqa: folds 
AlexEliseev7: raises $1.50 to $2.50
Velkiturso: calls $2.50
Pon4uk.ua: folds 
fpfeifer97: folds 
raiseinthedarkk: calls $1.50
*** FLOP *** [Ad 9s 9c]
raiseinthedarkk: checks 
AlexEliseev7: bets $2.51
Velkiturso: folds 
raiseinthedarkk: raises $8.33 to $10.84
AlexEliseev7: folds 
Uncalled bet ($8.33) returned to raiseinthedarkk
raiseinthedarkk collected $12.37 from pot
raiseinthedarkk: doesn't show hand 
*** SUMMARY ***
Total pot $13.02 | Rake $0.65 
Board [Ad 9s 9c]
Seat 1: Pon4uk.ua (button) folded before Flop (didn't bet)
Seat 2: fpfeifer97 (small blind) folded before Flop
Seat 3: raiseinthedarkk (big blind) collected ($12.37)
Seat 4: himqa folded before Flop (didn't bet)
Seat 5: AlexEliseev7 folded on the Flop
Seat 6: Velkiturso folded on the Flop



PokerStars Hand #254577971458:  Hold'em No Limit ($0.50/$1.00 USD) - 2025/01/27 12:55:37 WET [2025/01/27 7:55:37 ET]
Table 'Tarka IV' 6-max Seat #2 is the button
Seat 1: Pon4uk.ua ($100 in chips) 
Seat 2: fpfeifer97 ($107.90 in chips) 
Seat 3: raiseinthedarkk ($107.36 in chips) 
Seat 4: himqa ($215.97 in chips) 
Seat 5: AlexEliseev7 ($100.49 in chips) 
Seat 6: Velkiturso ($78.70 in chips) 
raiseinthedarkk: posts small blind $0.50
himqa: posts big blind $1
*** HOLE CARDS ***
AlexEliseev7: folds 
Velkiturso: raises $2 to $3
Pon4uk.ua: raises $4.50 to $7.50
fpfeifer97: folds 
raiseinthedarkk: folds 
himqa: folds 
Velkiturso: calls $4.50
*** FLOP *** [7d 3d Th]
Velkiturso: checks 
Pon4uk.ua: bets $5.17
Velkiturso: raises $8.17 to $13.34
Pon4uk.ua: calls $8.17
*** TURN *** [7d 3d Th] [Jd]
Velkiturso: bets $20.51
Pon4uk.ua: calls $20.51
*** RIVER *** [7d 3d Th Jd] [Kd]
Velkiturso: bets $37.35 and is all-in
Pon4uk.ua: calls $37.35
*** SHOW DOWN ***
Velkiturso: shows [Ah Js] (a pair of Jacks)
Pon4uk.ua: shows [2d Ad] (a flush, Ace high)
Pon4uk.ua collected $156.40 from pot
*** SUMMARY ***
Total pot $158.90 | Rake $2.50 
Board [7d 3d Th Jd Kd]
Seat 1: Pon4uk.ua showed [2d Ad] and won ($156.40) with a flush, Ace high
Seat 2: fpfeifer97 (button) folded before Flop (didn't bet)
Seat 3: raiseinthedarkk (small blind) folded before Flop
Seat 4: himqa (big blind) folded before Flop
Seat 5: AlexEliseev7 folded before Flop (didn't bet)
Seat 6: Velkiturso showed [Ah Js] and lost with a pair of Jacks



PokerStars Hand #254577981150:  Hold'em No Limit ($0.50/$1.00 USD) - 2025/01/27 12:56:58 WET [2025/01/27 7:56:58 ET]
Table 'Tarka IV' 6-max Seat #3 is the button
Seat 6: Velkiturso ($0 in chips) is sitting out
Seat 1: Pon4uk.ua ($177.70 in chips) 
Seat 2: fpfeifer97 ($107.90 in chips) 
Seat 3: raiseinthedarkk ($106.86 in chips) 
Seat 4: himqa ($214.97 in chips) 
Seat 5: AlexEliseev7 ($100.49 in chips) 
himqa: posts small blind $0.50
AlexEliseev7: posts big blind $1
*** HOLE CARDS ***
Velkiturso leaves the table
Pon4uk.ua: folds 
fpfeifer97 has timed out
fpfeifer97: folds 
raiseinthedarkk: raises $1.50 to $2.50
himqa: folds 
AlexEliseev7: folds 
Uncalled bet ($1.50) returned to raiseinthedarkk
raiseinthedarkk collected $2.50 from pot
raiseinthedarkk: doesn't show hand 
*** SUMMARY ***
Total pot $2.50 | Rake $0 
Seat 6: Velkiturso
Seat 1: Pon4uk.ua folded before Flop (didn't bet)
Seat 2: fpfeifer97 folded before Flop (didn't bet)
Seat 3: raiseinthedarkk (button) collected ($2.50)
Seat 4: himqa (small blind) folded before Flop
Seat 5: AlexEliseev7 (big blind) folded before Flop



PokerStars Hand #254577985101:  Hold'em No Limit ($0.50/$1.00 USD) - 2025/01/27 12:57:31 WET [2025/01/27 7:57:31 ET]
Table 'Tarka IV' 6-max Seat #4 is the button
Seat 1: Pon4uk.ua ($177.70 in chips) 
Seat 2: fpfeifer97 ($107.90 in chips) 
Seat 3: raiseinthedarkk ($108.36 in chips) 
Seat 4: himqa ($214.47 in chips) 
Seat 5: AlexEliseev7 ($100 in chips) 
AlexEliseev7: posts small blind $0.50
Pon4uk.ua: posts big blind $1
*** HOLE CARDS ***
Pippa83 joins the table at seat #6 
fpfeifer97 has timed out
fpfeifer97: folds 
raiseinthedarkk: raises $1.20 to $2.20
himqa: folds 
AlexEliseev7: folds 
Pon4uk.ua: folds 
Uncalled bet ($1.20) returned to raiseinthedarkk
raiseinthedarkk collected $2.50 from pot
raiseinthedarkk: doesn't show hand 
*** SUMMARY ***
Total pot $2.50 | Rake $0 
Seat 1: Pon4uk.ua (big blind) folded before Flop
Seat 2: fpfeifer97 folded before Flop (didn't bet)
Seat 3: raiseinthedarkk collected ($2.50)
Seat 4: himqa (button) folded before Flop (didn't bet)
Seat 5: AlexEliseev7 (small blind) folded before Flop



PokerStars Hand #254577988109:  Hold'em No Limit ($0.50/$1.00 USD) - 2025/01/27 12:57:56 WET [2025/01/27 7:57:56 ET]
Table 'Tarka IV' 6-max Seat #5 is the button
Seat 6: Pippa83 ($100 in chips) is sitting out
Seat 1: Pon4uk.ua ($176.70 in chips) 
Seat 2: fpfeifer97 ($107.90 in chips) 
Seat 3: raiseinthedarkk ($109.86 in chips) 
Seat 4: himqa ($214.47 in chips) 
Seat 5: AlexEliseev7 ($100 in chips) 
Pon4uk.ua: posts small blind $0.50
fpfeifer97: posts big blind $1
*** HOLE CARDS ***
raiseinthedarkk: raises $1.20 to $2.20
himqa: folds 
AlexEliseev7: folds 
Pon4uk.ua: folds 
fpfeifer97: folds 
Uncalled bet ($1.20) returned to raiseinthedarkk
raiseinthedarkk collected $2.50 from pot
raiseinthedarkk: doesn't show hand 
*** SUMMARY ***
Total pot $2.50 | Rake $0 
Seat 6: Pippa83
Seat 1: Pon4uk.ua (small blind) folded before Flop
Seat 2: fpfeifer97 (big blind) folded before Flop
Seat 3: raiseinthedarkk collected ($2.50)
Seat 4: himqa folded before Flop (didn't bet)
Seat 5: AlexEliseev7 (button) folded before Flop (didn't bet)



PokerStars Hand #254577991196:  Hold'em No Limit ($0.50/$1.00 USD) - 2025/01/27 12:58:22 WET [2025/01/27 7:58:22 ET]
Table 'Tarka IV' 6-max Seat #1 is the button
Seat 3: raiseinthedarkk ($111.36 in chips) is sitting out
Seat 6: Pippa83 ($100 in chips) is sitting out
Seat 1: Pon4uk.ua ($176.20 in chips) 
Seat 2: fpfeifer97 ($106.90 in chips) 
Seat 4: himqa ($214.47 in chips) 
Seat 5: AlexEliseev7 ($100 in chips) 
fpfeifer97: posts small blind $0.50
raiseinthedarkk: is sitting out 
himqa: posts big blind $1
Pippa83: sits out 
*** HOLE CARDS ***
AlexEliseev7: raises $1.50 to $2.50
Pon4uk.ua: folds 
fpfeifer97: folds 
himqa: folds 
Uncalled bet ($1.50) returned to AlexEliseev7
raiseinthedarkk leaves the table
AlexEliseev7 collected $2.50 from pot
AlexEliseev7: doesn't show hand 
*** SUMMARY ***
Total pot $2.50 | Rake $0 
Seat 3: raiseinthedarkk
Seat 6: Pippa83
Seat 1: Pon4uk.ua (button) folded before Flop (didn't bet)
Seat 2: fpfeifer97 (small blind) folded before Flop
Seat 4: himqa (big blind) folded before Flop
Seat 5: AlexEliseev7 collected ($2.50)



PokerStars Hand #254577992548:  Hold'em No Limit ($0.50/$1.00 USD) - 2025/01/27 12:58:33 WET [2025/01/27 7:58:33 ET]
Table 'Tarka IV' 6-max Seat #2 is the button
Seat 6: Pippa83 ($100 in chips) is sitting out
Seat 1: Pon4uk.ua ($176.20 in chips) 
Seat 2: fpfeifer97 ($106.40 in chips) 
Seat 4: himqa ($213.47 in chips) 
Seat 5: AlexEliseev7 ($101.50 in chips) 
himqa: posts small blind $0.50
AlexEliseev7: posts big blind $1
Pippa83: sits out 
*** HOLE CARDS ***
Pon4uk.ua: folds 
fpfeifer97: folds 
himqa: raises $2 to $3
AlexEliseev7: folds 
Uncalled bet ($2) returned to himqa
himqa collected $2 from pot
himqa: doesn't show hand 
*** SUMMARY ***
Total pot $2 | Rake $0 
Seat 6: Pippa83
Seat 1: Pon4uk.ua folded before Flop (didn't bet)
Seat 2: fpfeifer97 (button) folded before Flop (didn't bet)
Seat 4: himqa (small blind) collected ($2)
Seat 5: AlexEliseev7 (big blind) folded before Flop



PokerStars Hand #254577994359:  Hold'em No Limit ($0.50/$1.00 USD) - 2025/01/27 12:58:48 WET [2025/01/27 7:58:48 ET]
Table 'Tarka IV' 6-max Seat #4 is the button
Seat 1: Pon4uk.ua ($176.20 in chips) 
Seat 2: fpfeifer97 ($106.40 in chips) 
Seat 4: himqa ($214.47 in chips) 
Seat 5: AlexEliseev7 ($100.50 in chips) 
Seat 6: Pippa83 ($100 in chips) 
AlexEliseev7: posts small blind $0.50
Pippa83: posts big blind $1
*** HOLE CARDS ***
Pon4uk.ua: folds 
fpfeifer97: folds 
himqa: folds 
AlexEliseev7: folds 
Uncalled bet ($0.50) returned to Pippa83
Pippa83 collected $1 from pot
Pippa83: doesn't show hand 
*** SUMMARY ***
Total pot $1 | Rake $0 
Seat 1: Pon4uk.ua folded before Flop (didn't bet)
Seat 2: fpfeifer97 folded before Flop (didn't bet)
Seat 4: himqa (button) folded before Flop (didn't bet)
Seat 5: AlexEliseev7 (small blind) folded before Flop
Seat 6: Pippa83 (big blind) collected ($1)



PokerStars Hand #254577996760:  Hold'em No Limit ($0.50/$1.00 USD) - 2025/01/27 12:59:08 WET [2025/01/27 7:59:08 ET]
Table 'Tarka IV' 6-max Seat #5 is the button
Seat 1: Pon4uk.ua ($176.20 in chips) 
Seat 2: fpfeifer97 ($106.40 in chips) 
Seat 4: himqa ($214.47 in chips) 
Seat 5: AlexEliseev7 ($100 in chips) 
Seat 6: Pippa83 ($100.50 in chips) 
Pippa83: posts small blind $0.50
Pon4uk.ua: posts big blind $1
*** HOLE CARDS ***
fpfeifer97: folds 
himqa: folds 
AlexEliseev7: raises $1.50 to $2.50
Pippa83: folds 
Pon4uk.ua: folds 
Uncalled bet ($1.50) returned to AlexEliseev7
AlexEliseev7 collected $2.50 from pot
AlexEliseev7: doesn't show hand 
*** SUMMARY ***
Total pot $2.50 | Rake $0 
Seat 1: Pon4uk.ua (big blind) folded before Flop
Seat 2: fpfeifer97 folded before Flop (didn't bet)
Seat 4: himqa folded before Flop (didn't bet)
Seat 5: AlexEliseev7 (button) collected ($2.50)
Seat 6: Pippa83 (small blind) folded before Flop



PokerStars Hand #254577999833:  Hold'em No Limit ($0.50/$1.00 USD) - 2025/01/27 12:59:34 WET [2025/01/27 7:59:34 ET]
Table 'Tarka IV' 6-max Seat #6 is the button
Seat 1: Pon4uk.ua ($175.20 in chips) 
Seat 2: fpfeifer97 ($106.40 in chips) 
Seat 4: himqa ($214.47 in chips) 
Seat 5: AlexEliseev7 ($101.50 in chips) 
Seat 6: Pippa83 ($100 in chips) 
Pon4uk.ua: posts small blind $0.50
fpfeifer97: posts big blind $1
*** HOLE CARDS ***
himqa: folds 
AlexEliseev7: raises $1.50 to $2.50
Pippa83: folds 
Pon4uk.ua: folds 
socito joins the table at seat #3 
fpfeifer97: calls $1.50
*** FLOP *** [6c Kc 2s]
socito leaves the table
fpfeifer97: checks 
AlexEliseev7: bets $2.56
fpfeifer97: raises $6.19 to $8.75
AlexEliseev7: folds 
Uncalled bet ($6.19) returned to fpfeifer97
fpfeifer97 collected $10.09 from pot
*** SUMMARY ***
Total pot $10.62 | Rake $0.53 
Board [6c Kc 2s]
Seat 1: Pon4uk.ua (small blind) folded before Flop
Seat 2: fpfeifer97 (big blind) collected ($10.09)
Seat 4: himqa folded before Flop (didn't bet)
Seat 5: AlexEliseev7 folded on the Flop
Seat 6: Pippa83 (button) folded before Flop (didn't bet)



PokerStars Hand #254578006672:  Hold'em No Limit ($0.50/$1.00 USD) - 2025/01/27 13:00:30 WET [2025/01/27 8:00:30 ET]
Table 'Tarka IV' 6-max Seat #1 is the button
Seat 4: himqa ($214.47 in chips) is sitting out
Seat 1: Pon4uk.ua ($174.70 in chips) 
Seat 2: fpfeifer97 ($111.43 in chips) 
Seat 5: AlexEliseev7 ($100 in chips) 
Seat 6: Pippa83 ($100 in chips) 
fpfeifer97: posts small blind $0.50
himqa: is sitting out 
AlexEliseev7: posts big blind $1
*** HOLE CARDS ***
himqa leaves the table
riverking727 joins the table at seat #3 
Pippa83: folds 
Slami4 joins the table at seat #4 
Pon4uk.ua: raises $1.50 to $2.50
fpfeifer97: folds 
AlexEliseev7: folds 
Uncalled bet ($1.50) returned to Pon4uk.ua
Pon4uk.ua collected $2.50 from pot
Pon4uk.ua: doesn't show hand 
*** SUMMARY ***
Total pot $2.50 | Rake $0 
Seat 4: himqa
Seat 1: Pon4uk.ua (button) collected ($2.50)
Seat 2: fpfeifer97 (small blind) folded before Flop
Seat 5: AlexEliseev7 (big blind) folded before Flop
Seat 6: Pippa83 folded before Flop (didn't bet)



PokerStars Hand #254578008785:  Hold'em No Limit ($0.50/$1.00 USD) - 2025/01/27 13:00:47 WET [2025/01/27 8:00:47 ET]
Table 'Tarka IV' 6-max Seat #5 is the button
Seat 3: riverking727 ($91.80 in chips) is sitting out
Seat 4: Slami4 ($100 in chips) is sitting out
Seat 1: Pon4uk.ua ($176.20 in chips) 
Seat 5: AlexEliseev7 ($100 in chips) 
Seat 6: Pippa83 ($100 in chips) 
Pippa83: posts small blind $0.50
Pon4uk.ua: posts big blind $1
riverking727: sits out 
fpfeifer97 leaves the table
Slami4 is connected 
Slami4: sits out 
*** HOLE CARDS ***
AlexEliseev7: folds 
Pippa83: folds 
Uncalled bet ($0.50) returned to Pon4uk.ua
Pon4uk.ua collected $1 from pot
Pon4uk.ua: doesn't show hand 
*** SUMMARY ***
Total pot $1 | Rake $0 
Seat 3: riverking727
Seat 4: Slami4
Seat 1: Pon4uk.ua (big blind) collected ($1)
Seat 5: AlexEliseev7 (button) folded before Flop (didn't bet)
Seat 6: Pippa83 (small blind) folded before Flop



PokerStars Hand #254578011013:  Hold'em No Limit ($0.50/$1.00 USD) - 2025/01/27 13:01:02 WET [2025/01/27 8:01:02 ET]
Table 'Tarka IV' 6-max Seat #6 is the button
Seat 4: Slami4 ($100 in chips) is sitting out
Seat 1: Pon4uk.ua ($176.70 in chips) 
Seat 3: riverking727 ($91.80 in chips) 
Seat 5: AlexEliseev7 ($100 in chips) 
Seat 6: Pippa83 ($100 in chips) 
Pon4uk.ua: posts small blind $0.50
riverking727: posts big blind $1
Slami4: sits out 
*** HOLE CARDS ***
AlexEliseev7: folds 
Pippa83: folds 
himqa joins the table at seat #2 
Pon4uk.ua: raises $1.75 to $2.75
riverking727: calls $1.75
*** FLOP *** [Qh 3s 8c]
Pon4uk.ua: checks 
riverking727: checks 
*** TURN *** [Qh 3s 8c] [Td]
Pon4uk.ua: checks 
riverking727: bets $2.61
Pon4uk.ua: folds 
Uncalled bet ($2.61) returned to riverking727
riverking727 collected $5.22 from pot
riverking727: doesn't show hand 
*** SUMMARY ***
Total pot $5.50 | Rake $0.28 
Board [Qh 3s 8c Td]
Seat 4: Slami4
Seat 1: Pon4uk.ua (small blind) folded on the Turn
Seat 3: riverking727 (big blind) collected ($5.22)
Seat 5: AlexEliseev7 folded before Flop (didn't bet)
Seat 6: Pippa83 (button) folded before Flop (didn't bet)



PokerStars Hand #254578018779:  Hold'em No Limit ($0.50/$1.00 USD) - 2025/01/27 13:01:55 WET [2025/01/27 8:01:55 ET]
Table 'Tarka IV' 6-max Seat #1 is the button
Seat 2: himqa ($214.47 in chips) is sitting out
Seat 1: Pon4uk.ua ($173.95 in chips) 
Seat 3: riverking727 ($94.27 in chips) 
Seat 4: Slami4 ($100 in chips) 
Seat 5: AlexEliseev7 ($100 in chips) 
Seat 6: Pippa83 ($100 in chips) 
riverking727: posts small blind $0.50
Slami4: posts big blind $1
*** HOLE CARDS ***
AlexEliseev7: folds 
Pippa83: raises $1.50 to $2.50
Pon4uk.ua: raises $5 to $7.50
riverking727: folds 
Slami4: folds 
Pippa83: raises $13 to $20.50
Pon4uk.ua: folds 
Uncalled bet ($13) returned to Pippa83
Pippa83 collected $16.50 from pot
Pippa83: doesn't show hand 
*** SUMMARY ***
Total pot $16.50 | Rake $0 
Seat 2: himqa
Seat 1: Pon4uk.ua (button) folded before Flop
Seat 3: riverking727 (small blind) folded before Flop
Seat 4: Slami4 (big blind) folded before Flop
Seat 5: AlexEliseev7 folded before Flop (didn't bet)
Seat 6: Pippa83 collected ($16.50)



PokerStars Hand #254578022429:  Hold'em No Limit ($0.50/$1.00 USD) - 2025/01/27 13:02:19 WET [2025/01/27 8:02:19 ET]
Table 'Tarka IV' 6-max Seat #3 is the button
Seat 2: himqa ($214.47 in chips) is sitting out
Seat 1: Pon4uk.ua ($166.45 in chips) 
Seat 3: riverking727 ($93.77 in chips) 
Seat 4: Slami4 ($100 in chips) 
Seat 5: AlexEliseev7 ($100 in chips) 
Seat 6: Pippa83 ($109 in chips) 
Slami4: posts small blind $0.50
AlexEliseev7: posts big blind $1
himqa: sits out 
*** HOLE CARDS ***
Pippa83: folds 
Pon4uk.ua: folds 
riverking727: folds 
Slami4: folds 
Uncalled bet ($0.50) returned to AlexEliseev7
AlexEliseev7 collected $1 from pot
AlexEliseev7: doesn't show hand 
*** SUMMARY ***
Total pot $1 | Rake $0 
Seat 2: himqa
Seat 1: Pon4uk.ua folded before Flop (didn't bet)
Seat 3: riverking727 (button) folded before Flop (didn't bet)
Seat 4: Slami4 (small blind) folded before Flop
Seat 5: AlexEliseev7 (big blind) collected ($1)
Seat 6: Pippa83 folded before Flop (didn't bet)



PokerStars Hand #254578024434:  Hold'em No Limit ($0.50/$1.00 USD) - 2025/01/27 13:02:33 WET [2025/01/27 8:02:33 ET]
Table 'Tarka IV' 6-max Seat #4 is the button
Seat 2: himqa ($214.47 in chips) is sitting out
Seat 1: Pon4uk.ua ($166.45 in chips) 
Seat 3: riverking727 ($93.77 in chips) 
Seat 4: Slami4 ($100 in chips) 
Seat 5: AlexEliseev7 ($100.50 in chips) 
Seat 6: Pippa83 ($109 in chips) 
AlexEliseev7: posts small blind $0.50
Pippa83: posts big blind $1
himqa: sits out 
*** HOLE CARDS ***
Pon4uk.ua: folds 
riverking727: folds 
Slami4: folds 
AlexEliseev7: raises $2 to $3
Pippa83: folds 
Uncalled bet ($2) returned to AlexEliseev7
AlexEliseev7 collected $2 from pot
AlexEliseev7: doesn't show hand 
*** SUMMARY ***
Total pot $2 | Rake $0 
Seat 2: himqa
Seat 1: Pon4uk.ua folded before Flop (didn't bet)
Seat 3: riverking727 folded before Flop (didn't bet)
Seat 4: Slami4 (button) folded before Flop (didn't bet)
Seat 5: AlexEliseev7 (small blind) collected ($2)
Seat 6: Pippa83 (big blind) folded before Flop



PokerStars Hand #254578027084:  Hold'em No Limit ($0.50/$1.00 USD) - 2025/01/27 13:02:50 WET [2025/01/27 8:02:50 ET]
Table 'Tarka IV' 6-max Seat #5 is the button
Seat 2: himqa ($214.47 in chips) is sitting out
Seat 1: Pon4uk.ua ($166.45 in chips) 
Seat 3: riverking727 ($93.77 in chips) 
Seat 4: Slami4 ($100 in chips) 
Seat 5: AlexEliseev7 ($101.50 in chips) 
Seat 6: Pippa83 ($108 in chips) 
Pippa83: posts small blind $0.50
Pon4uk.ua: posts big blind $1
himqa: sits out 
*** HOLE CARDS ***
riverking727: folds 
Slami4: folds 
AlexEliseev7: folds 
Pippa83: raises $2 to $3
Pon4uk.ua: calls $2
*** FLOP *** [Jh Qs 5c]
Pippa83: bets $1.88
Pon4uk.ua: calls $1.88
*** TURN *** [Jh Qs 5c] [Tc]
Pippa83: bets $6.95
Pon4uk.ua: calls $6.95
*** RIVER *** [Jh Qs 5c Tc] [2s]
Pippa83: checks 
Pon4uk.ua: checks 
*** SHOW DOWN ***
Pippa83: shows [9s Td] (a pair of Tens)
Pon4uk.ua: shows [Qc Ks] (a pair of Queens)
Pon4uk.ua collected $22.48 from pot
*** SUMMARY ***
Total pot $23.66 | Rake $1.18 
Board [Jh Qs 5c Tc 2s]
Seat 2: himqa
Seat 1: Pon4uk.ua (big blind) showed [Qc Ks] and won ($22.48) with a pair of Queens
Seat 3: riverking727 folded before Flop (didn't bet)
Seat 4: Slami4 folded before Flop (didn't bet)
Seat 5: AlexEliseev7 (button) folded before Flop (didn't bet)
Seat 6: Pippa83 (small blind) showed [9s Td] and lost with a pair of Tens



PokerStars Hand #254578037638:  Hold'em No Limit ($0.50/$1.00 USD) - 2025/01/27 13:03:59 WET [2025/01/27 8:03:59 ET]
Table 'Tarka IV' 6-max Seat #6 is the button
Seat 1: Pon4uk.ua ($177.10 in chips) 
Seat 2: himqa ($214.47 in chips) 
Seat 3: riverking727 ($93.77 in chips) 
Seat 4: Slami4 ($100 in chips) 
Seat 5: AlexEliseev7 ($101.50 in chips) 
Seat 6: Pippa83 ($100 in chips) 
Pon4uk.ua: posts small blind $0.50
himqa: posts big blind $1
*** HOLE CARDS ***
riverking727: raises $2 to $3
Slami4: folds 
AlexEliseev7: folds 
Pippa83: folds 
Pon4uk.ua: folds 
himqa: folds 
Uncalled bet ($2) returned to riverking727
riverking727 collected $2.50 from pot
riverking727: doesn't show hand 
*** SUMMARY ***
Total pot $2.50 | Rake $0 
Seat 1: Pon4uk.ua (small blind) folded before Flop
Seat 2: himqa (big blind) folded before Flop
Seat 3: riverking727 collected ($2.50)
Seat 4: Slami4 folded before Flop (didn't bet)
Seat 5: AlexEliseev7 folded before Flop (didn't bet)
Seat 6: Pippa83 (button) folded before Flop (didn't bet)



PokerStars Hand #254578039963:  Hold'em No Limit ($0.50/$1.00 USD) - 2025/01/27 13:04:15 WET [2025/01/27 8:04:15 ET]
Table 'Tarka IV' 6-max Seat #1 is the button
Seat 1: Pon4uk.ua ($176.60 in chips) 
Seat 2: himqa ($213.47 in chips) 
Seat 3: riverking727 ($95.27 in chips) 
Seat 4: Slami4 ($100 in chips) 
Seat 5: AlexEliseev7 ($101.50 in chips) 
Seat 6: Pippa83 ($100 in chips) 
himqa: posts small blind $0.50
riverking727: posts big blind $1
*** HOLE CARDS ***
Slami4: folds 
AlexEliseev7: folds 
Pippa83: folds 
Pon4uk.ua: folds 
himqa: raises $2 to $3
riverking727: calls $2
*** FLOP *** [3c Kh Tc]
himqa: checks 
riverking727: checks 
*** TURN *** [3c Kh Tc] [5h]
himqa: checks 
riverking727: bets $3.85
himqa: folds 
Uncalled bet ($3.85) returned to riverking727
riverking727 collected $5.70 from pot
riverking727: doesn't show hand 
*** SUMMARY ***
Total pot $6 | Rake $0.30 
Board [3c Kh Tc 5h]
Seat 1: Pon4uk.ua (button) folded before Flop (didn't bet)
Seat 2: himqa (small blind) folded on the Turn
Seat 3: riverking727 (big blind) collected ($5.70)
Seat 4: Slami4 folded before Flop (didn't bet)
Seat 5: AlexEliseev7 folded before Flop (didn't bet)
Seat 6: Pippa83 folded before Flop (didn't bet)



PokerStars Hand #254578049960:  Hold'em No Limit ($0.50/$1.00 USD) - 2025/01/27 13:05:20 WET [2025/01/27 8:05:20 ET]
Table 'Tarka IV' 6-max Seat #2 is the button
Seat 1: Pon4uk.ua ($176.60 in chips) 
Seat 2: himqa ($210.47 in chips) 
Seat 3: riverking727 ($97.97 in chips) 
Seat 4: Slami4 ($100 in chips) 
Seat 5: AlexEliseev7 ($101.50 in chips) 
Seat 6: Pippa83 ($100 in chips) 
riverking727: posts small blind $0.50
Slami4: posts big blind $1
*** HOLE CARDS ***
AlexEliseev7: raises $1.50 to $2.50
Pippa83: folds 
Pon4uk.ua: folds 
himqa: folds 
riverking727: folds 
Slami4: folds 
Uncalled bet ($1.50) returned to AlexEliseev7
AlexEliseev7 collected $2.50 from pot
AlexEliseev7: doesn't show hand 
*** SUMMARY ***
Total pot $2.50 | Rake $0 
Seat 1: Pon4uk.ua folded before Flop (didn't bet)
Seat 2: himqa (button) folded before Flop (didn't bet)
Seat 3: riverking727 (small blind) folded before Flop
Seat 4: Slami4 (big blind) folded before Flop
Seat 5: AlexEliseev7 collected ($2.50)
Seat 6: Pippa83 folded before Flop (didn't bet)



PokerStars Hand #254578052897:  Hold'em No Limit ($0.50/$1.00 USD) - 2025/01/27 13:05:38 WET [2025/01/27 8:05:38 ET]
Table 'Tarka IV' 6-max Seat #3 is the button
Seat 1: Pon4uk.ua ($176.60 in chips) 
Seat 2: himqa ($210.47 in chips) 
Seat 3: riverking727 ($97.47 in chips) 
Seat 4: Slami4 ($100 in chips) 
Seat 5: AlexEliseev7 ($103 in chips) 
Seat 6: Pippa83 ($100 in chips) 
Slami4: posts small blind $0.50
AlexEliseev7: posts big blind $1
*** HOLE CARDS ***
Pippa83: folds 
Pon4uk.ua: folds 
himqa: folds 
riverking727: raises $2 to $3
Slami4: folds 
AlexEliseev7: folds 
Uncalled bet ($2) returned to riverking727
riverking727 collected $2.50 from pot
riverking727: doesn't show hand 
*** SUMMARY ***
Total pot $2.50 | Rake $0 
Seat 1: Pon4uk.ua folded before Flop (didn't bet)
Seat 2: himqa folded before Flop (didn't bet)
Seat 3: riverking727 (button) collected ($2.50)
Seat 4: Slami4 (small blind) folded before Flop
Seat 5: AlexEliseev7 (big blind) folded before Flop
Seat 6: Pippa83 folded before Flop (didn't bet)



PokerStars Hand #254578056106:  Hold'em No Limit ($0.50/$1.00 USD) - 2025/01/27 13:05:59 WET [2025/01/27 8:05:59 ET]
Table 'Tarka IV' 6-max Seat #4 is the button
Seat 1: Pon4uk.ua ($176.60 in chips) 
Seat 2: himqa ($210.47 in chips) 
Seat 3: riverking727 ($98.97 in chips) 
Seat 4: Slami4 ($100 in chips) 
Seat 5: AlexEliseev7 ($102 in chips) 
Seat 6: Pippa83 ($100 in chips) 
AlexEliseev7: posts small blind $0.50
Pippa83: posts big blind $1
*** HOLE CARDS ***
Pon4uk.ua: raises $1 to $2
himqa: folds 
riverking727: folds 
Slami4: folds 
AlexEliseev7: folds 
Pippa83: folds 
Uncalled bet ($1) returned to Pon4uk.ua
Pon4uk.ua collected $2.50 from pot
Pon4uk.ua: doesn't show hand 
*** SUMMARY ***
Total pot $2.50 | Rake $0 
Seat 1: Pon4uk.ua collected ($2.50)
Seat 2: himqa folded before Flop (didn't bet)
Seat 3: riverking727 folded before Flop (didn't bet)
Seat 4: Slami4 (button) folded before Flop (didn't bet)
Seat 5: AlexEliseev7 (small blind) folded before Flop
Seat 6: Pippa83 (big blind) folded before Flop



PokerStars Hand #254578060300:  Hold'em No Limit ($0.50/$1.00 USD) - 2025/01/27 13:06:26 WET [2025/01/27 8:06:26 ET]
Table 'Tarka IV' 6-max Seat #5 is the button
Seat 1: Pon4uk.ua ($178.10 in chips) 
Seat 2: himqa ($210.47 in chips) 
Seat 3: riverking727 ($98.97 in chips) 
Seat 4: Slami4 ($100 in chips) 
Seat 5: AlexEliseev7 ($101.50 in chips) 
Seat 6: Pippa83 ($100 in chips) 
Pippa83: posts small blind $0.50
Pon4uk.ua: posts big blind $1
*** HOLE CARDS ***
himqa: folds 
riverking727: raises $2 to $3
Slami4: calls $3
AlexEliseev7: folds 
Pippa83: folds 
Pon4uk.ua: folds 
*** FLOP *** [4d Kd 2s]
riverking727: bets $3.56
Slami4: calls $3.56
*** TURN *** [4d Kd 2s] [Qh]
riverking727: bets $6.95
Slami4: calls $6.95
*** RIVER *** [4d Kd 2s Qh] [Qd]
riverking727: bets $10.55
Slami4: raises $23.95 to $34.50
riverking727: calls $23.95
*** SHOW DOWN ***
Slami4: shows [Ad 7d] (a flush, Ace high)
riverking727: mucks hand 
Slami4 collected $95.02 from pot
*** SUMMARY ***
Total pot $97.52 | Rake $2.50 
Board [4d Kd 2s Qh Qd]
Seat 1: Pon4uk.ua (big blind) folded before Flop
Seat 2: himqa folded before Flop (didn't bet)
Seat 3: riverking727 mucked
Seat 4: Slami4 showed [Ad 7d] and won ($95.02) with a flush, Ace high
Seat 5: AlexEliseev7 (button) folded before Flop (didn't bet)
Seat 6: Pippa83 (small blind) folded before Flop



PokerStars Hand #254578070600:  Hold'em No Limit ($0.50/$1.00 USD) - 2025/01/27 13:07:32 WET [2025/01/27 8:07:32 ET]
Table 'Tarka IV' 6-max Seat #6 is the button
Seat 1: Pon4uk.ua ($177.10 in chips) 
Seat 2: himqa ($210.47 in chips) 
Seat 3: riverking727 ($50.96 in chips) 
Seat 4: Slami4 ($147.01 in chips) 
Seat 5: AlexEliseev7 ($101.50 in chips) 
Seat 6: Pippa83 ($100 in chips) 
Pon4uk.ua: posts small blind $0.50
himqa: posts big blind $1
*** HOLE CARDS ***
riverking727: folds 
Slami4: folds 
AlexEliseev7: raises $1.50 to $2.50
Pippa83: folds 
Pon4uk.ua: raises $8.50 to $11
himqa: folds 
AlexEliseev7: folds 
Uncalled bet ($8.50) returned to Pon4uk.ua
Pon4uk.ua collected $6 from pot
Pon4uk.ua: doesn't show hand 
*** SUMMARY ***
Total pot $6 | Rake $0 
Seat 1: Pon4uk.ua (small blind) collected ($6)
Seat 2: himqa (big blind) folded before Flop
Seat 3: riverking727 folded before Flop (didn't bet)
Seat 4: Slami4 folded before Flop (didn't bet)
Seat 5: AlexEliseev7 folded before Flop
Seat 6: Pippa83 (button) folded before Flop (didn't bet)



PokerStars Hand #254578075666:  Hold'em No Limit ($0.50/$1.00 USD) - 2025/01/27 13:08:06 WET [2025/01/27 8:08:06 ET]
Table 'Tarka IV' 6-max Seat #1 is the button
Seat 1: Pon4uk.ua ($180.60 in chips) 
Seat 2: himqa ($209.47 in chips) 
Seat 3: riverking727 ($50.96 in chips) 
Seat 4: Slami4 ($147.01 in chips) 
Seat 5: AlexEliseev7 ($100 in chips) 
Seat 6: Pippa83 ($100 in chips) 
himqa: posts small blind $0.50
riverking727: posts big blind $1
*** HOLE CARDS ***
Slami4: folds 
AlexEliseev7: raises $1.50 to $2.50
Pippa83: folds 
Pon4uk.ua: raises $5 to $7.50
himqa: folds 
riverking727: raises $43.46 to $50.96 and is all-in
AlexEliseev7: folds 
Pon4uk.ua: folds 
Uncalled bet ($43.46) returned to riverking727
riverking727 collected $18 from pot
riverking727: doesn't show hand 
*** SUMMARY ***
Total pot $18 | Rake $0 
Seat 1: Pon4uk.ua (button) folded before Flop
Seat 2: himqa (small blind) folded before Flop
Seat 3: riverking727 (big blind) collected ($18)
Seat 4: Slami4 folded before Flop (didn't bet)
Seat 5: AlexEliseev7 folded before Flop
Seat 6: Pippa83 folded before Flop (didn't bet)



PokerStars Hand #254578079762:  Hold'em No Limit ($0.50/$1.00 USD) - 2025/01/27 13:08:33 WET [2025/01/27 8:08:33 ET]
Table 'Tarka IV' 6-max Seat #2 is the button
Seat 1: Pon4uk.ua ($173.10 in chips) 
Seat 2: himqa ($208.97 in chips) 
Seat 3: riverking727 ($61.46 in chips) 
Seat 4: Slami4 ($147.01 in chips) 
Seat 5: AlexEliseev7 ($100 in chips) 
Seat 6: Pippa83 ($100 in chips) 
riverking727: posts small blind $0.50
Slami4: posts big blind $1
*** HOLE CARDS ***
AlexEliseev7: raises $1.50 to $2.50
Pippa83: folds 
Pon4uk.ua: folds 
himqa: folds 
riverking727: raises $8 to $10.50
Slami4: folds 
AlexEliseev7: calls $8
*** FLOP *** [8s 6h 7s]
riverking727: bets $50.96 and is all-in
AlexEliseev7: calls $50.96
AlexEliseev7 has timed out
*** TURN *** [8s 6h 7s] [Th]
*** RIVER *** [8s 6h 7s Th] [3c]
*** SHOW DOWN ***
riverking727: shows [Kd Ah] (high card Ace)
AlexEliseev7: shows [Js Ts] (a pair of Tens)
AlexEliseev7 collected $121.42 from pot
*** SUMMARY ***
Total pot $123.92 | Rake $2.50 
Board [8s 6h 7s Th 3c]
Seat 1: Pon4uk.ua folded before Flop (didn't bet)
Seat 2: himqa (button) folded before Flop (didn't bet)
Seat 3: riverking727 (small blind) showed [Kd Ah] and lost with high card Ace
Seat 4: Slami4 (big blind) folded before Flop
Seat 5: AlexEliseev7 showed [Js Ts] and won ($121.42) with a pair of Tens
Seat 6: Pippa83 folded before Flop (didn't bet)



PokerStars Hand #254578087809:  Hold'em No Limit ($0.50/$1.00 USD) - 2025/01/27 13:09:26 WET [2025/01/27 8:09:26 ET]
Table 'Tarka IV' 6-max Seat #4 is the button
Seat 3: riverking727 ($0 in chips) is sitting out
Seat 1: Pon4uk.ua ($173.10 in chips) 
Seat 2: himqa ($208.97 in chips) 
Seat 4: Slami4 ($146.01 in chips) 
Seat 5: AlexEliseev7 ($159.96 in chips) 
Seat 6: Pippa83 ($100 in chips) 
AlexEliseev7: posts small blind $0.50
Pippa83: posts big blind $1
*** HOLE CARDS ***
riverking727 leaves the table
Pon4uk.ua: folds 
himqa: folds 
Slami4: folds 
AlexEliseev7: raises $2 to $3
Pippa83: folds 
Uncalled bet ($2) returned to AlexEliseev7
AlexEliseev7 collected $2 from pot
AlexEliseev7: doesn't show hand 
*** SUMMARY ***
Total pot $2 | Rake $0 
Seat 3: riverking727
Seat 1: Pon4uk.ua folded before Flop (didn't bet)
Seat 2: himqa folded before Flop (didn't bet)
Seat 4: Slami4 (button) folded before Flop (didn't bet)
Seat 5: AlexEliseev7 (small blind) collected ($2)
Seat 6: Pippa83 (big blind) folded before Flop



PokerStars Hand #254578090995:  Hold'em No Limit ($0.50/$1.00 USD) - 2025/01/27 13:09:47 WET [2025/01/27 8:09:47 ET]
Table 'Tarka IV' 6-max Seat #5 is the button
Seat 1: Pon4uk.ua ($173.10 in chips) 
Seat 2: himqa ($208.97 in chips) 
Seat 4: Slami4 ($146.01 in chips) 
Seat 5: AlexEliseev7 ($160.96 in chips) 
Seat 6: Pippa83 ($100 in chips) 
Pippa83: posts small blind $0.50
Pon4uk.ua: posts big blind $1
*** HOLE CARDS ***
R.M.Farcas joins the table at seat #3 
himqa: folds 
Slami4: folds 
AlexEliseev7: folds 
Pippa83: raises $2 to $3
Pon4uk.ua: folds 
Uncalled bet ($2) returned to Pippa83
Pippa83 collected $2 from pot
Pippa83: doesn't show hand 
*** SUMMARY ***
Total pot $2 | Rake $0 
Seat 1: Pon4uk.ua (big blind) folded before Flop
Seat 2: himqa folded before Flop (didn't bet)
Seat 4: Slami4 folded before Flop (didn't bet)
Seat 5: AlexEliseev7 (button) folded before Flop (didn't bet)
Seat 6: Pippa83 (small blind) collected ($2)



PokerStars Hand #254578093793:  Hold'em No Limit ($0.50/$1.00 USD) - 2025/01/27 13:10:06 WET [2025/01/27 8:10:06 ET]
Table 'Tarka IV' 6-max Seat #6 is the button
Seat 3: R.M.Farcas ($100 in chips) is sitting out
Seat 1: Pon4uk.ua ($172.10 in chips) 
Seat 2: himqa ($208.97 in chips) 
Seat 4: Slami4 ($146.01 in chips) 
Seat 5: AlexEliseev7 ($160.96 in chips) 
Seat 6: Pippa83 ($101 in chips) 
Pon4uk.ua: posts small blind $0.50
himqa: posts big blind $1
R.M.Farcas: sits out 
*** HOLE CARDS ***
Slami4: folds 
AlexEliseev7: folds 
Pippa83: folds 
Slami4 leaves the table
Pon4uk.ua: folds 
Uncalled bet ($0.50) returned to himqa
himqa collected $1 from pot
himqa: doesn't show hand 
*** SUMMARY ***
Total pot $1 | Rake $0 
Seat 3: R.M.Farcas
Seat 1: Pon4uk.ua (small blind) folded before Flop
Seat 2: himqa (big blind) collected ($1)
Seat 4: Slami4 folded before Flop (didn't bet)
Seat 5: AlexEliseev7 folded before Flop (didn't bet)
Seat 6: Pippa83 (button) folded before Flop (didn't bet)



PokerStars Hand #254578097127:  Hold'em No Limit ($0.50/$1.00 USD) - 2025/01/27 13:10:28 WET [2025/01/27 8:10:28 ET]
Table 'Tarka IV' 6-max Seat #1 is the button
Seat 1: Pon4uk.ua ($171.60 in chips) 
Seat 2: himqa ($209.47 in chips) 
Seat 3: R.M.Farcas ($100 in chips) 
Seat 5: AlexEliseev7 ($160.96 in chips) 
Seat 6: Pippa83 ($101 in chips) 
himqa: posts small blind $0.50
R.M.Farcas: posts big blind $1
*** HOLE CARDS ***
AlexEliseev7: raises $1.50 to $2.50
Pippa83: folds 
Pon4uk.ua: folds 
himqa: raises $9.50 to $12
R.M.Farcas: folds 
AlexEliseev7: calls $9.50
*** FLOP *** [5d 9h As]
himqa: bets $7.84
AlexEliseev7: calls $7.84
*** TURN *** [5d 9h As] [Kc]
himqa: bets $28.99
AlexEliseev7: folds 
Uncalled bet ($28.99) returned to himqa
himqa collected $38.65 from pot
himqa: doesn't show hand 
*** SUMMARY ***
Total pot $40.68 | Rake $2.03 
Board [5d 9h As Kc]
Seat 1: Pon4uk.ua (button) folded before Flop (didn't bet)
Seat 2: himqa (small blind) collected ($38.65)
Seat 3: R.M.Farcas (big blind) folded before Flop
Seat 5: AlexEliseev7 folded on the Turn
Seat 6: Pippa83 folded before Flop (didn't bet)



PokerStars Hand #254578108311:  Hold'em No Limit ($0.50/$1.00 USD) - 2025/01/27 13:11:41 WET [2025/01/27 8:11:41 ET]
Table 'Tarka IV' 6-max Seat #2 is the button
Seat 5: AlexEliseev7 ($141.12 in chips) is sitting out
Seat 6: Pippa83 ($101 in chips) is sitting out
Seat 1: Pon4uk.ua ($171.60 in chips) 
Seat 2: himqa ($228.28 in chips) 
Seat 3: R.M.Farcas ($99 in chips) 
R.M.Farcas: posts small blind $0.50
AlexEliseev7: is sitting out 
Pippa83: is sitting out 
Pon4uk.ua: posts big blind $1
*** HOLE CARDS ***
himqa: raises $1.50 to $2.50
Pippa83 leaves the table
R.M.Farcas: folds 
Pon4uk.ua: folds 
Uncalled bet ($1.50) returned to himqa
himqa collected $2.50 from pot
himqa: doesn't show hand 
*** SUMMARY ***
Total pot $2.50 | Rake $0 
Seat 5: AlexEliseev7
Seat 6: Pippa83
Seat 1: Pon4uk.ua (big blind) folded before Flop
Seat 2: himqa (button) collected ($2.50)
Seat 3: R.M.Farcas (small blind) folded before Flop



PokerStars Hand #254578110274:  Hold'em No Limit ($0.50/$1.00 USD) - 2025/01/27 13:11:54 WET [2025/01/27 8:11:54 ET]
Table 'Tarka IV' 6-max Seat #1 is the button
Seat 2: himqa ($229.78 in chips) is sitting out
Seat 5: AlexEliseev7 ($141.12 in chips) is sitting out
Seat 1: Pon4uk.ua ($170.60 in chips) 
Seat 3: R.M.Farcas ($98.50 in chips) 
Pon4uk.ua: posts small blind $0.50
himqa: is sitting out 
R.M.Farcas: posts big blind $1
*** HOLE CARDS ***
himqa leaves the table
Pon4uk.ua: raises $1.50 to $2.50
R.M.Farcas: raises $5 to $7.50
Pon4uk.ua: folds 
Uncalled bet ($5) returned to R.M.Farcas
R.M.Farcas collected $5 from pot
R.M.Farcas: doesn't show hand 
*** SUMMARY ***
Total pot $5 | Rake $0 
Seat 2: himqa
Seat 5: AlexEliseev7
Seat 1: Pon4uk.ua (button) (small blind) folded before Flop
Seat 3: R.M.Farcas (big blind) collected ($5)



