PokerStars Hand #254586760968:  Hold'em No Limit ($0.50/$1.00 USD) - 2025/01/27 22:49:43 WET [2025/01/27 17:49:43 ET]
Table 'Hybris IV' 6-max Seat #3 is the button
Seat 1: Supermegopro ($106.20 in chips) 
Seat 2: Manifestorr ($100 in chips) 
Seat 3: Naz10101 ($62.42 in chips) 
Seat 4: app1e_j@ck ($100 in chips) 
Seat 5: easy_sarcasm ($105.62 in chips) 
Seat 6: SorinS28 ($103 in chips) 
app1e_j@ck: posts small blind $0.50
easy_sarcasm: posts big blind $1
*** HOLE CARDS ***
SorinS28: folds 
Supermegopro: folds 
Manifestorr: folds 
Naz10101: raises $2 to $3
app1e_j@ck: folds 
easy_sarcasm: folds 
Uncalled bet ($2) returned to Naz10101
Naz10101 collected $2.50 from pot
*** SUMMARY ***
Total pot $2.50 | Rake $0 
Seat 1: Supermegopro folded before Flop (didn't bet)
Seat 2: Manifestorr folded before Flop (didn't bet)
Seat 3: Naz10101 (button) collected ($2.50)
Seat 4: app1e_j@ck (small blind) folded before Flop
Seat 5: easy_sarcasm (big blind) folded before Flop
Seat 6: SorinS28 folded before Flop (didn't bet)



PokerStars Hand #254586764578:  Hold'em No Limit ($0.50/$1.00 USD) - 2025/01/27 22:49:56 WET [2025/01/27 17:49:56 ET]
Table 'Hybris IV' 6-max Seat #4 is the button
Seat 1: Supermegopro ($106.20 in chips) 
Seat 2: Manifestorr ($100 in chips) 
Seat 3: Naz10101 ($63.92 in chips) 
Seat 4: app1e_j@ck ($100 in chips) 
Seat 5: easy_sarcasm ($104.62 in chips) 
Seat 6: SorinS28 ($103 in chips) 
easy_sarcasm: posts small blind $0.50
SorinS28: posts big blind $1
*** HOLE CARDS ***
Supermegopro: folds 
Manifestorr: folds 
Naz10101: raises $2 to $3
app1e_j@ck: raises $5 to $8
easy_sarcasm: folds 
SorinS28: folds 
Naz10101: folds 
Uncalled bet ($5) returned to app1e_j@ck
app1e_j@ck collected $7.50 from pot
app1e_j@ck: doesn't show hand 
*** SUMMARY ***
Total pot $7.50 | Rake $0 
Seat 1: Supermegopro folded before Flop (didn't bet)
Seat 2: Manifestorr folded before Flop (didn't bet)
Seat 3: Naz10101 folded before Flop
Seat 4: app1e_j@ck (button) collected ($7.50)
Seat 5: easy_sarcasm (small blind) folded before Flop
Seat 6: SorinS28 (big blind) folded before Flop



PokerStars Hand #254586772153:  Hold'em No Limit ($0.50/$1.00 USD) - 2025/01/27 22:50:23 WET [2025/01/27 17:50:23 ET]
Table 'Hybris IV' 6-max Seat #5 is the button
Seat 1: Supermegopro ($106.20 in chips) 
Seat 2: Manifestorr ($100 in chips) 
Seat 3: Naz10101 ($60.92 in chips) 
Seat 4: app1e_j@ck ($104.50 in chips) 
Seat 5: easy_sarcasm ($104.12 in chips) 
Seat 6: SorinS28 ($102 in chips) 
SorinS28: posts small blind $0.50
Supermegopro: posts big blind $1
*** HOLE CARDS ***
Manifestorr: folds 
Naz10101: raises $2 to $3
app1e_j@ck: folds 
easy_sarcasm: folds 
SorinS28: folds 
Supermegopro: folds 
Uncalled bet ($2) returned to Naz10101
Naz10101 collected $2.50 from pot
*** SUMMARY ***
Total pot $2.50 | Rake $0 
Seat 1: Supermegopro (big blind) folded before Flop
Seat 2: Manifestorr folded before Flop (didn't bet)
Seat 3: Naz10101 collected ($2.50)
Seat 4: app1e_j@ck folded before Flop (didn't bet)
Seat 5: easy_sarcasm (button) folded before Flop (didn't bet)
Seat 6: SorinS28 (small blind) folded before Flop



PokerStars Hand #254586778777:  Hold'em No Limit ($0.50/$1.00 USD) - 2025/01/27 22:50:47 WET [2025/01/27 17:50:47 ET]
Table 'Hybris IV' 6-max Seat #6 is the button
Seat 1: Supermegopro ($105.20 in chips) 
Seat 2: Manifestorr ($100 in chips) 
Seat 3: Naz10101 ($62.42 in chips) 
Seat 4: app1e_j@ck ($104.50 in chips) 
Seat 5: easy_sarcasm ($104.12 in chips) 
Seat 6: SorinS28 ($101.50 in chips) 
Supermegopro: posts small blind $0.50
Manifestorr: posts big blind $1
*** HOLE CARDS ***
Naz10101: raises $2 to $3
app1e_j@ck: folds 
easy_sarcasm: calls $3
SorinS28: folds 
Supermegopro: folds 
Manifestorr: calls $2
*** FLOP *** [7s 9c Jc]
Manifestorr: checks 
Naz10101: bets $4
easy_sarcasm: folds 
Manifestorr: raises $12 to $16
Naz10101: calls $12
*** TURN *** [7s 9c Jc] [5d]
Manifestorr: bets $49.28
Naz10101: calls $43.42 and is all-in
Uncalled bet ($5.86) returned to Manifestorr
*** RIVER *** [7s 9c Jc 5d] [3s]
*** SHOW DOWN ***
Manifestorr: shows [9s 9d] (three of a kind, Nines)
Naz10101: shows [Ad Js] (a pair of Jacks)
Manifestorr collected $125.84 from pot
*** SUMMARY ***
Total pot $128.34 | Rake $2.50 
Board [7s 9c Jc 5d 3s]
Seat 1: Supermegopro (small blind) folded before Flop
Seat 2: Manifestorr (big blind) showed [9s 9d] and won ($125.84) with three of a kind, Nines
Seat 3: Naz10101 showed [Ad Js] and lost with a pair of Jacks
Seat 4: app1e_j@ck folded before Flop (didn't bet)
Seat 5: easy_sarcasm folded on the Flop
Seat 6: SorinS28 (button) folded before Flop (didn't bet)



PokerStars Hand #254586797820:  Hold'em No Limit ($0.50/$1.00 USD) - 2025/01/27 22:51:55 WET [2025/01/27 17:51:55 ET]
Table 'Hybris IV' 6-max Seat #1 is the button
Seat 3: Naz10101 ($0 in chips) is sitting out
Seat 1: Supermegopro ($104.70 in chips) 
Seat 2: Manifestorr ($163.42 in chips) 
Seat 4: app1e_j@ck ($104.50 in chips) 
Seat 5: easy_sarcasm ($101.12 in chips) 
Seat 6: SorinS28 ($101.50 in chips) 
Manifestorr: posts small blind $0.50
app1e_j@ck: posts big blind $1
*** HOLE CARDS ***
easy_sarcasm: folds 
SorinS28: raises $1.30 to $2.30
Supermegopro: folds 
Manifestorr: folds 
app1e_j@ck: folds 
Uncalled bet ($1.30) returned to SorinS28
SorinS28 collected $2.50 from pot
SorinS28: doesn't show hand 
*** SUMMARY ***
Total pot $2.50 | Rake $0 
Seat 3: Naz10101
Seat 1: Supermegopro (button) folded before Flop (didn't bet)
Seat 2: Manifestorr (small blind) folded before Flop
Seat 4: app1e_j@ck (big blind) folded before Flop
Seat 5: easy_sarcasm folded before Flop (didn't bet)
Seat 6: SorinS28 collected ($2.50)



PokerStars Hand #254586802978:  Hold'em No Limit ($0.50/$1.00 USD) - 2025/01/27 22:52:14 WET [2025/01/27 17:52:14 ET]
Table 'Hybris IV' 6-max Seat #2 is the button
Seat 3: Naz10101 ($0 in chips) is sitting out
Seat 1: Supermegopro ($104.70 in chips) 
Seat 2: Manifestorr ($162.92 in chips) 
Seat 4: app1e_j@ck ($103.50 in chips) 
Seat 5: easy_sarcasm ($101.12 in chips) 
Seat 6: SorinS28 ($103 in chips) 
app1e_j@ck: posts small blind $0.50
easy_sarcasm: posts big blind $1
*** HOLE CARDS ***
SorinS28: folds 
Supermegopro: folds 
Manifestorr: folds 
app1e_j@ck: raises $2 to $3
easy_sarcasm: raises $6 to $9
app1e_j@ck: folds 
Uncalled bet ($6) returned to easy_sarcasm
easy_sarcasm collected $6 from pot
*** SUMMARY ***
Total pot $6 | Rake $0 
Seat 3: Naz10101
Seat 1: Supermegopro folded before Flop (didn't bet)
Seat 2: Manifestorr (button) folded before Flop (didn't bet)
Seat 4: app1e_j@ck (small blind) folded before Flop
Seat 5: easy_sarcasm (big blind) collected ($6)
Seat 6: SorinS28 folded before Flop (didn't bet)



PokerStars Hand #254586808803:  Hold'em No Limit ($0.50/$1.00 USD) - 2025/01/27 22:52:35 WET [2025/01/27 17:52:35 ET]
Table 'Hybris IV' 6-max Seat #4 is the button
Seat 3: Naz10101 ($0 in chips) is sitting out
Seat 1: Supermegopro ($104.70 in chips) 
Seat 2: Manifestorr ($162.92 in chips) 
Seat 4: app1e_j@ck ($100.50 in chips) 
Seat 5: easy_sarcasm ($104.12 in chips) 
Seat 6: SorinS28 ($103 in chips) 
easy_sarcasm: posts small blind $0.50
SorinS28: posts big blind $1
*** HOLE CARDS ***
Supermegopro: raises $1.50 to $2.50
Manifestorr: folds 
app1e_j@ck: folds 
easy_sarcasm: folds 
SorinS28: folds 
Uncalled bet ($1.50) returned to Supermegopro
Supermegopro collected $2.50 from pot
Supermegopro: doesn't show hand 
*** SUMMARY ***
Total pot $2.50 | Rake $0 
Seat 3: Naz10101
Seat 1: Supermegopro collected ($2.50)
Seat 2: Manifestorr folded before Flop (didn't bet)
Seat 4: app1e_j@ck (button) folded before Flop (didn't bet)
Seat 5: easy_sarcasm (small blind) folded before Flop
Seat 6: SorinS28 (big blind) folded before Flop



PokerStars Hand #254586812077:  Hold'em No Limit ($0.50/$1.00 USD) - 2025/01/27 22:52:47 WET [2025/01/27 17:52:47 ET]
Table 'Hybris IV' 6-max Seat #5 is the button
Seat 3: Naz10101 ($0 in chips) is sitting out
Seat 1: Supermegopro ($106.20 in chips) 
Seat 2: Manifestorr ($162.92 in chips) 
Seat 4: app1e_j@ck ($100.50 in chips) 
Seat 5: easy_sarcasm ($103.62 in chips) 
Seat 6: SorinS28 ($102 in chips) 
SorinS28: posts small blind $0.50
Supermegopro: posts big blind $1
*** HOLE CARDS ***
Manifestorr: folds 
app1e_j@ck: folds 
easy_sarcasm: folds 
SorinS28: raises $2 to $3
Supermegopro: folds 
Uncalled bet ($2) returned to SorinS28
SorinS28 collected $2 from pot
SorinS28: doesn't show hand 
*** SUMMARY ***
Total pot $2 | Rake $0 
Seat 3: Naz10101
Seat 1: Supermegopro (big blind) folded before Flop
Seat 2: Manifestorr folded before Flop (didn't bet)
Seat 4: app1e_j@ck folded before Flop (didn't bet)
Seat 5: easy_sarcasm (button) folded before Flop (didn't bet)
Seat 6: SorinS28 (small blind) collected ($2)



PokerStars Hand #254586818695:  Hold'em No Limit ($0.50/$1.00 USD) - 2025/01/27 22:53:11 WET [2025/01/27 17:53:11 ET]
Table 'Hybris IV' 6-max Seat #1 is the button
Seat 2: Manifestorr ($162.92 in chips) is sitting out
Seat 3: Naz10101 ($0 in chips) is sitting out
Seat 4: app1e_j@ck ($100.50 in chips) is sitting out
Seat 5: easy_sarcasm ($103.62 in chips) is sitting out
Seat 1: Supermegopro ($105.20 in chips) 
Seat 6: SorinS28 ($103 in chips) 
Supermegopro: posts small blind $0.50
Manifestorr: is sitting out 
app1e_j@ck: is sitting out 
easy_sarcasm: is sitting out 
SorinS28: posts big blind $1
*** HOLE CARDS ***
Supermegopro: folds 
Uncalled bet ($0.50) returned to SorinS28
easy_sarcasm leaves the table
Manifestorr leaves the table
SorinS28 collected $1 from pot
SorinS28: doesn't show hand 
*** SUMMARY ***
Total pot $1 | Rake $0 
Seat 2: Manifestorr
Seat 3: Naz10101
Seat 4: app1e_j@ck
Seat 5: easy_sarcasm
Seat 1: Supermegopro (button) (small blind) folded before Flop
Seat 6: SorinS28 (big blind) collected ($1)



PokerStars Hand #254586820624:  Hold'em No Limit ($0.50/$1.00 USD) - 2025/01/27 22:53:18 WET [2025/01/27 17:53:18 ET]
Table 'Hybris IV' 6-max Seat #6 is the button
Seat 3: Naz10101 ($0 in chips) is sitting out
Seat 4: app1e_j@ck ($100.50 in chips) is sitting out
Seat 1: Supermegopro ($104.70 in chips) 
Seat 6: SorinS28 ($103.50 in chips) 
SorinS28: posts small blind $0.50
Supermegopro: posts big blind $1
*** HOLE CARDS ***
app1e_j@ck leaves the table
SorinS28: raises $2 to $3
Naz10101 is disconnected 
Supermegopro: folds 
Uncalled bet ($2) returned to SorinS28
SorinS28 collected $2 from pot
SorinS28: doesn't show hand 
*** SUMMARY ***
Total pot $2 | Rake $0 
Seat 3: Naz10101
Seat 4: app1e_j@ck
Seat 1: Supermegopro (big blind) folded before Flop
Seat 6: SorinS28 (button) (small blind) collected ($2)



PokerStars Hand #254586826997:  Hold'em No Limit ($0.50/$1.00 USD) - 2025/01/27 22:53:42 WET [2025/01/27 17:53:42 ET]
Table 'Hybris IV' 6-max Seat #1 is the button
Seat 3: Naz10101 ($0 in chips) is sitting out
Seat 1: Supermegopro ($103.70 in chips) 
Seat 5: ledsgy1967 ($40 in chips) 
Seat 6: blackclan7 ($100 in chips) 
ledsgy1967: posts small blind $0.50
blackclan7: posts big blind $1
*** HOLE CARDS ***
Supermegopro: raises $1.50 to $2.50
ledsgy1967: folds 
m0nTTu joins the table at seat #2 
sskripka joins the table at seat #4 
blackclan7: calls $1.50
*** FLOP *** [Th 5d 2h]
blackclan7: checks 
Supermegopro: bets $4
blackclan7: folds 
Uncalled bet ($4) returned to Supermegopro
Supermegopro collected $5.22 from pot
Supermegopro: doesn't show hand 
*** SUMMARY ***
Total pot $5.50 | Rake $0.28 
Board [Th 5d 2h]
Seat 3: Naz10101
Seat 1: Supermegopro (button) collected ($5.22)
Seat 5: ledsgy1967 (small blind) folded before Flop
Seat 6: blackclan7 (big blind) folded on the Flop



PokerStars Hand #254586833354:  Hold'em No Limit ($0.50/$1.00 USD) - 2025/01/27 22:54:05 WET [2025/01/27 17:54:05 ET]
Table 'Hybris IV' 6-max Seat #5 is the button
Seat 2: m0nTTu ($80 in chips) is sitting out
Seat 3: Naz10101 ($0 in chips) is sitting out
Seat 4: sskripka ($100 in chips) is sitting out
Seat 1: Supermegopro ($106.42 in chips) 
Seat 5: ledsgy1967 ($39.50 in chips) 
Seat 6: blackclan7 ($100 in chips) 
blackclan7: posts small blind $0.50
Supermegopro: posts big blind $1
m0nTTu: sits out 
sskripka: sits out 
*** HOLE CARDS ***
ledsgy1967: calls $1
blackclan7: folds 
Supermegopro: checks 
*** FLOP *** [Qd 7s 6d]
Supermegopro: bets $1
ledsgy1967: calls $1
*** TURN *** [Qd 7s 6d] [8s]
Supermegopro: bets $2.85
ledsgy1967: raises $2.85 to $5.70
Supermegopro: calls $2.85
*** RIVER *** [Qd 7s 6d 8s] [8c]
Supermegopro: checks 
ledsgy1967: bets $7.55
Supermegopro: calls $7.55
*** SHOW DOWN ***
ledsgy1967: shows [Ac Kc] (a pair of Eights)
Supermegopro: shows [Qs 9c] (two pair, Queens and Eights)
Supermegopro collected $30 from pot
*** SUMMARY ***
Total pot $31 | Rake $1 
Board [Qd 7s 6d 8s 8c]
Seat 2: m0nTTu
Seat 3: Naz10101
Seat 4: sskripka
Seat 1: Supermegopro (big blind) showed [Qs 9c] and won ($30) with two pair, Queens and Eights
Seat 5: ledsgy1967 (button) showed [Ac Kc] and lost with a pair of Eights
Seat 6: blackclan7 (small blind) folded before Flop



PokerStars Hand #254586841446:  Hold'em No Limit ($0.50/$1.00 USD) - 2025/01/27 22:54:35 WET [2025/01/27 17:54:35 ET]
Table 'Hybris IV' 6-max Seat #6 is the button
Seat 3: Naz10101 ($0 in chips) is sitting out
Seat 4: sskripka ($100 in chips) is sitting out
Seat 1: Supermegopro ($121.17 in chips) 
Seat 2: m0nTTu ($80 in chips) 
Seat 5: ledsgy1967 ($24.25 in chips) 
Seat 6: blackclan7 ($100 in chips) 
Supermegopro: posts small blind $0.50
m0nTTu: posts big blind $1
sskripka: sits out 
*** HOLE CARDS ***
ledsgy1967: folds 
blackclan7: folds 
Supermegopro: folds 
Uncalled bet ($0.50) returned to m0nTTu
m0nTTu collected $1 from pot
m0nTTu: doesn't show hand 
*** SUMMARY ***
Total pot $1 | Rake $0 
Seat 3: Naz10101
Seat 4: sskripka
Seat 1: Supermegopro (small blind) folded before Flop
Seat 2: m0nTTu (big blind) collected ($1)
Seat 5: ledsgy1967 folded before Flop (didn't bet)
Seat 6: blackclan7 (button) folded before Flop (didn't bet)



PokerStars Hand #254586844614:  Hold'em No Limit ($0.50/$1.00 USD) - 2025/01/27 22:54:46 WET [2025/01/27 17:54:46 ET]
Table 'Hybris IV' 6-max Seat #1 is the button
Seat 3: Naz10101 ($0 in chips) is sitting out
Seat 1: Supermegopro ($120.67 in chips) 
Seat 2: m0nTTu ($80.50 in chips) 
Seat 4: sskripka ($100 in chips) 
Seat 5: ledsgy1967 ($24.25 in chips) 
Seat 6: blackclan7 ($100 in chips) 
m0nTTu: posts small blind $0.50
sskripka: posts big blind $1
*** HOLE CARDS ***
ledsgy1967: calls $1
blackclan7: folds 
Supermegopro: folds 
m0nTTu: folds 
sskripka: checks 
*** FLOP *** [Td 3h Kd]
sskripka: checks 
ledsgy1967: bets $1
sskripka: folds 
Uncalled bet ($1) returned to ledsgy1967
ledsgy1967 collected $2.38 from pot
ledsgy1967: doesn't show hand 
*** SUMMARY ***
Total pot $2.50 | Rake $0.12 
Board [Td 3h Kd]
Seat 3: Naz10101
Seat 1: Supermegopro (button) folded before Flop (didn't bet)
Seat 2: m0nTTu (small blind) folded before Flop
Seat 4: sskripka (big blind) folded on the Flop
Seat 5: ledsgy1967 collected ($2.38)
Seat 6: blackclan7 folded before Flop (didn't bet)



PokerStars Hand #254586851420:  Hold'em No Limit ($0.50/$1.00 USD) - 2025/01/27 22:55:12 WET [2025/01/27 17:55:12 ET]
Table 'Hybris IV' 6-max Seat #2 is the button
Seat 3: Naz10101 ($0 in chips) is sitting out
Seat 1: Supermegopro ($120.67 in chips) 
Seat 2: m0nTTu ($80 in chips) 
Seat 4: sskripka ($100 in chips) 
Seat 5: ledsgy1967 ($25.63 in chips) 
Seat 6: blackclan7 ($100 in chips) 
sskripka: posts small blind $0.50
ledsgy1967: posts big blind $1
*** HOLE CARDS ***
blackclan7: raises $1 to $2
Supermegopro: folds 
m0nTTu: folds 
sskripka: folds 
ledsgy1967: calls $1
*** FLOP *** [Ts 7s Qd]
ledsgy1967: checks 
blackclan7: bets $2.18
ledsgy1967: folds 
Uncalled bet ($2.18) returned to blackclan7
blackclan7 collected $4.28 from pot
blackclan7: doesn't show hand 
*** SUMMARY ***
Total pot $4.50 | Rake $0.22 
Board [Ts 7s Qd]
Seat 3: Naz10101
Seat 1: Supermegopro folded before Flop (didn't bet)
Seat 2: m0nTTu (button) folded before Flop (didn't bet)
Seat 4: sskripka (small blind) folded before Flop
Seat 5: ledsgy1967 (big blind) folded on the Flop
Seat 6: blackclan7 collected ($4.28)



PokerStars Hand #254586855676:  Hold'em No Limit ($0.50/$1.00 USD) - 2025/01/27 22:55:34 WET [2025/01/27 17:55:34 ET]
Table 'Hybris IV' 6-max Seat #4 is the button
Seat 3: Naz10101 ($0 in chips) is sitting out
Seat 1: Supermegopro ($120.67 in chips) 
Seat 2: m0nTTu ($80 in chips) 
Seat 4: sskripka ($100 in chips) 
Seat 5: ledsgy1967 ($23.63 in chips) 
Seat 6: blackclan7 ($102.28 in chips) 
ledsgy1967: posts small blind $0.50
blackclan7: posts big blind $1
*** HOLE CARDS ***
Supermegopro: folds 
m0nTTu: folds 
sskripka: folds 
ledsgy1967: calls $0.50
blackclan7: raises $3 to $4
ledsgy1967: folds 
Uncalled bet ($3) returned to blackclan7
blackclan7 collected $2 from pot
blackclan7: doesn't show hand 
*** SUMMARY ***
Total pot $2 | Rake $0 
Seat 3: Naz10101
Seat 1: Supermegopro folded before Flop (didn't bet)
Seat 2: m0nTTu folded before Flop (didn't bet)
Seat 4: sskripka (button) folded before Flop (didn't bet)
Seat 5: ledsgy1967 (small blind) folded before Flop
Seat 6: blackclan7 (big blind) collected ($2)



PokerStars Hand #254586860324:  Hold'em No Limit ($0.50/$1.00 USD) - 2025/01/27 22:55:58 WET [2025/01/27 17:55:58 ET]
Table 'Hybris IV' 6-max Seat #5 is the button
Seat 3: Naz10101 ($0 in chips) is sitting out
Seat 1: Supermegopro ($120.67 in chips) 
Seat 2: m0nTTu ($80 in chips) 
Seat 4: sskripka ($100 in chips) 
Seat 5: ledsgy1967 ($22.63 in chips) 
Seat 6: blackclan7 ($103.28 in chips) 
blackclan7: posts small blind $0.50
Supermegopro: posts big blind $1
*** HOLE CARDS ***
m0nTTu: folds 
sskripka: folds 
ledsgy1967: folds 
blackclan7: raises $2 to $3
Supermegopro: calls $2
*** FLOP *** [5c Ad Jh]
blackclan7: bets $1.88
Supermegopro: calls $1.88
*** TURN *** [5c Ad Jh] [Jd]
blackclan7: bets $4.73
Supermegopro: raises $15.92 to $20.65
blackclan7: folds 
Uncalled bet ($15.92) returned to Supermegopro
Supermegopro collected $18.26 from pot
Supermegopro: doesn't show hand 
*** SUMMARY ***
Total pot $19.22 | Rake $0.96 
Board [5c Ad Jh Jd]
Seat 3: Naz10101
Seat 1: Supermegopro (big blind) collected ($18.26)
Seat 2: m0nTTu folded before Flop (didn't bet)
Seat 4: sskripka folded before Flop (didn't bet)
Seat 5: ledsgy1967 (button) folded before Flop (didn't bet)
Seat 6: blackclan7 (small blind) folded on the Turn



PokerStars Hand #254586873119:  Hold'em No Limit ($0.50/$1.00 USD) - 2025/01/27 22:57:03 WET [2025/01/27 17:57:03 ET]
Table 'Hybris IV' 6-max Seat #6 is the button
Seat 3: Naz10101 ($0 in chips) is sitting out
Seat 1: Supermegopro ($129.32 in chips) 
Seat 2: m0nTTu ($80 in chips) 
Seat 4: sskripka ($100 in chips) 
Seat 5: ledsgy1967 ($22.63 in chips) 
Seat 6: blackclan7 ($100 in chips) 
Supermegopro: posts small blind $0.50
m0nTTu: posts big blind $1
*** HOLE CARDS ***
sskripka: folds 
ledsgy1967: calls $1
blackclan7: raises $3 to $4
Supermegopro: folds 
m0nTTu: folds 
ledsgy1967: calls $3
*** FLOP *** [7h 7d Qh]
ledsgy1967: checks 
blackclan7: bets $2.98
ledsgy1967: calls $2.98
*** TURN *** [7h 7d Qh] [3d]
ledsgy1967: checks 
blackclan7: checks 
*** RIVER *** [7h 7d Qh 3d] [9s]
ledsgy1967: bets $7.35
blackclan7: raises $85.67 to $93.02 and is all-in
ledsgy1967: calls $8.30 and is all-in
Uncalled bet ($77.37) returned to blackclan7
*** SHOW DOWN ***
blackclan7: shows [9d 9h] (a full house, Nines full of Sevens)
ledsgy1967: shows [2c Qc] (two pair, Queens and Sevens)
blackclan7 collected $44.42 from pot
*** SUMMARY ***
Total pot $46.76 | Rake $2.34 
Board [7h 7d Qh 3d 9s]
Seat 3: Naz10101
Seat 1: Supermegopro (small blind) folded before Flop
Seat 2: m0nTTu (big blind) folded before Flop
Seat 4: sskripka folded before Flop (didn't bet)
Seat 5: ledsgy1967 showed [2c Qc] and lost with two pair, Queens and Sevens
Seat 6: blackclan7 (button) showed [9d 9h] and won ($44.42) with a full house, Nines full of Sevens



PokerStars Hand #254586884285:  Hold'em No Limit ($0.50/$1.00 USD) - 2025/01/27 22:58:00 WET [2025/01/27 17:58:00 ET]
Table 'Hybris IV' 6-max Seat #1 is the button
Seat 3: Naz10101 ($0 in chips) is sitting out
Seat 5: ledsgy1967 ($0 in chips) is sitting out
Seat 1: Supermegopro ($128.82 in chips) 
Seat 2: m0nTTu ($79 in chips) 
Seat 4: sskripka ($100 in chips) 
Seat 6: blackclan7 ($121.79 in chips) 
m0nTTu: posts small blind $0.50
sskripka: posts big blind $1
*** HOLE CARDS ***
blackclan7: folds 
ledsgy1967 leaves the table
Supermegopro: raises $1.50 to $2.50
JUANS2 joins the table at seat #5 
m0nTTu: calls $2
sskripka: folds 
*** FLOP *** [Qc 2s 8d]
m0nTTu: checks 
Supermegopro: bets $3.80
m0nTTu: folds 
Uncalled bet ($3.80) returned to Supermegopro
Supermegopro collected $5.70 from pot
Supermegopro: doesn't show hand 
*** SUMMARY ***
Total pot $6 | Rake $0.30 
Board [Qc 2s 8d]
Seat 3: Naz10101
Seat 5: ledsgy1967
Seat 1: Supermegopro (button) collected ($5.70)
Seat 2: m0nTTu (small blind) folded on the Flop
Seat 4: sskripka (big blind) folded before Flop
Seat 6: blackclan7 folded before Flop (didn't bet)



