PokerStars Hand #254575699319:  Hold'em No Limit ($0.50/$1.00 USD) - 2025/01/27 6:02:28 WET [2025/01/27 1:02:28 ET]
Table 'Halley III' 6-max Seat #6 is the button
Seat 2: Melenya ($116.22 in chips) 
Seat 4: MoRsCeReBruM ($100 in chips) 
Seat 5: ka100pka527 ($100 in chips) 
Seat 6: shootingGRID ($100 in chips) 
Melenya: posts small blind $0.50
MoRsCeReBruM: posts big blind $1
*** HOLE CARDS ***
ka100pka527: folds 
shootingGRID: raises $1.50 to $2.50
Melenya: folds 
MoRsCeReBruM: folds 
Uncalled bet ($1.50) returned to shootingGRID
shootingGRID collected $2.50 from pot
*** SUMMARY ***
Total pot $2.50 | Rake $0 
Seat 2: Melenya (small blind) folded before Flop
Seat 4: MoRsCeReBruM (big blind) folded before Flop
Seat 5: ka100pka527 folded before Flop (didn't bet)
Seat 6: shootingGRID (button) collected ($2.50)



PokerStars Hand #254575700417:  Hold'em No Limit ($0.50/$1.00 USD) - 2025/01/27 6:02:44 WET [2025/01/27 1:02:44 ET]
Table 'Halley III' 6-max Seat #2 is the button
Seat 2: Melenya ($115.72 in chips) 
Seat 4: MoRsCeReBruM ($100 in chips) 
Seat 5: ka100pka527 ($100 in chips) 
Seat 6: shootingGRID ($101.50 in chips) 
MoRsCeReBruM: posts small blind $0.50
ka100pka527: posts big blind $1
*** HOLE CARDS ***
shootingGRID: folds 
Melenya: raises $1.50 to $2.50
MoRsCeReBruM: folds 
ka100pka527: folds 
Uncalled bet ($1.50) returned to Melenya
Melenya collected $2.50 from pot
Melenya: doesn't show hand 
*** SUMMARY ***
Total pot $2.50 | Rake $0 
Seat 2: Melenya (button) collected ($2.50)
Seat 4: MoRsCeReBruM (small blind) folded before Flop
Seat 5: ka100pka527 (big blind) folded before Flop
Seat 6: shootingGRID folded before Flop (didn't bet)



PokerStars Hand #254575702975:  Hold'em No Limit ($0.50/$1.00 USD) - 2025/01/27 6:03:22 WET [2025/01/27 1:03:22 ET]
Table 'Halley III' 6-max Seat #4 is the button
Seat 2: Melenya ($117.22 in chips) 
Seat 4: MoRsCeReBruM ($100 in chips) 
Seat 5: ka100pka527 ($100 in chips) 
Seat 6: shootingGRID ($101.50 in chips) 
ka100pka527: posts small blind $0.50
shootingGRID: posts big blind $1
*** HOLE CARDS ***
Melenya: folds 
MoRsCeReBruM: folds 
ka100pka527: raises $1.50 to $2.50
shootingGRID: calls $1.50
*** FLOP *** [Js 9h Th]
ka100pka527: checks 
shootingGRID: checks 
*** TURN *** [Js 9h Th] [8d]
ka100pka527: checks 
shootingGRID: checks 
*** RIVER *** [Js 9h Th 8d] [8h]
ka100pka527: bets $3.17
shootingGRID: folds 
Uncalled bet ($3.17) returned to ka100pka527
ka100pka527 collected $4.75 from pot
ka100pka527: doesn't show hand 
*** SUMMARY ***
Total pot $5 | Rake $0.25 
Board [Js 9h Th 8d 8h]
Seat 2: Melenya folded before Flop (didn't bet)
Seat 4: MoRsCeReBruM (button) folded before Flop (didn't bet)
Seat 5: ka100pka527 (small blind) collected ($4.75)
Seat 6: shootingGRID (big blind) folded on the River



PokerStars Hand #254575706119:  Hold'em No Limit ($0.50/$1.00 USD) - 2025/01/27 6:04:09 WET [2025/01/27 1:04:09 ET]
Table 'Halley III' 6-max Seat #5 is the button
Seat 2: Melenya ($117.22 in chips) 
Seat 4: MoRsCeReBruM ($100 in chips) 
Seat 5: ka100pka527 ($102.25 in chips) 
Seat 6: shootingGRID ($100 in chips) 
shootingGRID: posts small blind $0.50
Melenya: posts big blind $1
*** HOLE CARDS ***
MoRsCeReBruM: folds 
ka100pka527: folds 
shootingGRID: raises $2 to $3
Melenya: folds 
Uncalled bet ($2) returned to shootingGRID
shootingGRID collected $2 from pot
*** SUMMARY ***
Total pot $2 | Rake $0 
Seat 2: Melenya (big blind) folded before Flop
Seat 4: MoRsCeReBruM folded before Flop (didn't bet)
Seat 5: ka100pka527 (button) folded before Flop (didn't bet)
Seat 6: shootingGRID (small blind) collected ($2)



PokerStars Hand #254575707615:  Hold'em No Limit ($0.50/$1.00 USD) - 2025/01/27 6:04:31 WET [2025/01/27 1:04:31 ET]
Table 'Halley III' 6-max Seat #6 is the button
Seat 2: Melenya ($116.22 in chips) 
Seat 4: MoRsCeReBruM ($100 in chips) 
Seat 5: ka100pka527 ($102.25 in chips) 
Seat 6: shootingGRID ($101 in chips) 
Melenya: posts small blind $0.50
MoRsCeReBruM: posts big blind $1
*** HOLE CARDS ***
ka100pka527: folds 
shootingGRID: folds 
Melenya: raises $2 to $3
MoRsCeReBruM: raises $6 to $9
Melenya: calls $6
*** FLOP *** [Kc 6s Kh]
Melenya: checks 
MoRsCeReBruM: bets $6.84
Melenya: calls $6.84
*** TURN *** [Kc 6s Kh] [5c]
Melenya: checks 
MoRsCeReBruM: bets $19.50
Melenya: folds 
Uncalled bet ($19.50) returned to MoRsCeReBruM
MoRsCeReBruM collected $30.68 from pot
MoRsCeReBruM: doesn't show hand 
*** SUMMARY ***
Total pot $31.68 | Rake $1 
Board [Kc 6s Kh 5c]
Seat 2: Melenya (small blind) folded on the Turn
Seat 4: MoRsCeReBruM (big blind) collected ($30.68)
Seat 5: ka100pka527 folded before Flop (didn't bet)
Seat 6: shootingGRID (button) folded before Flop (didn't bet)



PokerStars Hand #254575711553:  Hold'em No Limit ($0.50/$1.00 USD) - 2025/01/27 6:05:29 WET [2025/01/27 1:05:29 ET]
Table 'Halley III' 6-max Seat #2 is the button
Seat 2: Melenya ($100.38 in chips) 
Seat 4: MoRsCeReBruM ($114.84 in chips) 
Seat 5: ka100pka527 ($102.25 in chips) 
Seat 6: shootingGRID ($101 in chips) 
MoRsCeReBruM: posts small blind $0.50
ka100pka527: posts big blind $1
*** HOLE CARDS ***
shootingGRID: raises $1.25 to $2.25
Melenya: folds 
MoRsCeReBruM: folds 
ka100pka527: folds 
Uncalled bet ($1.25) returned to shootingGRID
shootingGRID collected $2.50 from pot
*** SUMMARY ***
Total pot $2.50 | Rake $0 
Seat 2: Melenya (button) folded before Flop (didn't bet)
Seat 4: MoRsCeReBruM (small blind) folded before Flop
Seat 5: ka100pka527 (big blind) folded before Flop
Seat 6: shootingGRID collected ($2.50)



PokerStars Hand #254575712911:  Hold'em No Limit ($0.50/$1.00 USD) - 2025/01/27 6:05:49 WET [2025/01/27 1:05:49 ET]
Table 'Halley III' 6-max Seat #4 is the button
Seat 2: Melenya ($100.38 in chips) 
Seat 4: MoRsCeReBruM ($114.34 in chips) 
Seat 5: ka100pka527 ($101.25 in chips) 
Seat 6: shootingGRID ($102.50 in chips) 
ka100pka527: posts small blind $0.50
shootingGRID: posts big blind $1
*** HOLE CARDS ***
Melenya: folds 
MoRsCeReBruM: folds 
ka100pka527: raises $1.50 to $2.50
shootingGRID: folds 
Uncalled bet ($1.50) returned to ka100pka527
ka100pka527 collected $2 from pot
ka100pka527: doesn't show hand 
*** SUMMARY ***
Total pot $2 | Rake $0 
Seat 2: Melenya folded before Flop (didn't bet)
Seat 4: MoRsCeReBruM (button) folded before Flop (didn't bet)
Seat 5: ka100pka527 (small blind) collected ($2)
Seat 6: shootingGRID (big blind) folded before Flop



PokerStars Hand #254575714331:  Hold'em No Limit ($0.50/$1.00 USD) - 2025/01/27 6:06:10 WET [2025/01/27 1:06:10 ET]
Table 'Halley III' 6-max Seat #5 is the button
Seat 2: Melenya ($100.38 in chips) 
Seat 4: MoRsCeReBruM ($114.34 in chips) 
Seat 5: ka100pka527 ($102.25 in chips) 
Seat 6: shootingGRID ($101.50 in chips) 
shootingGRID: posts small blind $0.50
Melenya: posts big blind $1
*** HOLE CARDS ***
MoRsCeReBruM: folds 
ka100pka527: raises $1.50 to $2.50
shootingGRID: raises $9.50 to $12
Melenya: folds 
ka100pka527: folds 
Uncalled bet ($9.50) returned to shootingGRID
shootingGRID collected $6 from pot
*** SUMMARY ***
Total pot $6 | Rake $0 
Seat 2: Melenya (big blind) folded before Flop
Seat 4: MoRsCeReBruM folded before Flop (didn't bet)
Seat 5: ka100pka527 (button) folded before Flop
Seat 6: shootingGRID (small blind) collected ($6)



PokerStars Hand #254575715473:  Hold'em No Limit ($0.50/$1.00 USD) - 2025/01/27 6:06:27 WET [2025/01/27 1:06:27 ET]
Table 'Halley III' 6-max Seat #6 is the button
Seat 2: Melenya ($100 in chips) 
Seat 4: MoRsCeReBruM ($114.34 in chips) 
Seat 5: ka100pka527 ($100 in chips) 
Seat 6: shootingGRID ($105 in chips) 
Melenya: posts small blind $0.50
MoRsCeReBruM: posts big blind $1
*** HOLE CARDS ***
ka100pka527: folds 
shootingGRID: raises $1.50 to $2.50
Melenya: folds 
MoRsCeReBruM: folds 
Uncalled bet ($1.50) returned to shootingGRID
shootingGRID collected $2.50 from pot
*** SUMMARY ***
Total pot $2.50 | Rake $0 
Seat 2: Melenya (small blind) folded before Flop
Seat 4: MoRsCeReBruM (big blind) folded before Flop
Seat 5: ka100pka527 folded before Flop (didn't bet)
Seat 6: shootingGRID (button) collected ($2.50)



PokerStars Hand #254575716978:  Hold'em No Limit ($0.50/$1.00 USD) - 2025/01/27 6:06:48 WET [2025/01/27 1:06:48 ET]
Table 'Halley III' 6-max Seat #2 is the button
Seat 2: Melenya ($100 in chips) 
Seat 4: MoRsCeReBruM ($113.34 in chips) 
Seat 5: ka100pka527 ($100 in chips) 
Seat 6: shootingGRID ($106.50 in chips) 
MoRsCeReBruM: posts small blind $0.50
ka100pka527: posts big blind $1
*** HOLE CARDS ***
shootingGRID: folds 
raiseinthedarkk joins the table at seat #1 
7bekon7 joins the table at seat #3 
Melenya: folds 
MoRsCeReBruM: raises $2 to $3
7bekon7 leaves the table
ka100pka527: raises $6 to $9
MoRsCeReBruM: calls $6
*** FLOP *** [Ks Jc 3s]
MoRsCeReBruM: checks 
ka100pka527: bets $9.23
MoRsCeReBruM: raises $14.22 to $23.45
ka100pka527: folds 
Uncalled bet ($14.22) returned to MoRsCeReBruM
MoRsCeReBruM collected $35.46 from pot
MoRsCeReBruM: doesn't show hand 
*** SUMMARY ***
Total pot $36.46 | Rake $1 
Board [Ks Jc 3s]
Seat 2: Melenya (button) folded before Flop (didn't bet)
Seat 4: MoRsCeReBruM (small blind) collected ($35.46)
Seat 5: ka100pka527 (big blind) folded on the Flop
Seat 6: shootingGRID folded before Flop (didn't bet)



PokerStars Hand #254575722224:  Hold'em No Limit ($0.50/$1.00 USD) - 2025/01/27 6:08:04 WET [2025/01/27 1:08:04 ET]
Table 'Halley III' 6-max Seat #4 is the button
Seat 1: raiseinthedarkk ($100 in chips) is sitting out
Seat 2: Melenya ($100 in chips) 
Seat 4: MoRsCeReBruM ($130.57 in chips) 
Seat 5: ka100pka527 ($100 in chips) 
Seat 6: shootingGRID ($106.50 in chips) 
ka100pka527: posts small blind $0.50
shootingGRID: posts big blind $1
raiseinthedarkk: sits out 
*** HOLE CARDS ***
Melenya: folds 
MoRsCeReBruM: folds 
ka100pka527: raises $1.50 to $2.50
shootingGRID: folds 
Uncalled bet ($1.50) returned to ka100pka527
ka100pka527 collected $2 from pot
ka100pka527: doesn't show hand 
*** SUMMARY ***
Total pot $2 | Rake $0 
Seat 1: raiseinthedarkk
Seat 2: Melenya folded before Flop (didn't bet)
Seat 4: MoRsCeReBruM (button) folded before Flop (didn't bet)
Seat 5: ka100pka527 (small blind) collected ($2)
Seat 6: shootingGRID (big blind) folded before Flop



PokerStars Hand #254575723221:  Hold'em No Limit ($0.50/$1.00 USD) - 2025/01/27 6:08:19 WET [2025/01/27 1:08:19 ET]
Table 'Halley III' 6-max Seat #5 is the button
Seat 1: raiseinthedarkk ($100 in chips) 
Seat 2: Melenya ($100 in chips) 
Seat 4: MoRsCeReBruM ($130.57 in chips) 
Seat 5: ka100pka527 ($101 in chips) 
Seat 6: shootingGRID ($105.50 in chips) 
shootingGRID: posts small blind $0.50
raiseinthedarkk: posts big blind $1
*** HOLE CARDS ***
Melenya: folds 
MoRsCeReBruM: folds 
ka100pka527: folds 
shootingGRID: raises $2 to $3
raiseinthedarkk: raises $6 to $9
shootingGRID: folds 
Uncalled bet ($6) returned to raiseinthedarkk
raiseinthedarkk collected $6 from pot
raiseinthedarkk: doesn't show hand 
*** SUMMARY ***
Total pot $6 | Rake $0 
Seat 1: raiseinthedarkk (big blind) collected ($6)
Seat 2: Melenya folded before Flop (didn't bet)
Seat 4: MoRsCeReBruM folded before Flop (didn't bet)
Seat 5: ka100pka527 (button) folded before Flop (didn't bet)
Seat 6: shootingGRID (small blind) folded before Flop



PokerStars Hand #254575725552:  Hold'em No Limit ($0.50/$1.00 USD) - 2025/01/27 6:08:53 WET [2025/01/27 1:08:53 ET]
Table 'Halley III' 6-max Seat #6 is the button
Seat 2: Melenya ($100 in chips) is sitting out
Seat 1: raiseinthedarkk ($103 in chips) 
Seat 4: MoRsCeReBruM ($130.57 in chips) 
Seat 5: ka100pka527 ($101 in chips) 
Seat 6: shootingGRID ($102.50 in chips) 
raiseinthedarkk: posts small blind $0.50
Melenya: is sitting out 
MoRsCeReBruM: posts big blind $1
*** HOLE CARDS ***
Melenya leaves the table
ka100pka527: folds 
shootingGRID: raises $1.50 to $2.50
raiseinthedarkk: raises $8.50 to $11
MoRsCeReBruM: folds 
shootingGRID: folds 
Uncalled bet ($8.50) returned to raiseinthedarkk
raiseinthedarkk collected $6 from pot
raiseinthedarkk: doesn't show hand 
*** SUMMARY ***
Total pot $6 | Rake $0 
Seat 2: Melenya
Seat 1: raiseinthedarkk (small blind) collected ($6)
Seat 4: MoRsCeReBruM (big blind) folded before Flop
Seat 5: ka100pka527 folded before Flop (didn't bet)
Seat 6: shootingGRID (button) folded before Flop



PokerStars Hand #254575727964:  Hold'em No Limit ($0.50/$1.00 USD) - 2025/01/27 6:09:29 WET [2025/01/27 1:09:29 ET]
Table 'Halley III' 6-max Seat #1 is the button
Seat 1: raiseinthedarkk ($106.50 in chips) 
Seat 4: MoRsCeReBruM ($129.57 in chips) 
Seat 5: ka100pka527 ($101 in chips) 
Seat 6: shootingGRID ($100 in chips) 
MoRsCeReBruM: posts small blind $0.50
ka100pka527: posts big blind $1
*** HOLE CARDS ***
shootingGRID: folds 
raiseinthedarkk: raises $1.50 to $2.50
MoRsCeReBruM: folds 
ka100pka527: folds 
Uncalled bet ($1.50) returned to raiseinthedarkk
raiseinthedarkk collected $2.50 from pot
raiseinthedarkk: doesn't show hand 
*** SUMMARY ***
Total pot $2.50 | Rake $0 
Seat 1: raiseinthedarkk (button) collected ($2.50)
Seat 4: MoRsCeReBruM (small blind) folded before Flop
Seat 5: ka100pka527 (big blind) folded before Flop
Seat 6: shootingGRID folded before Flop (didn't bet)



PokerStars Hand #254575729225:  Hold'em No Limit ($0.50/$1.00 USD) - 2025/01/27 6:09:47 WET [2025/01/27 1:09:47 ET]
Table 'Halley III' 6-max Seat #4 is the button
Seat 1: raiseinthedarkk ($108 in chips) 
Seat 4: MoRsCeReBruM ($129.07 in chips) 
Seat 5: ka100pka527 ($100 in chips) 
Seat 6: shootingGRID ($100 in chips) 
ka100pka527: posts small blind $0.50
shootingGRID: posts big blind $1
*** HOLE CARDS ***
raiseinthedarkk: folds 
MoRsCeReBruM: folds 
ka100pka527: raises $1.50 to $2.50
shootingGRID: folds 
Uncalled bet ($1.50) returned to ka100pka527
ka100pka527 collected $2 from pot
ka100pka527: doesn't show hand 
*** SUMMARY ***
Total pot $2 | Rake $0 
Seat 1: raiseinthedarkk folded before Flop (didn't bet)
Seat 4: MoRsCeReBruM (button) folded before Flop (didn't bet)
Seat 5: ka100pka527 (small blind) collected ($2)
Seat 6: shootingGRID (big blind) folded before Flop



PokerStars Hand #254575730617:  Hold'em No Limit ($0.50/$1.00 USD) - 2025/01/27 6:10:07 WET [2025/01/27 1:10:07 ET]
Table 'Halley III' 6-max Seat #5 is the button
Seat 1: raiseinthedarkk ($108 in chips) 
Seat 4: MoRsCeReBruM ($129.07 in chips) 
Seat 5: ka100pka527 ($101 in chips) 
Seat 6: shootingGRID ($100 in chips) 
shootingGRID: posts small blind $0.50
raiseinthedarkk: posts big blind $1
*** HOLE CARDS ***
MoRsCeReBruM: folds 
ka100pka527: folds 
shootingGRID: raises $2 to $3
raiseinthedarkk: calls $2
*** FLOP *** [7d 6d 7c]
shootingGRID: bets $1.88
raiseinthedarkk: calls $1.88
*** TURN *** [7d 6d 7c] [Ah]
shootingGRID: bets $6.12
raiseinthedarkk: calls $6.12
*** RIVER *** [7d 6d 7c Ah] [Kh]
shootingGRID: checks 
raiseinthedarkk: checks 
*** SHOW DOWN ***
shootingGRID: shows [9s Ad] (two pair, Aces and Sevens)
raiseinthedarkk: mucks hand 
shootingGRID collected $21 from pot
*** SUMMARY ***
Total pot $22 | Rake $1 
Board [7d 6d 7c Ah Kh]
Seat 1: raiseinthedarkk (big blind) mucked
Seat 4: MoRsCeReBruM folded before Flop (didn't bet)
Seat 5: ka100pka527 (button) folded before Flop (didn't bet)
Seat 6: shootingGRID (small blind) showed [9s Ad] and won ($21) with two pair, Aces and Sevens



PokerStars Hand #254575734979:  Hold'em No Limit ($0.50/$1.00 USD) - 2025/01/27 6:11:12 WET [2025/01/27 1:11:12 ET]
Table 'Halley III' 6-max Seat #6 is the button
Seat 1: raiseinthedarkk ($100 in chips) 
Seat 4: MoRsCeReBruM ($129.07 in chips) 
Seat 5: ka100pka527 ($101 in chips) 
Seat 6: shootingGRID ($110 in chips) 
raiseinthedarkk: posts small blind $0.50
MoRsCeReBruM: posts big blind $1
*** HOLE CARDS ***
ka100pka527: folds 
ka100pka527 leaves the table
shootingGRID: raises $1.50 to $2.50
raiseinthedarkk: folds 
MoRsCeReBruM: folds 
Uncalled bet ($1.50) returned to shootingGRID
shootingGRID collected $2.50 from pot
*** SUMMARY ***
Total pot $2.50 | Rake $0 
Seat 1: raiseinthedarkk (small blind) folded before Flop
Seat 4: MoRsCeReBruM (big blind) folded before Flop
Seat 5: ka100pka527 folded before Flop (didn't bet)
Seat 6: shootingGRID (button) collected ($2.50)



PokerStars Hand #254575737502:  Hold'em No Limit ($0.50/$1.00 USD) - 2025/01/27 6:11:49 WET [2025/01/27 1:11:49 ET]
Table 'Halley III' 6-max Seat #4 is the button
Seat 1: raiseinthedarkk ($100 in chips) 
Seat 4: MoRsCeReBruM ($128.07 in chips) 
MoRsCeReBruM: posts small blind $0.50
raiseinthedarkk: posts big blind $1
*** HOLE CARDS ***
MoRsCeReBruM: raises $1.20 to $2.20
raiseinthedarkk: raises $8.30 to $10.50
MoRsCeReBruM: folds 
Uncalled bet ($8.30) returned to raiseinthedarkk
raiseinthedarkk collected $4.40 from pot
raiseinthedarkk: doesn't show hand 
*** SUMMARY ***
Total pot $4.40 | Rake $0 
Seat 1: raiseinthedarkk (big blind) collected ($4.40)
Seat 4: MoRsCeReBruM (button) (small blind) folded before Flop



PokerStars Hand #254575739182:  Hold'em No Limit ($0.50/$1.00 USD) - 2025/01/27 6:12:15 WET [2025/01/27 1:12:15 ET]
Table 'Halley III' 6-max Seat #1 is the button
Seat 1: raiseinthedarkk ($102.20 in chips) 
Seat 4: MoRsCeReBruM ($125.87 in chips) 
raiseinthedarkk: posts small blind $0.50
MoRsCeReBruM: posts big blind $1
*** HOLE CARDS ***
raiseinthedarkk: raises $1.50 to $2.50
MoRsCeReBruM: calls $1.50
*** FLOP *** [7d Qd 6d]
MoRsCeReBruM: checks 
raiseinthedarkk: bets $1.19
MoRsCeReBruM: calls $1.19
*** TURN *** [7d Qd 6d] [Jc]
MoRsCeReBruM: checks 
raiseinthedarkk: bets $5.47
MoRsCeReBruM: folds 
Uncalled bet ($5.47) returned to raiseinthedarkk
raiseinthedarkk collected $7.01 from pot
raiseinthedarkk: doesn't show hand 
*** SUMMARY ***
Total pot $7.38 | Rake $0.37 
Board [7d Qd 6d Jc]
Seat 1: raiseinthedarkk (button) (small blind) collected ($7.01)
Seat 4: MoRsCeReBruM (big blind) folded on the Turn



PokerStars Hand #254575690963:  Hold'em No Limit ($0.50/$1.00 USD) - 2025/01/27 6:00:23 WET [2025/01/27 1:00:23 ET]
Table 'Halley III' 6-max Seat #5 is the button
Seat 2: Melenya ($100 in chips) 
Seat 5: ka100pka527 ($100 in chips) 
Seat 6: shootingGRID ($109.27 in chips) 
shootingGRID: posts small blind $0.50
Melenya: posts big blind $1
*** HOLE CARDS ***
ka100pka527: raises $1.50 to $2.50
shootingGRID: folds 
Melenya: calls $1.50
*** FLOP *** [As 7h 9c]
Melenya: checks 
ka100pka527: bets $3.48
Melenya: folds 
Uncalled bet ($3.48) returned to ka100pka527
ka100pka527 collected $5.22 from pot
ka100pka527: doesn't show hand 
*** SUMMARY ***
Total pot $5.50 | Rake $0.28 
Board [As 7h 9c]
Seat 2: Melenya (big blind) folded on the Flop
Seat 5: ka100pka527 (button) collected ($5.22)
Seat 6: shootingGRID (small blind) folded before Flop



PokerStars Hand #254575692290:  Hold'em No Limit ($0.50/$1.00 USD) - 2025/01/27 6:00:44 WET [2025/01/27 1:00:44 ET]
Table 'Halley III' 6-max Seat #6 is the button
Seat 2: Melenya ($100 in chips) 
Seat 5: ka100pka527 ($102.72 in chips) 
Seat 6: shootingGRID ($108.77 in chips) 
Melenya: posts small blind $0.50
ka100pka527: posts big blind $1
*** HOLE CARDS ***
shootingGRID: raises $1.50 to $2.50
Melenya: folds 
ka100pka527: folds 
Uncalled bet ($1.50) returned to shootingGRID
shootingGRID collected $2.50 from pot
*** SUMMARY ***
Total pot $2.50 | Rake $0 
Seat 2: Melenya (small blind) folded before Flop
Seat 5: ka100pka527 (big blind) folded before Flop
Seat 6: shootingGRID (button) collected ($2.50)



PokerStars Hand #254575692995:  Hold'em No Limit ($0.50/$1.00 USD) - 2025/01/27 6:00:54 WET [2025/01/27 1:00:54 ET]
Table 'Halley III' 6-max Seat #2 is the button
Seat 2: Melenya ($100 in chips) 
Seat 5: ka100pka527 ($101.72 in chips) 
Seat 6: shootingGRID ($110.27 in chips) 
ka100pka527: posts small blind $0.50
shootingGRID: posts big blind $1
*** HOLE CARDS ***
Melenya: raises $1.50 to $2.50
ka100pka527: folds 
MoRsCeReBruM joins the table at seat #4 
shootingGRID: raises $10.50 to $13
Melenya: raises $14 to $27
shootingGRID: folds 
Uncalled bet ($14) returned to Melenya
Melenya collected $26.50 from pot
Melenya: doesn't show hand 
*** SUMMARY ***
Total pot $26.50 | Rake $0 
Seat 2: Melenya (button) collected ($26.50)
Seat 5: ka100pka527 (small blind) folded before Flop
Seat 6: shootingGRID (big blind) folded before Flop



PokerStars Hand #254575696548:  Hold'em No Limit ($0.50/$1.00 USD) - 2025/01/27 6:01:46 WET [2025/01/27 1:01:46 ET]
Table 'Halley III' 6-max Seat #5 is the button
Seat 4: MoRsCeReBruM ($100 in chips) is sitting out
Seat 2: Melenya ($113.50 in chips) 
Seat 5: ka100pka527 ($101.22 in chips) 
Seat 6: shootingGRID ($100 in chips) 
shootingGRID: posts small blind $0.50
Melenya: posts big blind $1
MoRsCeReBruM: sits out 
*** HOLE CARDS ***
ka100pka527: raises $1.50 to $2.50
shootingGRID: folds 
Melenya: calls $1.50
*** FLOP *** [9s 6c Qc]
Melenya: checks 
ka100pka527: checks 
*** TURN *** [9s 6c Qc] [4d]
Melenya: checks 
ka100pka527: checks 
*** RIVER *** [9s 6c Qc 4d] [As]
Melenya: checks 
ka100pka527: checks 
*** SHOW DOWN ***
Melenya: shows [8d Qd] (a pair of Queens)
ka100pka527: mucks hand 
Melenya collected $5.22 from pot
*** SUMMARY ***
Total pot $5.50 | Rake $0.28 
Board [9s 6c Qc 4d As]
Seat 4: MoRsCeReBruM
Seat 2: Melenya (big blind) showed [8d Qd] and won ($5.22) with a pair of Queens
Seat 5: ka100pka527 (button) mucked
Seat 6: shootingGRID (small blind) folded before Flop



PokerStars Hand #254575935768:  Hold'em No Limit ($0.50/$1.00 USD) - 2025/01/27 7:04:35 WET [2025/01/27 2:04:35 ET]
Table 'Halley III' 6-max Seat #3 is the button
Seat 1: jeffy27dt1 ($100 in chips) 
Seat 3: tsunaandrew ($100 in chips) 
Seat 4: AlexEliseev7 ($100 in chips) 
AlexEliseev7: posts small blind $0.50
jeffy27dt1: posts big blind $1
*** HOLE CARDS ***
peak joker33 joins the table at seat #5 
tsunaandrew: folds 
AlexEliseev7: raises $2 to $3
jeffy27dt1: folds 
Uncalled bet ($2) returned to AlexEliseev7
AlexEliseev7 collected $2 from pot
AlexEliseev7: doesn't show hand 
*** SUMMARY ***
Total pot $2 | Rake $0 
Seat 1: jeffy27dt1 (big blind) folded before Flop
Seat 3: tsunaandrew (button) folded before Flop (didn't bet)
Seat 4: AlexEliseev7 (small blind) collected ($2)



PokerStars Hand #254575936692:  Hold'em No Limit ($0.50/$1.00 USD) - 2025/01/27 7:04:50 WET [2025/01/27 2:04:50 ET]
Table 'Halley III' 6-max Seat #4 is the button
Seat 5: peak joker33 ($100 in chips) is sitting out
Seat 1: jeffy27dt1 ($100 in chips) 
Seat 3: tsunaandrew ($100 in chips) 
Seat 4: AlexEliseev7 ($101 in chips) 
jeffy27dt1: posts small blind $0.50
tsunaandrew: posts big blind $1
*** HOLE CARDS ***
AlexEliseev7: folds 
antey89 joins the table at seat #6 
jeffy27dt1: folds 
Uncalled bet ($0.50) returned to tsunaandrew
tsunaandrew collected $1 from pot
tsunaandrew: doesn't show hand 
*** SUMMARY ***
Total pot $1 | Rake $0 
Seat 5: peak joker33
Seat 1: jeffy27dt1 (small blind) folded before Flop
Seat 3: tsunaandrew (big blind) collected ($1)
Seat 4: AlexEliseev7 (button) folded before Flop (didn't bet)



PokerStars Hand #254575937631:  Hold'em No Limit ($0.50/$1.00 USD) - 2025/01/27 7:05:05 WET [2025/01/27 2:05:05 ET]
Table 'Halley III' 6-max Seat #1 is the button
Seat 5: peak joker33 ($100 in chips) is sitting out
Seat 6: antey89 ($100 in chips) is sitting out
Seat 1: jeffy27dt1 ($100 in chips) 
Seat 3: tsunaandrew ($100.50 in chips) 
Seat 4: AlexEliseev7 ($101 in chips) 
tsunaandrew: posts small blind $0.50
AlexEliseev7: posts big blind $1
peak joker33: sits out 
antey89: sits out 
*** HOLE CARDS ***
jeffy27dt1: raises $1.50 to $2.50
tsunaandrew: folds 
AlexEliseev7: calls $1.50
*** FLOP *** [Qh 8c Jh]
AlexEliseev7: checks 
jeffy27dt1: bets $3.92
AlexEliseev7: folds 
Uncalled bet ($3.92) returned to jeffy27dt1
jeffy27dt1 collected $5.22 from pot
jeffy27dt1: doesn't show hand 
*** SUMMARY ***
Total pot $5.50 | Rake $0.28 
Board [Qh 8c Jh]
Seat 5: peak joker33
Seat 6: antey89
Seat 1: jeffy27dt1 (button) collected ($5.22)
Seat 3: tsunaandrew (small blind) folded before Flop
Seat 4: AlexEliseev7 (big blind) folded on the Flop



PokerStars Hand #254575939765:  Hold'em No Limit ($0.50/$1.00 USD) - 2025/01/27 7:05:39 WET [2025/01/27 2:05:39 ET]
Table 'Halley III' 6-max Seat #3 is the button
Seat 6: antey89 ($100 in chips) is sitting out
Seat 1: jeffy27dt1 ($102.72 in chips) 
Seat 3: tsunaandrew ($100 in chips) 
Seat 4: AlexEliseev7 ($100 in chips) 
Seat 5: peak joker33 ($100 in chips) 
AlexEliseev7: posts small blind $0.50
peak joker33: posts big blind $1
antey89: sits out 
*** HOLE CARDS ***
jeffy27dt1: folds 
tsunaandrew: raises $1.50 to $2.50
AlexEliseev7: raises $9.50 to $12
peak joker33: folds 
tsunaandrew: calls $9.50
*** FLOP *** [7h Ad Th]
AlexEliseev7: checks 
tsunaandrew: checks 
*** TURN *** [7h Ad Th] [8d]
AlexEliseev7: bets $24
tsunaandrew: calls $24
*** RIVER *** [7h Ad Th 8d] [Jh]
Pon4uk.ua joins the table at seat #2 
AlexEliseev7: bets $64 and is all-in
tsunaandrew: folds 
Uncalled bet ($64) returned to AlexEliseev7
AlexEliseev7 collected $72 from pot
AlexEliseev7: doesn't show hand 
*** SUMMARY ***
Total pot $73 | Rake $1 
Board [7h Ad Th 8d Jh]
Seat 6: antey89
Seat 1: jeffy27dt1 folded before Flop (didn't bet)
Seat 3: tsunaandrew (button) folded on the River
Seat 4: AlexEliseev7 (small blind) collected ($72)
Seat 5: peak joker33 (big blind) folded before Flop



PokerStars Hand #254575947056:  Hold'em No Limit ($0.50/$1.00 USD) - 2025/01/27 7:07:39 WET [2025/01/27 2:07:39 ET]
Table 'Halley III' 6-max Seat #4 is the button
Seat 2: Pon4uk.ua ($100 in chips) is sitting out
Seat 1: jeffy27dt1 ($102.72 in chips) 
Seat 3: tsunaandrew ($100 in chips) 
Seat 4: AlexEliseev7 ($136 in chips) 
Seat 5: peak joker33 ($100 in chips) 
Seat 6: antey89 ($100 in chips) 
peak joker33: posts small blind $0.50
antey89: posts big blind $1
Pon4uk.ua: sits out 
*** HOLE CARDS ***
Pon4uk.ua leaves the table
jeffy27dt1: raises $1.50 to $2.50
tsunaandrew: raises $5.50 to $8
AlexEliseev7: folds 
peak joker33: folds 
antey89: folds 
jeffy27dt1: raises $14 to $22
tsunaandrew: folds 
Uncalled bet ($14) returned to jeffy27dt1
jeffy27dt1 collected $17.50 from pot
jeffy27dt1: doesn't show hand 
*** SUMMARY ***
Total pot $17.50 | Rake $0 
Seat 2: Pon4uk.ua
Seat 1: jeffy27dt1 collected ($17.50)
Seat 3: tsunaandrew folded before Flop
Seat 4: AlexEliseev7 (button) folded before Flop (didn't bet)
Seat 5: peak joker33 (small blind) folded before Flop
Seat 6: antey89 (big blind) folded before Flop



PokerStars Hand #254575949302:  Hold'em No Limit ($0.50/$1.00 USD) - 2025/01/27 7:08:16 WET [2025/01/27 2:08:16 ET]
Table 'Halley III' 6-max Seat #5 is the button
Seat 1: jeffy27dt1 ($112.22 in chips) 
Seat 3: tsunaandrew ($100 in chips) 
Seat 4: AlexEliseev7 ($136 in chips) 
Seat 5: peak joker33 ($100 in chips) 
Seat 6: antey89 ($100 in chips) 
antey89: posts small blind $0.50
jeffy27dt1: posts big blind $1
*** HOLE CARDS ***
tsunaandrew: raises $1 to $2
AlexEliseev7: folds 
peak joker33: folds 
antey89: folds 
jeffy27dt1: folds 
Uncalled bet ($1) returned to tsunaandrew
tsunaandrew collected $2.50 from pot
tsunaandrew: doesn't show hand 
*** SUMMARY ***
Total pot $2.50 | Rake $0 
Seat 1: jeffy27dt1 (big blind) folded before Flop
Seat 3: tsunaandrew collected ($2.50)
Seat 4: AlexEliseev7 folded before Flop (didn't bet)
Seat 5: peak joker33 (button) folded before Flop (didn't bet)
Seat 6: antey89 (small blind) folded before Flop



PokerStars Hand #254575950850:  Hold'em No Limit ($0.50/$1.00 USD) - 2025/01/27 7:08:42 WET [2025/01/27 2:08:42 ET]
Table 'Halley III' 6-max Seat #6 is the button
Seat 1: jeffy27dt1 ($111.22 in chips) 
Seat 3: tsunaandrew ($101.50 in chips) 
Seat 4: AlexEliseev7 ($136 in chips) 
Seat 5: peak joker33 ($100 in chips) 
Seat 6: antey89 ($100 in chips) 
jeffy27dt1: posts small blind $0.50
tsunaandrew: posts big blind $1
*** HOLE CARDS ***
AlexEliseev7: folds 
peak joker33: folds 
antey89: folds 
jeffy27dt1: folds 
Uncalled bet ($0.50) returned to tsunaandrew
tsunaandrew collected $1 from pot
tsunaandrew: doesn't show hand 
*** SUMMARY ***
Total pot $1 | Rake $0 
Seat 1: jeffy27dt1 (small blind) folded before Flop
Seat 3: tsunaandrew (big blind) collected ($1)
Seat 4: AlexEliseev7 folded before Flop (didn't bet)
Seat 5: peak joker33 folded before Flop (didn't bet)
Seat 6: antey89 (button) folded before Flop (didn't bet)



PokerStars Hand #254575952072:  Hold'em No Limit ($0.50/$1.00 USD) - 2025/01/27 7:09:01 WET [2025/01/27 2:09:01 ET]
Table 'Halley III' 6-max Seat #1 is the button
Seat 1: jeffy27dt1 ($110.72 in chips) 
Seat 3: tsunaandrew ($102 in chips) 
Seat 4: AlexEliseev7 ($136 in chips) 
Seat 5: peak joker33 ($100 in chips) 
Seat 6: antey89 ($100 in chips) 
tsunaandrew: posts small blind $0.50
AlexEliseev7: posts big blind $1
*** HOLE CARDS ***
peak joker33: folds 
peak joker33 leaves the table
antey89: raises $1.30 to $2.30
jeffy27dt1: folds 
tsunaandrew: folds 
AlexEliseev7: calls $1.30
*** FLOP *** [6c 3h 7h]
AlexEliseev7: checks 
antey89: checks 
*** TURN *** [6c 3h 7h] [4d]
AlexEliseev7: checks 
antey89: checks 
*** RIVER *** [6c 3h 7h 4d] [3s]
AlexEliseev7: bets $1.50
antey89: folds 
Uncalled bet ($1.50) returned to AlexEliseev7
AlexEliseev7 collected $4.84 from pot
AlexEliseev7: doesn't show hand 
*** SUMMARY ***
Total pot $5.10 | Rake $0.26 
Board [6c 3h 7h 4d 3s]
Seat 1: jeffy27dt1 (button) folded before Flop (didn't bet)
Seat 3: tsunaandrew (small blind) folded before Flop
Seat 4: AlexEliseev7 (big blind) collected ($4.84)
Seat 5: peak joker33 folded before Flop (didn't bet)
Seat 6: antey89 folded on the River



PokerStars Hand #254575955627:  Hold'em No Limit ($0.50/$1.00 USD) - 2025/01/27 7:09:59 WET [2025/01/27 2:09:59 ET]
Table 'Halley III' 6-max Seat #3 is the button
Seat 1: jeffy27dt1 ($110.72 in chips) 
Seat 3: tsunaandrew ($101.50 in chips) 
Seat 4: AlexEliseev7 ($138.54 in chips) 
Seat 6: antey89 ($100 in chips) 
AlexEliseev7: posts small blind $0.50
antey89: posts big blind $1
*** HOLE CARDS ***
jeffy27dt1: raises $1.50 to $2.50
tsunaandrew: folds 
AlexEliseev7: folds 
antey89: folds 
Uncalled bet ($1.50) returned to jeffy27dt1
jeffy27dt1 collected $2.50 from pot
jeffy27dt1: doesn't show hand 
*** SUMMARY ***
Total pot $2.50 | Rake $0 
Seat 1: jeffy27dt1 collected ($2.50)
Seat 3: tsunaandrew (button) folded before Flop (didn't bet)
Seat 4: AlexEliseev7 (small blind) folded before Flop
Seat 6: antey89 (big blind) folded before Flop



PokerStars Hand #254575956598:  Hold'em No Limit ($0.50/$1.00 USD) - 2025/01/27 7:10:16 WET [2025/01/27 2:10:16 ET]
Table 'Halley III' 6-max Seat #4 is the button
Seat 1: jeffy27dt1 ($112.22 in chips) 
Seat 3: tsunaandrew ($101.50 in chips) 
Seat 4: AlexEliseev7 ($138.04 in chips) 
Seat 6: antey89 ($100 in chips) 
antey89: posts small blind $0.50
jeffy27dt1: posts big blind $1
*** HOLE CARDS ***
tsunaandrew: folds 
AlexEliseev7: folds 
antey89: folds 
Uncalled bet ($0.50) returned to jeffy27dt1
jeffy27dt1 collected $1 from pot
jeffy27dt1: doesn't show hand 
*** SUMMARY ***
Total pot $1 | Rake $0 
Seat 1: jeffy27dt1 (big blind) collected ($1)
Seat 3: tsunaandrew folded before Flop (didn't bet)
Seat 4: AlexEliseev7 (button) folded before Flop (didn't bet)
Seat 6: antey89 (small blind) folded before Flop



PokerStars Hand #254575957364:  Hold'em No Limit ($0.50/$1.00 USD) - 2025/01/27 7:10:28 WET [2025/01/27 2:10:28 ET]
Table 'Halley III' 6-max Seat #6 is the button
Seat 1: jeffy27dt1 ($112.72 in chips) 
Seat 3: tsunaandrew ($101.50 in chips) 
Seat 4: AlexEliseev7 ($138.04 in chips) 
Seat 6: antey89 ($100 in chips) 
jeffy27dt1: posts small blind $0.50
tsunaandrew: posts big blind $1
*** HOLE CARDS ***
AlexEliseev7: folds 
antey89: folds 
jeffy27dt1: raises $2 to $3
tsunaandrew: raises $6 to $9
jeffy27dt1: raises $12 to $21
tsunaandrew: calls $12
*** FLOP *** [4d 2s Ts]
jeffy27dt1: bets $18
tsunaandrew: calls $18
*** TURN *** [4d 2s Ts] [Ks]
jeffy27dt1: bets $15
tsunaandrew: raises $47.50 to $62.50 and is all-in
jeffy27dt1: calls $47.50
*** RIVER *** [4d 2s Ts Ks] [6d]
*** SHOW DOWN ***
jeffy27dt1: shows [As 4s] (a flush, Ace high)
tsunaandrew: shows [Td Th] (three of a kind, Tens)
jeffy27dt1 collected $202 from pot
*** SUMMARY ***
Total pot $203 | Rake $1 
Board [4d 2s Ts Ks 6d]
Seat 1: jeffy27dt1 (small blind) showed [As 4s] and won ($202) with a flush, Ace high
Seat 3: tsunaandrew (big blind) showed [Td Th] and lost with three of a kind, Tens
Seat 4: AlexEliseev7 folded before Flop (didn't bet)
Seat 6: antey89 (button) folded before Flop (didn't bet)



PokerStars Hand #254575966141:  Hold'em No Limit ($0.50/$1.00 USD) - 2025/01/27 7:12:59 WET [2025/01/27 2:12:59 ET]
Table 'Halley III' 6-max Seat #1 is the button
Seat 1: jeffy27dt1 ($213.22 in chips) 
Seat 3: tsunaandrew ($100 in chips) 
Seat 4: AlexEliseev7 ($138.04 in chips) 
Seat 6: antey89 ($100 in chips) 
tsunaandrew: posts small blind $0.50
AlexEliseev7: posts big blind $1
*** HOLE CARDS ***
antey89: folds 
jeffy27dt1: folds 
tsunaandrew: raises $2 to $3
AlexEliseev7: calls $2
*** FLOP *** [3d 3s Ac]
tsunaandrew: bets $1.71
AlexEliseev7: calls $1.71
*** TURN *** [3d 3s Ac] [8h]
tsunaandrew: checks 
AlexEliseev7: checks 
*** RIVER *** [3d 3s Ac 8h] [2s]
tsunaandrew: bets $6.71
AlexEliseev7: folds 
Uncalled bet ($6.71) returned to tsunaandrew
tsunaandrew collected $8.95 from pot
tsunaandrew: doesn't show hand 
*** SUMMARY ***
Total pot $9.42 | Rake $0.47 
Board [3d 3s Ac 8h 2s]
Seat 1: jeffy27dt1 (button) folded before Flop (didn't bet)
Seat 3: tsunaandrew (small blind) collected ($8.95)
Seat 4: AlexEliseev7 (big blind) folded on the River
Seat 6: antey89 folded before Flop (didn't bet)



PokerStars Hand #254575969339:  Hold'em No Limit ($0.50/$1.00 USD) - 2025/01/27 7:13:54 WET [2025/01/27 2:13:54 ET]
Table 'Halley III' 6-max Seat #3 is the button
Seat 1: jeffy27dt1 ($213.22 in chips) 
Seat 3: tsunaandrew ($104.24 in chips) 
Seat 4: AlexEliseev7 ($133.33 in chips) 
Seat 6: antey89 ($100 in chips) 
AlexEliseev7: posts small blind $0.50
antey89: posts big blind $1
*** HOLE CARDS ***
jeffy27dt1: folds 
tsunaandrew: raises $1.50 to $2.50
AlexEliseev7: folds 
antey89: folds 
Uncalled bet ($1.50) returned to tsunaandrew
tsunaandrew collected $2.50 from pot
tsunaandrew: doesn't show hand 
*** SUMMARY ***
Total pot $2.50 | Rake $0 
Seat 1: jeffy27dt1 folded before Flop (didn't bet)
Seat 3: tsunaandrew (button) collected ($2.50)
Seat 4: AlexEliseev7 (small blind) folded before Flop
Seat 6: antey89 (big blind) folded before Flop



PokerStars Hand #254575970974:  Hold'em No Limit ($0.50/$1.00 USD) - 2025/01/27 7:14:22 WET [2025/01/27 2:14:22 ET]
Table 'Halley III' 6-max Seat #4 is the button
Seat 1: jeffy27dt1 ($213.22 in chips) 
Seat 3: tsunaandrew ($105.74 in chips) 
Seat 4: AlexEliseev7 ($132.83 in chips) 
Seat 6: antey89 ($100 in chips) 
antey89: posts small blind $0.50
jeffy27dt1: posts big blind $1
*** HOLE CARDS ***
tsunaandrew: folds 
AlexEliseev7: folds 
antey89: folds 
Uncalled bet ($0.50) returned to jeffy27dt1
jeffy27dt1 collected $1 from pot
jeffy27dt1: doesn't show hand 
*** SUMMARY ***
Total pot $1 | Rake $0 
Seat 1: jeffy27dt1 (big blind) collected ($1)
Seat 3: tsunaandrew folded before Flop (didn't bet)
Seat 4: AlexEliseev7 (button) folded before Flop (didn't bet)
Seat 6: antey89 (small blind) folded before Flop



PokerStars Hand #254575971738:  Hold'em No Limit ($0.50/$1.00 USD) - 2025/01/27 7:14:34 WET [2025/01/27 2:14:34 ET]
Table 'Halley III' 6-max Seat #6 is the button
Seat 1: jeffy27dt1 ($213.72 in chips) 
Seat 3: tsunaandrew ($105.74 in chips) 
Seat 4: AlexEliseev7 ($132.83 in chips) 
Seat 6: antey89 ($100 in chips) 
jeffy27dt1: posts small blind $0.50
tsunaandrew: posts big blind $1
*** HOLE CARDS ***
AlexEliseev7: folds 
antey89: raises $1.30 to $2.30
AlexEliseev7 leaves the table
jeffy27dt1: folds 
tsunaandrew: calls $1.30
*** FLOP *** [Ac 9c Qs]
tsunaandrew: checks 
antey89: checks 
*** TURN *** [Ac 9c Qs] [6d]
tsunaandrew: checks 
antey89: checks 
*** RIVER *** [Ac 9c Qs 6d] [2c]
tsunaandrew: bets $7.31
antey89: folds 
Uncalled bet ($7.31) returned to tsunaandrew
tsunaandrew collected $4.84 from pot
tsunaandrew: doesn't show hand 
*** SUMMARY ***
Total pot $5.10 | Rake $0.26 
Board [Ac 9c Qs 6d 2c]
Seat 1: jeffy27dt1 (small blind) folded before Flop
Seat 3: tsunaandrew (big blind) collected ($4.84)
Seat 4: AlexEliseev7 folded before Flop (didn't bet)
Seat 6: antey89 (button) folded on the River



PokerStars Hand #254575976986:  Hold'em No Limit ($0.50/$1.00 USD) - 2025/01/27 7:16:02 WET [2025/01/27 2:16:02 ET]
Table 'Halley III' 6-max Seat #1 is the button
Seat 1: jeffy27dt1 ($213.22 in chips) 
Seat 3: tsunaandrew ($108.28 in chips) 
Seat 6: antey89 ($100 in chips) 
tsunaandrew: posts small blind $0.50
antey89: posts big blind $1
*** HOLE CARDS ***
jeffy27dt1: folds 
tsunaandrew: raises $2 to $3
antey89: folds 
Uncalled bet ($2) returned to tsunaandrew
tsunaandrew collected $2 from pot
tsunaandrew: doesn't show hand 
*** SUMMARY ***
Total pot $2 | Rake $0 
Seat 1: jeffy27dt1 (button) folded before Flop (didn't bet)
Seat 3: tsunaandrew (small blind) collected ($2)
Seat 6: antey89 (big blind) folded before Flop



PokerStars Hand #254575978151:  Hold'em No Limit ($0.50/$1.00 USD) - 2025/01/27 7:16:21 WET [2025/01/27 2:16:21 ET]
Table 'Halley III' 6-max Seat #3 is the button
Seat 1: jeffy27dt1 ($213.22 in chips) 
Seat 3: tsunaandrew ($109.28 in chips) 
Seat 6: antey89 ($100 in chips) 
antey89: posts small blind $0.50
jeffy27dt1: posts big blind $1
*** HOLE CARDS ***
tsunaandrew: raises $1.50 to $2.50
antey89: folds 
jeffy27dt1: folds 
Uncalled bet ($1.50) returned to tsunaandrew
tsunaandrew collected $2.50 from pot
tsunaandrew: doesn't show hand 
*** SUMMARY ***
Total pot $2.50 | Rake $0 
Seat 1: jeffy27dt1 (big blind) folded before Flop
Seat 3: tsunaandrew (button) collected ($2.50)
Seat 6: antey89 (small blind) folded before Flop



PokerStars Hand #254575979181:  Hold'em No Limit ($0.50/$1.00 USD) - 2025/01/27 7:16:38 WET [2025/01/27 2:16:38 ET]
Table 'Halley III' 6-max Seat #6 is the button
Seat 1: jeffy27dt1 ($212.22 in chips) 
Seat 3: tsunaandrew ($110.78 in chips) 
Seat 6: antey89 ($100 in chips) 
jeffy27dt1: posts small blind $0.50
tsunaandrew: posts big blind $1
*** HOLE CARDS ***
antey89: raises $1.30 to $2.30
jeffy27dt1: folds 
tsunaandrew: calls $1.30
*** FLOP *** [6h 2d Td]
tsunaandrew: checks 
antey89: checks 
*** TURN *** [6h 2d Td] [7s]
tsunaandrew: bets $3.63
antey89: folds 
Uncalled bet ($3.63) returned to tsunaandrew
tsunaandrew collected $4.84 from pot
tsunaandrew: doesn't show hand 
*** SUMMARY ***
Total pot $5.10 | Rake $0.26 
Board [6h 2d Td 7s]
Seat 1: jeffy27dt1 (small blind) folded before Flop
Seat 3: tsunaandrew (big blind) collected ($4.84)
Seat 6: antey89 (button) folded on the Turn



PokerStars Hand #254575982554:  Hold'em No Limit ($0.50/$1.00 USD) - 2025/01/27 7:17:34 WET [2025/01/27 2:17:34 ET]
Table 'Halley III' 6-max Seat #1 is the button
Seat 1: jeffy27dt1 ($211.72 in chips) 
Seat 3: tsunaandrew ($113.32 in chips) 
Seat 6: antey89 ($100 in chips) 
tsunaandrew: posts small blind $0.50
antey89: posts big blind $1
*** HOLE CARDS ***
jeffy27dt1: folds 
tsunaandrew: folds 
Uncalled bet ($0.50) returned to antey89
antey89 collected $1 from pot
antey89: doesn't show hand 
*** SUMMARY ***
Total pot $1 | Rake $0 
Seat 1: jeffy27dt1 (button) folded before Flop (didn't bet)
Seat 3: tsunaandrew (small blind) folded before Flop
Seat 6: antey89 (big blind) collected ($1)



PokerStars Hand #254575983160:  Hold'em No Limit ($0.50/$1.00 USD) - 2025/01/27 7:17:45 WET [2025/01/27 2:17:45 ET]
Table 'Halley III' 6-max Seat #3 is the button
Seat 1: jeffy27dt1 ($211.72 in chips) 
Seat 3: tsunaandrew ($112.82 in chips) 
Seat 6: antey89 ($100.50 in chips) 
antey89: posts small blind $0.50
jeffy27dt1: posts big blind $1
*** HOLE CARDS ***
tsunaandrew: folds 
antey89: folds 
Uncalled bet ($0.50) returned to jeffy27dt1
jeffy27dt1 collected $1 from pot
jeffy27dt1: doesn't show hand 
*** SUMMARY ***
Total pot $1 | Rake $0 
Seat 1: jeffy27dt1 (big blind) collected ($1)
Seat 3: tsunaandrew (button) folded before Flop (didn't bet)
Seat 6: antey89 (small blind) folded before Flop



PokerStars Hand #254575983907:  Hold'em No Limit ($0.50/$1.00 USD) - 2025/01/27 7:17:57 WET [2025/01/27 2:17:57 ET]
Table 'Halley III' 6-max Seat #6 is the button
Seat 1: jeffy27dt1 ($212.22 in chips) 
Seat 3: tsunaandrew ($112.82 in chips) 
Seat 6: antey89 ($100 in chips) 
jeffy27dt1: posts small blind $0.50
tsunaandrew: posts big blind $1
*** HOLE CARDS ***
antey89: folds 
jeffy27dt1: raises $2 to $3
tsunaandrew: folds 
Uncalled bet ($2) returned to jeffy27dt1
jeffy27dt1 collected $2 from pot
jeffy27dt1: doesn't show hand 
*** SUMMARY ***
Total pot $2 | Rake $0 
Seat 1: jeffy27dt1 (small blind) collected ($2)
Seat 3: tsunaandrew (big blind) folded before Flop
Seat 6: antey89 (button) folded before Flop (didn't bet)



PokerStars Hand #254575985002:  Hold'em No Limit ($0.50/$1.00 USD) - 2025/01/27 7:18:14 WET [2025/01/27 2:18:14 ET]
Table 'Halley III' 6-max Seat #3 is the button
Seat 3: tsunaandrew ($111.82 in chips) 
Seat 6: antey89 ($100 in chips) 
tsunaandrew: posts small blind $0.50
antey89: posts big blind $1
*** HOLE CARDS ***
tsunaandrew: raises $1.50 to $2.50
antey89: folds 
Uncalled bet ($1.50) returned to tsunaandrew
tsunaandrew collected $2 from pot
tsunaandrew: doesn't show hand 
*** SUMMARY ***
Total pot $2 | Rake $0 
Seat 3: tsunaandrew (button) (small blind) collected ($2)
Seat 6: antey89 (big blind) folded before Flop



PokerStars Hand #254575985813:  Hold'em No Limit ($0.50/$1.00 USD) - 2025/01/27 7:18:27 WET [2025/01/27 2:18:27 ET]
Table 'Halley III' 6-max Seat #6 is the button
Seat 3: tsunaandrew ($112.82 in chips) 
Seat 6: antey89 ($100 in chips) 
antey89: posts small blind $0.50
tsunaandrew: posts big blind $1
*** HOLE CARDS ***
antey89: folds 
Uncalled bet ($0.50) returned to tsunaandrew
tsunaandrew collected $1 from pot
tsunaandrew: doesn't show hand 
*** SUMMARY ***
Total pot $1 | Rake $0 
Seat 3: tsunaandrew (big blind) collected ($1)
Seat 6: antey89 (button) (small blind) folded before Flop



PokerStars Hand #254576063498:  Hold'em No Limit ($0.50/$1.00 USD) - 2025/01/27 7:39:35 WET [2025/01/27 2:39:35 ET]
Table 'Halley III' 6-max Seat #1 is the button
Seat 1: SeEevg ($100 in chips) 
Seat 3: Saralah ($40.65 in chips) 
Seat 4: zizizib ($100 in chips) 
Seat 5: antey89 ($100 in chips) 
Seat 6: steelNike ($40 in chips) 
Saralah: posts small blind $0.50
zizizib: posts big blind $1
*** HOLE CARDS ***
Kreayshawn joins the table at seat #2 
antey89: folds 
steelNike: folds 
SeEevg: raises $1.50 to $2.50
Saralah: folds 
zizizib: raises $9.50 to $12
SeEevg: folds 
Uncalled bet ($9.50) returned to zizizib
zizizib collected $5.50 from pot
zizizib: doesn't show hand 
*** SUMMARY ***
Total pot $5.50 | Rake $0 
Seat 1: SeEevg (button) folded before Flop
Seat 3: Saralah (small blind) folded before Flop
Seat 4: zizizib (big blind) collected ($5.50)
Seat 5: antey89 folded before Flop (didn't bet)
Seat 6: steelNike folded before Flop (didn't bet)



PokerStars Hand #254576066929:  Hold'em No Limit ($0.50/$1.00 USD) - 2025/01/27 7:40:28 WET [2025/01/27 2:40:28 ET]
Table 'Halley III' 6-max Seat #3 is the button
Seat 2: Kreayshawn ($100 in chips) is sitting out
Seat 1: SeEevg ($100 in chips) 
Seat 3: Saralah ($40.15 in chips) 
Seat 4: zizizib ($103 in chips) 
Seat 5: antey89 ($100 in chips) 
Seat 6: steelNike ($40 in chips) 
zizizib: posts small blind $0.50
antey89: posts big blind $1
Kreayshawn: sits out 
*** HOLE CARDS ***
steelNike: raises $1 to $2
SeEevg: folds 
Saralah: calls $2
zizizib: folds 
antey89: folds 
*** FLOP *** [6c Ts 2s]
steelNike: checks 
Saralah: bets $5.22
steelNike: folds 
Uncalled bet ($5.22) returned to Saralah
Saralah collected $5.22 from pot
*** SUMMARY ***
Total pot $5.50 | Rake $0.28 
Board [6c Ts 2s]
Seat 2: Kreayshawn
Seat 1: SeEevg folded before Flop (didn't bet)
Seat 3: Saralah (button) collected ($5.22)
Seat 4: zizizib (small blind) folded before Flop
Seat 5: antey89 (big blind) folded before Flop
Seat 6: steelNike folded on the Flop



PokerStars Hand #254576070410:  Hold'em No Limit ($0.50/$1.00 USD) - 2025/01/27 7:41:23 WET [2025/01/27 2:41:23 ET]
Table 'Halley III' 6-max Seat #4 is the button
Seat 2: Kreayshawn ($100 in chips) is sitting out
Seat 1: SeEevg ($100 in chips) 
Seat 3: Saralah ($43.37 in chips) 
Seat 4: zizizib ($102.50 in chips) 
Seat 5: antey89 ($100 in chips) 
Seat 6: steelNike ($38 in chips) 
antey89: posts small blind $0.50
steelNike: posts big blind $1
Kreayshawn: sits out 
*** HOLE CARDS ***
SeEevg: folds 
Saralah: folds 
zizizib: folds 
antey89: folds 
Uncalled bet ($0.50) returned to steelNike
steelNike collected $1 from pot
*** SUMMARY ***
Total pot $1 | Rake $0 
Seat 2: Kreayshawn
Seat 1: SeEevg folded before Flop (didn't bet)
Seat 3: Saralah folded before Flop (didn't bet)
Seat 4: zizizib (button) folded before Flop (didn't bet)
Seat 5: antey89 (small blind) folded before Flop
Seat 6: steelNike (big blind) collected ($1)



PokerStars Hand #254576071710:  Hold'em No Limit ($0.50/$1.00 USD) - 2025/01/27 7:41:43 WET [2025/01/27 2:41:43 ET]
Table 'Halley III' 6-max Seat #5 is the button
Seat 2: Kreayshawn ($100 in chips) is sitting out
Seat 1: SeEevg ($100 in chips) 
Seat 3: Saralah ($43.37 in chips) 
Seat 4: zizizib ($102.50 in chips) 
Seat 5: antey89 ($100 in chips) 
Seat 6: steelNike ($38.50 in chips) 
steelNike: posts small blind $0.50
SeEevg: posts big blind $1
Kreayshawn: sits out 
*** HOLE CARDS ***
Saralah: folds 
zizizib: folds 
antey89: folds 
steelNike: folds 
Uncalled bet ($0.50) returned to SeEevg
SeEevg collected $1 from pot
SeEevg: doesn't show hand 
*** SUMMARY ***
Total pot $1 | Rake $0 
Seat 2: Kreayshawn
Seat 1: SeEevg (big blind) collected ($1)
Seat 3: Saralah folded before Flop (didn't bet)
Seat 4: zizizib folded before Flop (didn't bet)
Seat 5: antey89 (button) folded before Flop (didn't bet)
Seat 6: steelNike (small blind) folded before Flop



PokerStars Hand #254576072791:  Hold'em No Limit ($0.50/$1.00 USD) - 2025/01/27 7:42:00 WET [2025/01/27 2:42:00 ET]
Table 'Halley III' 6-max Seat #6 is the button
Seat 1: SeEevg ($100.50 in chips) 
Seat 2: Kreayshawn ($100 in chips) 
Seat 3: Saralah ($43.37 in chips) 
Seat 4: zizizib ($102.50 in chips) 
Seat 5: antey89 ($100 in chips) 
Seat 6: steelNike ($38 in chips) 
SeEevg: posts small blind $0.50
Kreayshawn: posts big blind $1
*** HOLE CARDS ***
Saralah: calls $1
zizizib: raises $3 to $4
antey89: folds 
steelNike: folds 
SeEevg: folds 
Kreayshawn: folds 
Saralah: folds 
Uncalled bet ($3) returned to zizizib
zizizib collected $3.50 from pot
zizizib: doesn't show hand 
*** SUMMARY ***
Total pot $3.50 | Rake $0 
Seat 1: SeEevg (small blind) folded before Flop
Seat 2: Kreayshawn (big blind) folded before Flop
Seat 3: Saralah folded before Flop
Seat 4: zizizib collected ($3.50)
Seat 5: antey89 folded before Flop (didn't bet)
Seat 6: steelNike (button) folded before Flop (didn't bet)



PokerStars Hand #254576075008:  Hold'em No Limit ($0.50/$1.00 USD) - 2025/01/27 7:42:34 WET [2025/01/27 2:42:34 ET]
Table 'Halley III' 6-max Seat #1 is the button
Seat 1: SeEevg ($100 in chips) 
Seat 2: Kreayshawn ($100 in chips) 
Seat 3: Saralah ($42.37 in chips) 
Seat 4: zizizib ($105 in chips) 
Seat 5: antey89 ($100 in chips) 
Seat 6: steelNike ($38 in chips) 
Kreayshawn: posts small blind $0.50
Saralah: posts big blind $1
*** HOLE CARDS ***
zizizib: folds 
antey89: folds 
steelNike: folds 
SeEevg: folds 
Kreayshawn: folds 
Uncalled bet ($0.50) returned to Saralah
Saralah collected $1 from pot
*** SUMMARY ***
Total pot $1 | Rake $0 
Seat 1: SeEevg (button) folded before Flop (didn't bet)
Seat 2: Kreayshawn (small blind) folded before Flop
Seat 3: Saralah (big blind) collected ($1)
Seat 4: zizizib folded before Flop (didn't bet)
Seat 5: antey89 folded before Flop (didn't bet)
Seat 6: steelNike folded before Flop (didn't bet)



PokerStars Hand #254576076149:  Hold'em No Limit ($0.50/$1.00 USD) - 2025/01/27 7:42:51 WET [2025/01/27 2:42:51 ET]
Table 'Halley III' 6-max Seat #2 is the button
Seat 1: SeEevg ($100 in chips) 
Seat 2: Kreayshawn ($100 in chips) 
Seat 3: Saralah ($42.87 in chips) 
Seat 4: zizizib ($105 in chips) 
Seat 5: antey89 ($100 in chips) 
Seat 6: steelNike ($38 in chips) 
Saralah: posts small blind $0.50
zizizib: posts big blind $1
*** HOLE CARDS ***
antey89: folds 
steelNike: folds 
SeEevg: folds 
Kreayshawn: folds 
Saralah: calls $0.50
zizizib: checks 
*** FLOP *** [Qc Th Qh]
Saralah: bets $1
zizizib: calls $1
*** TURN *** [Qc Th Qh] [4d]
Saralah: checks 
zizizib: bets $4.50
Saralah: folds 
Uncalled bet ($4.50) returned to zizizib
zizizib collected $3.80 from pot
zizizib: doesn't show hand 
*** SUMMARY ***
Total pot $4 | Rake $0.20 
Board [Qc Th Qh 4d]
Seat 1: SeEevg folded before Flop (didn't bet)
Seat 2: Kreayshawn (button) folded before Flop (didn't bet)
Seat 3: Saralah (small blind) folded on the Turn
Seat 4: zizizib (big blind) collected ($3.80)
Seat 5: antey89 folded before Flop (didn't bet)
Seat 6: steelNike folded before Flop (didn't bet)



PokerStars Hand #254576078800:  Hold'em No Limit ($0.50/$1.00 USD) - 2025/01/27 7:43:31 WET [2025/01/27 2:43:31 ET]
Table 'Halley III' 6-max Seat #3 is the button
Seat 1: SeEevg ($100 in chips) 
Seat 2: Kreayshawn ($100 in chips) 
Seat 3: Saralah ($40.87 in chips) 
Seat 4: zizizib ($106.80 in chips) 
Seat 5: antey89 ($100 in chips) 
Seat 6: steelNike ($38 in chips) 
zizizib: posts small blind $0.50
antey89: posts big blind $1
*** HOLE CARDS ***
steelNike: folds 
SeEevg: folds 
Kreayshawn: folds 
Saralah: folds 
Saralah leaves the table
zizizib: raises $2 to $3
antey89: folds 
Uncalled bet ($2) returned to zizizib
zizizib collected $2 from pot
zizizib: doesn't show hand 
*** SUMMARY ***
Total pot $2 | Rake $0 
Seat 1: SeEevg folded before Flop (didn't bet)
Seat 2: Kreayshawn folded before Flop (didn't bet)
Seat 3: Saralah (button) folded before Flop (didn't bet)
Seat 4: zizizib (small blind) collected ($2)
Seat 5: antey89 (big blind) folded before Flop
Seat 6: steelNike folded before Flop (didn't bet)



PokerStars Hand #254576080934:  Hold'em No Limit ($0.50/$1.00 USD) - 2025/01/27 7:44:04 WET [2025/01/27 2:44:04 ET]
Table 'Halley III' 6-max Seat #4 is the button
Seat 6: steelNike ($38 in chips) is sitting out
Seat 1: SeEevg ($100 in chips) 
Seat 2: Kreayshawn ($100 in chips) 
Seat 4: zizizib ($107.80 in chips) 
Seat 5: antey89 ($100 in chips) 
antey89: posts small blind $0.50
steelNike: is sitting out 
SeEevg: posts big blind $1
*** HOLE CARDS ***
Kreayshawn: folds 
zizizib: folds 
Kreayshawn leaves the table
antey89: folds 
Uncalled bet ($0.50) returned to SeEevg
SeEevg collected $1 from pot
SeEevg: doesn't show hand 
*** SUMMARY ***
Total pot $1 | Rake $0 
Seat 6: steelNike
Seat 1: SeEevg (big blind) collected ($1)
Seat 2: Kreayshawn folded before Flop (didn't bet)
Seat 4: zizizib (button) folded before Flop (didn't bet)
Seat 5: antey89 (small blind) folded before Flop



PokerStars Hand #254576081709:  Hold'em No Limit ($0.50/$1.00 USD) - 2025/01/27 7:44:15 WET [2025/01/27 2:44:15 ET]
Table 'Halley III' 6-max Seat #1 is the button
Seat 4: zizizib ($107.80 in chips) is sitting out
Seat 6: steelNike ($38 in chips) is sitting out
Seat 1: SeEevg ($100.50 in chips) 
Seat 5: antey89 ($100 in chips) 
SeEevg: posts small blind $0.50
zizizib: is sitting out 
antey89: posts big blind $1
*** HOLE CARDS ***
steelNike leaves the table
SeEevg: raises $1.50 to $2.50
zizizib leaves the table
antey89: folds 
Uncalled bet ($1.50) returned to SeEevg
SeEevg collected $2 from pot
SeEevg: doesn't show hand 
*** SUMMARY ***
Total pot $2 | Rake $0 
Seat 4: zizizib
Seat 6: steelNike
Seat 1: SeEevg (button) (small blind) collected ($2)
Seat 5: antey89 (big blind) folded before Flop



PokerStars Hand #254576082339:  Hold'em No Limit ($0.50/$1.00 USD) - 2025/01/27 7:44:25 WET [2025/01/27 2:44:25 ET]
Table 'Halley III' 6-max Seat #5 is the button
Seat 1: SeEevg ($101.50 in chips) 
Seat 5: antey89 ($100 in chips) 
antey89: posts small blind $0.50
SeEevg: posts big blind $1
*** HOLE CARDS ***
antey89: raises $1.30 to $2.30
SeEevg: folds 
Uncalled bet ($1.30) returned to antey89
antey89 collected $2 from pot
antey89: doesn't show hand 
*** SUMMARY ***
Total pot $2 | Rake $0 
Seat 1: SeEevg (big blind) folded before Flop
Seat 5: antey89 (button) (small blind) collected ($2)



