PokerStars Hand #254580698255:  Hold'em No Limit ($0.50/$1.00 USD) - 2025/01/27 16:58:04 WET [2025/01/27 11:58:04 ET]
Table 'Achates V' 6-max Seat #1 is the button
Seat 1: YeeesMan ($100 in chips) 
Seat 3: nuggatschnitte ($10 in chips) 
Seat 4: PistonBaroqe ($100 in chips) 
nuggatschnitte: posts small blind $0.50
PhoenixAssassin joins the table at seat #6 
PistonBaroqe: posts big blind $1
*** HOLE CARDS ***
YeeesMan: folds 
BronsonJC joins the table at seat #5 
nuggatschnitte: calls $0.50
PistonBaroqe: checks 
*** FLOP *** [Jh Kh 8h]
nuggatschnitte: checks 
PistonBaroqe: checks 
*** TURN *** [Jh Kh 8h] [Kc]
nuggatschnitte: bets $1
PistonBaroqe: folds 
Uncalled bet ($1) returned to nuggatschnitte
nuggatschnitte collected $1.88 from pot
*** SUMMARY ***
Total pot $2 | Rake $0.12 
Board [Jh Kh 8h Kc]
Seat 1: YeeesMan (button) folded before Flop (didn't bet)
Seat 3: nuggatschnitte (small blind) collected ($1.88)
Seat 4: PistonBaroqe (big blind) folded on the Turn



PokerStars Hand #254580702601:  Hold'em No Limit ($0.50/$1.00 USD) - 2025/01/27 16:58:29 WET [2025/01/27 11:58:29 ET]
Table 'Achates V' 6-max Seat #3 is the button
Seat 6: PhoenixAssassin ($100 in chips) is sitting out
Seat 1: YeeesMan ($100 in chips) 
Seat 3: nuggatschnitte ($10.88 in chips) 
Seat 4: PistonBaroqe ($99 in chips) 
Seat 5: BronsonJC ($100 in chips) 
PistonBaroqe: posts small blind $0.50
BronsonJC: posts big blind $1
PhoenixAssassin: sits out 
*** HOLE CARDS ***
YeeesMan: raises $1.50 to $2.50
nuggatschnitte: calls $2.50
Joe_Li7 joins the table at seat #2 
PistonBaroqe: calls $2
BronsonJC: folds 
*** FLOP *** [5c Ks 6s]
PistonBaroqe: checks 
YeeesMan: bets $6.06
nuggatschnitte: folds 
PistonBaroqe: calls $6.06
*** TURN *** [5c Ks 6s] [Ac]
PistonBaroqe: checks 
YeeesMan: bets $14.71
PistonBaroqe: folds 
Uncalled bet ($14.71) returned to YeeesMan
YeeesMan collected $19.62 from pot
YeeesMan: doesn't show hand 
*** SUMMARY ***
Total pot $20.62 | Rake $1 
Board [5c Ks 6s Ac]
Seat 6: PhoenixAssassin
Seat 1: YeeesMan collected ($19.62)
Seat 3: nuggatschnitte (button) folded on the Flop
Seat 4: PistonBaroqe (small blind) folded on the Turn
Seat 5: BronsonJC (big blind) folded before Flop



PokerStars Hand #254580709374:  Hold'em No Limit ($0.50/$1.00 USD) - 2025/01/27 16:59:07 WET [2025/01/27 11:59:07 ET]
Table 'Achates V' 6-max Seat #4 is the button
Seat 2: Joe_Li7 ($100 in chips) is sitting out
Seat 1: YeeesMan ($111.06 in chips) 
Seat 3: nuggatschnitte ($8.38 in chips) 
Seat 4: PistonBaroqe ($90.44 in chips) 
Seat 5: BronsonJC ($100 in chips) 
Seat 6: PhoenixAssassin ($100 in chips) 
BronsonJC: posts small blind $0.50
PhoenixAssassin: posts big blind $1
Joe_Li7: sits out 
*** HOLE CARDS ***
YeeesMan: folds 
nuggatschnitte: calls $1
PistonBaroqe: folds 
BronsonJC: folds 
PhoenixAssassin: raises $99 to $100 and is all-in
nuggatschnitte: folds 
Uncalled bet ($99) returned to PhoenixAssassin
PhoenixAssassin collected $2.50 from pot
PhoenixAssassin: doesn't show hand 
*** SUMMARY ***
Total pot $2.50 | Rake $0 
Seat 2: Joe_Li7
Seat 1: YeeesMan folded before Flop (didn't bet)
Seat 3: nuggatschnitte folded before Flop
Seat 4: PistonBaroqe (button) folded before Flop (didn't bet)
Seat 5: BronsonJC (small blind) folded before Flop
Seat 6: PhoenixAssassin (big blind) collected ($2.50)



PokerStars Hand #254580713268:  Hold'em No Limit ($0.50/$1.00 USD) - 2025/01/27 16:59:29 WET [2025/01/27 11:59:29 ET]
Table 'Achates V' 6-max Seat #5 is the button
Seat 2: Joe_Li7 ($100 in chips) is sitting out
Seat 1: YeeesMan ($111.06 in chips) 
Seat 3: nuggatschnitte ($7.38 in chips) 
Seat 4: PistonBaroqe ($90.44 in chips) 
Seat 5: BronsonJC ($100 in chips) 
Seat 6: PhoenixAssassin ($101.50 in chips) 
PhoenixAssassin: posts small blind $0.50
YeeesMan: posts big blind $1
Joe_Li7: sits out 
*** HOLE CARDS ***
nuggatschnitte: folds 
PistonBaroqe: folds 
BronsonJC: raises $1.50 to $2.50
PhoenixAssassin: raises $9.50 to $12
YeeesMan: folds 
BronsonJC: folds 
Uncalled bet ($9.50) returned to PhoenixAssassin
PhoenixAssassin collected $6 from pot
PhoenixAssassin: doesn't show hand 
*** SUMMARY ***
Total pot $6 | Rake $0 
Seat 2: Joe_Li7
Seat 1: YeeesMan (big blind) folded before Flop
Seat 3: nuggatschnitte folded before Flop (didn't bet)
Seat 4: PistonBaroqe folded before Flop (didn't bet)
Seat 5: BronsonJC (button) folded before Flop
Seat 6: PhoenixAssassin (small blind) collected ($6)



PokerStars Hand #254580834939:  Hold'em No Limit ($0.50/$1.00 USD) - 2025/01/27 17:08:28 WET [2025/01/27 12:08:28 ET]
Table 'Achates V' 6-max Seat #1 is the button
Seat 6: PhoenixAssassin ($101.50 in chips) is sitting out
Seat 1: Xenicide ($100 in chips) 
Seat 2: Joe_Li7 ($118.07 in chips) 
Seat 3: coeeeelho ($101.50 in chips) 
Seat 4: Silence1925 ($60.08 in chips) 
Seat 5: BronsonJC ($102.50 in chips) 
Joe_Li7: posts small blind $0.50
coeeeelho: posts big blind $1
*** HOLE CARDS ***
Silence1925: raises $2 to $3
BronsonJC: folds 
Xenicide: folds 
Joe_Li7: folds 
coeeeelho: folds 
Uncalled bet ($2) returned to Silence1925
Silence1925 collected $2.50 from pot
Silence1925: doesn't show hand 
*** SUMMARY ***
Total pot $2.50 | Rake $0 
Seat 6: PhoenixAssassin
Seat 1: Xenicide (button) folded before Flop (didn't bet)
Seat 2: Joe_Li7 (small blind) folded before Flop
Seat 3: coeeeelho (big blind) folded before Flop
Seat 4: Silence1925 collected ($2.50)
Seat 5: BronsonJC folded before Flop (didn't bet)



PokerStars Hand #254580839253:  Hold'em No Limit ($0.50/$1.00 USD) - 2025/01/27 17:08:46 WET [2025/01/27 12:08:46 ET]
Table 'Achates V' 6-max Seat #2 is the button
Seat 6: PhoenixAssassin ($101.50 in chips) is sitting out
Seat 1: Xenicide ($100 in chips) 
Seat 2: Joe_Li7 ($117.57 in chips) 
Seat 3: coeeeelho ($100.50 in chips) 
Seat 4: Silence1925 ($61.58 in chips) 
Seat 5: BronsonJC ($102.50 in chips) 
coeeeelho: posts small blind $0.50
Silence1925: posts big blind $1
*** HOLE CARDS ***
BronsonJC: folds 
Xenicide: folds 
Joe_Li7: raises $1.50 to $2.50
coeeeelho: folds 
Silence1925: calls $1.50
*** FLOP *** [Ad 6d 9h]
Silence1925: checks 
Joe_Li7: bets $1.72
Silence1925: folds 
Uncalled bet ($1.72) returned to Joe_Li7
Joe_Li7 collected $5.22 from pot
*** SUMMARY ***
Total pot $5.50 | Rake $0.28 
Board [Ad 6d 9h]
Seat 6: PhoenixAssassin
Seat 1: Xenicide folded before Flop (didn't bet)
Seat 2: Joe_Li7 (button) collected ($5.22)
Seat 3: coeeeelho (small blind) folded before Flop
Seat 4: Silence1925 (big blind) folded on the Flop
Seat 5: BronsonJC folded before Flop (didn't bet)



PokerStars Hand #254580849925:  Hold'em No Limit ($0.50/$1.00 USD) - 2025/01/27 17:09:30 WET [2025/01/27 12:09:30 ET]
Table 'Achates V' 6-max Seat #3 is the button
Seat 6: PhoenixAssassin ($101.50 in chips) is sitting out
Seat 1: Xenicide ($100 in chips) 
Seat 2: Joe_Li7 ($120.29 in chips) 
Seat 3: coeeeelho ($100 in chips) 
Seat 4: Silence1925 ($59.08 in chips) 
Seat 5: BronsonJC ($102.50 in chips) 
Silence1925: posts small blind $0.50
BronsonJC: posts big blind $1
PhoenixAssassin: sits out 
*** HOLE CARDS ***
Xenicide: folds 
Joe_Li7: folds 
coeeeelho: raises $1.20 to $2.20
Silence1925: calls $1.70
BronsonJC: calls $1.20
*** FLOP *** [9h Th Qd]
Silence1925: checks 
BronsonJC: checks 
coeeeelho: checks 
*** TURN *** [9h Th Qd] [9c]
Silence1925: bets $3.14
BronsonJC: folds 
coeeeelho: raises $8.64 to $11.78
Silence1925: calls $8.64
*** RIVER *** [9h Th Qd 9c] [2d]
Silence1925: checks 
coeeeelho: bets $24
Silence1925: calls $24
*** SHOW DOWN ***
coeeeelho: shows [8h 9s] (three of a kind, Nines)
Silence1925: mucks hand 
coeeeelho collected $75.66 from pot
*** SUMMARY ***
Total pot $78.16 | Rake $2.50 
Board [9h Th Qd 9c 2d]
Seat 6: PhoenixAssassin
Seat 1: Xenicide folded before Flop (didn't bet)
Seat 2: Joe_Li7 folded before Flop (didn't bet)
Seat 3: coeeeelho (button) showed [8h 9s] and won ($75.66) with three of a kind, Nines
Seat 4: Silence1925 (small blind) mucked
Seat 5: BronsonJC (big blind) folded on the Turn



PokerStars Hand #254580868525:  Hold'em No Limit ($0.50/$1.00 USD) - 2025/01/27 17:10:47 WET [2025/01/27 12:10:47 ET]
Table 'Achates V' 6-max Seat #4 is the button
Seat 1: Xenicide ($100 in chips) 
Seat 2: Joe_Li7 ($120.29 in chips) 
Seat 3: coeeeelho ($137.68 in chips) 
Seat 4: Silence1925 ($21.10 in chips) 
Seat 5: BronsonJC ($100.30 in chips) 
Seat 6: PhoenixAssassin ($101.50 in chips) 
BronsonJC: posts small blind $0.50
PhoenixAssassin: posts big blind $1
*** HOLE CARDS ***
Xenicide: folds 
Joe_Li7: raises $1.20 to $2.20
coeeeelho: folds 
Silence1925: folds 
BronsonJC: folds 
PhoenixAssassin: calls $1.20
*** FLOP *** [9h 7h 7c]
PhoenixAssassin: checks 
Joe_Li7: bets $1.54
PhoenixAssassin: folds 
Uncalled bet ($1.54) returned to Joe_Li7
Joe_Li7 collected $4.66 from pot
*** SUMMARY ***
Total pot $4.90 | Rake $0.24 
Board [9h 7h 7c]
Seat 1: Xenicide folded before Flop (didn't bet)
Seat 2: Joe_Li7 collected ($4.66)
Seat 3: coeeeelho folded before Flop (didn't bet)
Seat 4: Silence1925 (button) folded before Flop (didn't bet)
Seat 5: BronsonJC (small blind) folded before Flop
Seat 6: PhoenixAssassin (big blind) folded on the Flop



PokerStars Hand #254580878229:  Hold'em No Limit ($0.50/$1.00 USD) - 2025/01/27 17:11:27 WET [2025/01/27 12:11:27 ET]
Table 'Achates V' 6-max Seat #5 is the button
Seat 1: Xenicide ($100 in chips) 
Seat 2: Joe_Li7 ($122.75 in chips) 
Seat 3: coeeeelho ($137.68 in chips) 
Seat 4: Silence1925 ($21.10 in chips) 
Seat 5: BronsonJC ($100 in chips) 
Seat 6: PhoenixAssassin ($100 in chips) 
PhoenixAssassin: posts small blind $0.50
Xenicide: posts big blind $1
*** HOLE CARDS ***
Joe_Li7: folds 
coeeeelho: folds 
Silence1925: folds 
BronsonJC: raises $1.50 to $2.50
PhoenixAssassin: folds 
Xenicide: folds 
Uncalled bet ($1.50) returned to BronsonJC
BronsonJC collected $2.50 from pot
BronsonJC: doesn't show hand 
*** SUMMARY ***
Total pot $2.50 | Rake $0 
Seat 1: Xenicide (big blind) folded before Flop
Seat 2: Joe_Li7 folded before Flop (didn't bet)
Seat 3: coeeeelho folded before Flop (didn't bet)
Seat 4: Silence1925 folded before Flop (didn't bet)
Seat 5: BronsonJC (button) collected ($2.50)
Seat 6: PhoenixAssassin (small blind) folded before Flop



PokerStars Hand #254580881531:  Hold'em No Limit ($0.50/$1.00 USD) - 2025/01/27 17:11:41 WET [2025/01/27 12:11:41 ET]
Table 'Achates V' 6-max Seat #6 is the button
Seat 1: Xenicide ($100 in chips) 
Seat 2: Joe_Li7 ($122.75 in chips) 
Seat 3: coeeeelho ($137.68 in chips) 
Seat 4: Silence1925 ($21.10 in chips) 
Seat 5: BronsonJC ($101.50 in chips) 
Seat 6: PhoenixAssassin ($100 in chips) 
Xenicide: posts small blind $0.50
Joe_Li7: posts big blind $1
*** HOLE CARDS ***
coeeeelho: raises $1.20 to $2.20
Silence1925: raises $3.80 to $6
BronsonJC: folds 
PhoenixAssassin: folds 
Xenicide: raises $17 to $23
Joe_Li7: folds 
coeeeelho: raises $114.68 to $137.68 and is all-in
Silence1925: calls $15.10 and is all-in
Xenicide: calls $77 and is all-in
Uncalled bet ($37.68) returned to coeeeelho
*** FLOP *** [4d 7s 3h]
*** TURN *** [4d 7s 3h] [6s]
*** RIVER *** [4d 7s 3h 6s] [5c]
*** SHOW DOWN ***
Xenicide: shows [Kc Ks] (a straight, Three to Seven)
coeeeelho: shows [Ad Kd] (a straight, Three to Seven)
Xenicide collected $78.90 from side pot
coeeeelho collected $78.90 from side pot
Silence1925: shows [As Jd] (a straight, Three to Seven)
Xenicide collected $20.60 from main pot
coeeeelho collected $20.60 from main pot
Silence1925 collected $20.60 from main pot
*** SUMMARY ***
Total pot $222.10 Main pot $61.80. Side pot $157.80. | Rake $2.50 
Board [4d 7s 3h 6s 5c]
Seat 1: Xenicide (small blind) showed [Kc Ks] and won ($99.50) with a straight, Three to Seven
Seat 2: Joe_Li7 (big blind) folded before Flop
Seat 3: coeeeelho showed [Ad Kd] and won ($99.50) with a straight, Three to Seven
Seat 4: Silence1925 showed [As Jd] and won ($20.60) with a straight, Three to Seven
Seat 5: BronsonJC folded before Flop (didn't bet)
Seat 6: PhoenixAssassin (button) folded before Flop (didn't bet)



PokerStars Hand #254580895547:  Hold'em No Limit ($0.50/$1.00 USD) - 2025/01/27 17:12:38 WET [2025/01/27 12:12:38 ET]
Table 'Achates V' 6-max Seat #1 is the button
Seat 1: Xenicide ($100 in chips) 
Seat 2: Joe_Li7 ($121.75 in chips) 
Seat 3: coeeeelho ($137.18 in chips) 
Seat 4: Silence1925 ($20.60 in chips) 
Seat 5: BronsonJC ($101.50 in chips) 
Seat 6: PhoenixAssassin ($100 in chips) 
Joe_Li7: posts small blind $0.50
coeeeelho: posts big blind $1
*** HOLE CARDS ***
Silence1925: raises $3 to $4
BronsonJC: folds 
PhoenixAssassin: folds 
Xenicide: folds 
Joe_Li7: folds 
coeeeelho: folds 
Uncalled bet ($3) returned to Silence1925
Silence1925 collected $2.50 from pot
Silence1925: doesn't show hand 
*** SUMMARY ***
Total pot $2.50 | Rake $0 
Seat 1: Xenicide (button) folded before Flop (didn't bet)
Seat 2: Joe_Li7 (small blind) folded before Flop
Seat 3: coeeeelho (big blind) folded before Flop
Seat 4: Silence1925 collected ($2.50)
Seat 5: BronsonJC folded before Flop (didn't bet)
Seat 6: PhoenixAssassin folded before Flop (didn't bet)



PokerStars Hand #254580900724:  Hold'em No Limit ($0.50/$1.00 USD) - 2025/01/27 17:12:59 WET [2025/01/27 12:12:59 ET]
Table 'Achates V' 6-max Seat #2 is the button
Seat 1: Xenicide ($100 in chips) 
Seat 2: Joe_Li7 ($121.25 in chips) 
Seat 3: coeeeelho ($136.18 in chips) 
Seat 4: Silence1925 ($22.10 in chips) 
Seat 5: BronsonJC ($101.50 in chips) 
Seat 6: PhoenixAssassin ($100 in chips) 
coeeeelho: posts small blind $0.50
Silence1925: posts big blind $1
*** HOLE CARDS ***
BronsonJC: folds 
PhoenixAssassin: folds 
Xenicide: raises $1 to $2
Joe_Li7: raises $5 to $7
coeeeelho: folds 
Silence1925: folds 
Xenicide: raises $12 to $19
Joe_Li7: raises $102.25 to $121.25 and is all-in
Xenicide: calls $81 and is all-in
Uncalled bet ($21.25) returned to Joe_Li7
*** FIRST FLOP *** [7d Th 3h]
*** FIRST TURN *** [7d Th 3h] [Td]
*** FIRST RIVER *** [7d Th 3h Td] [4s]
*** SECOND FLOP *** [6s 3d 9c]
*** SECOND TURN *** [6s 3d 9c] [9h]
*** SECOND RIVER *** [6s 3d 9c 9h] [4h]
*** FIRST SHOW DOWN ***
Xenicide: shows [Ad Kd] (a pair of Tens)
Joe_Li7: shows [Ks Kc] (two pair, Kings and Tens)
Joe_Li7 collected $99.50 from pot
*** SECOND SHOW DOWN ***
Xenicide: shows [Ad Kd] (a pair of Nines)
Joe_Li7: shows [Ks Kc] (two pair, Kings and Nines)
Joe_Li7 collected $99.50 from pot
*** SUMMARY ***
Total pot $201.50 | Rake $2.50 
Hand was run twice
FIRST Board [7d Th 3h Td 4s]
SECOND Board [6s 3d 9c 9h 4h]
Seat 1: Xenicide showed [Ad Kd] and lost with a pair of Tens, and lost with a pair of Nines
Seat 2: Joe_Li7 (button) showed [Ks Kc] and won ($99.50) with two pair, Kings and Tens, and won ($99.50) with two pair, Kings and Nines
Seat 3: coeeeelho (small blind) folded before Flop
Seat 4: Silence1925 (big blind) folded before Flop
Seat 5: BronsonJC folded before Flop (didn't bet)
Seat 6: PhoenixAssassin folded before Flop (didn't bet)



PokerStars Hand #254580916479:  Hold'em No Limit ($0.50/$1.00 USD) - 2025/01/27 17:14:02 WET [2025/01/27 12:14:02 ET]
Table 'Achates V' 6-max Seat #3 is the button
Seat 1: Xenicide ($100 in chips) 
Seat 2: Joe_Li7 ($220.25 in chips) 
Seat 3: coeeeelho ($135.68 in chips) 
Seat 4: Silence1925 ($21.10 in chips) 
Seat 5: BronsonJC ($101.50 in chips) 
Seat 6: PhoenixAssassin ($100 in chips) 
Silence1925: posts small blind $0.50
BronsonJC: posts big blind $1
*** HOLE CARDS ***
PhoenixAssassin: raises $1.20 to $2.20
Xenicide: folds 
Joe_Li7: folds 
coeeeelho: folds 
Silence1925: raises $3.20 to $5.40
BronsonJC: folds 
PhoenixAssassin: raises $6.60 to $12
Silence1925: raises $9.10 to $21.10 and is all-in
PhoenixAssassin: calls $9.10
*** FLOP *** [Jd 2d 3h]
*** TURN *** [Jd 2d 3h] [Td]
*** RIVER *** [Jd 2d 3h Td] [Qd]
*** SHOW DOWN ***
Silence1925: shows [8d 8s] (a flush, Queen high)
PhoenixAssassin: shows [Ac As] (a pair of Aces)
Silence1925 collected $41.04 from pot
*** SUMMARY ***
Total pot $43.20 | Rake $2.16 
Board [Jd 2d 3h Td Qd]
Seat 1: Xenicide folded before Flop (didn't bet)
Seat 2: Joe_Li7 folded before Flop (didn't bet)
Seat 3: coeeeelho (button) folded before Flop (didn't bet)
Seat 4: Silence1925 (small blind) showed [8d 8s] and won ($41.04) with a flush, Queen high
Seat 5: BronsonJC (big blind) folded before Flop
Seat 6: PhoenixAssassin showed [Ac As] and lost with a pair of Aces



PokerStars Hand #254580925021:  Hold'em No Limit ($0.50/$1.00 USD) - 2025/01/27 17:14:37 WET [2025/01/27 12:14:37 ET]
Table 'Achates V' 6-max Seat #4 is the button
Seat 1: Xenicide ($100 in chips) 
Seat 2: Joe_Li7 ($220.25 in chips) 
Seat 3: coeeeelho ($135.68 in chips) 
Seat 4: Silence1925 ($41.04 in chips) 
Seat 5: BronsonJC ($100.50 in chips) 
Seat 6: PhoenixAssassin ($100 in chips) 
BronsonJC: posts small blind $0.50
PhoenixAssassin: posts big blind $1
*** HOLE CARDS ***
Xenicide: folds 
Joe_Li7: folds 
coeeeelho: folds 
Silence1925: folds 
BronsonJC: folds 
Uncalled bet ($0.50) returned to PhoenixAssassin
PhoenixAssassin collected $1 from pot
PhoenixAssassin: doesn't show hand 
*** SUMMARY ***
Total pot $1 | Rake $0 
Seat 1: Xenicide folded before Flop (didn't bet)
Seat 2: Joe_Li7 folded before Flop (didn't bet)
Seat 3: coeeeelho folded before Flop (didn't bet)
Seat 4: Silence1925 (button) folded before Flop (didn't bet)
Seat 5: BronsonJC (small blind) folded before Flop
Seat 6: PhoenixAssassin (big blind) collected ($1)



PokerStars Hand #254580927345:  Hold'em No Limit ($0.50/$1.00 USD) - 2025/01/27 17:14:46 WET [2025/01/27 12:14:46 ET]
Table 'Achates V' 6-max Seat #5 is the button
Seat 1: Xenicide ($100 in chips) 
Seat 2: Joe_Li7 ($220.25 in chips) 
Seat 3: coeeeelho ($135.68 in chips) 
Seat 4: Silence1925 ($41.04 in chips) 
Seat 5: BronsonJC ($100 in chips) 
Seat 6: PhoenixAssassin ($100.50 in chips) 
PhoenixAssassin: posts small blind $0.50
Xenicide: posts big blind $1
*** HOLE CARDS ***
Joe_Li7: folds 
coeeeelho: folds 
Silence1925: folds 
BronsonJC: folds 
PhoenixAssassin: folds 
Uncalled bet ($0.50) returned to Xenicide
Xenicide collected $1 from pot
*** SUMMARY ***
Total pot $1 | Rake $0 
Seat 1: Xenicide (big blind) collected ($1)
Seat 2: Joe_Li7 folded before Flop (didn't bet)
Seat 3: coeeeelho folded before Flop (didn't bet)
Seat 4: Silence1925 folded before Flop (didn't bet)
Seat 5: BronsonJC (button) folded before Flop (didn't bet)
Seat 6: PhoenixAssassin (small blind) folded before Flop



PokerStars Hand #254580930579:  Hold'em No Limit ($0.50/$1.00 USD) - 2025/01/27 17:14:59 WET [2025/01/27 12:14:59 ET]
Table 'Achates V' 6-max Seat #6 is the button
Seat 1: Xenicide ($100.50 in chips) 
Seat 2: Joe_Li7 ($220.25 in chips) 
Seat 3: coeeeelho ($135.68 in chips) 
Seat 4: Silence1925 ($41.04 in chips) 
Seat 5: BronsonJC ($100 in chips) 
Seat 6: PhoenixAssassin ($100 in chips) 
Xenicide: posts small blind $0.50
Joe_Li7: posts big blind $1
*** HOLE CARDS ***
coeeeelho: folds 
Silence1925: raises $2 to $3
BronsonJC: folds 
PhoenixAssassin: folds 
Xenicide: folds 
Joe_Li7: folds 
Uncalled bet ($2) returned to Silence1925
Silence1925 collected $2.50 from pot
Silence1925: doesn't show hand 
*** SUMMARY ***
Total pot $2.50 | Rake $0 
Seat 1: Xenicide (small blind) folded before Flop
Seat 2: Joe_Li7 (big blind) folded before Flop
Seat 3: coeeeelho folded before Flop (didn't bet)
Seat 4: Silence1925 collected ($2.50)
Seat 5: BronsonJC folded before Flop (didn't bet)
Seat 6: PhoenixAssassin (button) folded before Flop (didn't bet)



PokerStars Hand #254580934806:  Hold'em No Limit ($0.50/$1.00 USD) - 2025/01/27 17:15:16 WET [2025/01/27 12:15:16 ET]
Table 'Achates V' 6-max Seat #1 is the button
Seat 1: Xenicide ($100 in chips) 
Seat 2: Joe_Li7 ($219.25 in chips) 
Seat 3: coeeeelho ($135.68 in chips) 
Seat 4: Silence1925 ($42.54 in chips) 
Seat 5: BronsonJC ($100 in chips) 
Seat 6: PhoenixAssassin ($100 in chips) 
Joe_Li7: posts small blind $0.50
coeeeelho: posts big blind $1
*** HOLE CARDS ***
Silence1925: folds 
BronsonJC: folds 
PhoenixAssassin: folds 
Xenicide: folds 
Joe_Li7: raises $2 to $3
coeeeelho: raises $7 to $10
Joe_Li7: raises $14 to $24
coeeeelho: calls $14
*** FLOP *** [6d 8s Tc]
Joe_Li7: bets $15.05
coeeeelho: calls $15.05
*** TURN *** [6d 8s Tc] [9c]
Joe_Li7: checks 
coeeeelho: checks 
*** RIVER *** [6d 8s Tc 9c] [3s]
Joe_Li7: bets $18.90
coeeeelho: raises $77.73 to $96.63 and is all-in
Joe_Li7: calls $77.73
*** SHOW DOWN ***
coeeeelho: shows [9d 9h] (three of a kind, Nines)
Joe_Li7: shows [Qh Qd] (a pair of Queens)
coeeeelho collected $268.86 from pot
*** SUMMARY ***
Total pot $271.36 | Rake $2.50 
Board [6d 8s Tc 9c 3s]
Seat 1: Xenicide (button) folded before Flop (didn't bet)
Seat 2: Joe_Li7 (small blind) showed [Qh Qd] and lost with a pair of Queens
Seat 3: coeeeelho (big blind) showed [9d 9h] and won ($268.86) with three of a kind, Nines
Seat 4: Silence1925 folded before Flop (didn't bet)
Seat 5: BronsonJC folded before Flop (didn't bet)
Seat 6: PhoenixAssassin folded before Flop (didn't bet)



PokerStars Hand #254580975506:  Hold'em No Limit ($0.50/$1.00 USD) - 2025/01/27 17:17:58 WET [2025/01/27 12:17:58 ET]
Table 'Achates V' 6-max Seat #2 is the button
Seat 1: Xenicide ($100 in chips) 
Seat 2: Joe_Li7 ($100 in chips) 
Seat 3: coeeeelho ($268.86 in chips) 
Seat 4: Silence1925 ($42.54 in chips) 
Seat 5: BronsonJC ($100 in chips) 
Seat 6: PhoenixAssassin ($100 in chips) 
coeeeelho: posts small blind $0.50
Silence1925: posts big blind $1
*** HOLE CARDS ***
BronsonJC: folds 
PhoenixAssassin: folds 
Xenicide: folds 
Joe_Li7: folds 
coeeeelho: raises $2 to $3
Silence1925: calls $2
*** FLOP *** [6h 5h Qc]
coeeeelho: checks 
Silence1925: checks 
*** TURN *** [6h 5h Qc] [7h]
coeeeelho: checks 
Silence1925: checks 
*** RIVER *** [6h 5h Qc 7h] [2s]
coeeeelho: checks 
Silence1925: checks 
*** SHOW DOWN ***
coeeeelho: shows [3h As] (high card Ace)
Silence1925: mucks hand 
coeeeelho collected $5.70 from pot
*** SUMMARY ***
Total pot $6 | Rake $0.30 
Board [6h 5h Qc 7h 2s]
Seat 1: Xenicide folded before Flop (didn't bet)
Seat 2: Joe_Li7 (button) folded before Flop (didn't bet)
Seat 3: coeeeelho (small blind) showed [3h As] and won ($5.70) with high card Ace
Seat 4: Silence1925 (big blind) mucked
Seat 5: BronsonJC folded before Flop (didn't bet)
Seat 6: PhoenixAssassin folded before Flop (didn't bet)



PokerStars Hand #254580990697:  Hold'em No Limit ($0.50/$1.00 USD) - 2025/01/27 17:18:59 WET [2025/01/27 12:18:59 ET]
Table 'Achates V' 6-max Seat #3 is the button
Seat 1: Xenicide ($100 in chips) 
Seat 2: Joe_Li7 ($100 in chips) 
Seat 3: coeeeelho ($271.56 in chips) 
Seat 4: Silence1925 ($39.54 in chips) 
Seat 5: BronsonJC ($100 in chips) 
Seat 6: PhoenixAssassin ($100 in chips) 
Silence1925: posts small blind $0.50
BronsonJC: posts big blind $1
*** HOLE CARDS ***
PhoenixAssassin: folds 
Xenicide: folds 
Joe_Li7: folds 
coeeeelho: raises $1.50 to $2.50
Silence1925: raises $3.50 to $6
BronsonJC: raises $12.50 to $18.50
coeeeelho: folds 
Silence1925: raises $21.04 to $39.54 and is all-in
BronsonJC: calls $21.04
*** FLOP *** [2c Th 6c]
*** TURN *** [2c Th 6c] [7d]
*** RIVER *** [2c Th 6c 7d] [8s]
*** SHOW DOWN ***
Silence1925: shows [As Jh] (high card Ace)
BronsonJC: shows [Qd Qc] (a pair of Queens)
BronsonJC collected $79.08 from pot
*** SUMMARY ***
Total pot $81.58 | Rake $2.50 
Board [2c Th 6c 7d 8s]
Seat 1: Xenicide folded before Flop (didn't bet)
Seat 2: Joe_Li7 folded before Flop (didn't bet)
Seat 3: coeeeelho (button) folded before Flop
Seat 4: Silence1925 (small blind) showed [As Jh] and lost with high card Ace
Seat 5: BronsonJC (big blind) showed [Qd Qc] and won ($79.08) with a pair of Queens
Seat 6: PhoenixAssassin folded before Flop (didn't bet)



PokerStars Hand #254581002336:  Hold'em No Limit ($0.50/$1.00 USD) - 2025/01/27 17:19:45 WET [2025/01/27 12:19:45 ET]
Table 'Achates V' 6-max Seat #5 is the button
Seat 4: Silence1925 ($0 in chips) is sitting out
Seat 1: Xenicide ($100 in chips) 
Seat 2: Joe_Li7 ($100 in chips) 
Seat 3: coeeeelho ($269.06 in chips) 
Seat 5: BronsonJC ($139.54 in chips) 
Seat 6: PhoenixAssassin ($100 in chips) 
PhoenixAssassin: posts small blind $0.50
Xenicide: posts big blind $1
*** HOLE CARDS ***
Joe_Li7: folds 
coeeeelho: folds 
BronsonJC: folds 
PhoenixAssassin: folds 
Uncalled bet ($0.50) returned to Xenicide
Xenicide collected $1 from pot
*** SUMMARY ***
Total pot $1 | Rake $0 
Seat 4: Silence1925
Seat 1: Xenicide (big blind) collected ($1)
Seat 2: Joe_Li7 folded before Flop (didn't bet)
Seat 3: coeeeelho folded before Flop (didn't bet)
Seat 5: BronsonJC (button) folded before Flop (didn't bet)
Seat 6: PhoenixAssassin (small blind) folded before Flop



PokerStars Hand #254581007448:  Hold'em No Limit ($0.50/$1.00 USD) - 2025/01/27 17:20:05 WET [2025/01/27 12:20:05 ET]
Table 'Achates V' 6-max Seat #6 is the button
Seat 4: Silence1925 ($0 in chips) is sitting out
Seat 1: Xenicide ($100.50 in chips) 
Seat 2: Joe_Li7 ($100 in chips) 
Seat 3: coeeeelho ($269.06 in chips) 
Seat 5: BronsonJC ($139.54 in chips) 
Seat 6: PhoenixAssassin ($100 in chips) 
Xenicide: posts small blind $0.50
Joe_Li7: posts big blind $1
*** HOLE CARDS ***
coeeeelho: folds 
BronsonJC: raises $1.50 to $2.50
PhoenixAssassin: folds 
Xenicide: folds 
Joe_Li7: folds 
Uncalled bet ($1.50) returned to BronsonJC
BronsonJC collected $2.50 from pot
BronsonJC: doesn't show hand 
*** SUMMARY ***
Total pot $2.50 | Rake $0 
Seat 4: Silence1925
Seat 1: Xenicide (small blind) folded before Flop
Seat 2: Joe_Li7 (big blind) folded before Flop
Seat 3: coeeeelho folded before Flop (didn't bet)
Seat 5: BronsonJC collected ($2.50)
Seat 6: PhoenixAssassin (button) folded before Flop (didn't bet)



PokerStars Hand #254581011552:  Hold'em No Limit ($0.50/$1.00 USD) - 2025/01/27 17:20:21 WET [2025/01/27 12:20:21 ET]
Table 'Achates V' 6-max Seat #1 is the button
Seat 4: Silence1925 ($0 in chips) is sitting out
Seat 1: Xenicide ($100 in chips) 
Seat 2: Joe_Li7 ($100 in chips) 
Seat 3: coeeeelho ($269.06 in chips) 
Seat 5: BronsonJC ($141.04 in chips) 
Seat 6: PhoenixAssassin ($100 in chips) 
Joe_Li7: posts small blind $0.50
coeeeelho: posts big blind $1
*** HOLE CARDS ***
BronsonJC: folds 
PhoenixAssassin: folds 
Xenicide: folds 
Joe_Li7: folds 
Uncalled bet ($0.50) returned to coeeeelho
coeeeelho collected $1 from pot
*** SUMMARY ***
Total pot $1 | Rake $0 
Seat 4: Silence1925
Seat 1: Xenicide (button) folded before Flop (didn't bet)
Seat 2: Joe_Li7 (small blind) folded before Flop
Seat 3: coeeeelho (big blind) collected ($1)
Seat 5: BronsonJC folded before Flop (didn't bet)
Seat 6: PhoenixAssassin folded before Flop (didn't bet)



PokerStars Hand #254581014513:  Hold'em No Limit ($0.50/$1.00 USD) - 2025/01/27 17:20:33 WET [2025/01/27 12:20:33 ET]
Table 'Achates V' 6-max Seat #2 is the button
Seat 1: Xenicide ($100 in chips) 
Seat 2: Joe_Li7 ($100 in chips) 
Seat 3: coeeeelho ($269.56 in chips) 
Seat 4: Silence1925 ($50.86 in chips) 
Seat 5: BronsonJC ($141.04 in chips) 
Seat 6: PhoenixAssassin ($100 in chips) 
coeeeelho: posts small blind $0.50
Silence1925: posts big blind $1
*** HOLE CARDS ***
BronsonJC: raises $2 to $3
PhoenixAssassin: raises $6 to $9
Xenicide: folds 
Joe_Li7: folds 
coeeeelho: folds 
Silence1925: folds 
BronsonJC: calls $6
*** FLOP *** [3c 2h 3h]
BronsonJC: checks 
PhoenixAssassin: checks 
*** TURN *** [3c 2h 3h] [2d]
BronsonJC: bets $6.11
PhoenixAssassin: folds 
Uncalled bet ($6.11) returned to BronsonJC
BronsonJC collected $18.52 from pot
BronsonJC: doesn't show hand 
*** SUMMARY ***
Total pot $19.50 | Rake $0.98 
Board [3c 2h 3h 2d]
Seat 1: Xenicide folded before Flop (didn't bet)
Seat 2: Joe_Li7 (button) folded before Flop (didn't bet)
Seat 3: coeeeelho (small blind) folded before Flop
Seat 4: Silence1925 (big blind) folded before Flop
Seat 5: BronsonJC collected ($18.52)
Seat 6: PhoenixAssassin folded on the Turn



PokerStars Hand #254581025154:  Hold'em No Limit ($0.50/$1.00 USD) - 2025/01/27 17:21:17 WET [2025/01/27 12:21:17 ET]
Table 'Achates V' 6-max Seat #3 is the button
Seat 1: Xenicide ($100 in chips) 
Seat 2: Joe_Li7 ($100 in chips) 
Seat 3: coeeeelho ($269.06 in chips) 
Seat 4: Silence1925 ($49.86 in chips) 
Seat 5: BronsonJC ($150.56 in chips) 
Seat 6: PhoenixAssassin ($100 in chips) 
Silence1925: posts small blind $0.50
BronsonJC: posts big blind $1
*** HOLE CARDS ***
PhoenixAssassin: folds 
Xenicide: folds 
Joe_Li7: folds 
coeeeelho: folds 
Silence1925: raises $2 to $3
BronsonJC: calls $2
*** FLOP *** [9c 7c Jc]
Silence1925: bets $2.85
BronsonJC: folds 
Uncalled bet ($2.85) returned to Silence1925
Silence1925 collected $5.70 from pot
Silence1925: doesn't show hand 
*** SUMMARY ***
Total pot $6 | Rake $0.30 
Board [9c 7c Jc]
Seat 1: Xenicide folded before Flop (didn't bet)
Seat 2: Joe_Li7 folded before Flop (didn't bet)
Seat 3: coeeeelho (button) folded before Flop (didn't bet)
Seat 4: Silence1925 (small blind) collected ($5.70)
Seat 5: BronsonJC (big blind) folded on the Flop
Seat 6: PhoenixAssassin folded before Flop (didn't bet)



PokerStars Hand #254581031837:  Hold'em No Limit ($0.50/$1.00 USD) - 2025/01/27 17:21:43 WET [2025/01/27 12:21:43 ET]
Table 'Achates V' 6-max Seat #4 is the button
Seat 1: Xenicide ($100 in chips) 
Seat 2: Joe_Li7 ($100 in chips) 
Seat 3: coeeeelho ($269.06 in chips) 
Seat 4: Silence1925 ($52.56 in chips) 
Seat 5: BronsonJC ($147.56 in chips) 
Seat 6: PhoenixAssassin ($100 in chips) 
BronsonJC: posts small blind $0.50
PhoenixAssassin: posts big blind $1
*** HOLE CARDS ***
Xenicide: folds 
Joe_Li7: folds 
coeeeelho: folds 
Silence1925: folds 
BronsonJC: raises $2 to $3
PhoenixAssassin: calls $2
*** FLOP *** [6h 4d Kc]
BronsonJC: bets $1.88
PhoenixAssassin: calls $1.88
*** TURN *** [6h 4d Kc] [9c]
BronsonJC: checks 
PhoenixAssassin: checks 
*** RIVER *** [6h 4d Kc 9c] [4h]
BronsonJC: checks 
PhoenixAssassin: checks 
*** SHOW DOWN ***
BronsonJC: shows [8d 8s] (two pair, Eights and Fours)
PhoenixAssassin: mucks hand 
BronsonJC collected $9.27 from pot
*** SUMMARY ***
Total pot $9.76 | Rake $0.49 
Board [6h 4d Kc 9c 4h]
Seat 1: Xenicide folded before Flop (didn't bet)
Seat 2: Joe_Li7 folded before Flop (didn't bet)
Seat 3: coeeeelho folded before Flop (didn't bet)
Seat 4: Silence1925 (button) folded before Flop (didn't bet)
Seat 5: BronsonJC (small blind) showed [8d 8s] and won ($9.27) with two pair, Eights and Fours
Seat 6: PhoenixAssassin (big blind) mucked



PokerStars Hand #254581044204:  Hold'em No Limit ($0.50/$1.00 USD) - 2025/01/27 17:22:33 WET [2025/01/27 12:22:33 ET]
Table 'Achates V' 6-max Seat #5 is the button
Seat 1: Xenicide ($100 in chips) 
Seat 2: Joe_Li7 ($100 in chips) 
Seat 3: coeeeelho ($269.06 in chips) 
Seat 4: Silence1925 ($52.56 in chips) 
Seat 5: BronsonJC ($151.95 in chips) 
Seat 6: PhoenixAssassin ($100 in chips) 
PhoenixAssassin: posts small blind $0.50
Xenicide: posts big blind $1
*** HOLE CARDS ***
Joe_Li7: folds 
coeeeelho: folds 
Silence1925: folds 
BronsonJC: folds 
PhoenixAssassin: folds 
Uncalled bet ($0.50) returned to Xenicide
Xenicide collected $1 from pot
*** SUMMARY ***
Total pot $1 | Rake $0 
Seat 1: Xenicide (big blind) collected ($1)
Seat 2: Joe_Li7 folded before Flop (didn't bet)
Seat 3: coeeeelho folded before Flop (didn't bet)
Seat 4: Silence1925 folded before Flop (didn't bet)
Seat 5: BronsonJC (button) folded before Flop (didn't bet)
Seat 6: PhoenixAssassin (small blind) folded before Flop



PokerStars Hand #254581050698:  Hold'em No Limit ($0.50/$1.00 USD) - 2025/01/27 17:22:59 WET [2025/01/27 12:22:59 ET]
Table 'Achates V' 6-max Seat #6 is the button
Seat 1: Xenicide ($100.50 in chips) 
Seat 2: Joe_Li7 ($100 in chips) 
Seat 3: coeeeelho ($269.06 in chips) 
Seat 4: Silence1925 ($52.56 in chips) 
Seat 5: BronsonJC ($151.95 in chips) 
Seat 6: PhoenixAssassin ($100 in chips) 
Xenicide: posts small blind $0.50
Joe_Li7: posts big blind $1
*** HOLE CARDS ***
coeeeelho: raises $1.20 to $2.20
Silence1925: calls $2.20
BronsonJC: folds 
PhoenixAssassin: folds 
Xenicide: folds 
Joe_Li7: folds 
*** FLOP *** [6c 9s 2d]
coeeeelho: checks 
Silence1925: bets $2.80
coeeeelho: calls $2.80
*** TURN *** [6c 9s 2d] [4s]
coeeeelho: checks 
Silence1925: bets $5.46
coeeeelho: calls $5.46
*** RIVER *** [6c 9s 2d 4s] [Kc]
coeeeelho: checks 
Silence1925: checks 
*** SHOW DOWN ***
coeeeelho: shows [Ac Jd] (high card Ace)
Silence1925: shows [Jc 9d] (a pair of Nines)
Silence1925 collected $21.30 from pot
*** SUMMARY ***
Total pot $22.42 | Rake $1.12 
Board [6c 9s 2d 4s Kc]
Seat 1: Xenicide (small blind) folded before Flop
Seat 2: Joe_Li7 (big blind) folded before Flop
Seat 3: coeeeelho showed [Ac Jd] and lost with high card Ace
Seat 4: Silence1925 showed [Jc 9d] and won ($21.30) with a pair of Nines
Seat 5: BronsonJC folded before Flop (didn't bet)
Seat 6: PhoenixAssassin (button) folded before Flop (didn't bet)



PokerStars Hand #254581068586:  Hold'em No Limit ($0.50/$1.00 USD) - 2025/01/27 17:24:10 WET [2025/01/27 12:24:10 ET]
Table 'Achates V' 6-max Seat #1 is the button
Seat 1: Xenicide ($100 in chips) 
Seat 2: Joe_Li7 ($100 in chips) 
Seat 3: coeeeelho ($258.60 in chips) 
Seat 4: Silence1925 ($63.40 in chips) 
Seat 5: BronsonJC ($151.95 in chips) 
Seat 6: PhoenixAssassin ($100 in chips) 
Joe_Li7: posts small blind $0.50
coeeeelho: posts big blind $1
*** HOLE CARDS ***
Silence1925: folds 
BronsonJC: raises $2 to $3
PhoenixAssassin: folds 
Xenicide: folds 
Joe_Li7: folds 
coeeeelho: folds 
Uncalled bet ($2) returned to BronsonJC
BronsonJC collected $2.50 from pot
BronsonJC: doesn't show hand 
*** SUMMARY ***
Total pot $2.50 | Rake $0 
Seat 1: Xenicide (button) folded before Flop (didn't bet)
Seat 2: Joe_Li7 (small blind) folded before Flop
Seat 3: coeeeelho (big blind) folded before Flop
Seat 4: Silence1925 folded before Flop (didn't bet)
Seat 5: BronsonJC collected ($2.50)
Seat 6: PhoenixAssassin folded before Flop (didn't bet)



PokerStars Hand #254581071813:  Hold'em No Limit ($0.50/$1.00 USD) - 2025/01/27 17:24:22 WET [2025/01/27 12:24:22 ET]
Table 'Achates V' 6-max Seat #2 is the button
Seat 1: Xenicide ($100 in chips) 
Seat 2: Joe_Li7 ($100 in chips) 
Seat 3: coeeeelho ($257.60 in chips) 
Seat 4: Silence1925 ($63.40 in chips) 
Seat 5: BronsonJC ($153.45 in chips) 
Seat 6: PhoenixAssassin ($100 in chips) 
coeeeelho: posts small blind $0.50
Silence1925: posts big blind $1
*** HOLE CARDS ***
BronsonJC: folds 
PhoenixAssassin: folds 
Xenicide: folds 
Joe_Li7: raises $1.20 to $2.20
coeeeelho: folds 
Silence1925: folds 
Uncalled bet ($1.20) returned to Joe_Li7
Joe_Li7 collected $2.50 from pot
*** SUMMARY ***
Total pot $2.50 | Rake $0 
Seat 1: Xenicide folded before Flop (didn't bet)
Seat 2: Joe_Li7 (button) collected ($2.50)
Seat 3: coeeeelho (small blind) folded before Flop
Seat 4: Silence1925 (big blind) folded before Flop
Seat 5: BronsonJC folded before Flop (didn't bet)
Seat 6: PhoenixAssassin folded before Flop (didn't bet)



PokerStars Hand #254581077908:  Hold'em No Limit ($0.50/$1.00 USD) - 2025/01/27 17:24:47 WET [2025/01/27 12:24:47 ET]
Table 'Achates V' 6-max Seat #3 is the button
Seat 1: Xenicide ($100 in chips) 
Seat 2: Joe_Li7 ($101.50 in chips) 
Seat 3: coeeeelho ($257.10 in chips) 
Seat 4: Silence1925 ($62.40 in chips) 
Seat 5: BronsonJC ($153.45 in chips) 
Seat 6: PhoenixAssassin ($100 in chips) 
Silence1925: posts small blind $0.50
BronsonJC: posts big blind $1
*** HOLE CARDS ***
PhoenixAssassin: folds 
Xenicide: folds 
Joe_Li7: folds 
coeeeelho: raises $1.20 to $2.20
Silence1925: folds 
BronsonJC: folds 
Uncalled bet ($1.20) returned to coeeeelho
coeeeelho collected $2.50 from pot
*** SUMMARY ***
Total pot $2.50 | Rake $0 
Seat 1: Xenicide folded before Flop (didn't bet)
Seat 2: Joe_Li7 folded before Flop (didn't bet)
Seat 3: coeeeelho (button) collected ($2.50)
Seat 4: Silence1925 (small blind) folded before Flop
Seat 5: BronsonJC (big blind) folded before Flop
Seat 6: PhoenixAssassin folded before Flop (didn't bet)



PokerStars Hand #254581085678:  Hold'em No Limit ($0.50/$1.00 USD) - 2025/01/27 17:25:18 WET [2025/01/27 12:25:18 ET]
Table 'Achates V' 6-max Seat #4 is the button
Seat 1: Xenicide ($100 in chips) 
Seat 2: Joe_Li7 ($101.50 in chips) 
Seat 3: coeeeelho ($258.60 in chips) 
Seat 4: Silence1925 ($61.90 in chips) 
Seat 5: BronsonJC ($152.45 in chips) 
Seat 6: PhoenixAssassin ($100 in chips) 
BronsonJC: posts small blind $0.50
PhoenixAssassin: posts big blind $1
*** HOLE CARDS ***
Xenicide: folds 
Joe_Li7: folds 
coeeeelho: raises $1.20 to $2.20
Silence1925: calls $2.20
BronsonJC: folds 
PhoenixAssassin: folds 
*** FLOP *** [8c Ac Qh]
coeeeelho: checks 
Silence1925: checks 
*** TURN *** [8c Ac Qh] [Jc]
coeeeelho: bets $2.80
Silence1925: calls $2.80
*** RIVER *** [8c Ac Qh Jc] [9h]
coeeeelho: bets $5.46
Silence1925: calls $5.46
*** SHOW DOWN ***
coeeeelho: shows [As Jd] (two pair, Aces and Jacks)
Silence1925: mucks hand 
coeeeelho collected $21.30 from pot
*** SUMMARY ***
Total pot $22.42 | Rake $1.12 
Board [8c Ac Qh Jc 9h]
Seat 1: Xenicide folded before Flop (didn't bet)
Seat 2: Joe_Li7 folded before Flop (didn't bet)
Seat 3: coeeeelho showed [As Jd] and won ($21.30) with two pair, Aces and Jacks
Seat 4: Silence1925 (button) mucked
Seat 5: BronsonJC (small blind) folded before Flop
Seat 6: PhoenixAssassin (big blind) folded before Flop



PokerStars Hand #254581099677:  Hold'em No Limit ($0.50/$1.00 USD) - 2025/01/27 17:26:14 WET [2025/01/27 12:26:14 ET]
Table 'Achates V' 6-max Seat #5 is the button
Seat 1: Xenicide ($100 in chips) 
Seat 2: Joe_Li7 ($101.50 in chips) 
Seat 3: coeeeelho ($269.44 in chips) 
Seat 4: Silence1925 ($51.44 in chips) 
Seat 5: BronsonJC ($151.95 in chips) 
Seat 6: PhoenixAssassin ($100 in chips) 
PhoenixAssassin: posts small blind $0.50
Xenicide: posts big blind $1
*** HOLE CARDS ***
Joe_Li7: folds 
coeeeelho: folds 
Silence1925: folds 
BronsonJC: folds 
PhoenixAssassin: folds 
Uncalled bet ($0.50) returned to Xenicide
Xenicide collected $1 from pot
*** SUMMARY ***
Total pot $1 | Rake $0 
Seat 1: Xenicide (big blind) collected ($1)
Seat 2: Joe_Li7 folded before Flop (didn't bet)
Seat 3: coeeeelho folded before Flop (didn't bet)
Seat 4: Silence1925 folded before Flop (didn't bet)
Seat 5: BronsonJC (button) folded before Flop (didn't bet)
Seat 6: PhoenixAssassin (small blind) folded before Flop



PokerStars Hand #254581104820:  Hold'em No Limit ($0.50/$1.00 USD) - 2025/01/27 17:26:34 WET [2025/01/27 12:26:34 ET]
Table 'Achates V' 6-max Seat #6 is the button
Seat 1: Xenicide ($100.50 in chips) 
Seat 2: Joe_Li7 ($101.50 in chips) 
Seat 3: coeeeelho ($269.44 in chips) 
Seat 4: Silence1925 ($51.44 in chips) 
Seat 5: BronsonJC ($151.95 in chips) 
Seat 6: PhoenixAssassin ($100 in chips) 
Xenicide: posts small blind $0.50
Joe_Li7: posts big blind $1
*** HOLE CARDS ***
coeeeelho: folds 
Silence1925: raises $1 to $2
BronsonJC: folds 
PhoenixAssassin: folds 
Xenicide: folds 
Joe_Li7: calls $1
*** FLOP *** [8h 4h Qs]
Joe_Li7: checks 
Silence1925: checks 
*** TURN *** [8h 4h Qs] [2c]
Joe_Li7: bets $2.14
Silence1925: calls $2.14
*** RIVER *** [8h 4h Qs 2c] [4d]
Joe_Li7: bets $5.59
Silence1925: raises $17.41 to $23
Joe_Li7: folds 
Uncalled bet ($17.41) returned to Silence1925
Silence1925 collected $18.96 from pot
Silence1925: doesn't show hand 
*** SUMMARY ***
Total pot $19.96 | Rake $1 
Board [8h 4h Qs 2c 4d]
Seat 1: Xenicide (small blind) folded before Flop
Seat 2: Joe_Li7 (big blind) folded on the River
Seat 3: coeeeelho folded before Flop (didn't bet)
Seat 4: Silence1925 collected ($18.96)
Seat 5: BronsonJC folded before Flop (didn't bet)
Seat 6: PhoenixAssassin (button) folded before Flop (didn't bet)



PokerStars Hand #254581121532:  Hold'em No Limit ($0.50/$1.00 USD) - 2025/01/27 17:27:40 WET [2025/01/27 12:27:40 ET]
Table 'Achates V' 6-max Seat #1 is the button
Seat 1: Xenicide ($100 in chips) 
Seat 2: Joe_Li7 ($100 in chips) 
Seat 3: coeeeelho ($269.44 in chips) 
Seat 4: Silence1925 ($60.67 in chips) 
Seat 5: BronsonJC ($151.95 in chips) 
Seat 6: PhoenixAssassin ($100 in chips) 
Joe_Li7: posts small blind $0.50
coeeeelho: posts big blind $1
*** HOLE CARDS ***
Silence1925: folds 
BronsonJC: folds 
PhoenixAssassin: raises $1.50 to $2.50
Xenicide: folds 
Joe_Li7: folds 
coeeeelho: calls $1.50
*** FLOP *** [6s Qh 4s]
coeeeelho: checks 
PhoenixAssassin: bets $1.72
coeeeelho: raises $4.30 to $6.02
PhoenixAssassin: calls $4.30
*** TURN *** [6s Qh 4s] [Jc]
coeeeelho: checks 
PhoenixAssassin: checks 
*** RIVER *** [6s Qh 4s Jc] [2c]
coeeeelho: bets $24.99
PhoenixAssassin: folds 
Uncalled bet ($24.99) returned to coeeeelho
coeeeelho collected $16.66 from pot
*** SUMMARY ***
Total pot $17.54 | Rake $0.88 
Board [6s Qh 4s Jc 2c]
Seat 1: Xenicide (button) folded before Flop (didn't bet)
Seat 2: Joe_Li7 (small blind) folded before Flop
Seat 3: coeeeelho (big blind) collected ($16.66)
Seat 4: Silence1925 folded before Flop (didn't bet)
Seat 5: BronsonJC folded before Flop (didn't bet)
Seat 6: PhoenixAssassin folded on the River



PokerStars Hand #254581153145:  Hold'em No Limit ($0.50/$1.00 USD) - 2025/01/27 17:29:46 WET [2025/01/27 12:29:46 ET]
Table 'Achates V' 6-max Seat #2 is the button
Seat 1: Xenicide ($100 in chips) 
Seat 2: Joe_Li7 ($100 in chips) 
Seat 3: coeeeelho ($277.58 in chips) 
Seat 4: Silence1925 ($60.67 in chips) 
Seat 5: BronsonJC ($151.95 in chips) 
Seat 6: PhoenixAssassin ($100 in chips) 
coeeeelho: posts small blind $0.50
Silence1925: posts big blind $1
*** HOLE CARDS ***
BronsonJC: folds 
PhoenixAssassin: folds 
Xenicide: folds 
Joe_Li7: raises $1.50 to $2.50
coeeeelho: raises $8.72 to $11.22
Silence1925: folds 
Joe_Li7: folds 
Uncalled bet ($8.72) returned to coeeeelho
coeeeelho collected $6 from pot
*** SUMMARY ***
Total pot $6 | Rake $0 
Seat 1: Xenicide folded before Flop (didn't bet)
Seat 2: Joe_Li7 (button) folded before Flop
Seat 3: coeeeelho (small blind) collected ($6)
Seat 4: Silence1925 (big blind) folded before Flop
Seat 5: BronsonJC folded before Flop (didn't bet)
Seat 6: PhoenixAssassin folded before Flop (didn't bet)



PokerStars Hand #254581159212:  Hold'em No Limit ($0.50/$1.00 USD) - 2025/01/27 17:30:10 WET [2025/01/27 12:30:10 ET]
Table 'Achates V' 6-max Seat #3 is the button
Seat 1: Xenicide ($100 in chips) 
Seat 2: Joe_Li7 ($100 in chips) 
Seat 3: coeeeelho ($281.08 in chips) 
Seat 4: Silence1925 ($59.67 in chips) 
Seat 5: BronsonJC ($151.95 in chips) 
Seat 6: PhoenixAssassin ($100 in chips) 
Silence1925: posts small blind $0.50
BronsonJC: posts big blind $1
*** HOLE CARDS ***
PhoenixAssassin: raises $1.20 to $2.20
Xenicide: folds 
Joe_Li7: folds 
coeeeelho: folds 
Silence1925: calls $1.70
BronsonJC: raises $11.30 to $13.50
PhoenixAssassin: calls $11.30
Silence1925: calls $11.30
*** FLOP *** [6c Qs 3h]
Silence1925: checks 
BronsonJC: bets $12.70
PhoenixAssassin: folds 
Silence1925: folds 
Uncalled bet ($12.70) returned to BronsonJC
BronsonJC collected $38.48 from pot
BronsonJC: doesn't show hand 
*** SUMMARY ***
Total pot $40.50 | Rake $2.02 
Board [6c Qs 3h]
Seat 1: Xenicide folded before Flop (didn't bet)
Seat 2: Joe_Li7 folded before Flop (didn't bet)
Seat 3: coeeeelho (button) folded before Flop (didn't bet)
Seat 4: Silence1925 (small blind) folded on the Flop
Seat 5: BronsonJC (big blind) collected ($38.48)
Seat 6: PhoenixAssassin folded on the Flop



PokerStars Hand #254581171955:  Hold'em No Limit ($0.50/$1.00 USD) - 2025/01/27 17:31:00 WET [2025/01/27 12:31:00 ET]
Table 'Achates V' 6-max Seat #4 is the button
Seat 1: Xenicide ($100 in chips) 
Seat 2: Joe_Li7 ($100 in chips) 
Seat 3: coeeeelho ($281.08 in chips) 
Seat 4: Silence1925 ($46.17 in chips) 
Seat 5: BronsonJC ($176.93 in chips) 
Seat 6: PhoenixAssassin ($100 in chips) 
BronsonJC: posts small blind $0.50
PhoenixAssassin: posts big blind $1
*** HOLE CARDS ***
Xenicide: folds 
Joe_Li7: folds 
coeeeelho: folds 
Silence1925: folds 
BronsonJC: folds 
Uncalled bet ($0.50) returned to PhoenixAssassin
PhoenixAssassin collected $1 from pot
PhoenixAssassin: doesn't show hand 
*** SUMMARY ***
Total pot $1 | Rake $0 
Seat 1: Xenicide folded before Flop (didn't bet)
Seat 2: Joe_Li7 folded before Flop (didn't bet)
Seat 3: coeeeelho folded before Flop (didn't bet)
Seat 4: Silence1925 (button) folded before Flop (didn't bet)
Seat 5: BronsonJC (small blind) folded before Flop
Seat 6: PhoenixAssassin (big blind) collected ($1)



PokerStars Hand #254581174812:  Hold'em No Limit ($0.50/$1.00 USD) - 2025/01/27 17:31:12 WET [2025/01/27 12:31:12 ET]
Table 'Achates V' 6-max Seat #5 is the button
Seat 1: Xenicide ($100 in chips) 
Seat 2: Joe_Li7 ($100 in chips) 
Seat 3: coeeeelho ($281.08 in chips) 
Seat 4: Silence1925 ($46.17 in chips) 
Seat 5: BronsonJC ($176.43 in chips) 
Seat 6: PhoenixAssassin ($100.50 in chips) 
PhoenixAssassin: posts small blind $0.50
Xenicide: posts big blind $1
*** HOLE CARDS ***
Joe_Li7: folds 
coeeeelho: folds 
Silence1925: folds 
BronsonJC: raises $1.50 to $2.50
PhoenixAssassin: folds 
Xenicide: raises $7.50 to $10
BronsonJC: folds 
Uncalled bet ($7.50) returned to Xenicide
Xenicide collected $5.50 from pot
*** SUMMARY ***
Total pot $5.50 | Rake $0 
Seat 1: Xenicide (big blind) collected ($5.50)
Seat 2: Joe_Li7 folded before Flop (didn't bet)
Seat 3: coeeeelho folded before Flop (didn't bet)
Seat 4: Silence1925 folded before Flop (didn't bet)
Seat 5: BronsonJC (button) folded before Flop
Seat 6: PhoenixAssassin (small blind) folded before Flop



PokerStars Hand #254581182495:  Hold'em No Limit ($0.50/$1.00 USD) - 2025/01/27 17:31:42 WET [2025/01/27 12:31:42 ET]
Table 'Achates V' 6-max Seat #6 is the button
Seat 1: Xenicide ($103 in chips) 
Seat 2: Joe_Li7 ($100 in chips) 
Seat 3: coeeeelho ($281.08 in chips) 
Seat 4: Silence1925 ($46.17 in chips) 
Seat 5: BronsonJC ($173.93 in chips) 
Seat 6: PhoenixAssassin ($100 in chips) 
Xenicide: posts small blind $0.50
Joe_Li7: posts big blind $1
*** HOLE CARDS ***
coeeeelho: raises $1.20 to $2.20
Silence1925: calls $2.20
BronsonJC: folds 
PhoenixAssassin: folds 
Xenicide: folds 
Joe_Li7: folds 
*** FLOP *** [3h 3s Kh]
coeeeelho: checks 
Silence1925: checks 
*** TURN *** [3h 3s Kh] [9c]
coeeeelho: bets $4.20
Silence1925: folds 
Uncalled bet ($4.20) returned to coeeeelho
coeeeelho collected $5.60 from pot
*** SUMMARY ***
Total pot $5.90 | Rake $0.30 
Board [3h 3s Kh 9c]
Seat 1: Xenicide (small blind) folded before Flop
Seat 2: Joe_Li7 (big blind) folded before Flop
Seat 3: coeeeelho collected ($5.60)
Seat 4: Silence1925 folded on the Turn
Seat 5: BronsonJC folded before Flop (didn't bet)
Seat 6: PhoenixAssassin (button) folded before Flop (didn't bet)



PokerStars Hand #254581190841:  Hold'em No Limit ($0.50/$1.00 USD) - 2025/01/27 17:32:15 WET [2025/01/27 12:32:15 ET]
Table 'Achates V' 6-max Seat #1 is the button
Seat 1: Xenicide ($102.50 in chips) 
Seat 2: Joe_Li7 ($100 in chips) 
Seat 3: coeeeelho ($284.48 in chips) 
Seat 4: Silence1925 ($43.97 in chips) 
Seat 5: BronsonJC ($173.93 in chips) 
Seat 6: PhoenixAssassin ($100 in chips) 
Joe_Li7: posts small blind $0.50
coeeeelho: posts big blind $1
*** HOLE CARDS ***
Silence1925: folds 
BronsonJC: folds 
PhoenixAssassin: raises $1.50 to $2.50
Xenicide: folds 
Joe_Li7: folds 
coeeeelho: folds 
Uncalled bet ($1.50) returned to PhoenixAssassin
PhoenixAssassin collected $2.50 from pot
PhoenixAssassin: doesn't show hand 
*** SUMMARY ***
Total pot $2.50 | Rake $0 
Seat 1: Xenicide (button) folded before Flop (didn't bet)
Seat 2: Joe_Li7 (small blind) folded before Flop
Seat 3: coeeeelho (big blind) folded before Flop
Seat 4: Silence1925 folded before Flop (didn't bet)
Seat 5: BronsonJC folded before Flop (didn't bet)
Seat 6: PhoenixAssassin collected ($2.50)



PokerStars Hand #254581194088:  Hold'em No Limit ($0.50/$1.00 USD) - 2025/01/27 17:32:28 WET [2025/01/27 12:32:28 ET]
Table 'Achates V' 6-max Seat #2 is the button
Seat 1: Xenicide ($102.50 in chips) 
Seat 2: Joe_Li7 ($100 in chips) 
Seat 3: coeeeelho ($283.48 in chips) 
Seat 4: Silence1925 ($43.97 in chips) 
Seat 5: BronsonJC ($173.93 in chips) 
Seat 6: PhoenixAssassin ($101.50 in chips) 
coeeeelho: posts small blind $0.50
Silence1925: posts big blind $1
*** HOLE CARDS ***
BronsonJC: folds 
PhoenixAssassin: folds 
Xenicide: folds 
Joe_Li7: raises $1.50 to $2.50
coeeeelho: raises $8.72 to $11.22
Silence1925: folds 
Joe_Li7: raises $12.78 to $24
coeeeelho: calls $12.78
*** FLOP *** [2s Qh 6s]
coeeeelho: checks 
Joe_Li7: bets $11.65
coeeeelho: calls $11.65
*** TURN *** [2s Qh 6s] [Qc]
coeeeelho: checks 
Joe_Li7: checks 
*** RIVER *** [2s Qh 6s Qc] [2d]
coeeeelho: bets $247.83 and is all-in
Joe_Li7: folds 
Uncalled bet ($247.83) returned to coeeeelho
coeeeelho collected $69.80 from pot
*** SUMMARY ***
Total pot $72.30 | Rake $2.50 
Board [2s Qh 6s Qc 2d]
Seat 1: Xenicide folded before Flop (didn't bet)
Seat 2: Joe_Li7 (button) folded on the River
Seat 3: coeeeelho (small blind) collected ($69.80)
Seat 4: Silence1925 (big blind) folded before Flop
Seat 5: BronsonJC folded before Flop (didn't bet)
Seat 6: PhoenixAssassin folded before Flop (didn't bet)



PokerStars Hand #254581223967:  Hold'em No Limit ($0.50/$1.00 USD) - 2025/01/27 17:34:26 WET [2025/01/27 12:34:26 ET]
Table 'Achates V' 6-max Seat #3 is the button
Seat 1: Xenicide ($102.50 in chips) 
Seat 2: Joe_Li7 ($100 in chips) 
Seat 3: coeeeelho ($317.63 in chips) 
Seat 4: Silence1925 ($42.97 in chips) 
Seat 5: BronsonJC ($173.93 in chips) 
Seat 6: PhoenixAssassin ($101.50 in chips) 
Silence1925: posts small blind $0.50
BronsonJC: posts big blind $1
*** HOLE CARDS ***
PhoenixAssassin: folds 
Xenicide: folds 
Joe_Li7: raises $1.20 to $2.20
coeeeelho: folds 
Silence1925: calls $1.70
BronsonJC: folds 
*** FLOP *** [9h Ts Kh]
Silence1925: checks 
Joe_Li7: checks 
*** TURN *** [9h Ts Kh] [6c]
Silence1925: bets $2.57
Joe_Li7: calls $2.57
*** RIVER *** [9h Ts Kh 6c] [As]
Silence1925: checks 
Joe_Li7: bets $8.50
Silence1925: calls $8.50
*** SHOW DOWN ***
Joe_Li7: shows [Qc 8c] (high card Ace)
Silence1925: shows [9d 7d] (a pair of Nines)
Silence1925 collected $26.16 from pot
*** SUMMARY ***
Total pot $27.54 | Rake $1.38 
Board [9h Ts Kh 6c As]
Seat 1: Xenicide folded before Flop (didn't bet)
Seat 2: Joe_Li7 showed [Qc 8c] and lost with high card Ace
Seat 3: coeeeelho (button) folded before Flop (didn't bet)
Seat 4: Silence1925 (small blind) showed [9d 7d] and won ($26.16) with a pair of Nines
Seat 5: BronsonJC (big blind) folded before Flop
Seat 6: PhoenixAssassin folded before Flop (didn't bet)



PokerStars Hand #254581241033:  Hold'em No Limit ($0.50/$1.00 USD) - 2025/01/27 17:35:33 WET [2025/01/27 12:35:33 ET]
Table 'Achates V' 6-max Seat #4 is the button
Seat 6: PhoenixAssassin ($101.50 in chips) is sitting out
Seat 1: Xenicide ($102.50 in chips) 
Seat 2: Joe_Li7 ($100 in chips) 
Seat 3: coeeeelho ($317.63 in chips) 
Seat 4: Silence1925 ($55.86 in chips) 
Seat 5: BronsonJC ($172.93 in chips) 
BronsonJC: posts small blind $0.50
PhoenixAssassin: is sitting out 
Xenicide: posts big blind $1
*** HOLE CARDS ***
Joe_Li7: folds 
coeeeelho: folds 
PhoenixAssassin leaves the table
Silence1925: raises $1 to $2
BronsonJC: folds 
Xenicide: folds 
Uncalled bet ($1) returned to Silence1925
Silence1925 collected $2.50 from pot
Silence1925: doesn't show hand 
*** SUMMARY ***
Total pot $2.50 | Rake $0 
Seat 6: PhoenixAssassin
Seat 1: Xenicide (big blind) folded before Flop
Seat 2: Joe_Li7 folded before Flop (didn't bet)
Seat 3: coeeeelho folded before Flop (didn't bet)
Seat 4: Silence1925 (button) collected ($2.50)
Seat 5: BronsonJC (small blind) folded before Flop



PokerStars Hand #254581248577:  Hold'em No Limit ($0.50/$1.00 USD) - 2025/01/27 17:36:02 WET [2025/01/27 12:36:02 ET]
Table 'Achates V' 6-max Seat #5 is the button
Seat 1: Xenicide ($101.50 in chips) 
Seat 2: Joe_Li7 ($100 in chips) 
Seat 3: coeeeelho ($317.63 in chips) 
Seat 4: Silence1925 ($57.36 in chips) 
Seat 5: BronsonJC ($172.43 in chips) 
Xenicide: posts small blind $0.50
Joe_Li7: posts big blind $1
*** HOLE CARDS ***
coeeeelho: folds 
Silence1925: folds 
BronsonJC: folds 
Xenicide: folds 
Uncalled bet ($0.50) returned to Joe_Li7
Joe_Li7 collected $1 from pot
*** SUMMARY ***
Total pot $1 | Rake $0 
Seat 1: Xenicide (small blind) folded before Flop
Seat 2: Joe_Li7 (big blind) collected ($1)
Seat 3: coeeeelho folded before Flop (didn't bet)
Seat 4: Silence1925 folded before Flop (didn't bet)
Seat 5: BronsonJC (button) folded before Flop (didn't bet)



PokerStars Hand #254581252264:  Hold'em No Limit ($0.50/$1.00 USD) - 2025/01/27 17:36:17 WET [2025/01/27 12:36:17 ET]
Table 'Achates V' 6-max Seat #1 is the button
Seat 1: Xenicide ($101 in chips) 
Seat 2: Joe_Li7 ($100.50 in chips) 
Seat 3: coeeeelho ($317.63 in chips) 
Seat 4: Silence1925 ($57.36 in chips) 
Seat 5: BronsonJC ($172.43 in chips) 
Joe_Li7: posts small blind $0.50
coeeeelho: posts big blind $1
*** HOLE CARDS ***
Silence1925: calls $1
BronsonJC: folds 
Xenicide: folds 
Joe_Li7: folds 
coeeeelho: checks 
*** FLOP *** [4h Qh 8d]
coeeeelho: checks 
Silence1925: checks 
*** TURN *** [4h Qh 8d] [Kc]
MaRKiToScoK joins the table at seat #6 
coeeeelho: bets $1.78
Silence1925: calls $1.78
*** RIVER *** [4h Qh 8d Kc] [4d]
coeeeelho: checks 
Silence1925: bets $5.76
coeeeelho: folds 
Uncalled bet ($5.76) returned to Silence1925
Silence1925 collected $5.76 from pot
Silence1925: doesn't show hand 
*** SUMMARY ***
Total pot $6.06 | Rake $0.30 
Board [4h Qh 8d Kc 4d]
Seat 1: Xenicide (button) folded before Flop (didn't bet)
Seat 2: Joe_Li7 (small blind) folded before Flop
Seat 3: coeeeelho (big blind) folded on the River
Seat 4: Silence1925 collected ($5.76)
Seat 5: BronsonJC folded before Flop (didn't bet)



PokerStars Hand #254581266721:  Hold'em No Limit ($0.50/$1.00 USD) - 2025/01/27 17:37:13 WET [2025/01/27 12:37:13 ET]
Table 'Achates V' 6-max Seat #2 is the button
Seat 6: MaRKiToScoK ($100 in chips) is sitting out
Seat 1: Xenicide ($101 in chips) 
Seat 2: Joe_Li7 ($100 in chips) 
Seat 3: coeeeelho ($314.85 in chips) 
Seat 4: Silence1925 ($60.34 in chips) 
Seat 5: BronsonJC ($172.43 in chips) 
coeeeelho: posts small blind $0.50
Silence1925: posts big blind $1
MaRKiToScoK: sits out 
*** HOLE CARDS ***
BronsonJC: raises $2 to $3
Xenicide: raises $5 to $8
Joe_Li7: folds 
coeeeelho: folds 
Silence1925: folds 
BronsonJC: calls $5
*** FLOP *** [4s 7c Jh]
BronsonJC: checks 
Xenicide: bets $5.15
BronsonJC: calls $5.15
*** TURN *** [4s 7c Jh] [2d]
BronsonJC: checks 
Xenicide: bets $19.81
BronsonJC: folds 
Uncalled bet ($19.81) returned to Xenicide
Xenicide collected $26.41 from pot
*** SUMMARY ***
Total pot $27.80 | Rake $1.39 
Board [4s 7c Jh 2d]
Seat 6: MaRKiToScoK
Seat 1: Xenicide collected ($26.41)
Seat 2: Joe_Li7 (button) folded before Flop (didn't bet)
Seat 3: coeeeelho (small blind) folded before Flop
Seat 4: Silence1925 (big blind) folded before Flop
Seat 5: BronsonJC folded on the Turn



PokerStars Hand #254581281544:  Hold'em No Limit ($0.50/$1.00 USD) - 2025/01/27 17:38:11 WET [2025/01/27 12:38:11 ET]
Table 'Achates V' 6-max Seat #3 is the button
Seat 6: MaRKiToScoK ($100 in chips) is sitting out
Seat 1: Xenicide ($114.26 in chips) 
Seat 2: Joe_Li7 ($100 in chips) 
Seat 3: coeeeelho ($314.35 in chips) 
Seat 4: Silence1925 ($59.34 in chips) 
Seat 5: BronsonJC ($159.28 in chips) 
Silence1925: posts small blind $0.50
BronsonJC: posts big blind $1
MaRKiToScoK: sits out 
*** HOLE CARDS ***
Xenicide: folds 
Joe_Li7: folds 
coeeeelho: raises $1.20 to $2.20
Silence1925: calls $1.70
BronsonJC: folds 
*** FLOP *** [Jh Qs 9c]
Silence1925: checks 
coeeeelho: bets $1.69
Silence1925: calls $1.69
*** TURN *** [Jh Qs 9c] [5s]
Silence1925: checks 
coeeeelho: checks 
*** RIVER *** [Jh Qs 9c 5s] [As]
Silence1925: checks 
coeeeelho: checks 
*** SHOW DOWN ***
Silence1925: shows [3c 3s] (a pair of Threes)
coeeeelho: shows [Jd Tc] (a pair of Jacks)
coeeeelho collected $8.34 from pot
*** SUMMARY ***
Total pot $8.78 | Rake $0.44 
Board [Jh Qs 9c 5s As]
Seat 6: MaRKiToScoK
Seat 1: Xenicide folded before Flop (didn't bet)
Seat 2: Joe_Li7 folded before Flop (didn't bet)
Seat 3: coeeeelho (button) showed [Jd Tc] and won ($8.34) with a pair of Jacks
Seat 4: Silence1925 (small blind) showed [3c 3s] and lost with a pair of Threes
Seat 5: BronsonJC (big blind) folded before Flop



PokerStars Hand #254581291923:  Hold'em No Limit ($0.50/$1.00 USD) - 2025/01/27 17:38:51 WET [2025/01/27 12:38:51 ET]
Table 'Achates V' 6-max Seat #4 is the button
Seat 1: Xenicide ($114.26 in chips) 
Seat 2: Joe_Li7 ($100 in chips) 
Seat 3: coeeeelho ($318.80 in chips) 
Seat 4: Silence1925 ($55.45 in chips) 
Seat 5: BronsonJC ($158.28 in chips) 
Seat 6: MaRKiToScoK ($100 in chips) 
BronsonJC: posts small blind $0.50
MaRKiToScoK: posts big blind $1
*** HOLE CARDS ***
Xenicide: folds 
Joe_Li7: folds 
coeeeelho: folds 
Silence1925: raises $2 to $3
BronsonJC: folds 
MaRKiToScoK: calls $2
*** FLOP *** [Qc 3s 8s]
MaRKiToScoK: checks 
Silence1925: bets $3.09
MaRKiToScoK: raises $12.36 to $15.45
Silence1925: folds 
Uncalled bet ($12.36) returned to MaRKiToScoK
MaRKiToScoK collected $12.05 from pot
*** SUMMARY ***
Total pot $12.68 | Rake $0.63 
Board [Qc 3s 8s]
Seat 1: Xenicide folded before Flop (didn't bet)
Seat 2: Joe_Li7 folded before Flop (didn't bet)
Seat 3: coeeeelho folded before Flop (didn't bet)
Seat 4: Silence1925 (button) folded on the Flop
Seat 5: BronsonJC (small blind) folded before Flop
Seat 6: MaRKiToScoK (big blind) collected ($12.05)



PokerStars Hand #254581299912:  Hold'em No Limit ($0.50/$1.00 USD) - 2025/01/27 17:39:22 WET [2025/01/27 12:39:22 ET]
Table 'Achates V' 6-max Seat #5 is the button
Seat 1: Xenicide ($114.26 in chips) 
Seat 2: Joe_Li7 ($100 in chips) 
Seat 3: coeeeelho ($318.80 in chips) 
Seat 4: Silence1925 ($49.36 in chips) 
Seat 5: BronsonJC ($157.78 in chips) 
Seat 6: MaRKiToScoK ($105.96 in chips) 
MaRKiToScoK: posts small blind $0.50
Xenicide: posts big blind $1
*** HOLE CARDS ***
Joe_Li7: raises $1.20 to $2.20
coeeeelho: folds 
Silence1925: calls $2.20
BronsonJC: folds 
MaRKiToScoK: folds 
Xenicide: folds 
*** FLOP *** [7h Tc Jh]
Joe_Li7: checks 
Silence1925: bets $2.80
Joe_Li7: raises $11.42 to $14.22
Silence1925: raises $32.94 to $47.16 and is all-in
Joe_Li7: calls $32.94
*** TURN *** [7h Tc Jh] [Ac]
*** RIVER *** [7h Tc Jh Ac] [8d]
*** SHOW DOWN ***
Joe_Li7: shows [8h Ah] (two pair, Aces and Eights)
Silence1925: shows [Kd Js] (a pair of Jacks)
Joe_Li7 collected $97.72 from pot
*** SUMMARY ***
Total pot $100.22 | Rake $2.50 
Board [7h Tc Jh Ac 8d]
Seat 1: Xenicide (big blind) folded before Flop
Seat 2: Joe_Li7 showed [8h Ah] and won ($97.72) with two pair, Aces and Eights
Seat 3: coeeeelho folded before Flop (didn't bet)
Seat 4: Silence1925 showed [Kd Js] and lost with a pair of Jacks
Seat 5: BronsonJC (button) folded before Flop (didn't bet)
Seat 6: MaRKiToScoK (small blind) folded before Flop



PokerStars Hand #254581320532:  Hold'em No Limit ($0.50/$1.00 USD) - 2025/01/27 17:40:42 WET [2025/01/27 12:40:42 ET]
Table 'Achates V' 6-max Seat #6 is the button
Seat 4: Silence1925 ($0 in chips) is sitting out
Seat 1: Xenicide ($113.26 in chips) 
Seat 2: Joe_Li7 ($148.36 in chips) 
Seat 3: coeeeelho ($318.80 in chips) 
Seat 5: BronsonJC ($157.78 in chips) 
Seat 6: MaRKiToScoK ($105.46 in chips) 
Xenicide: posts small blind $0.50
Joe_Li7: posts big blind $1
*** HOLE CARDS ***
coeeeelho: raises $1.20 to $2.20
BronsonJC: folds 
Silence1925 leaves the table
MaRKiToScoK: folds 
Xenicide: folds 
Joe_Li7: folds 
Uncalled bet ($1.20) returned to coeeeelho
coeeeelho collected $2.50 from pot
*** SUMMARY ***
Total pot $2.50 | Rake $0 
Seat 4: Silence1925
Seat 1: Xenicide (small blind) folded before Flop
Seat 2: Joe_Li7 (big blind) folded before Flop
Seat 3: coeeeelho collected ($2.50)
Seat 5: BronsonJC folded before Flop (didn't bet)
Seat 6: MaRKiToScoK (button) folded before Flop (didn't bet)



PokerStars Hand #254581324172:  Hold'em No Limit ($0.50/$1.00 USD) - 2025/01/27 17:40:56 WET [2025/01/27 12:40:56 ET]
Table 'Achates V' 6-max Seat #1 is the button
Seat 1: Xenicide ($112.76 in chips) 
Seat 2: Joe_Li7 ($147.36 in chips) 
Seat 3: coeeeelho ($320.30 in chips) 
Seat 5: BronsonJC ($157.78 in chips) 
Seat 6: MaRKiToScoK ($105.46 in chips) 
Joe_Li7: posts small blind $0.50
coeeeelho: posts big blind $1
*** HOLE CARDS ***
BronsonJC: folds 
MaRKiToScoK: folds 
Xenicide: folds 
Joe_Li7: folds 
Uncalled bet ($0.50) returned to coeeeelho
coeeeelho collected $1 from pot
*** SUMMARY ***
Total pot $1 | Rake $0 
Seat 1: Xenicide (button) folded before Flop (didn't bet)
Seat 2: Joe_Li7 (small blind) folded before Flop
Seat 3: coeeeelho (big blind) collected ($1)
Seat 5: BronsonJC folded before Flop (didn't bet)
Seat 6: MaRKiToScoK folded before Flop (didn't bet)



PokerStars Hand #254581327417:  Hold'em No Limit ($0.50/$1.00 USD) - 2025/01/27 17:41:09 WET [2025/01/27 12:41:09 ET]
Table 'Achates V' 6-max Seat #2 is the button
Seat 1: Xenicide ($112.76 in chips) 
Seat 2: Joe_Li7 ($146.86 in chips) 
Seat 3: coeeeelho ($320.80 in chips) 
Seat 5: BronsonJC ($157.78 in chips) 
Seat 6: MaRKiToScoK ($105.46 in chips) 
coeeeelho: posts small blind $0.50
BronsonJC: posts big blind $1
*** HOLE CARDS ***
habib beye joins the table at seat #4 
MaRKiToScoK: raises $1 to $2
Xenicide: folds 
Joe_Li7: folds 
coeeeelho: folds 
BronsonJC: folds 
Uncalled bet ($1) returned to MaRKiToScoK
MaRKiToScoK collected $2.50 from pot
*** SUMMARY ***
Total pot $2.50 | Rake $0 
Seat 1: Xenicide folded before Flop (didn't bet)
Seat 2: Joe_Li7 (button) folded before Flop (didn't bet)
Seat 3: coeeeelho (small blind) folded before Flop
Seat 5: BronsonJC (big blind) folded before Flop
Seat 6: MaRKiToScoK collected ($2.50)



PokerStars Hand #254581333944:  Hold'em No Limit ($0.50/$1.00 USD) - 2025/01/27 17:41:34 WET [2025/01/27 12:41:34 ET]
Table 'Achates V' 6-max Seat #3 is the button
Seat 4: habib beye ($100 in chips) is sitting out
Seat 1: Xenicide ($112.76 in chips) 
Seat 2: Joe_Li7 ($146.86 in chips) 
Seat 3: coeeeelho ($320.30 in chips) 
Seat 5: BronsonJC ($156.78 in chips) 
Seat 6: MaRKiToScoK ($106.96 in chips) 
BronsonJC: posts small blind $0.50
MaRKiToScoK: posts big blind $1
*** HOLE CARDS ***
Xenicide: folds 
Joe_Li7: folds 
coeeeelho: raises $1.50 to $2.50
BronsonJC: folds 
MaRKiToScoK: folds 
Uncalled bet ($1.50) returned to coeeeelho
coeeeelho collected $2.50 from pot
*** SUMMARY ***
Total pot $2.50 | Rake $0 
Seat 4: habib beye
Seat 1: Xenicide folded before Flop (didn't bet)
Seat 2: Joe_Li7 folded before Flop (didn't bet)
Seat 3: coeeeelho (button) collected ($2.50)
Seat 5: BronsonJC (small blind) folded before Flop
Seat 6: MaRKiToScoK (big blind) folded before Flop



PokerStars Hand #254581341975:  Hold'em No Limit ($0.50/$1.00 USD) - 2025/01/27 17:42:05 WET [2025/01/27 12:42:05 ET]
Table 'Achates V' 6-max Seat #5 is the button
Seat 4: habib beye ($100 in chips) is sitting out
Seat 1: Xenicide ($112.76 in chips) 
Seat 2: Joe_Li7 ($146.86 in chips) 
Seat 3: coeeeelho ($321.80 in chips) 
Seat 5: BronsonJC ($156.28 in chips) 
Seat 6: MaRKiToScoK ($105.96 in chips) 
MaRKiToScoK: posts small blind $0.50
Xenicide: posts big blind $1
habib beye: sits out 
*** HOLE CARDS ***
Joe_Li7: folds 
coeeeelho: raises $1.20 to $2.20
BronsonJC: folds 
MaRKiToScoK: raises $9.30 to $11.50
Xenicide: folds 
coeeeelho: folds 
Uncalled bet ($9.30) returned to MaRKiToScoK
MaRKiToScoK collected $5.40 from pot
*** SUMMARY ***
Total pot $5.40 | Rake $0 
Seat 4: habib beye
Seat 1: Xenicide (big blind) folded before Flop
Seat 2: Joe_Li7 folded before Flop (didn't bet)
Seat 3: coeeeelho folded before Flop
Seat 5: BronsonJC (button) folded before Flop (didn't bet)
Seat 6: MaRKiToScoK (small blind) collected ($5.40)



PokerStars Hand #254581350646:  Hold'em No Limit ($0.50/$1.00 USD) - 2025/01/27 17:42:39 WET [2025/01/27 12:42:39 ET]
Table 'Achates V' 6-max Seat #6 is the button
Seat 2: Joe_Li7 ($146.86 in chips) is sitting out
Seat 4: habib beye ($100 in chips) is sitting out
Seat 1: Xenicide ($111.76 in chips) 
Seat 3: coeeeelho ($319.60 in chips) 
Seat 5: BronsonJC ($156.28 in chips) 
Seat 6: MaRKiToScoK ($109.16 in chips) 
Xenicide: posts small blind $0.50
Joe_Li7: is sitting out 
coeeeelho: posts big blind $1
habib beye: sits out 
*** HOLE CARDS ***
BronsonJC: folds 
MaRKiToScoK: folds 
Xenicide: folds 
Uncalled bet ($0.50) returned to coeeeelho
coeeeelho collected $1 from pot
Joe_Li7 leaves the table
*** SUMMARY ***
Total pot $1 | Rake $0 
Seat 2: Joe_Li7
Seat 4: habib beye
Seat 1: Xenicide (small blind) folded before Flop
Seat 3: coeeeelho (big blind) collected ($1)
Seat 5: BronsonJC folded before Flop (didn't bet)
Seat 6: MaRKiToScoK (button) folded before Flop (didn't bet)



PokerStars Hand #254581353159:  Hold'em No Limit ($0.50/$1.00 USD) - 2025/01/27 17:42:49 WET [2025/01/27 12:42:49 ET]
Table 'Achates V' 6-max Seat #1 is the button
Seat 1: Xenicide ($111.26 in chips) 
Seat 3: coeeeelho ($320.10 in chips) 
Seat 4: habib beye ($100 in chips) 
Seat 5: BronsonJC ($156.28 in chips) 
Seat 6: MaRKiToScoK ($109.16 in chips) 
coeeeelho: posts small blind $0.50
habib beye: posts big blind $1
*** HOLE CARDS ***
BronsonJC: folds 
BronsonJC leaves the table
MaRKiToScoK: raises $1.25 to $2.25
Xenicide: folds 
coeeeelho: folds 
habib beye: calls $1.25
*** FLOP *** [As 4s 7s]
habib beye: checks 
MaRKiToScoK: bets $1.07
habib beye: raises $3.03 to $4.10
MaRKiToScoK: calls $3.03
*** TURN *** [As 4s 7s] [9s]
habib beye: bets $4.14
MaRKiToScoK: calls $4.14
*** RIVER *** [As 4s 7s 9s] [Ah]
habib beye: bets $14.51
SorinS28 joins the table at seat #2 
MaRKiToScoK: folds 
Uncalled bet ($14.51) returned to habib beye
AndreaBsAs joins the table at seat #5 
habib beye collected $20.41 from pot
*** SUMMARY ***
Total pot $21.48 | Rake $1.07 
Board [As 4s 7s 9s Ah]
Seat 1: Xenicide (button) folded before Flop (didn't bet)
Seat 3: coeeeelho (small blind) folded before Flop
Seat 4: habib beye (big blind) collected ($20.41)
Seat 5: BronsonJC folded before Flop (didn't bet)
Seat 6: MaRKiToScoK folded on the River



PokerStars Hand #254581370859:  Hold'em No Limit ($0.50/$1.00 USD) - 2025/01/27 17:43:58 WET [2025/01/27 12:43:58 ET]
Table 'Achates V' 6-max Seat #3 is the button
Seat 2: SorinS28 ($100 in chips) is sitting out
Seat 1: Xenicide ($111.26 in chips) 
Seat 3: coeeeelho ($319.60 in chips) 
Seat 4: habib beye ($109.92 in chips) 
Seat 5: AndreaBsAs ($100 in chips) 
Seat 6: MaRKiToScoK ($100 in chips) 
habib beye: posts small blind $0.50
AndreaBsAs: posts big blind $1
SorinS28: sits out 
*** HOLE CARDS ***
MaRKiToScoK: folds 
Xenicide: folds 
coeeeelho: folds 
habib beye: folds 
Uncalled bet ($0.50) returned to AndreaBsAs
MaRKiToScoK leaves the table
AndreaBsAs collected $1 from pot
*** SUMMARY ***
Total pot $1 | Rake $0 
Seat 2: SorinS28
Seat 1: Xenicide folded before Flop (didn't bet)
Seat 3: coeeeelho (button) folded before Flop (didn't bet)
Seat 4: habib beye (small blind) folded before Flop
Seat 5: AndreaBsAs (big blind) collected ($1)
Seat 6: MaRKiToScoK folded before Flop (didn't bet)



PokerStars Hand #254581375438:  Hold'em No Limit ($0.50/$1.00 USD) - 2025/01/27 17:44:15 WET [2025/01/27 12:44:15 ET]
Table 'Achates V' 6-max Seat #4 is the button
Seat 2: SorinS28 ($100 in chips) is sitting out
Seat 1: Xenicide ($111.26 in chips) 
Seat 3: coeeeelho ($319.60 in chips) 
Seat 4: habib beye ($109.42 in chips) 
Seat 5: AndreaBsAs ($100.50 in chips) 
AndreaBsAs: posts small blind $0.50
Xenicide: posts big blind $1
SorinS28: sits out 
*** HOLE CARDS ***
coeeeelho: folds 
habib beye: raises $1.50 to $2.50
AndreaBsAs: folds 
Xenicide: raises $7.50 to $10
habib beye: raises $12 to $22
Xenicide: raises $89.26 to $111.26 and is all-in
habib beye: folds 
Uncalled bet ($89.26) returned to Xenicide
Xenicide collected $44.50 from pot
*** SUMMARY ***
Total pot $44.50 | Rake $0 
Seat 2: SorinS28
Seat 1: Xenicide (big blind) collected ($44.50)
Seat 3: coeeeelho folded before Flop (didn't bet)
Seat 4: habib beye (button) folded before Flop
Seat 5: AndreaBsAs (small blind) folded before Flop



PokerStars Hand #254581387571:  Hold'em No Limit ($0.50/$1.00 USD) - 2025/01/27 17:45:03 WET [2025/01/27 12:45:03 ET]
Table 'Achates V' 6-max Seat #5 is the button
Seat 1: Xenicide ($133.76 in chips) 
Seat 2: SorinS28 ($100 in chips) 
Seat 3: coeeeelho ($319.60 in chips) 
Seat 4: habib beye ($100 in chips) 
Seat 5: AndreaBsAs ($100 in chips) 
Xenicide: posts small blind $0.50
SorinS28: posts big blind $1
*** HOLE CARDS ***
coeeeelho: folds 
habib beye: folds 
AndreaBsAs: raises $1.50 to $2.50
Xenicide: folds 
SorinS28: folds 
Uncalled bet ($1.50) returned to AndreaBsAs
sosatime96 joins the table at seat #6 
AndreaBsAs collected $2.50 from pot
*** SUMMARY ***
Total pot $2.50 | Rake $0 
Seat 1: Xenicide (small blind) folded before Flop
Seat 2: SorinS28 (big blind) folded before Flop
Seat 3: coeeeelho folded before Flop (didn't bet)
Seat 4: habib beye folded before Flop (didn't bet)
Seat 5: AndreaBsAs (button) collected ($2.50)



PokerStars Hand #254581440013:  Hold'em No Limit ($0.50/$1.00 USD) - 2025/01/27 17:48:28 WET [2025/01/27 12:48:28 ET]
Table 'Achates V' 6-max Seat #4 is the button
Seat 5: AndreaBsAs ($101.50 in chips) is sitting out
Seat 1: Xenicide ($133.26 in chips) 
Seat 2: SorinS28 ($100 in chips) 
Seat 3: coeeeelho ($351.44 in chips) 
Seat 4: habib beye ($102.50 in chips) 
Seat 6: sosatime96 ($100 in chips) 
sosatime96: posts small blind $0.50
Xenicide: posts big blind $1
*** HOLE CARDS ***
SorinS28: folds 
coeeeelho: folds 
habib beye: folds 
AndreaBsAs leaves the table
sosatime96: raises $2 to $3
Xenicide: folds 
Uncalled bet ($2) returned to sosatime96
sosatime96 collected $2 from pot
sosatime96: doesn't show hand 
*** SUMMARY ***
Total pot $2 | Rake $0 
Seat 5: AndreaBsAs
Seat 1: Xenicide (big blind) folded before Flop
Seat 2: SorinS28 folded before Flop (didn't bet)
Seat 3: coeeeelho folded before Flop (didn't bet)
Seat 4: habib beye (button) folded before Flop (didn't bet)
Seat 6: sosatime96 (small blind) collected ($2)



PokerStars Hand #254581446222:  Hold'em No Limit ($0.50/$1.00 USD) - 2025/01/27 17:48:52 WET [2025/01/27 12:48:52 ET]
Table 'Achates V' 6-max Seat #6 is the button
Seat 1: Xenicide ($132.26 in chips) 
Seat 2: SorinS28 ($100 in chips) 
Seat 3: coeeeelho ($351.44 in chips) 
Seat 4: habib beye ($102.50 in chips) 
Seat 6: sosatime96 ($101 in chips) 
Xenicide: posts small blind $0.50
SorinS28: posts big blind $1
*** HOLE CARDS ***
coeeeelho: folds 
habib beye: folds 
sosatime96: folds 
Xenicide: folds 
Uncalled bet ($0.50) returned to SorinS28
SorinS28 collected $1 from pot
SorinS28: doesn't show hand 
*** SUMMARY ***
Total pot $1 | Rake $0 
Seat 1: Xenicide (small blind) folded before Flop
Seat 2: SorinS28 (big blind) collected ($1)
Seat 3: coeeeelho folded before Flop (didn't bet)
Seat 4: habib beye folded before Flop (didn't bet)
Seat 6: sosatime96 (button) folded before Flop (didn't bet)



PokerStars Hand #254581449417:  Hold'em No Limit ($0.50/$1.00 USD) - 2025/01/27 17:49:05 WET [2025/01/27 12:49:05 ET]
Table 'Achates V' 6-max Seat #1 is the button
Seat 1: Xenicide ($131.76 in chips) 
Seat 2: SorinS28 ($100.50 in chips) 
Seat 3: coeeeelho ($351.44 in chips) 
Seat 4: habib beye ($102.50 in chips) 
Seat 6: sosatime96 ($101 in chips) 
SorinS28: posts small blind $0.50
coeeeelho: posts big blind $1
*** HOLE CARDS ***
habib beye: raises $1.25 to $2.25
sosatime96: folds 
Xenicide: folds 
SorinS28: folds 
coeeeelho: calls $1.25
*** FLOP *** [9s 6c Kd]
coeeeelho: checks 
habib beye: bets $2.09
coeeeelho: calls $2.09
*** TURN *** [9s 6c Kd] [Js]
coeeeelho: checks 
habib beye: bets $6.63
coeeeelho: folds 
Uncalled bet ($6.63) returned to habib beye
habib beye collected $8.72 from pot
*** SUMMARY ***
Total pot $9.18 | Rake $0.46 
Board [9s 6c Kd Js]
Seat 1: Xenicide (button) folded before Flop (didn't bet)
Seat 2: SorinS28 (small blind) folded before Flop
Seat 3: coeeeelho (big blind) folded on the Turn
Seat 4: habib beye collected ($8.72)
Seat 6: sosatime96 folded before Flop (didn't bet)



PokerStars Hand #254581462396:  Hold'em No Limit ($0.50/$1.00 USD) - 2025/01/27 17:49:55 WET [2025/01/27 12:49:55 ET]
Table 'Achates V' 6-max Seat #2 is the button
Seat 1: Xenicide ($131.76 in chips) 
Seat 2: SorinS28 ($100 in chips) 
Seat 3: coeeeelho ($347.10 in chips) 
Seat 4: habib beye ($106.88 in chips) 
Seat 6: sosatime96 ($101 in chips) 
coeeeelho: posts small blind $0.50
habib beye: posts big blind $1
*** HOLE CARDS ***
sosatime96: raises $1 to $2
Xenicide: folds 
SorinS28: folds 
coeeeelho: folds 
habib beye: calls $1
*** FLOP *** [2s 4h 4c]
habib beye: checks 
sosatime96: bets $1.41
habib beye: calls $1.41
*** TURN *** [2s 4h 4c] [Qs]
habib beye: checks 
sosatime96: bets $4.17
habib beye: folds 
Uncalled bet ($4.17) returned to sosatime96
sosatime96 collected $6.95 from pot
sosatime96: doesn't show hand 
*** SUMMARY ***
Total pot $7.32 | Rake $0.37 
Board [2s 4h 4c Qs]
Seat 1: Xenicide folded before Flop (didn't bet)
Seat 2: SorinS28 (button) folded before Flop (didn't bet)
Seat 3: coeeeelho (small blind) folded before Flop
Seat 4: habib beye (big blind) folded on the Turn
Seat 6: sosatime96 collected ($6.95)



PokerStars Hand #254581475578:  Hold'em No Limit ($0.50/$1.00 USD) - 2025/01/27 17:50:47 WET [2025/01/27 12:50:47 ET]
Table 'Achates V' 6-max Seat #3 is the button
Seat 1: Xenicide ($131.76 in chips) 
Seat 2: SorinS28 ($100 in chips) 
Seat 3: coeeeelho ($346.60 in chips) 
Seat 4: habib beye ($103.47 in chips) 
Seat 6: sosatime96 ($104.54 in chips) 
habib beye: posts small blind $0.50
sosatime96: posts big blind $1
*** HOLE CARDS ***
Xenicide: folds 
SorinS28: raises $1.30 to $2.30
coeeeelho: raises $5.20 to $7.50
habib beye: folds 
sosatime96: folds 
SorinS28: raises $14.50 to $22
coeeeelho: folds 
Uncalled bet ($14.50) returned to SorinS28
SorinS28 collected $16.50 from pot
SorinS28: doesn't show hand 
*** SUMMARY ***
Total pot $16.50 | Rake $0 
Seat 1: Xenicide folded before Flop (didn't bet)
Seat 2: SorinS28 collected ($16.50)
Seat 3: coeeeelho (button) folded before Flop
Seat 4: habib beye (small blind) folded before Flop
Seat 6: sosatime96 (big blind) folded before Flop



PokerStars Hand #254581489212:  Hold'em No Limit ($0.50/$1.00 USD) - 2025/01/27 17:51:40 WET [2025/01/27 12:51:40 ET]
Table 'Achates V' 6-max Seat #4 is the button
Seat 1: Xenicide ($131.76 in chips) 
Seat 2: SorinS28 ($109 in chips) 
Seat 3: coeeeelho ($339.10 in chips) 
Seat 4: habib beye ($102.97 in chips) 
Seat 6: sosatime96 ($103.54 in chips) 
sosatime96: posts small blind $0.50
Xenicide: posts big blind $1
*** HOLE CARDS ***
SorinS28: folds 
coeeeelho: folds 
habib beye: raises $1.50 to $2.50
sosatime96: raises $9.50 to $12
Xenicide: folds 
habib beye: folds 
Uncalled bet ($9.50) returned to sosatime96
sosatime96 collected $6 from pot
sosatime96: doesn't show hand 
*** SUMMARY ***
Total pot $6 | Rake $0 
Seat 1: Xenicide (big blind) folded before Flop
Seat 2: SorinS28 folded before Flop (didn't bet)
Seat 3: coeeeelho folded before Flop (didn't bet)
Seat 4: habib beye (button) folded before Flop
Seat 6: sosatime96 (small blind) collected ($6)



PokerStars Hand #254581492774:  Hold'em No Limit ($0.50/$1.00 USD) - 2025/01/27 17:51:54 WET [2025/01/27 12:51:54 ET]
Table 'Achates V' 6-max Seat #6 is the button
Seat 2: SorinS28 ($109 in chips) is sitting out
Seat 1: Xenicide ($130.76 in chips) 
Seat 3: coeeeelho ($339.10 in chips) 
Seat 4: habib beye ($100.47 in chips) 
Seat 6: sosatime96 ($107.04 in chips) 
Xenicide: posts small blind $0.50
SorinS28: is sitting out 
coeeeelho: posts big blind $1
*** HOLE CARDS ***
SorinS28 leaves the table
habib beye: folds 
sosatime96: folds 
Xenicide: raises $2.50 to $3.50
coeeeelho: calls $2.50
*** FLOP *** [2c Js Ac]
Xenicide: checks 
coeeeelho: checks 
*** TURN *** [2c Js Ac] [2s]
Xenicide: bets $9.98
coeeeelho: folds 
Uncalled bet ($9.98) returned to Xenicide
Xenicide collected $6.65 from pot
*** SUMMARY ***
Total pot $7 | Rake $0.35 
Board [2c Js Ac 2s]
Seat 2: SorinS28
Seat 1: Xenicide (small blind) collected ($6.65)
Seat 3: coeeeelho (big blind) folded on the Turn
Seat 4: habib beye folded before Flop (didn't bet)
Seat 6: sosatime96 (button) folded before Flop (didn't bet)



PokerStars Hand #254581505593:  Hold'em No Limit ($0.50/$1.00 USD) - 2025/01/27 17:52:44 WET [2025/01/27 12:52:44 ET]
Table 'Achates V' 6-max Seat #1 is the button
Seat 1: Xenicide ($133.91 in chips) 
Seat 3: coeeeelho ($335.60 in chips) 
Seat 4: habib beye ($100.47 in chips) 
Seat 6: sosatime96 ($107.04 in chips) 
coeeeelho: posts small blind $0.50
habib beye: posts big blind $1
*** HOLE CARDS ***
sosatime96: folds 
Xenicide: raises $1.25 to $2.25
coeeeelho: folds 
habib beye: folds 
Uncalled bet ($1.25) returned to Xenicide
Xenicide collected $2.50 from pot
*** SUMMARY ***
Total pot $2.50 | Rake $0 
Seat 1: Xenicide (button) collected ($2.50)
Seat 3: coeeeelho (small blind) folded before Flop
Seat 4: habib beye (big blind) folded before Flop
Seat 6: sosatime96 folded before Flop (didn't bet)



PokerStars Hand #254581510063:  Hold'em No Limit ($0.50/$1.00 USD) - 2025/01/27 17:53:01 WET [2025/01/27 12:53:01 ET]
Table 'Achates V' 6-max Seat #3 is the button
Seat 1: Xenicide ($135.41 in chips) 
Seat 3: coeeeelho ($335.10 in chips) 
Seat 4: habib beye ($100 in chips) 
Seat 6: sosatime96 ($107.04 in chips) 
habib beye: posts small blind $0.50
sosatime96: posts big blind $1
*** HOLE CARDS ***
Xenicide: folds 
coeeeelho: raises $1.20 to $2.20
habib beye: raises $8.80 to $11
sosatime96: folds 
coeeeelho: folds 
Uncalled bet ($8.80) returned to habib beye
habib beye collected $5.40 from pot
*** SUMMARY ***
Total pot $5.40 | Rake $0 
Seat 1: Xenicide folded before Flop (didn't bet)
Seat 3: coeeeelho (button) folded before Flop
Seat 4: habib beye (small blind) collected ($5.40)
Seat 6: sosatime96 (big blind) folded before Flop



PokerStars Hand #254581515958:  Hold'em No Limit ($0.50/$1.00 USD) - 2025/01/27 17:53:24 WET [2025/01/27 12:53:24 ET]
Table 'Achates V' 6-max Seat #4 is the button
Seat 1: Xenicide ($135.41 in chips) is sitting out
Seat 3: coeeeelho ($332.90 in chips) 
Seat 4: habib beye ($103.20 in chips) 
Seat 6: sosatime96 ($106.04 in chips) 
sosatime96: posts small blind $0.50
Xenicide: is sitting out 
coeeeelho: posts big blind $1
*** HOLE CARDS ***
Xenicide leaves the table
habib beye: raises $1.50 to $2.50
sosatime96: folds 
coeeeelho: calls $1.50
*** FLOP *** [8d 5h 6d]
coeeeelho: checks 
habib beye: checks 
*** TURN *** [8d 5h 6d] [4h]
coeeeelho: checks 
habib beye: checks 
*** RIVER *** [8d 5h 6d 4h] [Jh]
coeeeelho: checks 
habib beye: bets $2.30
coeeeelho: calls $2.30
*** SHOW DOWN ***
habib beye: shows [Qd 8h] (a pair of Eights)
coeeeelho: mucks hand 
habib beye collected $9.60 from pot
*** SUMMARY ***
Total pot $10.10 | Rake $0.50 
Board [8d 5h 6d 4h Jh]
Seat 1: Xenicide
Seat 3: coeeeelho (big blind) mucked
Seat 4: habib beye (button) showed [Qd 8h] and won ($9.60) with a pair of Eights
Seat 6: sosatime96 (small blind) folded before Flop



PokerStars Hand #254581527578:  Hold'em No Limit ($0.50/$1.00 USD) - 2025/01/27 17:54:09 WET [2025/01/27 12:54:09 ET]
Table 'Achates V' 6-max Seat #6 is the button
Seat 3: coeeeelho ($328.10 in chips) 
Seat 4: habib beye ($108 in chips) 
Seat 6: sosatime96 ($105.54 in chips) 
coeeeelho: posts small blind $0.50
habib beye: posts big blind $1
*** HOLE CARDS ***
sosatime96: folds 
coeeeelho: raises $2 to $3
habib beye: calls $2
*** FLOP *** [Ac 2d 6h]
coeeeelho: bets $1.88
habib beye: calls $1.88
*** TURN *** [Ac 2d 6h] [Ts]
coeeeelho: bets $11.59
habib beye: folds 
Uncalled bet ($11.59) returned to coeeeelho
coeeeelho collected $9.27 from pot
*** SUMMARY ***
Total pot $9.76 | Rake $0.49 
Board [Ac 2d 6h Ts]
Seat 3: coeeeelho (small blind) collected ($9.27)
Seat 4: habib beye (big blind) folded on the Turn
Seat 6: sosatime96 (button) folded before Flop (didn't bet)



PokerStars Hand #254581536163:  Hold'em No Limit ($0.50/$1.00 USD) - 2025/01/27 17:54:43 WET [2025/01/27 12:54:43 ET]
Table 'Achates V' 6-max Seat #3 is the button
Seat 3: coeeeelho ($332.49 in chips) 
Seat 4: habib beye ($103.12 in chips) 
Seat 6: sosatime96 ($105.54 in chips) 
habib beye: posts small blind $0.50
sosatime96: posts big blind $1
*** HOLE CARDS ***
coeeeelho: folds 
habib beye: raises $2 to $3
sosatime96: calls $2
*** FLOP *** [Ad 7c 6h]
habib beye: bets $1.88
sosatime96: calls $1.88
*** TURN *** [Ad 7c 6h] [7d]
habib beye: checks 
sosatime96: bets $12.33
habib beye: folds 
Uncalled bet ($12.33) returned to sosatime96
sosatime96 collected $9.27 from pot
sosatime96: doesn't show hand 
*** SUMMARY ***
Total pot $9.76 | Rake $0.49 
Board [Ad 7c 6h 7d]
Seat 3: coeeeelho (button) folded before Flop (didn't bet)
Seat 4: habib beye (small blind) folded on the Turn
Seat 6: sosatime96 (big blind) collected ($9.27)



PokerStars Hand #254581545536:  Hold'em No Limit ($0.50/$1.00 USD) - 2025/01/27 17:55:23 WET [2025/01/27 12:55:23 ET]
Table 'Achates V' 6-max Seat #4 is the button
Seat 3: coeeeelho ($332.49 in chips) 
Seat 4: habib beye ($100 in chips) 
Seat 6: sosatime96 ($109.93 in chips) 
sosatime96: posts small blind $0.50
coeeeelho: posts big blind $1
*** HOLE CARDS ***
habib beye: folds 
sosatime96: folds 
Uncalled bet ($0.50) returned to coeeeelho
coeeeelho collected $1 from pot
*** SUMMARY ***
Total pot $1 | Rake $0 
Seat 3: coeeeelho (big blind) collected ($1)
Seat 4: habib beye (button) folded before Flop (didn't bet)
Seat 6: sosatime96 (small blind) folded before Flop



PokerStars Hand #254581547280:  Hold'em No Limit ($0.50/$1.00 USD) - 2025/01/27 17:55:32 WET [2025/01/27 12:55:32 ET]
Table 'Achates V' 6-max Seat #6 is the button
Seat 3: coeeeelho ($332.99 in chips) 
Seat 4: habib beye ($100 in chips) 
Seat 6: sosatime96 ($109.43 in chips) 
coeeeelho: posts small blind $0.50
habib beye: posts big blind $1
*** HOLE CARDS ***
sosatime96: raises $1.50 to $2.50
coeeeelho: raises $8.72 to $11.22
habib beye: folds 
sosatime96: calls $8.72
*** FLOP *** [Ah Kc Jh]
coeeeelho: bets $5.61
sosatime96: calls $5.61
*** TURN *** [Ah Kc Jh] [Js]
coeeeelho: checks 
sosatime96: bets $25.25
coeeeelho: folds 
Uncalled bet ($25.25) returned to sosatime96
sosatime96 collected $33.66 from pot
sosatime96: doesn't show hand 
*** SUMMARY ***
Total pot $34.66 | Rake $1 
Board [Ah Kc Jh Js]
Seat 3: coeeeelho (small blind) folded on the Turn
Seat 4: habib beye (big blind) folded before Flop
Seat 6: sosatime96 (button) collected ($33.66)



PokerStars Hand #254581560451:  Hold'em No Limit ($0.50/$1.00 USD) - 2025/01/27 17:56:40 WET [2025/01/27 12:56:40 ET]
Table 'Achates V' 6-max Seat #3 is the button
Seat 3: coeeeelho ($316.16 in chips) 
Seat 4: habib beye ($100 in chips) 
Seat 6: sosatime96 ($126.26 in chips) 
habib beye: posts small blind $0.50
sosatime96: posts big blind $1
*** HOLE CARDS ***
coeeeelho: raises $1.50 to $2.50
habib beye: folds 
sosatime96: folds 
Uncalled bet ($1.50) returned to coeeeelho
coeeeelho collected $2.50 from pot
*** SUMMARY ***
Total pot $2.50 | Rake $0 
Seat 3: coeeeelho (button) collected ($2.50)
Seat 4: habib beye (small blind) folded before Flop
Seat 6: sosatime96 (big blind) folded before Flop



PokerStars Hand #254581562918:  Hold'em No Limit ($0.50/$1.00 USD) - 2025/01/27 17:56:53 WET [2025/01/27 12:56:53 ET]
Table 'Achates V' 6-max Seat #4 is the button
Seat 3: coeeeelho ($317.66 in chips) 
Seat 4: habib beye ($100 in chips) 
Seat 6: sosatime96 ($125.26 in chips) 
sosatime96: posts small blind $0.50
coeeeelho: posts big blind $1
*** HOLE CARDS ***
habib beye: raises $1.50 to $2.50
sosatime96: folds 
coeeeelho: calls $1.50
*** FLOP *** [Td Ac Ks]
coeeeelho: checks 
habib beye: bets $1.72
coeeeelho: folds 
Uncalled bet ($1.72) returned to habib beye
habib beye collected $5.22 from pot
*** SUMMARY ***
Total pot $5.50 | Rake $0.28 
Board [Td Ac Ks]
Seat 3: coeeeelho (big blind) folded on the Flop
Seat 4: habib beye (button) collected ($5.22)
Seat 6: sosatime96 (small blind) folded before Flop



PokerStars Hand #254581567456:  Hold'em No Limit ($0.50/$1.00 USD) - 2025/01/27 17:57:17 WET [2025/01/27 12:57:17 ET]
Table 'Achates V' 6-max Seat #6 is the button
Seat 3: coeeeelho ($315.16 in chips) 
Seat 4: habib beye ($102.72 in chips) 
Seat 6: sosatime96 ($124.76 in chips) 
coeeeelho: posts small blind $0.50
habib beye: posts big blind $1
*** HOLE CARDS ***
sosatime96: folds 
coeeeelho: raises $2 to $3
sosatime96 leaves the table
habib beye: calls $2
*** FLOP *** [9s 7d 5s]
coeeeelho: checks 
habib beye: bets $1.88
coeeeelho: calls $1.88
*** TURN *** [9s 7d 5s] [2s]
coeeeelho: checks 
habib beye: checks 
*** RIVER *** [9s 7d 5s 2s] [Qh]
coeeeelho: checks 
habib beye: bets $4.08
coeeeelho: folds 
Uncalled bet ($4.08) returned to habib beye
habib beye collected $9.27 from pot
*** SUMMARY ***
Total pot $9.76 | Rake $0.49 
Board [9s 7d 5s 2s Qh]
Seat 3: coeeeelho (small blind) folded on the River
Seat 4: habib beye (big blind) collected ($9.27)
Seat 6: sosatime96 (button) folded before Flop (didn't bet)



PokerStars Hand #254581575004:  Hold'em No Limit ($0.50/$1.00 USD) - 2025/01/27 17:57:56 WET [2025/01/27 12:57:56 ET]
Table 'Achates V' 6-max Seat #4 is the button
Seat 3: coeeeelho ($310.28 in chips) 
Seat 4: habib beye ($107.11 in chips) 
habib beye: posts small blind $0.50
coeeeelho: posts big blind $1
*** HOLE CARDS ***
habib beye: raises $1.50 to $2.50
coeeeelho: folds 
Uncalled bet ($1.50) returned to habib beye
habib beye collected $2 from pot
*** SUMMARY ***
Total pot $2 | Rake $0 
Seat 3: coeeeelho (big blind) folded before Flop
Seat 4: habib beye (button) (small blind) collected ($2)



PokerStars Hand #254581576980:  Hold'em No Limit ($0.50/$1.00 USD) - 2025/01/27 17:58:06 WET [2025/01/27 12:58:06 ET]
Table 'Achates V' 6-max Seat #3 is the button
Seat 3: coeeeelho ($309.28 in chips) 
Seat 4: habib beye ($108.11 in chips) 
coeeeelho: posts small blind $0.50
habib beye: posts big blind $1
*** HOLE CARDS ***
coeeeelho: raises $1.50 to $2.50
habib beye: calls $1.50
*** FLOP *** [Td 2c 9d]
habib beye: checks 
coeeeelho: bets $1.57
habib beye: folds 
Uncalled bet ($1.57) returned to coeeeelho
coeeeelho collected $4.75 from pot
*** SUMMARY ***
Total pot $5 | Rake $0.25 
Board [Td 2c 9d]
Seat 3: coeeeelho (button) (small blind) collected ($4.75)
Seat 4: habib beye (big blind) folded on the Flop



