PokerStars Hand #254578433499:  Hold'em No Limit ($0.50/$1.00 USD) - 2025/01/27 13:45:13 WET [2025/01/27 8:45:13 ET]
Table 'Thalia V' 6-max Seat #1 is the button
Seat 4: Rdalonso ($100 in chips) is sitting out
Seat 1: VahTang_89 ($102.70 in chips) 
Seat 2: Nicedaymybro ($100 in chips) 
Seat 3: mr.Jckpot ($105.27 in chips) 
Seat 5: chinokevin13 ($100 in chips) 
Seat 6: Marluciocassio ($25.88 in chips) 
Nicedaymybro: posts small blind $0.50
mr.Jckpot: posts big blind $1
Rdalonso: sits out 
*** HOLE CARDS ***
chinokevin13: folds 
Marluciocassio: folds 
VahTang_89: raises $1.20 to $2.20
Nicedaymybro: folds 
mr.Jckpot: calls $1.20
*** FLOP *** [8c Kc 9d]
mr.Jckpot: checks 
VahTang_89: bets $3.08
mr.Jckpot: folds 
Uncalled bet ($3.08) returned to VahTang_89
VahTang_89 collected $4.66 from pot
VahTang_89: doesn't show hand 
*** SUMMARY ***
Total pot $4.90 | Rake $0.24 
Board [8c Kc 9d]
Seat 4: Rdalonso
Seat 1: VahTang_89 (button) collected ($4.66)
Seat 2: Nicedaymybro (small blind) folded before Flop
Seat 3: mr.Jckpot (big blind) folded on the Flop
Seat 5: chinokevin13 folded before Flop (didn't bet)
Seat 6: Marluciocassio folded before Flop (didn't bet)



PokerStars Hand #254578439176:  Hold'em No Limit ($0.50/$1.00 USD) - 2025/01/27 13:45:47 WET [2025/01/27 8:45:47 ET]
Table 'Thalia V' 6-max Seat #2 is the button
Seat 1: VahTang_89 ($105.16 in chips) 
Seat 2: Nicedaymybro ($100 in chips) 
Seat 3: mr.Jckpot ($103.07 in chips) 
Seat 4: Rdalonso ($100 in chips) 
Seat 5: chinokevin13 ($100 in chips) 
Seat 6: Marluciocassio ($25.88 in chips) 
mr.Jckpot: posts small blind $0.50
Rdalonso: posts big blind $1
*** HOLE CARDS ***
chinokevin13: folds 
Marluciocassio: calls $1
VahTang_89: folds 
Nicedaymybro: folds 
mr.Jckpot: raises $2.50 to $3.50
Rdalonso: folds 
Marluciocassio: calls $2.50
*** FLOP *** [5c 6h Js]
mr.Jckpot: checks 
Marluciocassio: bets $7.60
mr.Jckpot: folds 
Uncalled bet ($7.60) returned to Marluciocassio
Marluciocassio collected $7.60 from pot
*** SUMMARY ***
Total pot $8 | Rake $0.40 
Board [5c 6h Js]
Seat 1: VahTang_89 folded before Flop (didn't bet)
Seat 2: Nicedaymybro (button) folded before Flop (didn't bet)
Seat 3: mr.Jckpot (small blind) folded on the Flop
Seat 4: Rdalonso (big blind) folded before Flop
Seat 5: chinokevin13 folded before Flop (didn't bet)
Seat 6: Marluciocassio collected ($7.60)



PokerStars Hand #254578442456:  Hold'em No Limit ($0.50/$1.00 USD) - 2025/01/27 13:46:07 WET [2025/01/27 8:46:07 ET]
Table 'Thalia V' 6-max Seat #3 is the button
Seat 1: VahTang_89 ($105.16 in chips) 
Seat 2: Nicedaymybro ($100 in chips) 
Seat 3: mr.Jckpot ($100 in chips) 
Seat 4: Rdalonso ($100 in chips) 
Seat 5: chinokevin13 ($100 in chips) 
Seat 6: Marluciocassio ($29.98 in chips) 
Rdalonso: posts small blind $0.50
chinokevin13: posts big blind $1
*** HOLE CARDS ***
Marluciocassio: calls $1
VahTang_89: folds 
Nicedaymybro: folds 
mr.Jckpot: folds 
Rdalonso: calls $0.50
chinokevin13: checks 
*** FLOP *** [Ac 7s 8c]
Rdalonso: checks 
chinokevin13: checks 
Marluciocassio: bets $1
Rdalonso: calls $1
chinokevin13: folds 
*** TURN *** [Ac 7s 8c] [Qh]
Rdalonso: checks 
Marluciocassio: bets $2
Rdalonso: calls $2
*** RIVER *** [Ac 7s 8c Qh] [3s]
Rdalonso: checks 
Marluciocassio: checks 
*** SHOW DOWN ***
Rdalonso: shows [5h 6c] (high card Ace)
Marluciocassio: shows [Ks 4d] (high card Ace - King kicker)
Marluciocassio collected $8.55 from pot
*** SUMMARY ***
Total pot $9 | Rake $0.45 
Board [Ac 7s 8c Qh 3s]
Seat 1: VahTang_89 folded before Flop (didn't bet)
Seat 2: Nicedaymybro folded before Flop (didn't bet)
Seat 3: mr.Jckpot (button) folded before Flop (didn't bet)
Seat 4: Rdalonso (small blind) showed [5h 6c] and lost with high card Ace
Seat 5: chinokevin13 (big blind) folded on the Flop
Seat 6: Marluciocassio showed [Ks 4d] and won ($8.55) with high card Ace



PokerStars Hand #254578452573:  Hold'em No Limit ($0.50/$1.00 USD) - 2025/01/27 13:47:07 WET [2025/01/27 8:47:07 ET]
Table 'Thalia V' 6-max Seat #4 is the button
Seat 1: VahTang_89 ($105.16 in chips) 
Seat 2: Nicedaymybro ($100 in chips) 
Seat 3: mr.Jckpot ($100 in chips) 
Seat 4: Rdalonso ($100 in chips) 
Seat 5: chinokevin13 ($100 in chips) 
Seat 6: Marluciocassio ($34.53 in chips) 
chinokevin13: posts small blind $0.50
Marluciocassio: posts big blind $1
*** HOLE CARDS ***
VahTang_89: folds 
Nicedaymybro: folds 
mr.Jckpot: raises $1.50 to $2.50
Rdalonso: folds 
chinokevin13: folds 
Marluciocassio: raises $1.50 to $4
mr.Jckpot: raises $96 to $100 and is all-in
Marluciocassio: folds 
Uncalled bet ($96) returned to mr.Jckpot
mr.Jckpot collected $8.50 from pot
mr.Jckpot: doesn't show hand 
*** SUMMARY ***
Total pot $8.50 | Rake $0 
Seat 1: VahTang_89 folded before Flop (didn't bet)
Seat 2: Nicedaymybro folded before Flop (didn't bet)
Seat 3: mr.Jckpot collected ($8.50)
Seat 4: Rdalonso (button) folded before Flop (didn't bet)
Seat 5: chinokevin13 (small blind) folded before Flop
Seat 6: Marluciocassio (big blind) folded before Flop



PokerStars Hand #254578456418:  Hold'em No Limit ($0.50/$1.00 USD) - 2025/01/27 13:47:29 WET [2025/01/27 8:47:29 ET]
Table 'Thalia V' 6-max Seat #5 is the button
Seat 1: VahTang_89 ($105.16 in chips) 
Seat 2: Nicedaymybro ($100 in chips) 
Seat 3: mr.Jckpot ($104.50 in chips) 
Seat 4: Rdalonso ($100 in chips) 
Seat 5: chinokevin13 ($100 in chips) 
Seat 6: Marluciocassio ($30.53 in chips) 
Marluciocassio: posts small blind $0.50
VahTang_89: posts big blind $1
*** HOLE CARDS ***
Nicedaymybro: raises $1.50 to $2.50
mr.Jckpot: folds 
Rdalonso: folds 
chinokevin13: folds 
Marluciocassio: folds 
VahTang_89: folds 
Uncalled bet ($1.50) returned to Nicedaymybro
Nicedaymybro collected $2.50 from pot
Nicedaymybro: doesn't show hand 
*** SUMMARY ***
Total pot $2.50 | Rake $0 
Seat 1: VahTang_89 (big blind) folded before Flop
Seat 2: Nicedaymybro collected ($2.50)
Seat 3: mr.Jckpot folded before Flop (didn't bet)
Seat 4: Rdalonso folded before Flop (didn't bet)
Seat 5: chinokevin13 (button) folded before Flop (didn't bet)
Seat 6: Marluciocassio (small blind) folded before Flop



PokerStars Hand #254578457990:  Hold'em No Limit ($0.50/$1.00 USD) - 2025/01/27 13:47:39 WET [2025/01/27 8:47:39 ET]
Table 'Thalia V' 6-max Seat #6 is the button
Seat 1: VahTang_89 ($104.16 in chips) 
Seat 2: Nicedaymybro ($101.50 in chips) 
Seat 3: mr.Jckpot ($104.50 in chips) 
Seat 4: Rdalonso ($100 in chips) 
Seat 5: chinokevin13 ($100 in chips) 
Seat 6: Marluciocassio ($30.03 in chips) 
VahTang_89: posts small blind $0.50
Nicedaymybro: posts big blind $1
*** HOLE CARDS ***
mr.Jckpot: folds 
Rdalonso: folds 
chinokevin13: folds 
Marluciocassio: calls $1
VahTang_89: folds 
Nicedaymybro: checks 
*** FLOP *** [Qd Ks Ad]
Nicedaymybro: bets $1
Marluciocassio: calls $1
*** TURN *** [Qd Ks Ad] [4d]
Nicedaymybro: checks 
Marluciocassio: bets $1
Nicedaymybro: calls $1
*** RIVER *** [Qd Ks Ad 4d] [8s]
Nicedaymybro: checks 
Marluciocassio: bets $1
Nicedaymybro: calls $1
*** SHOW DOWN ***
Marluciocassio: shows [7s Kh] (a pair of Kings)
Nicedaymybro: shows [2s Ac] (a pair of Aces)
Nicedaymybro collected $8.08 from pot
*** SUMMARY ***
Total pot $8.50 | Rake $0.42 
Board [Qd Ks Ad 4d 8s]
Seat 1: VahTang_89 (small blind) folded before Flop
Seat 2: Nicedaymybro (big blind) showed [2s Ac] and won ($8.08) with a pair of Aces
Seat 3: mr.Jckpot folded before Flop (didn't bet)
Seat 4: Rdalonso folded before Flop (didn't bet)
Seat 5: chinokevin13 folded before Flop (didn't bet)
Seat 6: Marluciocassio (button) showed [7s Kh] and lost with a pair of Kings



PokerStars Hand #254578462569:  Hold'em No Limit ($0.50/$1.00 USD) - 2025/01/27 13:48:06 WET [2025/01/27 8:48:06 ET]
Table 'Thalia V' 6-max Seat #1 is the button
Seat 1: VahTang_89 ($103.66 in chips) 
Seat 2: Nicedaymybro ($105.58 in chips) 
Seat 3: mr.Jckpot ($104.50 in chips) 
Seat 4: Rdalonso ($100 in chips) 
Seat 5: chinokevin13 ($100 in chips) 
Seat 6: Marluciocassio ($26.03 in chips) 
Nicedaymybro: posts small blind $0.50
mr.Jckpot: posts big blind $1
*** HOLE CARDS ***
Rdalonso: folds 
chinokevin13: raises $1.20 to $2.20
Marluciocassio: calls $2.20
VahTang_89: calls $2.20
Nicedaymybro: folds 
mr.Jckpot: calls $1.20
*** FLOP *** [Jh 2c Tc]
mr.Jckpot: checks 
chinokevin13: bets $2.92
Marluciocassio: folds 
VahTang_89: folds 
mr.Jckpot: folds 
Uncalled bet ($2.92) returned to chinokevin13
chinokevin13 collected $8.84 from pot
chinokevin13: doesn't show hand 
*** SUMMARY ***
Total pot $9.30 | Rake $0.46 
Board [Jh 2c Tc]
Seat 1: VahTang_89 (button) folded on the Flop
Seat 2: Nicedaymybro (small blind) folded before Flop
Seat 3: mr.Jckpot (big blind) folded on the Flop
Seat 4: Rdalonso folded before Flop (didn't bet)
Seat 5: chinokevin13 collected ($8.84)
Seat 6: Marluciocassio folded on the Flop



PokerStars Hand #254578469534:  Hold'em No Limit ($0.50/$1.00 USD) - 2025/01/27 13:48:47 WET [2025/01/27 8:48:47 ET]
Table 'Thalia V' 6-max Seat #2 is the button
Seat 1: VahTang_89 ($101.46 in chips) 
Seat 2: Nicedaymybro ($105.08 in chips) 
Seat 3: mr.Jckpot ($102.30 in chips) 
Seat 4: Rdalonso ($100 in chips) 
Seat 5: chinokevin13 ($106.64 in chips) 
Seat 6: Marluciocassio ($23.83 in chips) 
mr.Jckpot: posts small blind $0.50
Rdalonso: posts big blind $1
*** HOLE CARDS ***
chinokevin13: folds 
Marluciocassio: calls $1
VahTang_89: folds 
Nicedaymybro: raises $2.50 to $3.50
mr.Jckpot: folds 
Rdalonso: folds 
Marluciocassio: calls $2.50
*** FLOP *** [Kh 6d Jd]
Marluciocassio: checks 
Nicedaymybro: bets $2.67
Marluciocassio: calls $2.67
*** TURN *** [Kh 6d Jd] [8s]
Marluciocassio: checks 
Nicedaymybro: checks 
*** RIVER *** [Kh 6d Jd 8s] [8h]
Marluciocassio: bets $1
Nicedaymybro: calls $1
*** SHOW DOWN ***
Marluciocassio: shows [2d 2h] (two pair, Eights and Deuces)
Nicedaymybro: mucks hand 
Marluciocassio collected $15.05 from pot
*** SUMMARY ***
Total pot $15.84 | Rake $0.79 
Board [Kh 6d Jd 8s 8h]
Seat 1: VahTang_89 folded before Flop (didn't bet)
Seat 2: Nicedaymybro (button) mucked
Seat 3: mr.Jckpot (small blind) folded before Flop
Seat 4: Rdalonso (big blind) folded before Flop
Seat 5: chinokevin13 folded before Flop (didn't bet)
Seat 6: Marluciocassio showed [2d 2h] and won ($15.05) with two pair, Eights and Deuces



PokerStars Hand #254578476490:  Hold'em No Limit ($0.50/$1.00 USD) - 2025/01/27 13:49:28 WET [2025/01/27 8:49:28 ET]
Table 'Thalia V' 6-max Seat #3 is the button
Seat 1: VahTang_89 ($101.46 in chips) 
Seat 2: Nicedaymybro ($100 in chips) 
Seat 3: mr.Jckpot ($101.80 in chips) 
Seat 4: Rdalonso ($100 in chips) 
Seat 5: chinokevin13 ($106.64 in chips) 
Seat 6: Marluciocassio ($31.71 in chips) 
Rdalonso: posts small blind $0.50
chinokevin13: posts big blind $1
*** HOLE CARDS ***
Marluciocassio: raises $1 to $2
VahTang_89: folds 
Nicedaymybro: folds 
mr.Jckpot: folds 
Rdalonso: folds 
chinokevin13: calls $1
*** FLOP *** [4d Kd 3h]
chinokevin13: checks 
Marluciocassio: bets $1
chinokevin13: raises $1.50 to $2.50
Marluciocassio: raises $9.28 to $11.78
chinokevin13: raises $67.42 to $79.20
Marluciocassio: calls $17.93 and is all-in
Uncalled bet ($49.49) returned to chinokevin13
*** TURN *** [4d Kd 3h] [Ks]
*** RIVER *** [4d Kd 3h Ks] [6s]
*** SHOW DOWN ***
chinokevin13: shows [Kc Qs] (three of a kind, Kings)
Marluciocassio: shows [Kh Qc] (three of a kind, Kings)
chinokevin13 collected $30.71 from pot
Marluciocassio collected $30.71 from pot
*** SUMMARY ***
Total pot $63.92 | Rake $2.50 
Board [4d Kd 3h Ks 6s]
Seat 1: VahTang_89 folded before Flop (didn't bet)
Seat 2: Nicedaymybro folded before Flop (didn't bet)
Seat 3: mr.Jckpot (button) folded before Flop (didn't bet)
Seat 4: Rdalonso (small blind) folded before Flop
Seat 5: chinokevin13 (big blind) showed [Kc Qs] and won ($30.71) with three of a kind, Kings
Seat 6: Marluciocassio showed [Kh Qc] and won ($30.71) with three of a kind, Kings



PokerStars Hand #254578486008:  Hold'em No Limit ($0.50/$1.00 USD) - 2025/01/27 13:50:25 WET [2025/01/27 8:50:25 ET]
Table 'Thalia V' 6-max Seat #4 is the button
Seat 1: VahTang_89 ($101.46 in chips) 
Seat 2: Nicedaymybro ($100 in chips) 
Seat 3: mr.Jckpot ($101.80 in chips) 
Seat 4: Rdalonso ($100 in chips) 
Seat 5: chinokevin13 ($105.64 in chips) 
Seat 6: Marluciocassio ($30.71 in chips) 
chinokevin13: posts small blind $0.50
Marluciocassio: posts big blind $1
*** HOLE CARDS ***
VahTang_89: folds 
Nicedaymybro: folds 
mr.Jckpot: raises $1.50 to $2.50
Rdalonso: folds 
chinokevin13: folds 
Marluciocassio: calls $1.50
*** FLOP *** [9s 7s Qc]
Marluciocassio: checks 
mr.Jckpot: bets $3.45
Marluciocassio: folds 
Uncalled bet ($3.45) returned to mr.Jckpot
mr.Jckpot collected $5.22 from pot
mr.Jckpot: doesn't show hand 
*** SUMMARY ***
Total pot $5.50 | Rake $0.28 
Board [9s 7s Qc]
Seat 1: VahTang_89 folded before Flop (didn't bet)
Seat 2: Nicedaymybro folded before Flop (didn't bet)
Seat 3: mr.Jckpot collected ($5.22)
Seat 4: Rdalonso (button) folded before Flop (didn't bet)
Seat 5: chinokevin13 (small blind) folded before Flop
Seat 6: Marluciocassio (big blind) folded on the Flop



PokerStars Hand #254578491280:  Hold'em No Limit ($0.50/$1.00 USD) - 2025/01/27 13:50:56 WET [2025/01/27 8:50:56 ET]
Table 'Thalia V' 6-max Seat #5 is the button
Seat 1: VahTang_89 ($101.46 in chips) 
Seat 2: Nicedaymybro ($100 in chips) 
Seat 3: mr.Jckpot ($104.52 in chips) 
Seat 4: Rdalonso ($100 in chips) 
Seat 5: chinokevin13 ($105.14 in chips) 
Seat 6: Marluciocassio ($28.21 in chips) 
Marluciocassio: posts small blind $0.50
VahTang_89: posts big blind $1
*** HOLE CARDS ***
Nicedaymybro: folds 
mr.Jckpot: folds 
Rdalonso: folds 
chinokevin13: raises $1.50 to $2.50
Marluciocassio: calls $2
VahTang_89: raises $10 to $12.50
chinokevin13: folds 
Marluciocassio: folds 
Uncalled bet ($10) returned to VahTang_89
VahTang_89 collected $7.50 from pot
VahTang_89: doesn't show hand 
*** SUMMARY ***
Total pot $7.50 | Rake $0 
Seat 1: VahTang_89 (big blind) collected ($7.50)
Seat 2: Nicedaymybro folded before Flop (didn't bet)
Seat 3: mr.Jckpot folded before Flop (didn't bet)
Seat 4: Rdalonso folded before Flop (didn't bet)
Seat 5: chinokevin13 (button) folded before Flop
Seat 6: Marluciocassio (small blind) folded before Flop



PokerStars Hand #254578495151:  Hold'em No Limit ($0.50/$1.00 USD) - 2025/01/27 13:51:20 WET [2025/01/27 8:51:20 ET]
Table 'Thalia V' 6-max Seat #6 is the button
Seat 1: VahTang_89 ($106.46 in chips) 
Seat 2: Nicedaymybro ($100 in chips) 
Seat 3: mr.Jckpot ($104.52 in chips) 
Seat 4: Rdalonso ($100 in chips) 
Seat 5: chinokevin13 ($102.64 in chips) 
Seat 6: Marluciocassio ($25.71 in chips) 
VahTang_89: posts small blind $0.50
Nicedaymybro: posts big blind $1
*** HOLE CARDS ***
mr.Jckpot: raises $1.50 to $2.50
Rdalonso: raises $5 to $7.50
chinokevin13: folds 
Marluciocassio: folds 
VahTang_89: folds 
Nicedaymybro: folds 
mr.Jckpot: raises $11 to $18.50
Rdalonso: calls $11
*** FLOP *** [8h Qd Td]
mr.Jckpot: checks 
Rdalonso: bets $9.15
mr.Jckpot: calls $9.15
*** TURN *** [8h Qd Td] [7h]
mr.Jckpot: checks 
Rdalonso: bets $13.57
mr.Jckpot: folds 
Uncalled bet ($13.57) returned to Rdalonso
Rdalonso collected $54.30 from pot
Rdalonso: doesn't show hand 
*** SUMMARY ***
Total pot $56.80 | Rake $2.50 
Board [8h Qd Td 7h]
Seat 1: VahTang_89 (small blind) folded before Flop
Seat 2: Nicedaymybro (big blind) folded before Flop
Seat 3: mr.Jckpot folded on the Turn
Seat 4: Rdalonso collected ($54.30)
Seat 5: chinokevin13 folded before Flop (didn't bet)
Seat 6: Marluciocassio (button) folded before Flop (didn't bet)



PokerStars Hand #254578508204:  Hold'em No Limit ($0.50/$1.00 USD) - 2025/01/27 13:52:37 WET [2025/01/27 8:52:37 ET]
Table 'Thalia V' 6-max Seat #1 is the button
Seat 1: VahTang_89 ($105.96 in chips) 
Seat 2: Nicedaymybro ($100 in chips) 
Seat 3: mr.Jckpot ($100 in chips) 
Seat 4: Rdalonso ($126.65 in chips) 
Seat 5: chinokevin13 ($102.64 in chips) 
Seat 6: Marluciocassio ($25.71 in chips) 
Nicedaymybro: posts small blind $0.50
mr.Jckpot: posts big blind $1
*** HOLE CARDS ***
Rdalonso: folds 
chinokevin13: folds 
Marluciocassio: calls $1
VahTang_89: folds 
Nicedaymybro: folds 
mr.Jckpot: raises $2.50 to $3.50
Marluciocassio: calls $2.50
*** FLOP *** [7s Jc 2d]
mr.Jckpot: checks 
Marluciocassio: checks 
*** TURN *** [7s Jc 2d] [8s]
mr.Jckpot: checks 
Marluciocassio: bets $1
mr.Jckpot: calls $1
*** RIVER *** [7s Jc 2d 8s] [4s]
mr.Jckpot: checks 
Marluciocassio: bets $4.51
mr.Jckpot: folds 
Uncalled bet ($4.51) returned to Marluciocassio
Marluciocassio collected $9.02 from pot
*** SUMMARY ***
Total pot $9.50 | Rake $0.48 
Board [7s Jc 2d 8s 4s]
Seat 1: VahTang_89 (button) folded before Flop (didn't bet)
Seat 2: Nicedaymybro (small blind) folded before Flop
Seat 3: mr.Jckpot (big blind) folded on the River
Seat 4: Rdalonso folded before Flop (didn't bet)
Seat 5: chinokevin13 folded before Flop (didn't bet)
Seat 6: Marluciocassio collected ($9.02)



PokerStars Hand #254578516592:  Hold'em No Limit ($0.50/$1.00 USD) - 2025/01/27 13:53:27 WET [2025/01/27 8:53:27 ET]
Table 'Thalia V' 6-max Seat #2 is the button
Seat 1: VahTang_89 ($105.96 in chips) 
Seat 2: Nicedaymybro ($100 in chips) 
Seat 3: mr.Jckpot ($100 in chips) 
Seat 4: Rdalonso ($126.65 in chips) 
Seat 5: chinokevin13 ($102.64 in chips) 
Seat 6: Marluciocassio ($30.23 in chips) 
mr.Jckpot: posts small blind $0.50
Rdalonso: posts big blind $1
*** HOLE CARDS ***
chinokevin13: folds 
Marluciocassio: calls $1
VahTang_89: folds 
Nicedaymybro: folds 
mr.Jckpot: raises $2.50 to $3.50
Rdalonso: folds 
Marluciocassio: calls $2.50
*** FLOP *** [9h Qc 2c]
mr.Jckpot: checks 
Marluciocassio: checks 
*** TURN *** [9h Qc 2c] [2h]
mr.Jckpot: bets $5.02
Marluciocassio: calls $5.02
*** RIVER *** [9h Qc 2c 2h] [6h]
mr.Jckpot: bets $12.50
Marluciocassio: folds 
Uncalled bet ($12.50) returned to mr.Jckpot
mr.Jckpot collected $17.14 from pot
mr.Jckpot: doesn't show hand 
*** SUMMARY ***
Total pot $18.04 | Rake $0.90 
Board [9h Qc 2c 2h 6h]
Seat 1: VahTang_89 folded before Flop (didn't bet)
Seat 2: Nicedaymybro (button) folded before Flop (didn't bet)
Seat 3: mr.Jckpot (small blind) collected ($17.14)
Seat 4: Rdalonso (big blind) folded before Flop
Seat 5: chinokevin13 folded before Flop (didn't bet)
Seat 6: Marluciocassio folded on the River



PokerStars Hand #254578524748:  Hold'em No Limit ($0.50/$1.00 USD) - 2025/01/27 13:54:17 WET [2025/01/27 8:54:17 ET]
Table 'Thalia V' 6-max Seat #3 is the button
Seat 1: VahTang_89 ($105.96 in chips) 
Seat 2: Nicedaymybro ($100 in chips) 
Seat 3: mr.Jckpot ($108.62 in chips) 
Seat 4: Rdalonso ($125.65 in chips) 
Seat 5: chinokevin13 ($102.64 in chips) 
Seat 6: Marluciocassio ($21.71 in chips) 
Rdalonso: posts small blind $0.50
chinokevin13: posts big blind $1
*** HOLE CARDS ***
Marluciocassio: folds 
VahTang_89: folds 
Nicedaymybro: folds 
mr.Jckpot: folds 
Rdalonso: folds 
Uncalled bet ($0.50) returned to chinokevin13
chinokevin13 collected $1 from pot
chinokevin13: doesn't show hand 
*** SUMMARY ***
Total pot $1 | Rake $0 
Seat 1: VahTang_89 folded before Flop (didn't bet)
Seat 2: Nicedaymybro folded before Flop (didn't bet)
Seat 3: mr.Jckpot (button) folded before Flop (didn't bet)
Seat 4: Rdalonso (small blind) folded before Flop
Seat 5: chinokevin13 (big blind) collected ($1)
Seat 6: Marluciocassio folded before Flop (didn't bet)



PokerStars Hand #254578526978:  Hold'em No Limit ($0.50/$1.00 USD) - 2025/01/27 13:54:30 WET [2025/01/27 8:54:30 ET]
Table 'Thalia V' 6-max Seat #4 is the button
Seat 5: chinokevin13 ($103.14 in chips) is sitting out
Seat 1: VahTang_89 ($105.96 in chips) 
Seat 2: Nicedaymybro ($100 in chips) 
Seat 3: mr.Jckpot ($108.62 in chips) 
Seat 4: Rdalonso ($125.15 in chips) 
Seat 6: Marluciocassio ($21.71 in chips) 
Marluciocassio: posts small blind $0.50
VahTang_89: posts big blind $1
*** HOLE CARDS ***
Nicedaymybro: folds 
mr.Jckpot: folds 
Rdalonso: folds 
Marluciocassio: raises $2 to $3
VahTang_89: folds 
Uncalled bet ($2) returned to Marluciocassio
Marluciocassio collected $2 from pot
*** SUMMARY ***
Total pot $2 | Rake $0 
Seat 5: chinokevin13
Seat 1: VahTang_89 (big blind) folded before Flop
Seat 2: Nicedaymybro folded before Flop (didn't bet)
Seat 3: mr.Jckpot folded before Flop (didn't bet)
Seat 4: Rdalonso (button) folded before Flop (didn't bet)
Seat 6: Marluciocassio (small blind) collected ($2)



PokerStars Hand #254578529331:  Hold'em No Limit ($0.50/$1.00 USD) - 2025/01/27 13:54:45 WET [2025/01/27 8:54:45 ET]
Table 'Thalia V' 6-max Seat #6 is the button
Seat 5: chinokevin13 ($103.14 in chips) is sitting out
Seat 1: VahTang_89 ($104.96 in chips) 
Seat 2: Nicedaymybro ($100 in chips) 
Seat 3: mr.Jckpot ($108.62 in chips) 
Seat 4: Rdalonso ($125.15 in chips) 
Seat 6: Marluciocassio ($22.71 in chips) 
VahTang_89: posts small blind $0.50
Nicedaymybro: posts big blind $1
*** HOLE CARDS ***
mr.Jckpot: raises $1.50 to $2.50
Rdalonso: folds 
Marluciocassio: folds 
VahTang_89: folds 
Nicedaymybro: folds 
Uncalled bet ($1.50) returned to mr.Jckpot
mr.Jckpot collected $2.50 from pot
mr.Jckpot: doesn't show hand 
*** SUMMARY ***
Total pot $2.50 | Rake $0 
Seat 5: chinokevin13
Seat 1: VahTang_89 (small blind) folded before Flop
Seat 2: Nicedaymybro (big blind) folded before Flop
Seat 3: mr.Jckpot collected ($2.50)
Seat 4: Rdalonso folded before Flop (didn't bet)
Seat 6: Marluciocassio (button) folded before Flop (didn't bet)



PokerStars Hand #254578531167:  Hold'em No Limit ($0.50/$1.00 USD) - 2025/01/27 13:54:55 WET [2025/01/27 8:54:55 ET]
Table 'Thalia V' 6-max Seat #1 is the button
Seat 5: chinokevin13 ($103.14 in chips) is sitting out
Seat 1: VahTang_89 ($104.46 in chips) 
Seat 2: Nicedaymybro ($100 in chips) 
Seat 3: mr.Jckpot ($110.12 in chips) 
Seat 4: Rdalonso ($125.15 in chips) 
Seat 6: Marluciocassio ($22.71 in chips) 
Nicedaymybro: posts small blind $0.50
mr.Jckpot: posts big blind $1
*** HOLE CARDS ***
Rdalonso: folds 
Marluciocassio: calls $1
VahTang_89: raises $3 to $4
Nicedaymybro: folds 
mr.Jckpot: folds 
Marluciocassio: folds 
Uncalled bet ($3) returned to VahTang_89
VahTang_89 collected $3.50 from pot
VahTang_89: doesn't show hand 
*** SUMMARY ***
Total pot $3.50 | Rake $0 
Seat 5: chinokevin13
Seat 1: VahTang_89 (button) collected ($3.50)
Seat 2: Nicedaymybro (small blind) folded before Flop
Seat 3: mr.Jckpot (big blind) folded before Flop
Seat 4: Rdalonso folded before Flop (didn't bet)
Seat 6: Marluciocassio folded before Flop



PokerStars Hand #254578534458:  Hold'em No Limit ($0.50/$1.00 USD) - 2025/01/27 13:55:17 WET [2025/01/27 8:55:17 ET]
Table 'Thalia V' 6-max Seat #2 is the button
Seat 5: chinokevin13 ($103.14 in chips) is sitting out
Seat 1: VahTang_89 ($106.96 in chips) 
Seat 2: Nicedaymybro ($100 in chips) 
Seat 3: mr.Jckpot ($109.12 in chips) 
Seat 4: Rdalonso ($125.15 in chips) 
Seat 6: Marluciocassio ($21.71 in chips) 
mr.Jckpot: posts small blind $0.50
Rdalonso: posts big blind $1
*** HOLE CARDS ***
Marluciocassio: folds 
VahTang_89: folds 
Nicedaymybro: folds 
mr.Jckpot: folds 
Uncalled bet ($0.50) returned to Rdalonso
Rdalonso collected $1 from pot
Rdalonso: doesn't show hand 
*** SUMMARY ***
Total pot $1 | Rake $0 
Seat 5: chinokevin13
Seat 1: VahTang_89 folded before Flop (didn't bet)
Seat 2: Nicedaymybro (button) folded before Flop (didn't bet)
Seat 3: mr.Jckpot (small blind) folded before Flop
Seat 4: Rdalonso (big blind) collected ($1)
Seat 6: Marluciocassio folded before Flop (didn't bet)



PokerStars Hand #254578536743:  Hold'em No Limit ($0.50/$1.00 USD) - 2025/01/27 13:55:34 WET [2025/01/27 8:55:34 ET]
Table 'Thalia V' 6-max Seat #3 is the button
Seat 2: Nicedaymybro ($100 in chips) is sitting out
Seat 5: chinokevin13 ($103.14 in chips) is sitting out
Seat 1: VahTang_89 ($106.96 in chips) 
Seat 3: mr.Jckpot ($108.62 in chips) 
Seat 4: Rdalonso ($125.65 in chips) 
Seat 6: Marluciocassio ($21.71 in chips) 
Rdalonso: posts small blind $0.50
Marluciocassio: posts big blind $1
*** HOLE CARDS ***
VahTang_89: folds 
mr.Jckpot: raises $1.50 to $2.50
Rdalonso: folds 
Marluciocassio: calls $1.50
*** FLOP *** [Ts 2s Qc]
Marluciocassio: checks 
mr.Jckpot: bets $1.72
Marluciocassio: folds 
Uncalled bet ($1.72) returned to mr.Jckpot
mr.Jckpot collected $5.22 from pot
mr.Jckpot: doesn't show hand 
*** SUMMARY ***
Total pot $5.50 | Rake $0.28 
Board [Ts 2s Qc]
Seat 2: Nicedaymybro
Seat 5: chinokevin13
Seat 1: VahTang_89 folded before Flop (didn't bet)
Seat 3: mr.Jckpot (button) collected ($5.22)
Seat 4: Rdalonso (small blind) folded before Flop
Seat 6: Marluciocassio (big blind) folded on the Flop



PokerStars Hand #254578538816:  Hold'em No Limit ($0.50/$1.00 USD) - 2025/01/27 13:55:50 WET [2025/01/27 8:55:50 ET]
Table 'Thalia V' 6-max Seat #4 is the button
Seat 2: Nicedaymybro ($100 in chips) is sitting out
Seat 5: chinokevin13 ($103.14 in chips) is sitting out
Seat 1: VahTang_89 ($106.96 in chips) 
Seat 3: mr.Jckpot ($111.34 in chips) 
Seat 4: Rdalonso ($125.15 in chips) 
Seat 6: Marluciocassio ($19.21 in chips) 
Marluciocassio: posts small blind $0.50
VahTang_89: posts big blind $1
*** HOLE CARDS ***
mr.Jckpot: folds 
Rdalonso: raises $1.50 to $2.50
Marluciocassio: calls $2
VahTang_89: calls $1.50
*** FLOP *** [8s 3d 2c]
Marluciocassio: bets $3
VahTang_89: folds 
Rdalonso: calls $3
*** TURN *** [8s 3d 2c] [6s]
Marluciocassio: bets $3
Rdalonso: raises $12.42 to $15.42
Marluciocassio: calls $10.71 and is all-in
Uncalled bet ($1.71) returned to Rdalonso
*** RIVER *** [8s 3d 2c 6s] [3h]
*** SHOW DOWN ***
Marluciocassio: shows [7d 3s] (three of a kind, Threes)
Rdalonso: shows [Ah 8c] (two pair, Eights and Threes)
Marluciocassio cashed out the hand for $4.45 | Cash Out Fee $0.09
*** SUMMARY ***
Total pot $40.92 | Rake $1 
Board [8s 3d 2c 6s 3h]
Seat 2: Nicedaymybro
Seat 5: chinokevin13
Seat 1: VahTang_89 (big blind) folded on the Flop
Seat 3: mr.Jckpot folded before Flop (didn't bet)
Seat 4: Rdalonso (button) showed [Ah 8c] and lost with two pair, Eights and Threes
Seat 6: Marluciocassio (small blind) showed [7d 3s] and won ($39.92) with three of a kind, Threes (pot not awarded as player cashed out)



PokerStars Hand #254578547148:  Hold'em No Limit ($0.50/$1.00 USD) - 2025/01/27 13:56:54 WET [2025/01/27 8:56:54 ET]
Table 'Thalia V' 6-max Seat #6 is the button
Seat 2: Nicedaymybro ($100 in chips) is sitting out
Seat 5: chinokevin13 ($103.14 in chips) is sitting out
Seat 1: VahTang_89 ($104.46 in chips) 
Seat 3: mr.Jckpot ($111.34 in chips) 
Seat 4: Rdalonso ($105.94 in chips) 
Seat 6: Marluciocassio ($4.45 in chips) 
VahTang_89: posts small blind $0.50
mr.Jckpot: posts big blind $1
*** HOLE CARDS ***
Rdalonso: folds 
Marluciocassio: raises $1 to $2
VahTang_89: folds 
mr.Jckpot: folds 
Uncalled bet ($1) returned to Marluciocassio
Marluciocassio collected $2.50 from pot
*** SUMMARY ***
Total pot $2.50 | Rake $0 
Seat 2: Nicedaymybro
Seat 5: chinokevin13
Seat 1: VahTang_89 (small blind) folded before Flop
Seat 3: mr.Jckpot (big blind) folded before Flop
Seat 4: Rdalonso folded before Flop (didn't bet)
Seat 6: Marluciocassio (button) collected ($2.50)



PokerStars Hand #254578548860:  Hold'em No Limit ($0.50/$1.00 USD) - 2025/01/27 13:57:06 WET [2025/01/27 8:57:06 ET]
Table 'Thalia V' 6-max Seat #1 is the button
Seat 2: Nicedaymybro ($100 in chips) is sitting out
Seat 4: Rdalonso ($105.94 in chips) is sitting out
Seat 5: chinokevin13 ($103.14 in chips) is sitting out
Seat 1: VahTang_89 ($103.96 in chips) 
Seat 3: mr.Jckpot ($110.34 in chips) 
Seat 6: Marluciocassio ($5.95 in chips) 
mr.Jckpot: posts small blind $0.50
Rdalonso: is sitting out 
Marluciocassio: posts big blind $1
*** HOLE CARDS ***
VahTang_89: folds 
Rdalonso leaves the table
mr.Jckpot: folds 
Uncalled bet ($0.50) returned to Marluciocassio
Marluciocassio collected $1 from pot
*** SUMMARY ***
Total pot $1 | Rake $0 
Seat 2: Nicedaymybro
Seat 4: Rdalonso
Seat 5: chinokevin13
Seat 1: VahTang_89 (button) folded before Flop (didn't bet)
Seat 3: mr.Jckpot (small blind) folded before Flop
Seat 6: Marluciocassio (big blind) collected ($1)



PokerStars Hand #254578550041:  Hold'em No Limit ($0.50/$1.00 USD) - 2025/01/27 13:57:15 WET [2025/01/27 8:57:15 ET]
Table 'Thalia V' 6-max Seat #3 is the button
Seat 2: Nicedaymybro ($100 in chips) is sitting out
Seat 5: chinokevin13 ($103.14 in chips) is sitting out
Seat 1: VahTang_89 ($103.96 in chips) 
Seat 3: mr.Jckpot ($109.84 in chips) 
Seat 6: Marluciocassio ($6.45 in chips) 
Marluciocassio: posts small blind $0.50
VahTang_89: posts big blind $1
*** HOLE CARDS ***
mr.Jckpot: folds 
Marluciocassio: raises $1 to $2
joaquin612 joins the table at seat #4 
VahTang_89: calls $1
*** FLOP *** [7s 4d 8h]
Marluciocassio: checks 
VahTang_89: bets $4.56
Marluciocassio: folds 
Uncalled bet ($4.56) returned to VahTang_89
VahTang_89 collected $3.80 from pot
VahTang_89: doesn't show hand 
*** SUMMARY ***
Total pot $4 | Rake $0.20 
Board [7s 4d 8h]
Seat 2: Nicedaymybro
Seat 5: chinokevin13
Seat 1: VahTang_89 (big blind) collected ($3.80)
Seat 3: mr.Jckpot (button) folded before Flop (didn't bet)
Seat 6: Marluciocassio (small blind) folded on the Flop



PokerStars Hand #254578553591:  Hold'em No Limit ($0.50/$1.00 USD) - 2025/01/27 13:57:42 WET [2025/01/27 8:57:42 ET]
Table 'Thalia V' 6-max Seat #6 is the button
Seat 2: Nicedaymybro ($100 in chips) is sitting out
Seat 4: joaquin612 ($100 in chips) is sitting out
Seat 5: chinokevin13 ($103.14 in chips) is sitting out
Seat 1: VahTang_89 ($105.76 in chips) 
Seat 3: mr.Jckpot ($109.84 in chips) 
Seat 6: Marluciocassio ($4.45 in chips) 
VahTang_89: posts small blind $0.50
mr.Jckpot: posts big blind $1
joaquin612: sits out 
*** HOLE CARDS ***
Marluciocassio: raises $1 to $2
VahTang_89: folds 
mr.Jckpot: folds 
Uncalled bet ($1) returned to Marluciocassio
Marluciocassio collected $2.50 from pot
*** SUMMARY ***
Total pot $2.50 | Rake $0 
Seat 2: Nicedaymybro
Seat 4: joaquin612
Seat 5: chinokevin13
Seat 1: VahTang_89 (small blind) folded before Flop
Seat 3: mr.Jckpot (big blind) folded before Flop
Seat 6: Marluciocassio (button) collected ($2.50)



PokerStars Hand #254578554883:  Hold'em No Limit ($0.50/$1.00 USD) - 2025/01/27 13:57:52 WET [2025/01/27 8:57:52 ET]
Table 'Thalia V' 6-max Seat #1 is the button
Seat 2: Nicedaymybro ($100 in chips) is sitting out
Seat 5: chinokevin13 ($103.14 in chips) is sitting out
Seat 1: VahTang_89 ($105.26 in chips) 
Seat 3: mr.Jckpot ($108.84 in chips) 
Seat 4: joaquin612 ($100 in chips) 
Seat 6: Marluciocassio ($5.95 in chips) 
mr.Jckpot: posts small blind $0.50
joaquin612: posts big blind $1
*** HOLE CARDS ***
Marluciocassio: raises $4.95 to $5.95 and is all-in
VahTang_89: folds 
mr.Jckpot: calls $5.45
joaquin612: folds 
*** FLOP *** [3h 2c 8s]
*** TURN *** [3h 2c 8s] [2h]
*** RIVER *** [3h 2c 8s 2h] [7d]
*** SHOW DOWN ***
mr.Jckpot: shows [Td Th] (two pair, Tens and Deuces)
Marluciocassio: shows [7h Ad] (two pair, Sevens and Deuces)
mr.Jckpot collected $12.26 from pot
*** SUMMARY ***
Total pot $12.90 | Rake $0.64 
Board [3h 2c 8s 2h 7d]
Seat 2: Nicedaymybro
Seat 5: chinokevin13
Seat 1: VahTang_89 (button) folded before Flop (didn't bet)
Seat 3: mr.Jckpot (small blind) showed [Td Th] and won ($12.26) with two pair, Tens and Deuces
Seat 4: joaquin612 (big blind) folded before Flop
Seat 6: Marluciocassio showed [7h Ad] and lost with two pair, Sevens and Deuces



PokerStars Hand #254578559341:  Hold'em No Limit ($0.50/$1.00 USD) - 2025/01/27 13:58:25 WET [2025/01/27 8:58:25 ET]
Table 'Thalia V' 6-max Seat #3 is the button
Seat 2: Nicedaymybro ($100 in chips) is sitting out
Seat 5: chinokevin13 ($103.14 in chips) is sitting out
Seat 6: Marluciocassio ($0 in chips) is sitting out
Seat 1: VahTang_89 ($105.26 in chips) 
Seat 3: mr.Jckpot ($115.15 in chips) 
Seat 4: joaquin612 ($100 in chips) 
joaquin612: posts small blind $0.50
VahTang_89: posts big blind $1
*** HOLE CARDS ***
mr.Jckpot: folds 
joaquin612: folds 
Uncalled bet ($0.50) returned to VahTang_89
VahTang_89 collected $1 from pot
chinokevin13 leaves the table
VahTang_89: doesn't show hand 
*** SUMMARY ***
Total pot $1 | Rake $0 
Seat 2: Nicedaymybro
Seat 5: chinokevin13
Seat 6: Marluciocassio
Seat 1: VahTang_89 (big blind) collected ($1)
Seat 3: mr.Jckpot (button) folded before Flop (didn't bet)
Seat 4: joaquin612 (small blind) folded before Flop



PokerStars Hand #254578561540:  Hold'em No Limit ($0.50/$1.00 USD) - 2025/01/27 13:58:41 WET [2025/01/27 8:58:41 ET]
Table 'Thalia V' 6-max Seat #4 is the button
Seat 1: VahTang_89 ($105.76 in chips) 
Seat 2: Nicedaymybro ($100 in chips) 
Seat 3: mr.Jckpot ($115.15 in chips) 
Seat 4: joaquin612 ($100 in chips) 
VahTang_89: posts small blind $0.50
Marluciocassio leaves the table
Nicedaymybro: posts big blind $1
*** HOLE CARDS ***
mr.Jckpot: folds 
joaquin612: folds 
VahTang_89: folds 
Uncalled bet ($0.50) returned to Nicedaymybro
Nicedaymybro collected $1 from pot
Nicedaymybro: doesn't show hand 
Red4erT joins the table at seat #6 
*** SUMMARY ***
Total pot $1 | Rake $0 
Seat 1: VahTang_89 (small blind) folded before Flop
Seat 2: Nicedaymybro (big blind) collected ($1)
Seat 3: mr.Jckpot folded before Flop (didn't bet)
Seat 4: joaquin612 (button) folded before Flop (didn't bet)



PokerStars Hand #254578563196:  Hold'em No Limit ($0.50/$1.00 USD) - 2025/01/27 13:58:53 WET [2025/01/27 8:58:53 ET]
Table 'Thalia V' 6-max Seat #1 is the button
Seat 3: mr.Jckpot ($115.15 in chips) is sitting out
Seat 4: joaquin612 ($100 in chips) is sitting out
Seat 1: VahTang_89 ($105.26 in chips) 
Seat 2: Nicedaymybro ($100.50 in chips) 
Seat 6: Red4erT ($40 in chips) 
Nicedaymybro: posts small blind $0.50
Evelexy1 joins the table at seat #5 
mr.Jckpot: is sitting out 
joaquin612: is sitting out 
Red4erT: posts big blind $1
*** HOLE CARDS ***
VahTang_89: raises $1.20 to $2.20
mr.Jckpot leaves the table
Nicedaymybro: folds 
joaquin612 leaves the table
Red4erT: folds 
Uncalled bet ($1.20) returned to VahTang_89
VahTang_89 collected $2.50 from pot
VahTang_89: doesn't show hand 
*** SUMMARY ***
Total pot $2.50 | Rake $0 
Seat 3: mr.Jckpot
Seat 4: joaquin612
Seat 1: VahTang_89 (button) collected ($2.50)
Seat 2: Nicedaymybro (small blind) folded before Flop
Seat 6: Red4erT (big blind) folded before Flop



PokerStars Hand #254578565997:  Hold'em No Limit ($0.50/$1.00 USD) - 2025/01/27 13:59:15 WET [2025/01/27 8:59:15 ET]
Table 'Thalia V' 6-max Seat #5 is the button
Seat 1: VahTang_89 ($106.76 in chips) is sitting out
Seat 5: Evelexy1 ($100 in chips) 
Seat 6: Red4erT ($39 in chips) 
Evelexy1: posts small blind $0.50
Red4erT: posts big blind $1
*** HOLE CARDS ***
Evelexy1: raises $1.50 to $2.50
VahTang_89 leaves the table
Red4erT: calls $1.50
*** FLOP *** [Ac 2d Jc]
Red4erT: checks 
Evelexy1: checks 
*** TURN *** [Ac 2d Jc] [Js]
Red4erT: checks 
Evelexy1: checks 
*** RIVER *** [Ac 2d Jc Js] [6h]
Red4erT: checks 
Evelexy1: bets $1.58
Red4erT: calls $1.58
*** SHOW DOWN ***
Evelexy1: shows [Ah 6s] (two pair, Aces and Jacks)
Red4erT: mucks hand 
Evelexy1 collected $7.75 from pot
*** SUMMARY ***
Total pot $8.16 | Rake $0.41 
Board [Ac 2d Jc Js 6h]
Seat 1: VahTang_89
Seat 5: Evelexy1 (button) (small blind) showed [Ah 6s] and won ($7.75) with two pair, Aces and Jacks
Seat 6: Red4erT (big blind) mucked



