PokerStars Hand #254587585786:  Hold'em No Limit ($0.50/$1.00 USD) - 2025/01/27 23:44:32 WET [2025/01/27 18:44:32 ET]
Table 'Polit IV' 6-max Seat #2 is the button
Seat 1: Randelbo ($59.05 in chips) 
Seat 2: An1an1 ($159.19 in chips) 
Seat 3: tintin641 ($100 in chips) 
Seat 4: m0nTTu ($97.50 in chips) 
Seat 5: xylenpoker ($100 in chips) 
Seat 6: SorinS28 ($101.50 in chips) 
tintin641: posts small blind $0.50
m0nTTu: posts big blind $1
*** HOLE CARDS ***
xylenpoker: folds 
SorinS28: folds 
Randelbo: calls $1
An1an1: folds 
tintin641: folds 
m0nTTu: checks 
*** FLOP *** [7h 6s Ah]
m0nTTu: checks 
Randelbo: checks 
*** TURN *** [7h 6s Ah] [Ts]
m0nTTu: checks 
Randelbo: bets $1.19
m0nTTu: calls $1.19
*** RIVER *** [7h 6s Ah Ts] [Ac]
m0nTTu: checks 
Randelbo: bets $10.64
m0nTTu: folds 
Uncalled bet ($10.64) returned to Randelbo
Randelbo collected $4.64 from pot
*** SUMMARY ***
Total pot $4.88 | Rake $0.24 
Board [7h 6s Ah Ts Ac]
Seat 1: Randelbo collected ($4.64)
Seat 2: An1an1 (button) folded before Flop (didn't bet)
Seat 3: tintin641 (small blind) folded before Flop
Seat 4: m0nTTu (big blind) folded on the River
Seat 5: xylenpoker folded before Flop (didn't bet)
Seat 6: SorinS28 folded before Flop (didn't bet)



PokerStars Hand #254587606313:  Hold'em No Limit ($0.50/$1.00 USD) - 2025/01/27 23:45:59 WET [2025/01/27 18:45:59 ET]
Table 'Polit IV' 6-max Seat #3 is the button
Seat 1: Randelbo ($61.50 in chips) 
Seat 2: An1an1 ($159.19 in chips) 
Seat 3: tintin641 ($100 in chips) 
Seat 4: m0nTTu ($95.31 in chips) 
Seat 5: xylenpoker ($100 in chips) 
Seat 6: SorinS28 ($101.50 in chips) 
m0nTTu: posts small blind $0.50
xylenpoker: posts big blind $1
*** HOLE CARDS ***
SorinS28: folds 
Randelbo: folds 
An1an1: folds 
tintin641: folds 
m0nTTu: folds 
Uncalled bet ($0.50) returned to xylenpoker
xylenpoker collected $1 from pot
xylenpoker: doesn't show hand 
*** SUMMARY ***
Total pot $1 | Rake $0 
Seat 1: Randelbo folded before Flop (didn't bet)
Seat 2: An1an1 folded before Flop (didn't bet)
Seat 3: tintin641 (button) folded before Flop (didn't bet)
Seat 4: m0nTTu (small blind) folded before Flop
Seat 5: xylenpoker (big blind) collected ($1)
Seat 6: SorinS28 folded before Flop (didn't bet)



PokerStars Hand #254587610977:  Hold'em No Limit ($0.50/$1.00 USD) - 2025/01/27 23:46:19 WET [2025/01/27 18:46:19 ET]
Table 'Polit IV' 6-max Seat #4 is the button
Seat 1: Randelbo ($61.50 in chips) 
Seat 2: An1an1 ($159.19 in chips) 
Seat 3: tintin641 ($100 in chips) 
Seat 4: m0nTTu ($94.81 in chips) 
Seat 5: xylenpoker ($100.50 in chips) 
Seat 6: SorinS28 ($101.50 in chips) 
xylenpoker: posts small blind $0.50
SorinS28: posts big blind $1
*** HOLE CARDS ***
Randelbo: calls $1
An1an1: folds 
tintin641: folds 
m0nTTu: folds 
xylenpoker: folds 
SorinS28: raises $4 to $5
Randelbo: calls $4
*** FLOP *** [7d 6s 4d]
SorinS28: checks 
Randelbo: checks 
*** TURN *** [7d 6s 4d] [4s]
SorinS28: bets $4.99
Randelbo: calls $4.99
*** RIVER *** [7d 6s 4d 4s] [Ts]
SorinS28: bets $14.60
Randelbo: calls $14.60
*** SHOW DOWN ***
SorinS28: shows [Qs Ks] (a flush, King high)
Randelbo: mucks hand 
SorinS28 collected $47.20 from pot
*** SUMMARY ***
Total pot $49.68 | Rake $2.48 
Board [7d 6s 4d 4s Ts]
Seat 1: Randelbo mucked
Seat 2: An1an1 folded before Flop (didn't bet)
Seat 3: tintin641 folded before Flop (didn't bet)
Seat 4: m0nTTu (button) folded before Flop (didn't bet)
Seat 5: xylenpoker (small blind) folded before Flop
Seat 6: SorinS28 (big blind) showed [Qs Ks] and won ($47.20) with a flush, King high



PokerStars Hand #254587627907:  Hold'em No Limit ($0.50/$1.00 USD) - 2025/01/27 23:47:31 WET [2025/01/27 18:47:31 ET]
Table 'Polit IV' 6-max Seat #5 is the button
Seat 1: Randelbo ($36.91 in chips) 
Seat 2: An1an1 ($159.19 in chips) 
Seat 3: tintin641 ($100 in chips) 
Seat 4: m0nTTu ($94.81 in chips) 
Seat 5: xylenpoker ($100 in chips) 
Seat 6: SorinS28 ($124.11 in chips) 
SorinS28: posts small blind $0.50
Randelbo: posts big blind $1
*** HOLE CARDS ***
An1an1: raises $1 to $2
tintin641: folds 
m0nTTu: folds 
xylenpoker: folds 
SorinS28: folds 
Randelbo: calls $1
*** FLOP *** [6h Jc 6c]
Randelbo: checks 
An1an1: bets $1.03
Randelbo: folds 
Uncalled bet ($1.03) returned to An1an1
An1an1 collected $4.28 from pot
An1an1: doesn't show hand 
*** SUMMARY ***
Total pot $4.50 | Rake $0.22 
Board [6h Jc 6c]
Seat 1: Randelbo (big blind) folded on the Flop
Seat 2: An1an1 collected ($4.28)
Seat 3: tintin641 folded before Flop (didn't bet)
Seat 4: m0nTTu folded before Flop (didn't bet)
Seat 5: xylenpoker (button) folded before Flop (didn't bet)
Seat 6: SorinS28 (small blind) folded before Flop



PokerStars Hand #254587636976:  Hold'em No Limit ($0.50/$1.00 USD) - 2025/01/27 23:48:10 WET [2025/01/27 18:48:10 ET]
Table 'Polit IV' 6-max Seat #6 is the button
Seat 1: Randelbo ($34.91 in chips) 
Seat 2: An1an1 ($161.47 in chips) 
Seat 3: tintin641 ($100 in chips) 
Seat 4: m0nTTu ($94.81 in chips) 
Seat 5: xylenpoker ($100 in chips) 
Seat 6: SorinS28 ($123.61 in chips) 
Randelbo: posts small blind $0.50
An1an1: posts big blind $1
*** HOLE CARDS ***
tintin641: folds 
m0nTTu: folds 
xylenpoker: folds 
SorinS28: raises $1.50 to $2.50
Randelbo: calls $2
An1an1: folds 
*** FLOP *** [8h 6s Td]
Randelbo: checks 
SorinS28: checks 
*** TURN *** [8h 6s Td] [Kd]
Randelbo: checks 
SorinS28: bets $5.70
Randelbo: calls $5.70
*** RIVER *** [8h 6s Td Kd] [Js]
Randelbo: checks 
SorinS28: checks 
*** SHOW DOWN ***
Randelbo: shows [9h Ad] (high card Ace)
SorinS28: shows [5d Jd] (a pair of Jacks)
SorinS28 collected $16.53 from pot
*** SUMMARY ***
Total pot $17.40 | Rake $0.87 
Board [8h 6s Td Kd Js]
Seat 1: Randelbo (small blind) showed [9h Ad] and lost with high card Ace
Seat 2: An1an1 (big blind) folded before Flop
Seat 3: tintin641 folded before Flop (didn't bet)
Seat 4: m0nTTu folded before Flop (didn't bet)
Seat 5: xylenpoker folded before Flop (didn't bet)
Seat 6: SorinS28 (button) showed [5d Jd] and won ($16.53) with a pair of Jacks



PokerStars Hand #254587656719:  Hold'em No Limit ($0.50/$1.00 USD) - 2025/01/27 23:49:34 WET [2025/01/27 18:49:34 ET]
Table 'Polit IV' 6-max Seat #1 is the button
Seat 1: Randelbo ($26.71 in chips) 
Seat 2: An1an1 ($160.47 in chips) 
Seat 3: tintin641 ($100 in chips) 
Seat 4: m0nTTu ($94.81 in chips) 
Seat 5: xylenpoker ($100 in chips) 
Seat 6: SorinS28 ($131.94 in chips) 
An1an1: posts small blind $0.50
tintin641: posts big blind $1
*** HOLE CARDS ***
m0nTTu: folds 
xylenpoker: folds 
SorinS28: folds 
Randelbo: calls $1
An1an1: folds 
tintin641: checks 
*** FLOP *** [Jh 2c Ac]
tintin641: checks 
Randelbo: checks 
*** TURN *** [Jh 2c Ac] [4s]
tintin641: checks 
Randelbo has timed out
Randelbo: checks 
*** RIVER *** [Jh 2c Ac 4s] [7s]
tintin641: bets $1.79
Randelbo: folds 
Uncalled bet ($1.79) returned to tintin641
tintin641 collected $2.38 from pot
tintin641: doesn't show hand 
*** SUMMARY ***
Total pot $2.50 | Rake $0.12 
Board [Jh 2c Ac 4s 7s]
Seat 1: Randelbo (button) folded on the River
Seat 2: An1an1 (small blind) folded before Flop
Seat 3: tintin641 (big blind) collected ($2.38)
Seat 4: m0nTTu folded before Flop (didn't bet)
Seat 5: xylenpoker folded before Flop (didn't bet)
Seat 6: SorinS28 folded before Flop (didn't bet)



PokerStars Hand #254587673918:  Hold'em No Limit ($0.50/$1.00 USD) - 2025/01/27 23:50:49 WET [2025/01/27 18:50:49 ET]
Table 'Polit IV' 6-max Seat #2 is the button
Seat 1: Randelbo ($25.71 in chips) 
Seat 2: An1an1 ($159.97 in chips) 
Seat 3: tintin641 ($101.38 in chips) 
Seat 4: m0nTTu ($94.81 in chips) 
Seat 5: xylenpoker ($100 in chips) 
Seat 6: SorinS28 ($131.94 in chips) 
tintin641: posts small blind $0.50
m0nTTu: posts big blind $1
*** HOLE CARDS ***
xylenpoker: folds 
SorinS28: folds 
Randelbo: calls $1
An1an1: folds 
tintin641: calls $0.50
m0nTTu: checks 
*** FLOP *** [8s Ah Tc]
tintin641: checks 
m0nTTu: checks 
Randelbo: checks 
*** TURN *** [8s Ah Tc] [Jd]
tintin641: bets $2.14
m0nTTu: folds 
Randelbo: calls $2.14
*** RIVER *** [8s Ah Tc Jd] [Th]
tintin641: checks 
Randelbo: bets $6.92
tintin641: calls $6.92
*** SHOW DOWN ***
Randelbo: shows [Ad 3s] (two pair, Aces and Tens)
tintin641: shows [As 8d] (two pair, Aces and Tens)
tintin641 collected $10.03 from pot
Randelbo collected $10.03 from pot
*** SUMMARY ***
Total pot $21.12 | Rake $1.06 
Board [8s Ah Tc Jd Th]
Seat 1: Randelbo showed [Ad 3s] and won ($10.03) with two pair, Aces and Tens
Seat 2: An1an1 (button) folded before Flop (didn't bet)
Seat 3: tintin641 (small blind) showed [As 8d] and won ($10.03) with two pair, Aces and Tens
Seat 4: m0nTTu (big blind) folded on the Turn
Seat 5: xylenpoker folded before Flop (didn't bet)
Seat 6: SorinS28 folded before Flop (didn't bet)



PokerStars Hand #254587532760:  Hold'em No Limit ($0.50/$1.00 USD) - 2025/01/27 23:40:51 WET [2025/01/27 18:40:51 ET]
Table 'Polit IV' 6-max Seat #3 is the button
Seat 1: Randelbo ($99 in chips) is sitting out
Seat 2: An1an1 ($101 in chips) 
Seat 3: tintin641 ($100 in chips) 
Seat 4: m0nTTu ($10 in chips) 
Seat 5: xylenpoker ($100 in chips) 
Seat 6: SorinS28 ($100 in chips) 
m0nTTu: posts small blind $0.50
xylenpoker: posts big blind $1
*** HOLE CARDS ***
SorinS28: raises $1.02 to $2.02
An1an1: folds 
tintin641: folds 
m0nTTu: folds 
xylenpoker: folds 
Uncalled bet ($1.02) returned to SorinS28
SorinS28 collected $2.50 from pot
SorinS28: doesn't show hand 
*** SUMMARY ***
Total pot $2.50 | Rake $0 
Seat 1: Randelbo
Seat 2: An1an1 folded before Flop (didn't bet)
Seat 3: tintin641 (button) folded before Flop (didn't bet)
Seat 4: m0nTTu (small blind) folded before Flop
Seat 5: xylenpoker (big blind) folded before Flop
Seat 6: SorinS28 collected ($2.50)



PokerStars Hand #254587538510:  Hold'em No Limit ($0.50/$1.00 USD) - 2025/01/27 23:41:15 WET [2025/01/27 18:41:15 ET]
Table 'Polit IV' 6-max Seat #4 is the button
Seat 1: Randelbo ($99 in chips) is sitting out
Seat 2: An1an1 ($101 in chips) 
Seat 3: tintin641 ($100 in chips) 
Seat 4: m0nTTu ($10 in chips) 
Seat 5: xylenpoker ($100 in chips) 
Seat 6: SorinS28 ($101.50 in chips) 
xylenpoker: posts small blind $0.50
SorinS28: posts big blind $1
*** HOLE CARDS ***
An1an1: folds 
tintin641: folds 
m0nTTu: folds 
xylenpoker: folds 
Uncalled bet ($0.50) returned to SorinS28
SorinS28 collected $1 from pot
SorinS28: doesn't show hand 
*** SUMMARY ***
Total pot $1 | Rake $0 
Seat 1: Randelbo
Seat 2: An1an1 folded before Flop (didn't bet)
Seat 3: tintin641 folded before Flop (didn't bet)
Seat 4: m0nTTu (button) folded before Flop (didn't bet)
Seat 5: xylenpoker (small blind) folded before Flop
Seat 6: SorinS28 (big blind) collected ($1)



PokerStars Hand #254587543163:  Hold'em No Limit ($0.50/$1.00 USD) - 2025/01/27 23:41:34 WET [2025/01/27 18:41:34 ET]
Table 'Polit IV' 6-max Seat #5 is the button
Seat 1: Randelbo ($99 in chips) 
Seat 2: An1an1 ($101 in chips) 
Seat 3: tintin641 ($100 in chips) 
Seat 4: m0nTTu ($100 in chips) 
Seat 5: xylenpoker ($100 in chips) 
Seat 6: SorinS28 ($102 in chips) 
SorinS28: posts small blind $0.50
Randelbo: posts big blind $1
*** HOLE CARDS ***
An1an1: folds 
tintin641: folds 
m0nTTu: folds 
xylenpoker: folds 
SorinS28: folds 
Uncalled bet ($0.50) returned to Randelbo
Randelbo collected $1 from pot
*** SUMMARY ***
Total pot $1 | Rake $0 
Seat 1: Randelbo (big blind) collected ($1)
Seat 2: An1an1 folded before Flop (didn't bet)
Seat 3: tintin641 folded before Flop (didn't bet)
Seat 4: m0nTTu folded before Flop (didn't bet)
Seat 5: xylenpoker (button) folded before Flop (didn't bet)
Seat 6: SorinS28 (small blind) folded before Flop



PokerStars Hand #254587548355:  Hold'em No Limit ($0.50/$1.00 USD) - 2025/01/27 23:41:56 WET [2025/01/27 18:41:56 ET]
Table 'Polit IV' 6-max Seat #6 is the button
Seat 1: Randelbo ($99.50 in chips) 
Seat 2: An1an1 ($101 in chips) 
Seat 3: tintin641 ($100 in chips) 
Seat 4: m0nTTu ($100 in chips) 
Seat 5: xylenpoker ($100 in chips) 
Seat 6: SorinS28 ($101.50 in chips) 
Randelbo: posts small blind $0.50
An1an1: posts big blind $1
*** HOLE CARDS ***
tintin641: raises $1.50 to $2.50
m0nTTu: folds 
xylenpoker: folds 
SorinS28: folds 
Randelbo: calls $2
An1an1: calls $1.50
*** FLOP *** [Jc 4c 6s]
Randelbo: checks 
An1an1: checks 
tintin641: checks 
*** TURN *** [Jc 4c 6s] [Ks]
Randelbo: bets $3.56
An1an1: raises $10.68 to $14.24
tintin641: calls $14.24
Randelbo: calls $10.68
*** RIVER *** [Jc 4c 6s Ks] [Qs]
Randelbo: checks 
An1an1: bets $27.71
tintin641: folds 
Randelbo: calls $27.71
*** SHOW DOWN ***
An1an1: shows [5s 4s] (a flush, King high)
Randelbo: mucks hand 
An1an1 collected $103.14 from pot
*** SUMMARY ***
Total pot $105.64 | Rake $2.50 
Board [Jc 4c 6s Ks Qs]
Seat 1: Randelbo (small blind) mucked
Seat 2: An1an1 (big blind) showed [5s 4s] and won ($103.14) with a flush, King high
Seat 3: tintin641 folded on the River
Seat 4: m0nTTu folded before Flop (didn't bet)
Seat 5: xylenpoker folded before Flop (didn't bet)
Seat 6: SorinS28 (button) folded before Flop (didn't bet)



PokerStars Hand #254587577185:  Hold'em No Limit ($0.50/$1.00 USD) - 2025/01/27 23:43:56 WET [2025/01/27 18:43:56 ET]
Table 'Polit IV' 6-max Seat #1 is the button
Seat 1: Randelbo ($55.05 in chips) 
Seat 2: An1an1 ($159.69 in chips) 
Seat 3: tintin641 ($100 in chips) 
Seat 4: m0nTTu ($100 in chips) 
Seat 5: xylenpoker ($100 in chips) 
Seat 6: SorinS28 ($101.50 in chips) 
An1an1: posts small blind $0.50
tintin641: posts big blind $1
*** HOLE CARDS ***
m0nTTu: raises $1.50 to $2.50
xylenpoker: folds 
SorinS28: folds 
Randelbo: raises $4.50 to $7
An1an1: folds 
tintin641: folds 
m0nTTu: folds 
Uncalled bet ($4.50) returned to Randelbo
Randelbo collected $6.50 from pot
*** SUMMARY ***
Total pot $6.50 | Rake $0 
Seat 1: Randelbo (button) collected ($6.50)
Seat 2: An1an1 (small blind) folded before Flop
Seat 3: tintin641 (big blind) folded before Flop
Seat 4: m0nTTu folded before Flop
Seat 5: xylenpoker folded before Flop (didn't bet)
Seat 6: SorinS28 folded before Flop (didn't bet)



PokerStars Hand #254587689949:  Hold'em No Limit ($0.50/$1.00 USD) - 2025/01/27 23:51:59 WET [2025/01/27 18:51:59 ET]
Table 'Polit IV' 6-max Seat #3 is the button
Seat 1: Randelbo ($25.68 in chips) 
Seat 2: An1an1 ($159.97 in chips) 
Seat 3: tintin641 ($101.35 in chips) 
Seat 4: m0nTTu ($93.81 in chips) 
Seat 5: xylenpoker ($100 in chips) 
Seat 6: SorinS28 ($131.94 in chips) 
m0nTTu: posts small blind $0.50
xylenpoker: posts big blind $1
*** HOLE CARDS ***
SorinS28: folds 
Randelbo: calls $1
An1an1: folds 
tintin641: folds 
m0nTTu: raises $2 to $3
xylenpoker: folds 
Randelbo: calls $2
*** FLOP *** [Kh 9h 5s]
m0nTTu: checks 
Randelbo: checks 
*** TURN *** [Kh 9h 5s] [3c]
m0nTTu: bets $2.19
Randelbo: folds 
Uncalled bet ($2.19) returned to m0nTTu
m0nTTu collected $6.65 from pot
m0nTTu: doesn't show hand 
*** SUMMARY ***
Total pot $7 | Rake $0.35 
Board [Kh 9h 5s 3c]
Seat 1: Randelbo folded on the Turn
Seat 2: An1an1 folded before Flop (didn't bet)
Seat 3: tintin641 (button) folded before Flop (didn't bet)
Seat 4: m0nTTu (small blind) collected ($6.65)
Seat 5: xylenpoker (big blind) folded before Flop
Seat 6: SorinS28 folded before Flop (didn't bet)



PokerStars Hand #254587700418:  Hold'em No Limit ($0.50/$1.00 USD) - 2025/01/27 23:52:45 WET [2025/01/27 18:52:45 ET]
Table 'Polit IV' 6-max Seat #4 is the button
Seat 1: Randelbo ($22.68 in chips) 
Seat 2: An1an1 ($159.97 in chips) 
Seat 3: tintin641 ($101.35 in chips) 
Seat 4: m0nTTu ($97.46 in chips) 
Seat 5: xylenpoker ($100 in chips) 
Seat 6: SorinS28 ($131.94 in chips) 
xylenpoker: posts small blind $0.50
SorinS28: posts big blind $1
*** HOLE CARDS ***
Randelbo: raises $2.50 to $3.50
An1an1: folds 
tintin641: folds 
m0nTTu: folds 
xylenpoker: folds 
SorinS28: folds 
Uncalled bet ($2.50) returned to Randelbo
Randelbo collected $2.50 from pot
*** SUMMARY ***
Total pot $2.50 | Rake $0 
Seat 1: Randelbo collected ($2.50)
Seat 2: An1an1 folded before Flop (didn't bet)
Seat 3: tintin641 folded before Flop (didn't bet)
Seat 4: m0nTTu (button) folded before Flop (didn't bet)
Seat 5: xylenpoker (small blind) folded before Flop
Seat 6: SorinS28 (big blind) folded before Flop



PokerStars Hand #254587705889:  Hold'em No Limit ($0.50/$1.00 USD) - 2025/01/27 23:53:09 WET [2025/01/27 18:53:09 ET]
Table 'Polit IV' 6-max Seat #5 is the button
Seat 1: Randelbo ($24.18 in chips) 
Seat 2: An1an1 ($159.97 in chips) 
Seat 3: tintin641 ($101.35 in chips) 
Seat 4: m0nTTu ($97.46 in chips) 
Seat 5: xylenpoker ($100 in chips) 
Seat 6: SorinS28 ($130.94 in chips) 
SorinS28: posts small blind $0.50
Randelbo: posts big blind $1
*** HOLE CARDS ***
An1an1: folds 
tintin641: folds 
m0nTTu: raises $1.50 to $2.50
xylenpoker: folds 
SorinS28: folds 
Randelbo: calls $1.50
*** FLOP *** [8c 3s 4h]
Randelbo: checks 
m0nTTu: checks 
*** TURN *** [8c 3s 4h] [2h]
Randelbo: checks 
m0nTTu: checks 
*** RIVER *** [8c 3s 4h 2h] [7s]
Randelbo: checks 
m0nTTu: checks 
*** SHOW DOWN ***
Randelbo: shows [4c Ks] (a pair of Fours)
m0nTTu: mucks hand 
Randelbo collected $5.22 from pot
*** SUMMARY ***
Total pot $5.50 | Rake $0.28 
Board [8c 3s 4h 2h 7s]
Seat 1: Randelbo (big blind) showed [4c Ks] and won ($5.22) with a pair of Fours
Seat 2: An1an1 folded before Flop (didn't bet)
Seat 3: tintin641 folded before Flop (didn't bet)
Seat 4: m0nTTu mucked
Seat 5: xylenpoker (button) folded before Flop (didn't bet)
Seat 6: SorinS28 (small blind) folded before Flop



PokerStars Hand #254587719757:  Hold'em No Limit ($0.50/$1.00 USD) - 2025/01/27 23:54:11 WET [2025/01/27 18:54:11 ET]
Table 'Polit IV' 6-max Seat #6 is the button
Seat 1: Randelbo ($26.90 in chips) 
Seat 2: An1an1 ($159.97 in chips) 
Seat 3: tintin641 ($101.35 in chips) 
Seat 4: m0nTTu ($94.96 in chips) 
Seat 5: xylenpoker ($100 in chips) 
Seat 6: SorinS28 ($130.44 in chips) 
Randelbo: posts small blind $0.50
An1an1: posts big blind $1
*** HOLE CARDS ***
tintin641: folds 
m0nTTu: folds 
xylenpoker: folds 
SorinS28: folds 
Randelbo: calls $0.50
An1an1: checks 
*** FLOP *** [Ad Kh 9s]
Randelbo has timed out
Randelbo: checks 
An1an1: checks 
*** TURN *** [Ad Kh 9s] [Qs]
Randelbo has timed out
Randelbo: checks 
An1an1: bets $1
Randelbo has timed out
Randelbo: folds 
Uncalled bet ($1) returned to An1an1
An1an1 collected $1.90 from pot
An1an1: doesn't show hand 
*** SUMMARY ***
Total pot $2 | Rake $0.10 
Board [Ad Kh 9s Qs]
Seat 1: Randelbo (small blind) folded on the Turn
Seat 2: An1an1 (big blind) collected ($1.90)
Seat 3: tintin641 folded before Flop (didn't bet)
Seat 4: m0nTTu folded before Flop (didn't bet)
Seat 5: xylenpoker folded before Flop (didn't bet)
Seat 6: SorinS28 (button) folded before Flop (didn't bet)



PokerStars Hand #254587735324:  Hold'em No Limit ($0.50/$1.00 USD) - 2025/01/27 23:55:24 WET [2025/01/27 18:55:24 ET]
Table 'Polit IV' 6-max Seat #2 is the button
Seat 1: Randelbo ($25.90 in chips) is sitting out
Seat 2: An1an1 ($160.87 in chips) 
Seat 3: tintin641 ($101.35 in chips) 
Seat 4: m0nTTu ($94.96 in chips) 
Seat 5: xylenpoker ($100 in chips) 
Seat 6: SorinS28 ($130.44 in chips) 
tintin641: posts small blind $0.50
m0nTTu: posts big blind $1
*** HOLE CARDS ***
xylenpoker: folds 
SorinS28: folds 
An1an1: raises $1.50 to $2.50
tintin641: folds 
m0nTTu: folds 
Uncalled bet ($1.50) returned to An1an1
An1an1 collected $2.50 from pot
An1an1: doesn't show hand 
*** SUMMARY ***
Total pot $2.50 | Rake $0 
Seat 1: Randelbo
Seat 2: An1an1 (button) collected ($2.50)
Seat 3: tintin641 (small blind) folded before Flop
Seat 4: m0nTTu (big blind) folded before Flop
Seat 5: xylenpoker folded before Flop (didn't bet)
Seat 6: SorinS28 folded before Flop (didn't bet)



PokerStars Hand #254587740164:  Hold'em No Limit ($0.50/$1.00 USD) - 2025/01/27 23:55:52 WET [2025/01/27 18:55:52 ET]
Table 'Polit IV' 6-max Seat #3 is the button
Seat 1: Randelbo ($25.90 in chips) is sitting out
Seat 2: An1an1 ($162.37 in chips) 
Seat 3: tintin641 ($100.85 in chips) 
Seat 4: m0nTTu ($93.96 in chips) 
Seat 5: xylenpoker ($100 in chips) 
Seat 6: SorinS28 ($130.44 in chips) 
m0nTTu: posts small blind $0.50
xylenpoker: posts big blind $1
*** HOLE CARDS ***
SorinS28: folds 
An1an1: raises $1 to $2
tintin641: folds 
m0nTTu: folds 
xylenpoker: raises $9 to $11
An1an1: folds 
Uncalled bet ($9) returned to xylenpoker
xylenpoker collected $4.50 from pot
xylenpoker: doesn't show hand 
*** SUMMARY ***
Total pot $4.50 | Rake $0 
Seat 1: Randelbo
Seat 2: An1an1 folded before Flop
Seat 3: tintin641 (button) folded before Flop (didn't bet)
Seat 4: m0nTTu (small blind) folded before Flop
Seat 5: xylenpoker (big blind) collected ($4.50)
Seat 6: SorinS28 folded before Flop (didn't bet)



PokerStars Hand #254587748107:  Hold'em No Limit ($0.50/$1.00 USD) - 2025/01/27 23:56:38 WET [2025/01/27 18:56:38 ET]
Table 'Polit IV' 6-max Seat #4 is the button
Seat 1: Randelbo ($25.90 in chips) 
Seat 2: An1an1 ($160.37 in chips) 
Seat 3: tintin641 ($100.85 in chips) 
Seat 4: m0nTTu ($100 in chips) 
Seat 5: xylenpoker ($102.50 in chips) 
Seat 6: SorinS28 ($130.44 in chips) 
xylenpoker: posts small blind $0.50
SorinS28: posts big blind $1
*** HOLE CARDS ***
Randelbo: folds 
An1an1: raises $1 to $2
tintin641: folds 
m0nTTu: raises $5.50 to $7.50
xylenpoker: folds 
SorinS28: folds 
An1an1: folds 
Uncalled bet ($5.50) returned to m0nTTu
m0nTTu collected $5.50 from pot
m0nTTu: doesn't show hand 
*** SUMMARY ***
Total pot $5.50 | Rake $0 
Seat 1: Randelbo folded before Flop (didn't bet)
Seat 2: An1an1 folded before Flop
Seat 3: tintin641 folded before Flop (didn't bet)
Seat 4: m0nTTu (button) collected ($5.50)
Seat 5: xylenpoker (small blind) folded before Flop
Seat 6: SorinS28 (big blind) folded before Flop



PokerStars Hand #254587753106:  Hold'em No Limit ($0.50/$1.00 USD) - 2025/01/27 23:57:07 WET [2025/01/27 18:57:07 ET]
Table 'Polit IV' 6-max Seat #5 is the button
Seat 1: Randelbo ($25.90 in chips) 
Seat 2: An1an1 ($158.37 in chips) 
Seat 3: tintin641 ($100.85 in chips) 
Seat 4: m0nTTu ($103.50 in chips) 
Seat 5: xylenpoker ($102 in chips) 
Seat 6: SorinS28 ($129.44 in chips) 
SorinS28: posts small blind $0.50
Randelbo: posts big blind $1
*** HOLE CARDS ***
An1an1: folds 
tintin641: folds 
m0nTTu: folds 
xylenpoker: raises $1.50 to $2.50
SorinS28: folds 
Randelbo: calls $1.50
*** FLOP *** [7c 7s 9s]
Randelbo: checks 
xylenpoker: bets $1.72
Randelbo: calls $1.72
*** TURN *** [7c 7s 9s] [4d]
Randelbo: checks 
xylenpoker: checks 
*** RIVER *** [7c 7s 9s 4d] [Jd]
Randelbo: bets $8.49
xylenpoker: calls $8.49
*** SHOW DOWN ***
Randelbo: shows [4c 9c] (two pair, Nines and Sevens)
xylenpoker: mucks hand 
Randelbo collected $24.62 from pot
*** SUMMARY ***
Total pot $25.92 | Rake $1.30 
Board [7c 7s 9s 4d Jd]
Seat 1: Randelbo (big blind) showed [4c 9c] and won ($24.62) with two pair, Nines and Sevens
Seat 2: An1an1 folded before Flop (didn't bet)
Seat 3: tintin641 folded before Flop (didn't bet)
Seat 4: m0nTTu folded before Flop (didn't bet)
Seat 5: xylenpoker (button) mucked
Seat 6: SorinS28 (small blind) folded before Flop



PokerStars Hand #254587762524:  Hold'em No Limit ($0.50/$1.00 USD) - 2025/01/27 23:58:01 WET [2025/01/27 18:58:01 ET]
Table 'Polit IV' 6-max Seat #6 is the button
Seat 1: Randelbo ($37.81 in chips) 
Seat 2: An1an1 ($158.37 in chips) 
Seat 3: tintin641 ($100.85 in chips) 
Seat 4: m0nTTu ($103.50 in chips) 
Seat 5: xylenpoker ($100 in chips) 
Seat 6: SorinS28 ($128.94 in chips) 
Randelbo: posts small blind $0.50
An1an1: posts big blind $1
*** HOLE CARDS ***
tintin641: folds 
m0nTTu: folds 
xylenpoker: folds 
SorinS28: folds 
Randelbo: calls $0.50
An1an1: checks 
*** FLOP *** [Js Qs Kh]
Randelbo: checks 
An1an1: checks 
*** TURN *** [Js Qs Kh] [6s]
Randelbo: checks 
An1an1: checks 
*** RIVER *** [Js Qs Kh 6s] [3s]
Randelbo: bets $1.90
An1an1: folds 
Uncalled bet ($1.90) returned to Randelbo
Randelbo collected $1.90 from pot
*** SUMMARY ***
Total pot $2 | Rake $0.10 
Board [Js Qs Kh 6s 3s]
Seat 1: Randelbo (small blind) collected ($1.90)
Seat 2: An1an1 (big blind) folded on the River
Seat 3: tintin641 folded before Flop (didn't bet)
Seat 4: m0nTTu folded before Flop (didn't bet)
Seat 5: xylenpoker folded before Flop (didn't bet)
Seat 6: SorinS28 (button) folded before Flop (didn't bet)



PokerStars Hand #254587769674:  Hold'em No Limit ($0.50/$1.00 USD) - 2025/01/27 23:58:42 WET [2025/01/27 18:58:42 ET]
Table 'Polit IV' 6-max Seat #1 is the button
Seat 3: tintin641 ($100.85 in chips) is sitting out
Seat 1: Randelbo ($38.71 in chips) 
Seat 2: An1an1 ($157.37 in chips) 
Seat 4: m0nTTu ($103.50 in chips) 
Seat 5: xylenpoker ($100 in chips) 
Seat 6: SorinS28 ($128.94 in chips) 
An1an1: posts small blind $0.50
tintin641: is sitting out 
m0nTTu: posts big blind $1
*** HOLE CARDS ***
tintin641 leaves the table
xylenpoker: folds 
SorinS28: folds 
Randelbo has timed out
Randelbo: folds 
An1an1: folds 
Uncalled bet ($0.50) returned to m0nTTu
m0nTTu collected $1 from pot
m0nTTu: doesn't show hand 
*** SUMMARY ***
Total pot $1 | Rake $0 
Seat 3: tintin641
Seat 1: Randelbo (button) folded before Flop (didn't bet)
Seat 2: An1an1 (small blind) folded before Flop
Seat 4: m0nTTu (big blind) collected ($1)
Seat 5: xylenpoker folded before Flop (didn't bet)
Seat 6: SorinS28 folded before Flop (didn't bet)



PokerStars Hand #254587774387:  Hold'em No Limit ($0.50/$1.00 USD) - 2025/01/27 23:59:09 WET [2025/01/27 18:59:09 ET]
Table 'Polit IV' 6-max Seat #2 is the button
Seat 1: Randelbo ($38.71 in chips) 
Seat 2: An1an1 ($156.87 in chips) 
Seat 4: m0nTTu ($104 in chips) 
Seat 5: xylenpoker ($100 in chips) 
Seat 6: SorinS28 ($128.94 in chips) 
m0nTTu: posts small blind $0.50
xylenpoker: posts big blind $1
*** HOLE CARDS ***
SorinS28: folds 
Randelbo: calls $1
An1an1: folds 
Supermegopro joins the table at seat #3 
m0nTTu: calls $0.50
xylenpoker: checks 
*** FLOP *** [Kh 2h 3s]
m0nTTu: bets $1
xylenpoker: folds 
Randelbo: calls $1
*** TURN *** [Kh 2h 3s] [Kd]
m0nTTu: bets $1.57
Randelbo: folds 
Uncalled bet ($1.57) returned to m0nTTu
m0nTTu collected $4.75 from pot
m0nTTu: doesn't show hand 
*** SUMMARY ***
Total pot $5 | Rake $0.25 
Board [Kh 2h 3s Kd]
Seat 1: Randelbo folded on the Turn
Seat 2: An1an1 (button) folded before Flop (didn't bet)
Seat 4: m0nTTu (small blind) collected ($4.75)
Seat 5: xylenpoker (big blind) folded on the Flop
Seat 6: SorinS28 folded before Flop (didn't bet)



PokerStars Hand #254587783947:  Hold'em No Limit ($0.50/$1.00 USD) - 2025/01/27 0:00:03 WET [2025/01/27 19:00:03 ET]
Table 'Polit IV' 6-max Seat #4 is the button
Seat 3: Supermegopro ($100 in chips) is sitting out
Seat 1: Randelbo ($36.71 in chips) 
Seat 2: An1an1 ($156.87 in chips) 
Seat 4: m0nTTu ($106.75 in chips) 
Seat 5: xylenpoker ($100 in chips) 
Seat 6: SorinS28 ($128.94 in chips) 
xylenpoker: posts small blind $0.50
SorinS28: posts big blind $1
Supermegopro: sits out 
*** HOLE CARDS ***
Randelbo: raises $2.50 to $3.50
An1an1: folds 
m0nTTu: folds 
xylenpoker: folds 
SorinS28: calls $2.50
*** FLOP *** [7c Qc 5h]
SorinS28: checks 
Randelbo: checks 
*** TURN *** [7c Qc 5h] [8s]
SorinS28: bets $7.05
Randelbo: folds 
Uncalled bet ($7.05) returned to SorinS28
SorinS28 collected $7.12 from pot
SorinS28: doesn't show hand 
*** SUMMARY ***
Total pot $7.50 | Rake $0.38 
Board [7c Qc 5h 8s]
Seat 3: Supermegopro
Seat 1: Randelbo folded on the Turn
Seat 2: An1an1 folded before Flop (didn't bet)
Seat 4: m0nTTu (button) folded before Flop (didn't bet)
Seat 5: xylenpoker (small blind) folded before Flop
Seat 6: SorinS28 (big blind) collected ($7.12)



PokerStars Hand #254587793403:  Hold'em No Limit ($0.50/$1.00 USD) - 2025/01/27 0:00:55 WET [2025/01/27 19:00:55 ET]
Table 'Polit IV' 6-max Seat #5 is the button
Seat 3: Supermegopro ($100 in chips) is sitting out
Seat 1: Randelbo ($33.21 in chips) 
Seat 2: An1an1 ($156.87 in chips) 
Seat 4: m0nTTu ($106.75 in chips) 
Seat 5: xylenpoker ($100 in chips) 
Seat 6: SorinS28 ($132.56 in chips) 
SorinS28: posts small blind $0.50
Randelbo: posts big blind $1
Supermegopro: sits out 
*** HOLE CARDS ***
An1an1: folds 
m0nTTu: folds 
xylenpoker: raises $1.50 to $2.50
SorinS28: folds 
Randelbo: calls $1.50
*** FLOP *** [9s 6s 2h]
Randelbo: checks 
xylenpoker: checks 
*** TURN *** [9s 6s 2h] [5c]
Randelbo: checks 
xylenpoker: bets $3.92
Randelbo: folds 
Uncalled bet ($3.92) returned to xylenpoker
xylenpoker collected $5.22 from pot
xylenpoker: doesn't show hand 
*** SUMMARY ***
Total pot $5.50 | Rake $0.28 
Board [9s 6s 2h 5c]
Seat 3: Supermegopro
Seat 1: Randelbo (big blind) folded on the Turn
Seat 2: An1an1 folded before Flop (didn't bet)
Seat 4: m0nTTu folded before Flop (didn't bet)
Seat 5: xylenpoker (button) collected ($5.22)
Seat 6: SorinS28 (small blind) folded before Flop



PokerStars Hand #254587804787:  Hold'em No Limit ($0.50/$1.00 USD) - 2025/01/27 0:01:48 WET [2025/01/27 19:01:48 ET]
Table 'Polit IV' 6-max Seat #6 is the button
Seat 3: Supermegopro ($100 in chips) is sitting out
Seat 1: Randelbo ($30.71 in chips) 
Seat 2: An1an1 ($156.87 in chips) 
Seat 4: m0nTTu ($106.75 in chips) 
Seat 5: xylenpoker ($102.72 in chips) 
Seat 6: SorinS28 ($132.06 in chips) 
Randelbo: posts small blind $0.50
An1an1: posts big blind $1
Supermegopro: sits out 
*** HOLE CARDS ***
m0nTTu: folds 
xylenpoker: folds 
SorinS28: raises $1.50 to $2.50
Randelbo: folds 
An1an1: folds 
Uncalled bet ($1.50) returned to SorinS28
SorinS28 collected $2.50 from pot
SorinS28: doesn't show hand 
*** SUMMARY ***
Total pot $2.50 | Rake $0 
Seat 3: Supermegopro
Seat 1: Randelbo (small blind) folded before Flop
Seat 2: An1an1 (big blind) folded before Flop
Seat 4: m0nTTu folded before Flop (didn't bet)
Seat 5: xylenpoker folded before Flop (didn't bet)
Seat 6: SorinS28 (button) collected ($2.50)



PokerStars Hand #254587808902:  Hold'em No Limit ($0.50/$1.00 USD) - 2025/01/27 0:02:07 WET [2025/01/27 19:02:07 ET]
Table 'Polit IV' 6-max Seat #1 is the button
Seat 1: Randelbo ($30.21 in chips) 
Seat 2: An1an1 ($155.87 in chips) 
Seat 3: Supermegopro ($100 in chips) 
Seat 4: m0nTTu ($106.75 in chips) 
Seat 5: xylenpoker ($102.72 in chips) 
Seat 6: SorinS28 ($133.56 in chips) 
An1an1: posts small blind $0.50
Supermegopro: posts big blind $1
*** HOLE CARDS ***
m0nTTu: folds 
xylenpoker: folds 
SorinS28: raises $1.30 to $2.30
Randelbo has timed out
Randelbo: folds 
An1an1: folds 
Supermegopro: folds 
Uncalled bet ($1.30) returned to SorinS28
SorinS28 collected $2.50 from pot
SorinS28: doesn't show hand 
*** SUMMARY ***
Total pot $2.50 | Rake $0 
Seat 1: Randelbo (button) folded before Flop (didn't bet)
Seat 2: An1an1 (small blind) folded before Flop
Seat 3: Supermegopro (big blind) folded before Flop
Seat 4: m0nTTu folded before Flop (didn't bet)
Seat 5: xylenpoker folded before Flop (didn't bet)
Seat 6: SorinS28 collected ($2.50)



PokerStars Hand #254587816021:  Hold'em No Limit ($0.50/$1.00 USD) - 2025/01/27 0:02:40 WET [2025/01/27 19:02:40 ET]
Table 'Polit IV' 6-max Seat #2 is the button
Seat 1: Randelbo ($30.21 in chips) is sitting out
Seat 2: An1an1 ($155.37 in chips) 
Seat 3: Supermegopro ($100 in chips) 
Seat 4: m0nTTu ($106.75 in chips) 
Seat 5: xylenpoker ($102.72 in chips) 
Seat 6: SorinS28 ($135.06 in chips) 
Supermegopro: posts small blind $0.50
m0nTTu: posts big blind $1
*** HOLE CARDS ***
xylenpoker: folds 
SorinS28: folds 
An1an1: folds 
Supermegopro: raises $2 to $3
m0nTTu: calls $2
*** FLOP *** [8h Js 2d]
Supermegopro: checks 
xylenpoker leaves the table
m0nTTu: bets $2.85
Supermegopro: folds 
Uncalled bet ($2.85) returned to m0nTTu
m0nTTu collected $5.70 from pot
m0nTTu: doesn't show hand 
*** SUMMARY ***
Total pot $6 | Rake $0.30 
Board [8h Js 2d]
Seat 1: Randelbo
Seat 2: An1an1 (button) folded before Flop (didn't bet)
Seat 3: Supermegopro (small blind) folded on the Flop
Seat 4: m0nTTu (big blind) collected ($5.70)
Seat 5: xylenpoker folded before Flop (didn't bet)
Seat 6: SorinS28 folded before Flop (didn't bet)



PokerStars Hand #254587830267:  Hold'em No Limit ($0.50/$1.00 USD) - 2025/01/27 0:03:45 WET [2025/01/27 19:03:45 ET]
Table 'Polit IV' 6-max Seat #3 is the button
Seat 1: Randelbo ($30.21 in chips) is sitting out
Seat 2: An1an1 ($155.37 in chips) 
Seat 3: Supermegopro ($100 in chips) 
Seat 4: m0nTTu ($109.45 in chips) 
Seat 6: SorinS28 ($135.06 in chips) 
m0nTTu: posts small blind $0.50
SorinS28: posts big blind $1
*** HOLE CARDS ***
An1an1: folds 
Supermegopro: raises $1.50 to $2.50
m0nTTu: raises $7.50 to $10
SorinS28: folds 
Supermegopro: folds 
Uncalled bet ($7.50) returned to m0nTTu
m0nTTu collected $6 from pot
m0nTTu: doesn't show hand 
*** SUMMARY ***
Total pot $6 | Rake $0 
Seat 1: Randelbo
Seat 2: An1an1 folded before Flop (didn't bet)
Seat 3: Supermegopro (button) folded before Flop
Seat 4: m0nTTu (small blind) collected ($6)
Seat 6: SorinS28 (big blind) folded before Flop



PokerStars Hand #254587838880:  Hold'em No Limit ($0.50/$1.00 USD) - 2025/01/27 0:04:24 WET [2025/01/27 19:04:24 ET]
Table 'Polit IV' 6-max Seat #4 is the button
Seat 1: Randelbo ($30.21 in chips) 
Seat 2: An1an1 ($155.37 in chips) 
Seat 3: Supermegopro ($100 in chips) 
Seat 4: m0nTTu ($112.95 in chips) 
Seat 6: SorinS28 ($134.06 in chips) 
SorinS28: posts small blind $0.50
Randelbo: posts big blind $1
*** HOLE CARDS ***
An1an1: folds 
canibal27 joins the table at seat #5 
Supermegopro: folds 
m0nTTu: folds 
SorinS28: raises $2 to $3
Randelbo has timed out
Randelbo: folds 
Uncalled bet ($2) returned to SorinS28
SorinS28 collected $2 from pot
SorinS28: doesn't show hand 
*** SUMMARY ***
Total pot $2 | Rake $0 
Seat 1: Randelbo (big blind) folded before Flop
Seat 2: An1an1 folded before Flop (didn't bet)
Seat 3: Supermegopro folded before Flop (didn't bet)
Seat 4: m0nTTu (button) folded before Flop (didn't bet)
Seat 6: SorinS28 (small blind) collected ($2)



PokerStars Hand #254587847577:  Hold'em No Limit ($0.50/$1.00 USD) - 2025/01/27 0:05:04 WET [2025/01/27 19:05:04 ET]
Table 'Polit IV' 6-max Seat #6 is the button
Seat 1: Randelbo ($29.21 in chips) is sitting out
Seat 5: canibal27 ($100 in chips) is sitting out
Seat 2: An1an1 ($155.37 in chips) 
Seat 3: Supermegopro ($100 in chips) 
Seat 4: m0nTTu ($112.95 in chips) 
Seat 6: SorinS28 ($135.06 in chips) 
An1an1: posts small blind $0.50
Supermegopro: posts big blind $1
canibal27: sits out 
*** HOLE CARDS ***
m0nTTu: folds 
SorinS28: raises $1.50 to $2.50
An1an1: raises $10 to $12.50
Supermegopro: folds 
SorinS28: folds 
Uncalled bet ($10) returned to An1an1
An1an1 collected $6 from pot
An1an1: doesn't show hand 
*** SUMMARY ***
Total pot $6 | Rake $0 
Seat 1: Randelbo
Seat 5: canibal27
Seat 2: An1an1 (small blind) collected ($6)
Seat 3: Supermegopro (big blind) folded before Flop
Seat 4: m0nTTu folded before Flop (didn't bet)
Seat 6: SorinS28 (button) folded before Flop



PokerStars Hand #254587856231:  Hold'em No Limit ($0.50/$1.00 USD) - 2025/01/27 0:05:43 WET [2025/01/27 19:05:43 ET]
Table 'Polit IV' 6-max Seat #2 is the button
Seat 5: canibal27 ($100 in chips) is sitting out
Seat 1: Randelbo ($29.21 in chips) 
Seat 2: An1an1 ($158.87 in chips) 
Seat 3: Supermegopro ($100 in chips) 
Seat 4: m0nTTu ($112.95 in chips) 
Seat 6: SorinS28 ($132.56 in chips) 
Supermegopro: posts small blind $0.50
m0nTTu: posts big blind $1
canibal27: sits out 
Randelbo: posts small blind $0.50
*** HOLE CARDS ***
SorinS28: folds 
Randelbo: calls $1
An1an1: folds 
Supermegopro: calls $0.50
m0nTTu: checks 
*** FLOP *** [3d 6s Jh]
Supermegopro: bets $2.21
m0nTTu: folds 
Randelbo: calls $2.21
*** TURN *** [3d 6s Jh] [3h]
Supermegopro: bets $3.76
Randelbo: calls $3.76
*** RIVER *** [3d 6s Jh 3h] [Ad]
Supermegopro: checks 
Randelbo: bets $11.34
Supermegopro: calls $11.34
*** SHOW DOWN ***
Randelbo: shows [3s Ac] (a full house, Threes full of Aces)
Supermegopro: mucks hand 
Randelbo collected $36.21 from pot
*** SUMMARY ***
Total pot $38.12 | Rake $1.91 
Board [3d 6s Jh 3h Ad]
Seat 5: canibal27
Seat 1: Randelbo showed [3s Ac] and won ($36.21) with a full house, Threes full of Aces
Seat 2: An1an1 (button) folded before Flop (didn't bet)
Seat 3: Supermegopro (small blind) mucked
Seat 4: m0nTTu (big blind) folded on the Flop
Seat 6: SorinS28 folded before Flop (didn't bet)



PokerStars Hand #254587874264:  Hold'em No Limit ($0.50/$1.00 USD) - 2025/01/27 0:07:06 WET [2025/01/27 19:07:06 ET]
Table 'Polit IV' 6-max Seat #3 is the button
Seat 1: Randelbo ($46.61 in chips) 
Seat 2: An1an1 ($158.87 in chips) 
Seat 3: Supermegopro ($100 in chips) 
Seat 4: m0nTTu ($111.95 in chips) 
Seat 5: canibal27 ($100 in chips) 
Seat 6: SorinS28 ($132.56 in chips) 
m0nTTu: posts small blind $0.50
canibal27: posts big blind $1
*** HOLE CARDS ***
SorinS28: folds 
Randelbo: calls $1
An1an1: folds 
Supermegopro: folds 
m0nTTu: calls $0.50
canibal27: checks 
*** FLOP *** [3d Qc 6s]
m0nTTu: checks 
canibal27: checks 
Randelbo: checks 
*** TURN *** [3d Qc 6s] [4h]
m0nTTu: bets $1
canibal27: calls $1
Randelbo: calls $1
*** RIVER *** [3d Qc 6s 4h] [Td]
m0nTTu: checks 
canibal27: bets $3.82
Randelbo: calls $3.82
m0nTTu: folds 
*** SHOW DOWN ***
canibal27: shows [5h 8s] (high card Queen)
Randelbo: shows [Th 6h] (two pair, Tens and Sixes)
Randelbo collected $12.96 from pot
*** SUMMARY ***
Total pot $13.64 | Rake $0.68 
Board [3d Qc 6s 4h Td]
Seat 1: Randelbo showed [Th 6h] and won ($12.96) with two pair, Tens and Sixes
Seat 2: An1an1 folded before Flop (didn't bet)
Seat 3: Supermegopro (button) folded before Flop (didn't bet)
Seat 4: m0nTTu (small blind) folded on the River
Seat 5: canibal27 (big blind) showed [5h 8s] and lost with high card Queen
Seat 6: SorinS28 folded before Flop (didn't bet)



PokerStars Hand #254587891730:  Hold'em No Limit ($0.50/$1.00 USD) - 2025/01/27 0:08:26 WET [2025/01/27 19:08:26 ET]
Table 'Polit IV' 6-max Seat #4 is the button
Seat 1: Randelbo ($53.75 in chips) 
Seat 2: An1an1 ($158.87 in chips) 
Seat 3: Supermegopro ($100 in chips) 
Seat 4: m0nTTu ($109.95 in chips) 
Seat 5: canibal27 ($100 in chips) 
Seat 6: SorinS28 ($132.56 in chips) 
canibal27: posts small blind $0.50
SorinS28: posts big blind $1
*** HOLE CARDS ***
Randelbo: calls $1
An1an1: folds 
Supermegopro: folds 
m0nTTu: folds 
canibal27: raises $3 to $4
SorinS28: calls $3
Randelbo: calls $3
*** FLOP *** [4d 9s Jc]
canibal27: checks 
SorinS28: bets $3.76
Randelbo: calls $3.76
canibal27: folds 
*** TURN *** [4d 9s Jc] [Ks]
SorinS28: bets $3.89
Randelbo: raises $26.32 to $30.21
SorinS28: folds 
Uncalled bet ($26.32) returned to Randelbo
Randelbo collected $25.94 from pot
*** SUMMARY ***
Total pot $27.30 | Rake $1.36 
Board [4d 9s Jc Ks]
Seat 1: Randelbo collected ($25.94)
Seat 2: An1an1 folded before Flop (didn't bet)
Seat 3: Supermegopro folded before Flop (didn't bet)
Seat 4: m0nTTu (button) folded before Flop (didn't bet)
Seat 5: canibal27 (small blind) folded on the Flop
Seat 6: SorinS28 (big blind) folded on the Turn



PokerStars Hand #254587906074:  Hold'em No Limit ($0.50/$1.00 USD) - 2025/01/27 0:09:33 WET [2025/01/27 19:09:33 ET]
Table 'Polit IV' 6-max Seat #5 is the button
Seat 1: Randelbo ($68.04 in chips) 
Seat 2: An1an1 ($158.87 in chips) 
Seat 3: Supermegopro ($100 in chips) 
Seat 4: m0nTTu ($109.95 in chips) 
Seat 5: canibal27 ($100 in chips) 
Seat 6: SorinS28 ($120.91 in chips) 
SorinS28: posts small blind $0.50
Randelbo: posts big blind $1
*** HOLE CARDS ***
An1an1: folds 
Supermegopro: raises $1.50 to $2.50
m0nTTu: folds 
canibal27: folds 
SorinS28: raises $9 to $11.50
Randelbo: folds 
Supermegopro: calls $9
*** FLOP *** [9d 4c 6d]
SorinS28: bets $14
Supermegopro: calls $14
*** TURN *** [9d 4c 6d] [Ks]
SorinS28: bets $75
Supermegopro: folds 
Uncalled bet ($75) returned to SorinS28
SorinS28 collected $49.50 from pot
SorinS28: doesn't show hand 
*** SUMMARY ***
Total pot $52 | Rake $2.50 
Board [9d 4c 6d Ks]
Seat 1: Randelbo (big blind) folded before Flop
Seat 2: An1an1 folded before Flop (didn't bet)
Seat 3: Supermegopro folded on the Turn
Seat 4: m0nTTu folded before Flop (didn't bet)
Seat 5: canibal27 (button) folded before Flop (didn't bet)
Seat 6: SorinS28 (small blind) collected ($49.50)



PokerStars Hand #254587923210:  Hold'em No Limit ($0.50/$1.00 USD) - 2025/01/27 0:10:54 WET [2025/01/27 19:10:54 ET]
Table 'Polit IV' 6-max Seat #6 is the button
Seat 1: Randelbo ($67.04 in chips) 
Seat 2: An1an1 ($158.87 in chips) 
Seat 3: Supermegopro ($100 in chips) 
Seat 4: m0nTTu ($109.95 in chips) 
Seat 5: canibal27 ($100 in chips) 
Seat 6: SorinS28 ($144.91 in chips) 
Randelbo: posts small blind $0.50
An1an1: posts big blind $1
*** HOLE CARDS ***
Supermegopro: raises $1.50 to $2.50
m0nTTu: folds 
canibal27: folds 
SorinS28: calls $2.50
Randelbo has timed out
Randelbo: folds 
An1an1: folds 
*** FLOP *** [5h 4h Ac]
Supermegopro: checks 
SorinS28: checks 
*** TURN *** [5h 4h Ac] [Jc]
Supermegopro: bets $9.27
SorinS28: calls $9.27
*** RIVER *** [5h 4h Ac Jc] [Ah]
Supermegopro: checks 
SorinS28: bets $35.69
Supermegopro: folds 
Uncalled bet ($35.69) returned to SorinS28
SorinS28 collected $23.79 from pot
SorinS28: doesn't show hand 
*** SUMMARY ***
Total pot $25.04 | Rake $1.25 
Board [5h 4h Ac Jc Ah]
Seat 1: Randelbo (small blind) folded before Flop
Seat 2: An1an1 (big blind) folded before Flop
Seat 3: Supermegopro folded on the River
Seat 4: m0nTTu folded before Flop (didn't bet)
Seat 5: canibal27 folded before Flop (didn't bet)
Seat 6: SorinS28 (button) collected ($23.79)



PokerStars Hand #254587940887:  Hold'em No Limit ($0.50/$1.00 USD) - 2025/01/27 0:12:17 WET [2025/01/27 19:12:17 ET]
Table 'Polit IV' 6-max Seat #2 is the button
Seat 1: Randelbo ($66.54 in chips) is sitting out
Seat 2: An1an1 ($157.87 in chips) 
Seat 3: Supermegopro ($100 in chips) 
Seat 4: m0nTTu ($109.95 in chips) 
Seat 5: canibal27 ($100 in chips) 
Seat 6: SorinS28 ($156.93 in chips) 
Supermegopro: posts small blind $0.50
m0nTTu: posts big blind $1
*** HOLE CARDS ***
canibal27: folds 
SorinS28: folds 
An1an1: folds 
Supermegopro: raises $2 to $3
m0nTTu: folds 
Uncalled bet ($2) returned to Supermegopro
Supermegopro collected $2 from pot
Supermegopro: doesn't show hand 
*** SUMMARY ***
Total pot $2 | Rake $0 
Seat 1: Randelbo
Seat 2: An1an1 (button) folded before Flop (didn't bet)
Seat 3: Supermegopro (small blind) collected ($2)
Seat 4: m0nTTu (big blind) folded before Flop
Seat 5: canibal27 folded before Flop (didn't bet)
Seat 6: SorinS28 folded before Flop (didn't bet)



PokerStars Hand #254587946944:  Hold'em No Limit ($0.50/$1.00 USD) - 2025/01/27 0:12:46 WET [2025/01/27 19:12:46 ET]
Table 'Polit IV' 6-max Seat #3 is the button
Seat 1: Randelbo ($66.54 in chips) is sitting out
Seat 2: An1an1 ($157.87 in chips) 
Seat 3: Supermegopro ($101 in chips) 
Seat 4: m0nTTu ($108.95 in chips) 
Seat 5: canibal27 ($100 in chips) 
Seat 6: SorinS28 ($156.93 in chips) 
m0nTTu: posts small blind $0.50
canibal27: posts big blind $1
*** HOLE CARDS ***
SorinS28: folds 
An1an1: folds 
Supermegopro: folds 
m0nTTu: raises $2 to $3
canibal27: calls $2
*** FLOP *** [Ks Jd 2c]
m0nTTu: bets $1.88
canibal27: calls $1.88
*** TURN *** [Ks Jd 2c] [8c]
m0nTTu: checks 
canibal27: checks 
*** RIVER *** [Ks Jd 2c 8c] [8h]
m0nTTu: checks 
canibal27: checks 
*** SHOW DOWN ***
m0nTTu: shows [7s Ad] (a pair of Eights)
canibal27: shows [As Ts] (a pair of Eights)
m0nTTu collected $4.64 from pot
canibal27 collected $4.63 from pot
*** SUMMARY ***
Total pot $9.76 | Rake $0.49 
Board [Ks Jd 2c 8c 8h]
Seat 1: Randelbo
Seat 2: An1an1 folded before Flop (didn't bet)
Seat 3: Supermegopro (button) folded before Flop (didn't bet)
Seat 4: m0nTTu (small blind) showed [7s Ad] and won ($4.64) with a pair of Eights
Seat 5: canibal27 (big blind) showed [As Ts] and won ($4.63) with a pair of Eights
Seat 6: SorinS28 folded before Flop (didn't bet)



PokerStars Hand #254587960777:  Hold'em No Limit ($0.50/$1.00 USD) - 2025/01/27 0:13:52 WET [2025/01/27 19:13:52 ET]
Table 'Polit IV' 6-max Seat #4 is the button
Seat 6: SorinS28 ($156.93 in chips) is sitting out
Seat 1: Randelbo ($66.54 in chips) 
Seat 2: An1an1 ($157.87 in chips) 
Seat 3: Supermegopro ($101 in chips) 
Seat 4: m0nTTu ($108.71 in chips) 
Seat 5: canibal27 ($100 in chips) 
canibal27: posts small blind $0.50
SorinS28: is sitting out 
Randelbo: posts big blind $1
*** HOLE CARDS ***
An1an1: folds 
Supermegopro: folds 
m0nTTu: folds 
SorinS28 leaves the table
canibal27: folds 
Uncalled bet ($0.50) returned to Randelbo
Randelbo collected $1 from pot
*** SUMMARY ***
Total pot $1 | Rake $0 
Seat 6: SorinS28
Seat 1: Randelbo (big blind) collected ($1)
Seat 2: An1an1 folded before Flop (didn't bet)
Seat 3: Supermegopro folded before Flop (didn't bet)
Seat 4: m0nTTu (button) folded before Flop (didn't bet)
Seat 5: canibal27 (small blind) folded before Flop



PokerStars Hand #254587963962:  Hold'em No Limit ($0.50/$1.00 USD) - 2025/01/27 0:14:06 WET [2025/01/27 19:14:06 ET]
Table 'Polit IV' 6-max Seat #5 is the button
Seat 1: Randelbo ($67.04 in chips) 
Seat 2: An1an1 ($157.87 in chips) 
Seat 3: Supermegopro ($101 in chips) 
Seat 4: m0nTTu ($108.71 in chips) 
Seat 5: canibal27 ($100 in chips) 
Randelbo: posts small blind $0.50
An1an1: posts big blind $1
*** HOLE CARDS ***
BGS013 joins the table at seat #6 
Supermegopro: raises $1.50 to $2.50
m0nTTu: folds 
canibal27: raises $5 to $7.50
Randelbo: folds 
An1an1: folds 
Supermegopro: folds 
Uncalled bet ($5) returned to canibal27
canibal27 collected $6.50 from pot
canibal27: doesn't show hand 
*** SUMMARY ***
Total pot $6.50 | Rake $0 
Seat 1: Randelbo (small blind) folded before Flop
Seat 2: An1an1 (big blind) folded before Flop
Seat 3: Supermegopro folded before Flop
Seat 4: m0nTTu folded before Flop (didn't bet)
Seat 5: canibal27 (button) collected ($6.50)



PokerStars Hand #254587968005:  Hold'em No Limit ($0.50/$1.00 USD) - 2025/01/27 0:14:26 WET [2025/01/27 19:14:26 ET]
Table 'Polit IV' 6-max Seat #1 is the button
Seat 6: BGS013 ($100 in chips) is sitting out
Seat 1: Randelbo ($66.54 in chips) 
Seat 2: An1an1 ($156.87 in chips) 
Seat 3: Supermegopro ($100 in chips) 
Seat 4: m0nTTu ($108.71 in chips) 
Seat 5: canibal27 ($104 in chips) 
An1an1: posts small blind $0.50
Supermegopro: posts big blind $1
BGS013: sits out 
*** HOLE CARDS ***
m0nTTu: raises $1.50 to $2.50
canibal27: folds 
Randelbo: calls $2.50
An1an1: folds 
Supermegopro: calls $1.50
*** FLOP *** [2s 7h Kd]
Supermegopro: checks 
m0nTTu: bets $1.29
Randelbo: calls $1.29
Supermegopro: folds 
*** TURN *** [2s 7h Kd] [7s]
m0nTTu: checks 
Randelbo: bets $8.05
m0nTTu: calls $8.05
*** RIVER *** [2s 7h Kd 7s] [6d]
m0nTTu: checks 
Randelbo: bets $21
m0nTTu: calls $21
*** SHOW DOWN ***
Randelbo: shows [As 6c] (two pair, Sevens and Sixes)
m0nTTu: shows [Qd Ks] (two pair, Kings and Sevens)
m0nTTu collected $66.18 from pot
*** SUMMARY ***
Total pot $68.68 | Rake $2.50 
Board [2s 7h Kd 7s 6d]
Seat 6: BGS013
Seat 1: Randelbo (button) showed [As 6c] and lost with two pair, Sevens and Sixes
Seat 2: An1an1 (small blind) folded before Flop
Seat 3: Supermegopro (big blind) folded on the Flop
Seat 4: m0nTTu showed [Qd Ks] and won ($66.18) with two pair, Kings and Sevens
Seat 5: canibal27 folded before Flop (didn't bet)



PokerStars Hand #254587985890:  Hold'em No Limit ($0.50/$1.00 USD) - 2025/01/27 0:15:51 WET [2025/01/27 19:15:51 ET]
Table 'Polit IV' 6-max Seat #2 is the button
Seat 6: BGS013 ($100 in chips) is sitting out
Seat 1: Randelbo ($33.70 in chips) 
Seat 2: An1an1 ($156.37 in chips) 
Seat 3: Supermegopro ($100 in chips) 
Seat 4: m0nTTu ($142.05 in chips) 
Seat 5: canibal27 ($104 in chips) 
Supermegopro: posts small blind $0.50
m0nTTu: posts big blind $1
BGS013: sits out 
*** HOLE CARDS ***
canibal27 has timed out
canibal27: folds 
Randelbo: folds 
An1an1: raises $1.50 to $2.50
Supermegopro: folds 
m0nTTu: raises $10.50 to $13
An1an1: folds 
Uncalled bet ($10.50) returned to m0nTTu
m0nTTu collected $5.50 from pot
m0nTTu: doesn't show hand 
*** SUMMARY ***
Total pot $5.50 | Rake $0 
Seat 6: BGS013
Seat 1: Randelbo folded before Flop (didn't bet)
Seat 2: An1an1 (button) folded before Flop
Seat 3: Supermegopro (small blind) folded before Flop
Seat 4: m0nTTu (big blind) collected ($5.50)
Seat 5: canibal27 folded before Flop (didn't bet)



PokerStars Hand #254587993913:  Hold'em No Limit ($0.50/$1.00 USD) - 2025/01/27 0:16:28 WET [2025/01/27 19:16:28 ET]
Table 'Polit IV' 6-max Seat #3 is the button
Seat 6: BGS013 ($100 in chips) is sitting out
Seat 1: Randelbo ($33.70 in chips) 
Seat 2: An1an1 ($153.87 in chips) 
Seat 3: Supermegopro ($100 in chips) 
Seat 4: m0nTTu ($145.05 in chips) 
Seat 5: canibal27 ($104 in chips) 
m0nTTu: posts small blind $0.50
canibal27: posts big blind $1
BGS013: sits out 
*** HOLE CARDS ***
Randelbo: calls $1
An1an1: folds 
Supermegopro: folds 
m0nTTu: folds 
canibal27: raises $3 to $4
Randelbo: calls $3
*** FLOP *** [5c 2s 6c]
canibal27: checks 
Randelbo: checks 
*** TURN *** [5c 2s 6c] [Ah]
canibal27: bets $4.04
Randelbo: calls $4.04
*** RIVER *** [5c 2s 6c Ah] [Th]
canibal27: checks 
Randelbo: checks 
*** SHOW DOWN ***
canibal27: shows [Kd Qc] (high card Ace)
Randelbo: shows [9c 6h] (a pair of Sixes)
Randelbo collected $15.75 from pot
*** SUMMARY ***
Total pot $16.58 | Rake $0.83 
Board [5c 2s 6c Ah Th]
Seat 6: BGS013
Seat 1: Randelbo showed [9c 6h] and won ($15.75) with a pair of Sixes
Seat 2: An1an1 folded before Flop (didn't bet)
Seat 3: Supermegopro (button) folded before Flop (didn't bet)
Seat 4: m0nTTu (small blind) folded before Flop
Seat 5: canibal27 (big blind) showed [Kd Qc] and lost with high card Ace



PokerStars Hand #254588012041:  Hold'em No Limit ($0.50/$1.00 USD) - 2025/01/27 0:17:55 WET [2025/01/27 19:17:55 ET]
Table 'Polit IV' 6-max Seat #4 is the button
Seat 1: Randelbo ($41.41 in chips) 
Seat 2: An1an1 ($153.87 in chips) 
Seat 3: Supermegopro ($100 in chips) 
Seat 4: m0nTTu ($144.55 in chips) 
Seat 5: canibal27 ($100 in chips) 
Seat 6: BGS013 ($100 in chips) 
canibal27: posts small blind $0.50
BGS013: posts big blind $1
*** HOLE CARDS ***
Randelbo: calls $1
An1an1: folds 
Supermegopro: folds 
m0nTTu: raises $2.50 to $3.50
canibal27: folds 
BGS013: folds 
Randelbo: calls $2.50
*** FLOP *** [Qc 2h 9s]
Randelbo: checks 
m0nTTu: bets $2.67
Randelbo: folds 
Uncalled bet ($2.67) returned to m0nTTu
m0nTTu collected $8.08 from pot
m0nTTu: doesn't show hand 
*** SUMMARY ***
Total pot $8.50 | Rake $0.42 
Board [Qc 2h 9s]
Seat 1: Randelbo folded on the Flop
Seat 2: An1an1 folded before Flop (didn't bet)
Seat 3: Supermegopro folded before Flop (didn't bet)
Seat 4: m0nTTu (button) collected ($8.08)
Seat 5: canibal27 (small blind) folded before Flop
Seat 6: BGS013 (big blind) folded before Flop



PokerStars Hand #254588022773:  Hold'em No Limit ($0.50/$1.00 USD) - 2025/01/27 0:18:47 WET [2025/01/27 19:18:47 ET]
Table 'Polit IV' 6-max Seat #5 is the button
Seat 1: Randelbo ($37.91 in chips) 
Seat 2: An1an1 ($153.87 in chips) 
Seat 3: Supermegopro ($100 in chips) 
Seat 4: m0nTTu ($149.13 in chips) 
Seat 5: canibal27 ($100 in chips) 
Seat 6: BGS013 ($100 in chips) 
BGS013: posts small blind $0.50
Randelbo: posts big blind $1
*** HOLE CARDS ***
An1an1: raises $1 to $2
Supermegopro: folds 
m0nTTu: folds 
canibal27: folds 
BGS013: folds 
Randelbo: calls $1
*** FLOP *** [3d 7h 5s]
Randelbo: checks 
An1an1: checks 
*** TURN *** [3d 7h 5s] [Js]
Randelbo: checks 
An1an1: checks 
*** RIVER *** [3d 7h 5s Js] [Ad]
Randelbo: checks 
An1an1: checks 
*** SHOW DOWN ***
Randelbo: shows [3s Kd] (a pair of Threes)
An1an1: mucks hand 
Randelbo collected $4.28 from pot
*** SUMMARY ***
Total pot $4.50 | Rake $0.22 
Board [3d 7h 5s Js Ad]
Seat 1: Randelbo (big blind) showed [3s Kd] and won ($4.28) with a pair of Threes
Seat 2: An1an1 mucked
Seat 3: Supermegopro folded before Flop (didn't bet)
Seat 4: m0nTTu folded before Flop (didn't bet)
Seat 5: canibal27 (button) folded before Flop (didn't bet)
Seat 6: BGS013 (small blind) folded before Flop



PokerStars Hand #254588030791:  Hold'em No Limit ($0.50/$1.00 USD) - 2025/01/27 0:19:25 WET [2025/01/27 19:19:25 ET]
Table 'Polit IV' 6-max Seat #6 is the button
Seat 1: Randelbo ($40.19 in chips) 
Seat 2: An1an1 ($151.87 in chips) 
Seat 3: Supermegopro ($100 in chips) 
Seat 4: m0nTTu ($149.13 in chips) 
Seat 5: canibal27 ($100 in chips) 
Seat 6: BGS013 ($100 in chips) 
Randelbo: posts small blind $0.50
An1an1: posts big blind $1
*** HOLE CARDS ***
Supermegopro: folds 
m0nTTu: folds 
canibal27: folds 
BGS013: folds 
Randelbo: calls $0.50
An1an1: checks 
*** FLOP *** [4h 6h 3s]
Randelbo: checks 
An1an1: bets $1
Randelbo: calls $1
*** TURN *** [4h 6h 3s] [Jc]
Randelbo: checks 
An1an1: bets $1
Randelbo: folds 
Uncalled bet ($1) returned to An1an1
An1an1 collected $3.80 from pot
An1an1: doesn't show hand 
*** SUMMARY ***
Total pot $4 | Rake $0.20 
Board [4h 6h 3s Jc]
Seat 1: Randelbo (small blind) folded on the Turn
Seat 2: An1an1 (big blind) collected ($3.80)
Seat 3: Supermegopro folded before Flop (didn't bet)
Seat 4: m0nTTu folded before Flop (didn't bet)
Seat 5: canibal27 folded before Flop (didn't bet)
Seat 6: BGS013 (button) folded before Flop (didn't bet)



PokerStars Hand #254588036521:  Hold'em No Limit ($0.50/$1.00 USD) - 2025/01/27 0:19:53 WET [2025/01/27 19:19:53 ET]
Table 'Polit IV' 6-max Seat #1 is the button
Seat 1: Randelbo ($38.19 in chips) 
Seat 2: An1an1 ($153.67 in chips) 
Seat 3: Supermegopro ($100 in chips) 
Seat 4: m0nTTu ($149.13 in chips) 
Seat 5: canibal27 ($100 in chips) 
Seat 6: BGS013 ($100 in chips) 
An1an1: posts small blind $0.50
Supermegopro: posts big blind $1
*** HOLE CARDS ***
m0nTTu: folds 
canibal27: folds 
BGS013: folds 
Randelbo: folds 
An1an1: raises $1.50 to $2.50
Supermegopro: calls $1.50
*** FLOP *** [Jd 5h 2h]
An1an1: checks 
Supermegopro: checks 
*** TURN *** [Jd 5h 2h] [Th]
An1an1: bets $1.43
Supermegopro: folds 
Uncalled bet ($1.43) returned to An1an1
An1an1 collected $4.75 from pot
An1an1: doesn't show hand 
*** SUMMARY ***
Total pot $5 | Rake $0.25 
Board [Jd 5h 2h Th]
Seat 1: Randelbo (button) folded before Flop (didn't bet)
Seat 2: An1an1 (small blind) collected ($4.75)
Seat 3: Supermegopro (big blind) folded on the Turn
Seat 4: m0nTTu folded before Flop (didn't bet)
Seat 5: canibal27 folded before Flop (didn't bet)
Seat 6: BGS013 folded before Flop (didn't bet)



PokerStars Hand #254588046540:  Hold'em No Limit ($0.50/$1.00 USD) - 2025/01/27 0:20:43 WET [2025/01/27 19:20:43 ET]
Table 'Polit IV' 6-max Seat #2 is the button
Seat 1: Randelbo ($38.19 in chips) 
Seat 2: An1an1 ($155.92 in chips) 
Seat 3: Supermegopro ($100 in chips) 
Seat 4: m0nTTu ($149.13 in chips) 
Seat 5: canibal27 ($100 in chips) 
Seat 6: BGS013 ($100 in chips) 
Supermegopro: posts small blind $0.50
m0nTTu: posts big blind $1
*** HOLE CARDS ***
canibal27: folds 
BGS013: raises $1 to $2
Randelbo has timed out
Randelbo: folds 
An1an1: folds 
Supermegopro: calls $1.50
m0nTTu: folds 
*** FLOP *** [8d 3h 9c]
Supermegopro: checks 
BGS013: checks 
*** TURN *** [8d 3h 9c] [7c]
Supermegopro: bets $2.38
BGS013: calls $2.38
*** RIVER *** [8d 3h 9c 7c] [Tc]
Supermegopro: checks 
BGS013: bets $5.10
Supermegopro: folds 
Uncalled bet ($5.10) returned to BGS013
BGS013 collected $9.27 from pot
BGS013: doesn't show hand 
*** SUMMARY ***
Total pot $9.76 | Rake $0.49 
Board [8d 3h 9c 7c Tc]
Seat 1: Randelbo folded before Flop (didn't bet)
Seat 2: An1an1 (button) folded before Flop (didn't bet)
Seat 3: Supermegopro (small blind) folded on the River
Seat 4: m0nTTu (big blind) folded before Flop
Seat 5: canibal27 folded before Flop (didn't bet)
Seat 6: BGS013 collected ($9.27)



PokerStars Hand #254588061991:  Hold'em No Limit ($0.50/$1.00 USD) - 2025/01/27 0:21:58 WET [2025/01/27 19:21:58 ET]
Table 'Polit IV' 6-max Seat #3 is the button
Seat 1: Randelbo ($38.19 in chips) 
Seat 2: An1an1 ($155.92 in chips) 
Seat 3: Supermegopro ($100 in chips) 
Seat 4: m0nTTu ($148.13 in chips) 
Seat 5: canibal27 ($100 in chips) 
Seat 6: BGS013 ($104.89 in chips) 
m0nTTu: posts small blind $0.50
canibal27: posts big blind $1
*** HOLE CARDS ***
BGS013: raises $1 to $2
Randelbo: calls $2
An1an1: folds 
Supermegopro: folds 
m0nTTu: folds 
canibal27: raises $10 to $12
BGS013: folds 
Randelbo: folds 
Uncalled bet ($10) returned to canibal27
BGS013 leaves the table
canibal27 collected $6.50 from pot
canibal27: doesn't show hand 
*** SUMMARY ***
Total pot $6.50 | Rake $0 
Seat 1: Randelbo folded before Flop
Seat 2: An1an1 folded before Flop (didn't bet)
Seat 3: Supermegopro (button) folded before Flop (didn't bet)
Seat 4: m0nTTu (small blind) folded before Flop
Seat 5: canibal27 (big blind) collected ($6.50)
Seat 6: BGS013 folded before Flop



PokerStars Hand #254588069434:  Hold'em No Limit ($0.50/$1.00 USD) - 2025/01/27 0:22:35 WET [2025/01/27 19:22:35 ET]
Table 'Polit IV' 6-max Seat #4 is the button
Seat 1: Randelbo ($36.19 in chips) 
Seat 2: An1an1 ($155.92 in chips) 
Seat 3: Supermegopro ($100 in chips) 
Seat 4: m0nTTu ($147.63 in chips) 
Seat 5: canibal27 ($104.50 in chips) 
canibal27: posts small blind $0.50
Randelbo: posts big blind $1
*** HOLE CARDS ***
An1an1: folds 
Supermegopro: raises $1.50 to $2.50
m0nTTu: folds 
canibal27: folds 
Randelbo: calls $1.50
*** FLOP *** [7d Qc 9c]
Randelbo: checks 
Supermegopro: bets $3.92
Randelbo: folds 
Uncalled bet ($3.92) returned to Supermegopro
CEPTT joins the table at seat #6 
Supermegopro collected $5.22 from pot
Supermegopro: doesn't show hand 
*** SUMMARY ***
Total pot $5.50 | Rake $0.28 
Board [7d Qc 9c]
Seat 1: Randelbo (big blind) folded on the Flop
Seat 2: An1an1 folded before Flop (didn't bet)
Seat 3: Supermegopro collected ($5.22)
Seat 4: m0nTTu (button) folded before Flop (didn't bet)
Seat 5: canibal27 (small blind) folded before Flop



PokerStars Hand #254588075832:  Hold'em No Limit ($0.50/$1.00 USD) - 2025/01/27 0:23:06 WET [2025/01/27 19:23:06 ET]
Table 'Polit IV' 6-max Seat #5 is the button
Seat 6: CEPTT ($100 in chips) is sitting out
Seat 1: Randelbo ($33.69 in chips) 
Seat 2: An1an1 ($155.92 in chips) 
Seat 3: Supermegopro ($102.72 in chips) 
Seat 4: m0nTTu ($147.63 in chips) 
Seat 5: canibal27 ($104 in chips) 
Randelbo: posts small blind $0.50
An1an1: posts big blind $1
*** HOLE CARDS ***
Supermegopro: folds 
m0nTTu: folds 
canibal27: folds 
Randelbo: calls $0.50
An1an1: checks 
*** FLOP *** [2d Ts 6s]
Randelbo: bets $1
An1an1: calls $1
*** TURN *** [2d Ts 6s] [Qs]
Randelbo: bets $3.80
An1an1: folds 
Uncalled bet ($3.80) returned to Randelbo
Randelbo collected $3.80 from pot
*** SUMMARY ***
Total pot $4 | Rake $0.20 
Board [2d Ts 6s Qs]
Seat 6: CEPTT
Seat 1: Randelbo (small blind) collected ($3.80)
Seat 2: An1an1 (big blind) folded on the Turn
Seat 3: Supermegopro folded before Flop (didn't bet)
Seat 4: m0nTTu folded before Flop (didn't bet)
Seat 5: canibal27 (button) folded before Flop (didn't bet)



PokerStars Hand #254588085184:  Hold'em No Limit ($0.50/$1.00 USD) - 2025/01/27 0:23:52 WET [2025/01/27 19:23:52 ET]
Table 'Polit IV' 6-max Seat #1 is the button
Seat 6: CEPTT ($100 in chips) is sitting out
Seat 1: Randelbo ($35.49 in chips) 
Seat 2: An1an1 ($153.92 in chips) 
Seat 3: Supermegopro ($102.72 in chips) 
Seat 4: m0nTTu ($147.63 in chips) 
Seat 5: canibal27 ($104 in chips) 
An1an1: posts small blind $0.50
Supermegopro: posts big blind $1
CEPTT: sits out 
*** HOLE CARDS ***
m0nTTu: folds 
canibal27: raises $1.30 to $2.30
Randelbo: calls $2.30
An1an1: folds 
Supermegopro: folds 
*** FLOP *** [Qc Js 9h]
canibal27: checks 
Randelbo: checks 
*** TURN *** [Qc Js 9h] [Ts]
canibal27: checks 
Randelbo: checks 
*** RIVER *** [Qc Js 9h Ts] [6s]
canibal27: bets $1
Randelbo: folds 
Uncalled bet ($1) returned to canibal27
canibal27 collected $5.80 from pot
canibal27: doesn't show hand 
*** SUMMARY ***
Total pot $6.10 | Rake $0.30 
Board [Qc Js 9h Ts 6s]
Seat 6: CEPTT
Seat 1: Randelbo (button) folded on the River
Seat 2: An1an1 (small blind) folded before Flop
Seat 3: Supermegopro (big blind) folded before Flop
Seat 4: m0nTTu folded before Flop (didn't bet)
Seat 5: canibal27 collected ($5.80)



PokerStars Hand #254588091829:  Hold'em No Limit ($0.50/$1.00 USD) - 2025/01/27 0:24:25 WET [2025/01/27 19:24:25 ET]
Table 'Polit IV' 6-max Seat #2 is the button
Seat 6: CEPTT ($100 in chips) is sitting out
Seat 1: Randelbo ($33.19 in chips) 
Seat 2: An1an1 ($153.42 in chips) 
Seat 3: Supermegopro ($101.72 in chips) 
Seat 4: m0nTTu ($147.63 in chips) 
Seat 5: canibal27 ($107.50 in chips) 
Supermegopro: posts small blind $0.50
m0nTTu: posts big blind $1
CEPTT: sits out 
*** HOLE CARDS ***
canibal27: raises $1 to $2
Randelbo: folds 
An1an1: folds 
Supermegopro: folds 
m0nTTu: calls $1
*** FLOP *** [6c 7s 7h]
m0nTTu: checks 
canibal27: checks 
*** TURN *** [6c 7s 7h] [Qs]
m0nTTu: checks 
canibal27: bets $1.41
m0nTTu: folds 
Uncalled bet ($1.41) returned to canibal27
canibal27 collected $4.28 from pot
canibal27: doesn't show hand 
*** SUMMARY ***
Total pot $4.50 | Rake $0.22 
Board [6c 7s 7h Qs]
Seat 6: CEPTT
Seat 1: Randelbo folded before Flop (didn't bet)
Seat 2: An1an1 (button) folded before Flop (didn't bet)
Seat 3: Supermegopro (small blind) folded before Flop
Seat 4: m0nTTu (big blind) folded on the Turn
Seat 5: canibal27 collected ($4.28)



PokerStars Hand #254588104862:  Hold'em No Limit ($0.50/$1.00 USD) - 2025/01/27 0:25:29 WET [2025/01/27 19:25:29 ET]
Table 'Polit IV' 6-max Seat #3 is the button
Seat 6: CEPTT ($100 in chips) is sitting out
Seat 1: Randelbo ($33.19 in chips) 
Seat 2: An1an1 ($153.42 in chips) 
Seat 3: Supermegopro ($101.22 in chips) 
Seat 4: m0nTTu ($145.63 in chips) 
Seat 5: canibal27 ($109.78 in chips) 
m0nTTu: posts small blind $0.50
canibal27: posts big blind $1
CEPTT: sits out 
*** HOLE CARDS ***
Randelbo: calls $1
An1an1: folds 
Supermegopro: folds 
m0nTTu: calls $0.50
canibal27: checks 
*** FLOP *** [6s 9c 2s]
m0nTTu: bets $1
canibal27: folds 
Randelbo: calls $1
*** TURN *** [6s 9c 2s] [3s]
m0nTTu: checks 
Randelbo: checks 
*** RIVER *** [6s 9c 2s 3s] [8h]
m0nTTu: checks 
Randelbo: checks 
*** SHOW DOWN ***
m0nTTu: shows [7s 7d] (a pair of Sevens)
Randelbo: mucks hand 
m0nTTu collected $4.75 from pot
*** SUMMARY ***
Total pot $5 | Rake $0.25 
Board [6s 9c 2s 3s 8h]
Seat 6: CEPTT
Seat 1: Randelbo mucked
Seat 2: An1an1 folded before Flop (didn't bet)
Seat 3: Supermegopro (button) folded before Flop (didn't bet)
Seat 4: m0nTTu (small blind) showed [7s 7d] and won ($4.75) with a pair of Sevens
Seat 5: canibal27 (big blind) folded on the Flop



PokerStars Hand #254588117569:  Hold'em No Limit ($0.50/$1.00 USD) - 2025/01/27 0:26:31 WET [2025/01/27 19:26:31 ET]
Table 'Polit IV' 6-max Seat #4 is the button
Seat 1: Randelbo ($31.19 in chips) 
Seat 2: An1an1 ($153.42 in chips) 
Seat 3: Supermegopro ($101.22 in chips) 
Seat 4: m0nTTu ($148.38 in chips) 
Seat 5: canibal27 ($108.78 in chips) 
Seat 6: CEPTT ($100 in chips) 
canibal27: posts small blind $0.50
CEPTT: posts big blind $1
*** HOLE CARDS ***
Randelbo: folds 
An1an1: folds 
Supermegopro: folds 
m0nTTu: folds 
canibal27: raises $2 to $3
CEPTT: folds 
Uncalled bet ($2) returned to canibal27
canibal27 collected $2 from pot
canibal27: doesn't show hand 
*** SUMMARY ***
Total pot $2 | Rake $0 
Seat 1: Randelbo folded before Flop (didn't bet)
Seat 2: An1an1 folded before Flop (didn't bet)
Seat 3: Supermegopro folded before Flop (didn't bet)
Seat 4: m0nTTu (button) folded before Flop (didn't bet)
Seat 5: canibal27 (small blind) collected ($2)
Seat 6: CEPTT (big blind) folded before Flop



PokerStars Hand #254588126730:  Hold'em No Limit ($0.50/$1.00 USD) - 2025/01/27 0:27:18 WET [2025/01/27 19:27:18 ET]
Table 'Polit IV' 6-max Seat #5 is the button
Seat 1: Randelbo ($31.19 in chips) 
Seat 2: An1an1 ($153.42 in chips) 
Seat 3: Supermegopro ($101.22 in chips) 
Seat 4: m0nTTu ($148.38 in chips) 
Seat 5: canibal27 ($109.78 in chips) 
Seat 6: CEPTT ($100 in chips) 
CEPTT: posts small blind $0.50
Randelbo: posts big blind $1
*** HOLE CARDS ***
An1an1: folds 
Supermegopro: raises $1.50 to $2.50
m0nTTu: folds 
canibal27: folds 
CEPTT: raises $9.50 to $12
Randelbo: folds 
Supermegopro: folds 
Uncalled bet ($9.50) returned to CEPTT
CEPTT collected $6 from pot
CEPTT: doesn't show hand 
*** SUMMARY ***
Total pot $6 | Rake $0 
Seat 1: Randelbo (big blind) folded before Flop
Seat 2: An1an1 folded before Flop (didn't bet)
Seat 3: Supermegopro folded before Flop
Seat 4: m0nTTu folded before Flop (didn't bet)
Seat 5: canibal27 (button) folded before Flop (didn't bet)
Seat 6: CEPTT (small blind) collected ($6)



PokerStars Hand #254588132930:  Hold'em No Limit ($0.50/$1.00 USD) - 2025/01/27 0:27:49 WET [2025/01/27 19:27:49 ET]
Table 'Polit IV' 6-max Seat #6 is the button
Seat 1: Randelbo ($30.19 in chips) 
Seat 2: An1an1 ($153.42 in chips) 
Seat 3: Supermegopro ($100 in chips) 
Seat 4: m0nTTu ($148.38 in chips) 
Seat 5: canibal27 ($109.78 in chips) 
Seat 6: CEPTT ($103.50 in chips) 
Randelbo: posts small blind $0.50
An1an1: posts big blind $1
*** HOLE CARDS ***
Supermegopro: folds 
m0nTTu: folds 
canibal27: folds 
CEPTT: folds 
Randelbo: calls $0.50
An1an1: checks 
*** FLOP *** [Qh 9c Kc]
Randelbo: checks 
An1an1: checks 
*** TURN *** [Qh 9c Kc] [9d]
Randelbo: checks 
An1an1: checks 
*** RIVER *** [Qh 9c Kc 9d] [3d]
Randelbo: checks 
An1an1: bets $1
Randelbo: folds 
Uncalled bet ($1) returned to An1an1
An1an1 collected $1.90 from pot
An1an1: doesn't show hand 
*** SUMMARY ***
Total pot $2 | Rake $0.10 
Board [Qh 9c Kc 9d 3d]
Seat 1: Randelbo (small blind) folded on the River
Seat 2: An1an1 (big blind) collected ($1.90)
Seat 3: Supermegopro folded before Flop (didn't bet)
Seat 4: m0nTTu folded before Flop (didn't bet)
Seat 5: canibal27 folded before Flop (didn't bet)
Seat 6: CEPTT (button) folded before Flop (didn't bet)



PokerStars Hand #254588145481:  Hold'em No Limit ($0.50/$1.00 USD) - 2025/01/27 0:28:51 WET [2025/01/27 19:28:51 ET]
Table 'Polit IV' 6-max Seat #1 is the button
Seat 1: Randelbo ($29.19 in chips) 
Seat 2: An1an1 ($154.32 in chips) 
Seat 3: Supermegopro ($100 in chips) 
Seat 4: m0nTTu ($148.38 in chips) 
Seat 5: canibal27 ($109.78 in chips) 
Seat 6: CEPTT ($103.50 in chips) 
An1an1: posts small blind $0.50
Supermegopro: posts big blind $1
*** HOLE CARDS ***
m0nTTu: raises $1.50 to $2.50
canibal27: folds 
CEPTT: calls $2.50
Randelbo: calls $2.50
An1an1: folds 
Supermegopro: folds 
*** FLOP *** [7h 9d Qs]
m0nTTu: checks 
CEPTT: checks 
Randelbo: checks 
*** TURN *** [7h 9d Qs] [Ts]
m0nTTu: checks 
CEPTT: checks 
Randelbo: checks 
*** RIVER *** [7h 9d Qs Ts] [3s]
m0nTTu: checks 
CEPTT: checks 
Randelbo: bets $8.55
m0nTTu: folds 
CEPTT: calls $8.55
*** SHOW DOWN ***
Randelbo: shows [Ah 9c] (a pair of Nines)
CEPTT: shows [Th Jh] (a pair of Tens)
CEPTT collected $24.80 from pot
*** SUMMARY ***
Total pot $26.10 | Rake $1.30 
Board [7h 9d Qs Ts 3s]
Seat 1: Randelbo (button) showed [Ah 9c] and lost with a pair of Nines
Seat 2: An1an1 (small blind) folded before Flop
Seat 3: Supermegopro (big blind) folded before Flop
Seat 4: m0nTTu folded on the River
Seat 5: canibal27 folded before Flop (didn't bet)
Seat 6: CEPTT showed [Th Jh] and won ($24.80) with a pair of Tens



PokerStars Hand #254588164202:  Hold'em No Limit ($0.50/$1.00 USD) - 2025/01/27 0:30:25 WET [2025/01/27 19:30:25 ET]
Table 'Polit IV' 6-max Seat #2 is the button
Seat 1: Randelbo ($18.14 in chips) 
Seat 2: An1an1 ($153.82 in chips) 
Seat 3: Supermegopro ($100 in chips) 
Seat 4: m0nTTu ($145.88 in chips) 
Seat 5: canibal27 ($109.78 in chips) 
Seat 6: CEPTT ($117.25 in chips) 
Supermegopro: posts small blind $0.50
m0nTTu: posts big blind $1
*** HOLE CARDS ***
canibal27: folds 
CEPTT: folds 
Randelbo: raises $2 to $3
An1an1: folds 
Supermegopro: folds 
m0nTTu: folds 
Uncalled bet ($2) returned to Randelbo
Randelbo collected $2.50 from pot
*** SUMMARY ***
Total pot $2.50 | Rake $0 
Seat 1: Randelbo collected ($2.50)
Seat 2: An1an1 (button) folded before Flop (didn't bet)
Seat 3: Supermegopro (small blind) folded before Flop
Seat 4: m0nTTu (big blind) folded before Flop
Seat 5: canibal27 folded before Flop (didn't bet)
Seat 6: CEPTT folded before Flop (didn't bet)



PokerStars Hand #254588168569:  Hold'em No Limit ($0.50/$1.00 USD) - 2025/01/27 0:30:47 WET [2025/01/27 19:30:47 ET]
Table 'Polit IV' 6-max Seat #3 is the button
Seat 1: Randelbo ($19.64 in chips) 
Seat 2: An1an1 ($153.82 in chips) 
Seat 3: Supermegopro ($100 in chips) 
Seat 4: m0nTTu ($144.88 in chips) 
Seat 5: canibal27 ($109.78 in chips) 
Seat 6: CEPTT ($117.25 in chips) 
m0nTTu: posts small blind $0.50
canibal27: posts big blind $1
*** HOLE CARDS ***
CEPTT: folds 
Randelbo: raises $2 to $3
An1an1: folds 
Supermegopro: folds 
m0nTTu: folds 
canibal27: folds 
Uncalled bet ($2) returned to Randelbo
Randelbo collected $2.50 from pot
*** SUMMARY ***
Total pot $2.50 | Rake $0 
Seat 1: Randelbo collected ($2.50)
Seat 2: An1an1 folded before Flop (didn't bet)
Seat 3: Supermegopro (button) folded before Flop (didn't bet)
Seat 4: m0nTTu (small blind) folded before Flop
Seat 5: canibal27 (big blind) folded before Flop
Seat 6: CEPTT folded before Flop (didn't bet)



PokerStars Hand #254588172370:  Hold'em No Limit ($0.50/$1.00 USD) - 2025/01/27 0:31:07 WET [2025/01/27 19:31:07 ET]
Table 'Polit IV' 6-max Seat #4 is the button
Seat 1: Randelbo ($21.14 in chips) 
Seat 2: An1an1 ($153.82 in chips) 
Seat 3: Supermegopro ($100 in chips) 
Seat 4: m0nTTu ($144.38 in chips) 
Seat 5: canibal27 ($108.78 in chips) 
Seat 6: CEPTT ($117.25 in chips) 
canibal27: posts small blind $0.50
CEPTT: posts big blind $1
*** HOLE CARDS ***
Randelbo: folds 
An1an1: folds 
Supermegopro: folds 
m0nTTu: folds 
canibal27: raises $2 to $3
CEPTT: raises $6 to $9
canibal27: folds 
Uncalled bet ($6) returned to CEPTT
CEPTT collected $6 from pot
CEPTT: doesn't show hand 
*** SUMMARY ***
Total pot $6 | Rake $0 
Seat 1: Randelbo folded before Flop (didn't bet)
Seat 2: An1an1 folded before Flop (didn't bet)
Seat 3: Supermegopro folded before Flop (didn't bet)
Seat 4: m0nTTu (button) folded before Flop (didn't bet)
Seat 5: canibal27 (small blind) folded before Flop
Seat 6: CEPTT (big blind) collected ($6)



PokerStars Hand #254588179402:  Hold'em No Limit ($0.50/$1.00 USD) - 2025/01/27 0:31:42 WET [2025/01/27 19:31:42 ET]
Table 'Polit IV' 6-max Seat #5 is the button
Seat 1: Randelbo ($21.14 in chips) 
Seat 2: An1an1 ($153.82 in chips) 
Seat 3: Supermegopro ($100 in chips) 
Seat 4: m0nTTu ($144.38 in chips) 
Seat 5: canibal27 ($105.78 in chips) 
Seat 6: CEPTT ($120.25 in chips) 
CEPTT: posts small blind $0.50
Randelbo: posts big blind $1
*** HOLE CARDS ***
An1an1: folds 
Supermegopro: folds 
m0nTTu: raises $1.50 to $2.50
canibal27: folds 
CEPTT: folds 
Randelbo has timed out
Randelbo: folds 
Uncalled bet ($1.50) returned to m0nTTu
m0nTTu collected $2.50 from pot
Randelbo is disconnected 
m0nTTu: doesn't show hand 
*** SUMMARY ***
Total pot $2.50 | Rake $0 
Seat 1: Randelbo (big blind) folded before Flop
Seat 2: An1an1 folded before Flop (didn't bet)
Seat 3: Supermegopro folded before Flop (didn't bet)
Seat 4: m0nTTu collected ($2.50)
Seat 5: canibal27 (button) folded before Flop (didn't bet)
Seat 6: CEPTT (small blind) folded before Flop



PokerStars Hand #254588188500:  Hold'em No Limit ($0.50/$1.00 USD) - 2025/01/27 0:32:28 WET [2025/01/27 19:32:28 ET]
Table 'Polit IV' 6-max Seat #6 is the button
Seat 1: Randelbo ($20.14 in chips) is sitting out
Seat 2: An1an1 ($153.82 in chips) 
Seat 3: Supermegopro ($100 in chips) 
Seat 4: m0nTTu ($145.88 in chips) 
Seat 5: canibal27 ($105.78 in chips) 
Seat 6: CEPTT ($119.75 in chips) 
An1an1: posts small blind $0.50
Supermegopro: posts big blind $1
*** HOLE CARDS ***
m0nTTu: folds 
canibal27: folds 
CEPTT: folds 
An1an1: folds 
Uncalled bet ($0.50) returned to Supermegopro
Supermegopro collected $1 from pot
Supermegopro: doesn't show hand 
*** SUMMARY ***
Total pot $1 | Rake $0 
Seat 1: Randelbo
Seat 2: An1an1 (small blind) folded before Flop
Seat 3: Supermegopro (big blind) collected ($1)
Seat 4: m0nTTu folded before Flop (didn't bet)
Seat 5: canibal27 folded before Flop (didn't bet)
Seat 6: CEPTT (button) folded before Flop (didn't bet)



PokerStars Hand #254588193027:  Hold'em No Limit ($0.50/$1.00 USD) - 2025/01/27 0:32:51 WET [2025/01/27 19:32:51 ET]
Table 'Polit IV' 6-max Seat #2 is the button
Seat 1: Randelbo ($20.14 in chips) is sitting out
Seat 2: An1an1 ($153.32 in chips) 
Seat 3: Supermegopro ($100.50 in chips) 
Seat 4: m0nTTu ($145.88 in chips) 
Seat 5: canibal27 ($105.78 in chips) 
Seat 6: CEPTT ($119.75 in chips) 
Supermegopro: posts small blind $0.50
m0nTTu: posts big blind $1
Randelbo: sits out 
*** HOLE CARDS ***
canibal27: folds 
CEPTT: folds 
An1an1: folds 
Supermegopro: folds 
Uncalled bet ($0.50) returned to m0nTTu
m0nTTu collected $1 from pot
m0nTTu: doesn't show hand 
*** SUMMARY ***
Total pot $1 | Rake $0 
Seat 1: Randelbo
Seat 2: An1an1 (button) folded before Flop (didn't bet)
Seat 3: Supermegopro (small blind) folded before Flop
Seat 4: m0nTTu (big blind) collected ($1)
Seat 5: canibal27 folded before Flop (didn't bet)
Seat 6: CEPTT folded before Flop (didn't bet)



PokerStars Hand #254588196998:  Hold'em No Limit ($0.50/$1.00 USD) - 2025/01/27 0:33:12 WET [2025/01/27 19:33:12 ET]
Table 'Polit IV' 6-max Seat #3 is the button
Seat 1: Randelbo ($20.14 in chips) 
Seat 2: An1an1 ($153.32 in chips) 
Seat 3: Supermegopro ($100 in chips) 
Seat 4: m0nTTu ($146.38 in chips) 
Seat 5: canibal27 ($105.78 in chips) 
Seat 6: CEPTT ($119.75 in chips) 
m0nTTu: posts small blind $0.50
canibal27: posts big blind $1
Randelbo: posts small blind $0.50
*** HOLE CARDS ***
CEPTT: folds 
Randelbo: folds 
An1an1: raises $1 to $2
Supermegopro: folds 
m0nTTu: folds 
canibal27: folds 
Uncalled bet ($1) returned to An1an1
An1an1 collected $3 from pot
An1an1: doesn't show hand 
*** SUMMARY ***
Total pot $3 | Rake $0 
Seat 1: Randelbo folded before Flop (didn't bet)
Seat 2: An1an1 collected ($3)
Seat 3: Supermegopro (button) folded before Flop (didn't bet)
Seat 4: m0nTTu (small blind) folded before Flop
Seat 5: canibal27 (big blind) folded before Flop
Seat 6: CEPTT folded before Flop (didn't bet)



PokerStars Hand #254588204793:  Hold'em No Limit ($0.50/$1.00 USD) - 2025/01/27 0:33:51 WET [2025/01/27 19:33:51 ET]
Table 'Polit IV' 6-max Seat #4 is the button
Seat 1: Randelbo ($19.64 in chips) 
Seat 2: An1an1 ($155.32 in chips) 
Seat 3: Supermegopro ($100 in chips) 
Seat 4: m0nTTu ($145.88 in chips) 
Seat 5: canibal27 ($104.78 in chips) 
Seat 6: CEPTT ($119.75 in chips) 
canibal27: posts small blind $0.50
CEPTT: posts big blind $1
*** HOLE CARDS ***
Randelbo: calls $1
An1an1: folds 
Supermegopro: folds 
m0nTTu: folds 
canibal27: calls $0.50
CEPTT: checks 
*** FLOP *** [Qs 7h 4c]
canibal27: checks 
CEPTT: bets $1
Randelbo: raises $4.85 to $5.85
canibal27: folds 
CEPTT: calls $4.85
*** TURN *** [Qs 7h 4c] [6c]
CEPTT: checks 
Randelbo: bets $12.79 and is all-in
CEPTT: calls $12.79
*** RIVER *** [Qs 7h 4c 6c] [As]
*** SHOW DOWN ***
CEPTT: shows [7s 9c] (a pair of Sevens)
Randelbo: shows [Qc Ac] (two pair, Aces and Queens)
Randelbo collected $38.27 from pot
*** SUMMARY ***
Total pot $40.28 | Rake $2.01 
Board [Qs 7h 4c 6c As]
Seat 1: Randelbo showed [Qc Ac] and won ($38.27) with two pair, Aces and Queens
Seat 2: An1an1 folded before Flop (didn't bet)
Seat 3: Supermegopro folded before Flop (didn't bet)
Seat 4: m0nTTu (button) folded before Flop (didn't bet)
Seat 5: canibal27 (small blind) folded on the Flop
Seat 6: CEPTT (big blind) showed [7s 9c] and lost with a pair of Sevens



PokerStars Hand #254588222848:  Hold'em No Limit ($0.50/$1.00 USD) - 2025/01/27 0:35:25 WET [2025/01/27 19:35:25 ET]
Table 'Polit IV' 6-max Seat #5 is the button
Seat 1: Randelbo ($38.27 in chips) 
Seat 2: An1an1 ($155.32 in chips) 
Seat 3: Supermegopro ($100 in chips) 
Seat 4: m0nTTu ($145.88 in chips) 
Seat 5: canibal27 ($103.78 in chips) 
Seat 6: CEPTT ($100.11 in chips) 
CEPTT: posts small blind $0.50
Randelbo: posts big blind $1
*** HOLE CARDS ***
An1an1: raises $1 to $2
Supermegopro: raises $6 to $8
m0nTTu: folds 
canibal27: folds 
CEPTT: folds 
Randelbo: folds 
An1an1: folds 
Uncalled bet ($6) returned to Supermegopro
Supermegopro collected $5.50 from pot
Supermegopro: doesn't show hand 
*** SUMMARY ***
Total pot $5.50 | Rake $0 
Seat 1: Randelbo (big blind) folded before Flop
Seat 2: An1an1 folded before Flop
Seat 3: Supermegopro collected ($5.50)
Seat 4: m0nTTu folded before Flop (didn't bet)
Seat 5: canibal27 (button) folded before Flop (didn't bet)
Seat 6: CEPTT (small blind) folded before Flop



PokerStars Hand #254588229114:  Hold'em No Limit ($0.50/$1.00 USD) - 2025/01/27 0:35:57 WET [2025/01/27 19:35:57 ET]
Table 'Polit IV' 6-max Seat #6 is the button
Seat 1: Randelbo ($37.27 in chips) 
Seat 2: An1an1 ($153.32 in chips) 
Seat 3: Supermegopro ($103.50 in chips) 
Seat 4: m0nTTu ($145.88 in chips) 
Seat 5: canibal27 ($103.78 in chips) 
Seat 6: CEPTT ($100 in chips) 
Randelbo: posts small blind $0.50
An1an1: posts big blind $1
*** HOLE CARDS ***
Supermegopro: folds 
m0nTTu: folds 
canibal27: raises $1.30 to $2.30
CEPTT: folds 
Randelbo has timed out
Randelbo: folds 
An1an1: folds 
Uncalled bet ($1.30) returned to canibal27
canibal27 collected $2.50 from pot
canibal27: doesn't show hand 
*** SUMMARY ***
Total pot $2.50 | Rake $0 
Seat 1: Randelbo (small blind) folded before Flop
Seat 2: An1an1 (big blind) folded before Flop
Seat 3: Supermegopro folded before Flop (didn't bet)
Seat 4: m0nTTu folded before Flop (didn't bet)
Seat 5: canibal27 collected ($2.50)
Seat 6: CEPTT (button) folded before Flop (didn't bet)



PokerStars Hand #254588235320:  Hold'em No Limit ($0.50/$1.00 USD) - 2025/01/27 0:36:29 WET [2025/01/27 19:36:29 ET]
Table 'Polit IV' 6-max Seat #2 is the button
Seat 1: Randelbo ($36.77 in chips) is sitting out
Seat 2: An1an1 ($152.32 in chips) 
Seat 3: Supermegopro ($103.50 in chips) 
Seat 4: m0nTTu ($145.88 in chips) 
Seat 5: canibal27 ($105.28 in chips) 
Seat 6: CEPTT ($100 in chips) 
Supermegopro: posts small blind $0.50
m0nTTu: posts big blind $1
*** HOLE CARDS ***
canibal27: folds 
CEPTT: folds 
An1an1: folds 
Supermegopro: raises $2 to $3
m0nTTu: folds 
Uncalled bet ($2) returned to Supermegopro
Supermegopro collected $2 from pot
Supermegopro: doesn't show hand 
*** SUMMARY ***
Total pot $2 | Rake $0 
Seat 1: Randelbo
Seat 2: An1an1 (button) folded before Flop (didn't bet)
Seat 3: Supermegopro (small blind) collected ($2)
Seat 4: m0nTTu (big blind) folded before Flop
Seat 5: canibal27 folded before Flop (didn't bet)
Seat 6: CEPTT folded before Flop (didn't bet)



PokerStars Hand #254588240137:  Hold'em No Limit ($0.50/$1.00 USD) - 2025/01/27 0:36:54 WET [2025/01/27 19:36:54 ET]
Table 'Polit IV' 6-max Seat #3 is the button
Seat 1: Randelbo ($36.77 in chips) 
Seat 2: An1an1 ($152.32 in chips) 
Seat 3: Supermegopro ($104.50 in chips) 
Seat 4: m0nTTu ($144.88 in chips) 
Seat 5: canibal27 ($105.28 in chips) 
Seat 6: CEPTT ($100 in chips) 
m0nTTu: posts small blind $0.50
canibal27: posts big blind $1
*** HOLE CARDS ***
CEPTT: raises $1.25 to $2.25
Randelbo: calls $2.25
An1an1: folds 
Supermegopro: folds 
m0nTTu: folds 
canibal27: calls $1.25
*** FLOP *** [Ah 2d 3s]
canibal27: checks 
CEPTT: checks 
Randelbo: checks 
*** TURN *** [Ah 2d 3s] [6d]
canibal27: checks 
CEPTT: bets $3.45
Randelbo: raises $6.90 to $10.35
canibal27: folds 
CEPTT: folds 
Uncalled bet ($6.90) returned to Randelbo
Randelbo collected $13.44 from pot
*** SUMMARY ***
Total pot $14.15 | Rake $0.71 
Board [Ah 2d 3s 6d]
Seat 1: Randelbo collected ($13.44)
Seat 2: An1an1 folded before Flop (didn't bet)
Seat 3: Supermegopro (button) folded before Flop (didn't bet)
Seat 4: m0nTTu (small blind) folded before Flop
Seat 5: canibal27 (big blind) folded on the Turn
Seat 6: CEPTT folded on the Turn



PokerStars Hand #254588253868:  Hold'em No Limit ($0.50/$1.00 USD) - 2025/01/27 0:38:04 WET [2025/01/27 19:38:04 ET]
Table 'Polit IV' 6-max Seat #4 is the button
Seat 1: Randelbo ($44.51 in chips) 
Seat 2: An1an1 ($152.32 in chips) 
Seat 3: Supermegopro ($104.50 in chips) 
Seat 4: m0nTTu ($144.38 in chips) 
Seat 5: canibal27 ($103.03 in chips) 
Seat 6: CEPTT ($100 in chips) 
canibal27: posts small blind $0.50
CEPTT: posts big blind $1
*** HOLE CARDS ***
Randelbo: calls $1
An1an1: folds 
Supermegopro: raises $4 to $5
m0nTTu: folds 
canibal27: folds 
CEPTT: folds 
Randelbo: calls $4
*** FLOP *** [3h 4h 3s]
Randelbo: checks 
Supermegopro: bets $5.46
Randelbo: calls $5.46
*** TURN *** [3h 4h 3s] [Jd]
Randelbo: bets $34.05 and is all-in
Supermegopro: calls $34.05
*** RIVER *** [3h 4h 3s Jd] [5h]
*** SHOW DOWN ***
Randelbo: shows [2s 4s] (two pair, Fours and Threes)
Supermegopro: shows [Kd Kh] (two pair, Kings and Threes)
Supermegopro collected $88.02 from pot
*** SUMMARY ***
Total pot $90.52 | Rake $2.50 
Board [3h 4h 3s Jd 5h]
Seat 1: Randelbo showed [2s 4s] and lost with two pair, Fours and Threes
Seat 2: An1an1 folded before Flop (didn't bet)
Seat 3: Supermegopro showed [Kd Kh] and won ($88.02) with two pair, Kings and Threes
Seat 4: m0nTTu (button) folded before Flop (didn't bet)
Seat 5: canibal27 (small blind) folded before Flop
Seat 6: CEPTT (big blind) folded before Flop



PokerStars Hand #254588267240:  Hold'em No Limit ($0.50/$1.00 USD) - 2025/01/27 0:39:13 WET [2025/01/27 19:39:13 ET]
Table 'Polit IV' 6-max Seat #5 is the button
Seat 1: Randelbo ($0 in chips) is sitting out
Seat 2: An1an1 ($152.32 in chips) 
Seat 3: Supermegopro ($148.01 in chips) 
Seat 4: m0nTTu ($144.38 in chips) 
Seat 5: canibal27 ($102.53 in chips) 
Seat 6: CEPTT ($100 in chips) 
CEPTT: posts small blind $0.50
An1an1: posts big blind $1
*** HOLE CARDS ***
Supermegopro: folds 
m0nTTu: raises $1.50 to $2.50
canibal27: folds 
CEPTT: folds 
An1an1: folds 
Uncalled bet ($1.50) returned to m0nTTu
m0nTTu collected $2.50 from pot
m0nTTu: doesn't show hand 
*** SUMMARY ***
Total pot $2.50 | Rake $0 
Seat 1: Randelbo
Seat 2: An1an1 (big blind) folded before Flop
Seat 3: Supermegopro folded before Flop (didn't bet)
Seat 4: m0nTTu collected ($2.50)
Seat 5: canibal27 (button) folded before Flop (didn't bet)
Seat 6: CEPTT (small blind) folded before Flop



PokerStars Hand #254588273065:  Hold'em No Limit ($0.50/$1.00 USD) - 2025/01/27 0:39:44 WET [2025/01/27 19:39:44 ET]
Table 'Polit IV' 6-max Seat #6 is the button
Seat 1: Randelbo ($20.74 in chips) is sitting out
Seat 2: An1an1 ($151.32 in chips) 
Seat 3: Supermegopro ($148.01 in chips) 
Seat 4: m0nTTu ($145.88 in chips) 
Seat 5: canibal27 ($102.53 in chips) 
Seat 6: CEPTT ($100 in chips) 
An1an1: posts small blind $0.50
Supermegopro: posts big blind $1
*** HOLE CARDS ***
m0nTTu: folds 
canibal27: raises $1.30 to $2.30
CEPTT: folds 
An1an1: folds 
Supermegopro: calls $1.30
*** FLOP *** [3c 4h 2s]
Supermegopro: checks 
canibal27: checks 
*** TURN *** [3c 4h 2s] [Qd]
Supermegopro: bets $2.42
canibal27: calls $2.42
*** RIVER *** [3c 4h 2s Qd] [Ah]
Supermegopro: checks 
canibal27: bets $14.07
Supermegopro: folds 
Uncalled bet ($14.07) returned to canibal27
canibal27 collected $9.44 from pot
canibal27: doesn't show hand 
*** SUMMARY ***
Total pot $9.94 | Rake $0.50 
Board [3c 4h 2s Qd Ah]
Seat 1: Randelbo
Seat 2: An1an1 (small blind) folded before Flop
Seat 3: Supermegopro (big blind) folded on the River
Seat 4: m0nTTu folded before Flop (didn't bet)
Seat 5: canibal27 collected ($9.44)
Seat 6: CEPTT (button) folded before Flop (didn't bet)



PokerStars Hand #254588283624:  Hold'em No Limit ($0.50/$1.00 USD) - 2025/01/27 0:40:39 WET [2025/01/27 19:40:39 ET]
Table 'Polit IV' 6-max Seat #2 is the button
Seat 1: Randelbo ($20.74 in chips) 
Seat 2: An1an1 ($150.82 in chips) 
Seat 3: Supermegopro ($143.29 in chips) 
Seat 4: m0nTTu ($145.88 in chips) 
Seat 5: canibal27 ($107.25 in chips) 
Seat 6: CEPTT ($100 in chips) 
Supermegopro: posts small blind $0.50
m0nTTu: posts big blind $1
Randelbo: posts small & big blinds $1.50
*** HOLE CARDS ***
canibal27: folds 
CEPTT: folds 
Randelbo: raises $1 to $2
An1an1: folds 
Supermegopro: folds 
m0nTTu: calls $1
*** FLOP *** [4c 2c Js]
m0nTTu: checks 
Randelbo: checks 
*** TURN *** [4c 2c Js] [Kc]
m0nTTu: checks 
Randelbo: bets $4.75
m0nTTu: folds 
Uncalled bet ($4.75) returned to Randelbo
Randelbo collected $4.75 from pot
*** SUMMARY ***
Total pot $5 | Rake $0.25 
Board [4c 2c Js Kc]
Seat 1: Randelbo collected ($4.75)
Seat 2: An1an1 (button) folded before Flop (didn't bet)
Seat 3: Supermegopro (small blind) folded before Flop
Seat 4: m0nTTu (big blind) folded on the Turn
Seat 5: canibal27 folded before Flop (didn't bet)
Seat 6: CEPTT folded before Flop (didn't bet)



PokerStars Hand #254588294889:  Hold'em No Limit ($0.50/$1.00 USD) - 2025/01/27 0:41:38 WET [2025/01/27 19:41:38 ET]
Table 'Polit IV' 6-max Seat #3 is the button
Seat 1: Randelbo ($22.99 in chips) 
Seat 2: An1an1 ($150.82 in chips) 
Seat 3: Supermegopro ($142.79 in chips) 
Seat 4: m0nTTu ($143.88 in chips) 
Seat 5: canibal27 ($107.25 in chips) 
Seat 6: CEPTT ($100 in chips) 
m0nTTu: posts small blind $0.50
canibal27: posts big blind $1
*** HOLE CARDS ***
CEPTT: folds 
Randelbo: calls $1
An1an1: folds 
Supermegopro: folds 
m0nTTu: folds 
canibal27: checks 
*** FLOP *** [Qc 6h Th]
canibal27: checks 
Randelbo has timed out
Randelbo: checks 
*** TURN *** [Qc 6h Th] [5s]
canibal27: checks 
Randelbo: checks 
*** RIVER *** [Qc 6h Th 5s] [4h]
canibal27: bets $1.19
Randelbo: folds 
Uncalled bet ($1.19) returned to canibal27
canibal27 collected $2.38 from pot
canibal27: doesn't show hand 
*** SUMMARY ***
Total pot $2.50 | Rake $0.12 
Board [Qc 6h Th 5s 4h]
Seat 1: Randelbo folded on the River
Seat 2: An1an1 folded before Flop (didn't bet)
Seat 3: Supermegopro (button) folded before Flop (didn't bet)
Seat 4: m0nTTu (small blind) folded before Flop
Seat 5: canibal27 (big blind) collected ($2.38)
Seat 6: CEPTT folded before Flop (didn't bet)



PokerStars Hand #254588310782:  Hold'em No Limit ($0.50/$1.00 USD) - 2025/01/27 0:43:02 WET [2025/01/27 19:43:02 ET]
Table 'Polit IV' 6-max Seat #4 is the button
Seat 1: Randelbo ($21.99 in chips) 
Seat 2: An1an1 ($150.82 in chips) 
Seat 3: Supermegopro ($142.79 in chips) 
Seat 4: m0nTTu ($143.38 in chips) 
Seat 5: canibal27 ($108.63 in chips) 
Seat 6: CEPTT ($100 in chips) 
canibal27: posts small blind $0.50
CEPTT: posts big blind $1
*** HOLE CARDS ***
Randelbo: calls $1
An1an1: folds 
Supermegopro: raises $4 to $5
m0nTTu: folds 
canibal27: folds 
CEPTT: folds 
Randelbo: folds 
Uncalled bet ($4) returned to Supermegopro
Supermegopro collected $3.50 from pot
Supermegopro: doesn't show hand 
*** SUMMARY ***
Total pot $3.50 | Rake $0 
Seat 1: Randelbo folded before Flop
Seat 2: An1an1 folded before Flop (didn't bet)
Seat 3: Supermegopro collected ($3.50)
Seat 4: m0nTTu (button) folded before Flop (didn't bet)
Seat 5: canibal27 (small blind) folded before Flop
Seat 6: CEPTT (big blind) folded before Flop



PokerStars Hand #254588316968:  Hold'em No Limit ($0.50/$1.00 USD) - 2025/01/27 0:43:35 WET [2025/01/27 19:43:35 ET]
Table 'Polit IV' 6-max Seat #5 is the button
Seat 1: Randelbo ($20.99 in chips) 
Seat 2: An1an1 ($150.82 in chips) 
Seat 3: Supermegopro ($145.29 in chips) 
Seat 4: m0nTTu ($143.38 in chips) 
Seat 5: canibal27 ($108.13 in chips) 
Seat 6: CEPTT ($100 in chips) 
CEPTT: posts small blind $0.50
Randelbo: posts big blind $1
*** HOLE CARDS ***
An1an1: folds 
Supermegopro: folds 
m0nTTu: folds 
canibal27: raises $1.50 to $2.50
CEPTT: folds 
Randelbo: calls $1.50
*** FLOP *** [3c Jh 7d]
Randelbo: checks 
canibal27: bets $1.72
Randelbo: folds 
Uncalled bet ($1.72) returned to canibal27
canibal27 collected $5.22 from pot
canibal27: doesn't show hand 
*** SUMMARY ***
Total pot $5.50 | Rake $0.28 
Board [3c Jh 7d]
Seat 1: Randelbo (big blind) folded on the Flop
Seat 2: An1an1 folded before Flop (didn't bet)
Seat 3: Supermegopro folded before Flop (didn't bet)
Seat 4: m0nTTu folded before Flop (didn't bet)
Seat 5: canibal27 (button) collected ($5.22)
Seat 6: CEPTT (small blind) folded before Flop



PokerStars Hand #254588324200:  Hold'em No Limit ($0.50/$1.00 USD) - 2025/01/27 0:44:14 WET [2025/01/27 19:44:14 ET]
Table 'Polit IV' 6-max Seat #6 is the button
Seat 1: Randelbo ($18.49 in chips) 
Seat 2: An1an1 ($150.82 in chips) 
Seat 3: Supermegopro ($145.29 in chips) 
Seat 4: m0nTTu ($143.38 in chips) 
Seat 5: canibal27 ($110.85 in chips) 
Seat 6: CEPTT ($100 in chips) 
Randelbo: posts small blind $0.50
An1an1: posts big blind $1
*** HOLE CARDS ***
Supermegopro: folds 
m0nTTu: folds 
canibal27: folds 
CEPTT: raises $1.85 to $2.85
Randelbo: raises $1.85 to $4.70
An1an1: folds 
CEPTT: raises $18.30 to $23
Randelbo: calls $13.79 and is all-in
Uncalled bet ($4.51) returned to CEPTT
*** FLOP *** [Ks Qd 5d]
*** TURN *** [Ks Qd 5d] [7s]
*** RIVER *** [Ks Qd 5d 7s] [9d]
*** SHOW DOWN ***
Randelbo: shows [8h Ah] (high card Ace)
CEPTT: shows [Ad Qh] (a pair of Queens)
CEPTT collected $36.08 from pot
*** SUMMARY ***
Total pot $37.98 | Rake $1.90 
Board [Ks Qd 5d 7s 9d]
Seat 1: Randelbo (small blind) showed [8h Ah] and lost with high card Ace
Seat 2: An1an1 (big blind) folded before Flop
Seat 3: Supermegopro folded before Flop (didn't bet)
Seat 4: m0nTTu folded before Flop (didn't bet)
Seat 5: canibal27 folded before Flop (didn't bet)
Seat 6: CEPTT (button) showed [Ad Qh] and won ($36.08) with a pair of Queens



