PokerStars Hand #254581803314:  Hold'em No Limit ($0.50/$1.00 USD) - 2025/01/27 18:13:03 WET [2025/01/27 13:13:03 ET]
Table 'Alamak IV' 6-max Seat #1 is the button
Seat 4: Lucastitos ($100 in chips) is sitting out
Seat 1: laloo246 ($112.28 in chips) 
Seat 2: Unipoker11 ($100 in chips) 
Seat 3: michasia ($100 in chips) 
Seat 5: Iospirate ($104.70 in chips) 
Seat 6: tintin641 ($100 in chips) 
Unipoker11: posts small blind $0.50
michasia: posts big blind $1
Lucastitos: sits out 
*** HOLE CARDS ***
Iospirate: folds 
tintin641: folds 
laloo246: raises $1.50 to $2.50
Unipoker11: folds 
michasia: folds 
Uncalled bet ($1.50) returned to laloo246
laloo246 collected $2.50 from pot
laloo246: doesn't show hand 
*** SUMMARY ***
Total pot $2.50 | Rake $0 
Seat 4: Lucastitos
Seat 1: laloo246 (button) collected ($2.50)
Seat 2: Unipoker11 (small blind) folded before Flop
Seat 3: michasia (big blind) folded before Flop
Seat 5: Iospirate folded before Flop (didn't bet)
Seat 6: tintin641 folded before Flop (didn't bet)



PokerStars Hand #254581810580:  Hold'em No Limit ($0.50/$1.00 USD) - 2025/01/27 18:13:30 WET [2025/01/27 13:13:30 ET]
Table 'Alamak IV' 6-max Seat #2 is the button
Seat 1: laloo246 ($113.78 in chips) 
Seat 2: Unipoker11 ($100 in chips) 
Seat 3: michasia ($100 in chips) 
Seat 4: Lucastitos ($100 in chips) 
Seat 5: Iospirate ($104.70 in chips) 
Seat 6: tintin641 ($100 in chips) 
michasia: posts small blind $0.50
Lucastitos: posts big blind $1
*** HOLE CARDS ***
Iospirate: folds 
tintin641: folds 
laloo246: raises $1.20 to $2.20
Unipoker11: raises $5.30 to $7.50
michasia: folds 
Lucastitos: folds 
laloo246: folds 
Uncalled bet ($5.30) returned to Unipoker11
Unipoker11 collected $5.90 from pot
Unipoker11: doesn't show hand 
*** SUMMARY ***
Total pot $5.90 | Rake $0 
Seat 1: laloo246 folded before Flop
Seat 2: Unipoker11 (button) collected ($5.90)
Seat 3: michasia (small blind) folded before Flop
Seat 4: Lucastitos (big blind) folded before Flop
Seat 5: Iospirate folded before Flop (didn't bet)
Seat 6: tintin641 folded before Flop (didn't bet)



PokerStars Hand #254581818669:  Hold'em No Limit ($0.50/$1.00 USD) - 2025/01/27 18:13:59 WET [2025/01/27 13:13:59 ET]
Table 'Alamak IV' 6-max Seat #3 is the button
Seat 1: laloo246 ($111.58 in chips) 
Seat 2: Unipoker11 ($103.70 in chips) 
Seat 3: michasia ($100 in chips) 
Seat 4: Lucastitos ($100 in chips) 
Seat 5: Iospirate ($104.70 in chips) 
Seat 6: tintin641 ($100 in chips) 
Lucastitos: posts small blind $0.50
Iospirate: posts big blind $1
*** HOLE CARDS ***
tintin641: folds 
laloo246: raises $1.20 to $2.20
Unipoker11: folds 
michasia: folds 
Lucastitos: folds 
Iospirate: folds 
Uncalled bet ($1.20) returned to laloo246
laloo246 collected $2.50 from pot
laloo246: doesn't show hand 
*** SUMMARY ***
Total pot $2.50 | Rake $0 
Seat 1: laloo246 collected ($2.50)
Seat 2: Unipoker11 folded before Flop (didn't bet)
Seat 3: michasia (button) folded before Flop (didn't bet)
Seat 4: Lucastitos (small blind) folded before Flop
Seat 5: Iospirate (big blind) folded before Flop
Seat 6: tintin641 folded before Flop (didn't bet)



PokerStars Hand #254581822828:  Hold'em No Limit ($0.50/$1.00 USD) - 2025/01/27 18:14:15 WET [2025/01/27 13:14:15 ET]
Table 'Alamak IV' 6-max Seat #4 is the button
Seat 1: laloo246 ($113.08 in chips) is sitting out
Seat 6: tintin641 ($100 in chips) is sitting out
Seat 2: Unipoker11 ($103.70 in chips) 
Seat 3: michasia ($100 in chips) 
Seat 4: Lucastitos ($100 in chips) 
Seat 5: Iospirate ($103.70 in chips) 
Iospirate: posts small blind $0.50
tintin641: is sitting out 
laloo246: is sitting out 
Unipoker11: posts big blind $1
*** HOLE CARDS ***
laloo246 leaves the table
tintin641 leaves the table
michasia: folds 
DJNezz joins the table at seat #1 
Lucastitos: folds 
Iospirate: calls $0.50
Unipoker11: checks 
*** FLOP *** [2h 4s Ac]
Iospirate: checks 
Unipoker11: bets $1
Iospirate: folds 
Uncalled bet ($1) returned to Unipoker11
Unipoker11 collected $1.90 from pot
Unipoker11: doesn't show hand 
*** SUMMARY ***
Total pot $2 | Rake $0.10 
Board [2h 4s Ac]
Seat 1: laloo246
Seat 6: tintin641
Seat 2: Unipoker11 (big blind) collected ($1.90)
Seat 3: michasia folded before Flop (didn't bet)
Seat 4: Lucastitos (button) folded before Flop (didn't bet)
Seat 5: Iospirate (small blind) folded on the Flop



PokerStars Hand #254581835887:  Hold'em No Limit ($0.50/$1.00 USD) - 2025/01/27 18:15:02 WET [2025/01/27 13:15:02 ET]
Table 'Alamak IV' 6-max Seat #5 is the button
Seat 1: DJNezz ($100 in chips) is sitting out
Seat 2: Unipoker11 ($104.60 in chips) 
Seat 3: michasia ($100 in chips) 
Seat 4: Lucastitos ($100 in chips) 
Seat 5: Iospirate ($102.70 in chips) 
Unipoker11: posts small blind $0.50
michasia: posts big blind $1
*** HOLE CARDS ***
Lucastitos: raises $1.30 to $2.30
Iospirate: folds 
Unipoker11: folds 
michasia: calls $1.30
*** FLOP *** [9c 3d 8s]
michasia: checks 
Lucastitos: checks 
*** TURN *** [9c 3d 8s] [2d]
michasia: checks 
Lucastitos: checks 
*** RIVER *** [9c 3d 8s 2d] [6c]
michasia: bets $3.23
Lucastitos: calls $3.23
*** SHOW DOWN ***
michasia: shows [Th As] (high card Ace)
Lucastitos: mucks hand 
michasia collected $10.98 from pot
*** SUMMARY ***
Total pot $11.56 | Rake $0.58 
Board [9c 3d 8s 2d 6c]
Seat 1: DJNezz
Seat 2: Unipoker11 (small blind) folded before Flop
Seat 3: michasia (big blind) showed [Th As] and won ($10.98) with high card Ace
Seat 4: Lucastitos mucked
Seat 5: Iospirate (button) folded before Flop (didn't bet)



PokerStars Hand #254581846552:  Hold'em No Limit ($0.50/$1.00 USD) - 2025/01/27 18:15:41 WET [2025/01/27 13:15:41 ET]
Table 'Alamak IV' 6-max Seat #2 is the button
Seat 1: DJNezz ($100 in chips) is sitting out
Seat 2: Unipoker11 ($104.10 in chips) 
Seat 3: michasia ($105.45 in chips) 
Seat 4: Lucastitos ($100 in chips) 
Seat 5: Iospirate ($102.70 in chips) 
michasia: posts small blind $0.50
Lucastitos: posts big blind $1
DJNezz: sits out 
*** HOLE CARDS ***
Iospirate: folds 
ligeti lajos joins the table at seat #6 
Unipoker11: folds 
michasia: raises $2 to $3
Lucastitos: calls $2
*** FLOP *** [Qs 9c 2s]
michasia: checks 
Lucastitos: checks 
*** TURN *** [Qs 9c 2s] [Kc]
michasia: checks 
Lucastitos: bets $1.88
michasia: calls $1.88
*** RIVER *** [Qs 9c 2s Kc] [3s]
michasia: checks 
Lucastitos: checks 
*** SHOW DOWN ***
michasia: shows [2h Jh] (a pair of Deuces)
Lucastitos: shows [9s Th] (a pair of Nines)
Lucastitos collected $9.27 from pot
*** SUMMARY ***
Total pot $9.76 | Rake $0.49 
Board [Qs 9c 2s Kc 3s]
Seat 1: DJNezz
Seat 2: Unipoker11 (button) folded before Flop (didn't bet)
Seat 3: michasia (small blind) showed [2h Jh] and lost with a pair of Deuces
Seat 4: Lucastitos (big blind) showed [9s Th] and won ($9.27) with a pair of Nines
Seat 5: Iospirate folded before Flop (didn't bet)



PokerStars Hand #254581855820:  Hold'em No Limit ($0.50/$1.00 USD) - 2025/01/27 18:16:15 WET [2025/01/27 13:16:15 ET]
Table 'Alamak IV' 6-max Seat #3 is the button
Seat 1: DJNezz ($100 in chips) is sitting out
Seat 2: Unipoker11 ($104.10 in chips) 
Seat 3: michasia ($100.57 in chips) 
Seat 4: Lucastitos ($104.39 in chips) 
Seat 5: Iospirate ($102.70 in chips) 
Seat 6: ligeti lajos ($80 in chips) 
Lucastitos: posts small blind $0.50
Iospirate: posts big blind $1
ligeti lajos: posts big blind $1
DJNezz: sits out 
*** HOLE CARDS ***
ligeti lajos: checks 
Unipoker11: raises $2.50 to $3.50
michasia: raises $6.50 to $10
Lucastitos: folds 
Iospirate: folds 
ligeti lajos: folds 
Unipoker11: folds 
Uncalled bet ($6.50) returned to michasia
michasia collected $9.50 from pot
michasia: doesn't show hand 
*** SUMMARY ***
Total pot $9.50 | Rake $0 
Seat 1: DJNezz
Seat 2: Unipoker11 folded before Flop
Seat 3: michasia (button) collected ($9.50)
Seat 4: Lucastitos (small blind) folded before Flop
Seat 5: Iospirate (big blind) folded before Flop
Seat 6: ligeti lajos folded before Flop (didn't bet)



PokerStars Hand #254581870887:  Hold'em No Limit ($0.50/$1.00 USD) - 2025/01/27 18:17:10 WET [2025/01/27 13:17:10 ET]
Table 'Alamak IV' 6-max Seat #4 is the button
Seat 1: DJNezz ($100 in chips) is sitting out
Seat 2: Unipoker11 ($100.60 in chips) 
Seat 3: michasia ($106.57 in chips) 
Seat 4: Lucastitos ($103.89 in chips) 
Seat 5: Iospirate ($101.70 in chips) 
Seat 6: ligeti lajos ($79 in chips) 
Iospirate: posts small blind $0.50
ligeti lajos: posts big blind $1
DJNezz: sits out 
*** HOLE CARDS ***
Unipoker11: folds 
michasia: raises $1.80 to $2.80
Lucastitos: folds 
Iospirate: folds 
ligeti lajos: calls $1.80
*** FLOP *** [5d Td 9d]
ligeti lajos: checks 
michasia: checks 
*** TURN *** [5d Td 9d] [4s]
ligeti lajos: checks 
michasia: checks 
*** RIVER *** [5d Td 9d 4s] [2h]
ligeti lajos: checks 
michasia: checks 
*** SHOW DOWN ***
ligeti lajos: shows [Kc 3d] (high card King)
michasia: shows [Qh Ks] (high card King - Queen kicker)
michasia collected $5.80 from pot
*** SUMMARY ***
Total pot $6.10 | Rake $0.30 
Board [5d Td 9d 4s 2h]
Seat 1: DJNezz
Seat 2: Unipoker11 folded before Flop (didn't bet)
Seat 3: michasia showed [Qh Ks] and won ($5.80) with high card King
Seat 4: Lucastitos (button) folded before Flop (didn't bet)
Seat 5: Iospirate (small blind) folded before Flop
Seat 6: ligeti lajos (big blind) showed [Kc 3d] and lost with high card King



PokerStars Hand #254581880602:  Hold'em No Limit ($0.50/$1.00 USD) - 2025/01/27 18:17:46 WET [2025/01/27 13:17:46 ET]
Table 'Alamak IV' 6-max Seat #5 is the button
Seat 1: DJNezz ($100 in chips) 
Seat 2: Unipoker11 ($100.60 in chips) 
Seat 3: michasia ($109.57 in chips) 
Seat 4: Lucastitos ($103.89 in chips) 
Seat 5: Iospirate ($101.20 in chips) 
Seat 6: ligeti lajos ($76.20 in chips) 
ligeti lajos: posts small blind $0.50
DJNezz: posts big blind $1
*** HOLE CARDS ***
Unipoker11: folds 
michasia: folds 
Lucastitos: folds 
Iospirate: calls $1
ligeti lajos: calls $0.50
DJNezz: checks 
*** FLOP *** [9s 6d 5s]
ligeti lajos: checks 
DJNezz: checks 
Iospirate: checks 
*** TURN *** [9s 6d 5s] [Qc]
ligeti lajos: bets $1.43
DJNezz: folds 
Iospirate: calls $1.43
*** RIVER *** [9s 6d 5s Qc] [Td]
ligeti lajos: bets $2.79
Iospirate: folds 
Uncalled bet ($2.79) returned to ligeti lajos
ligeti lajos collected $5.57 from pot
ligeti lajos: doesn't show hand 
*** SUMMARY ***
Total pot $5.86 | Rake $0.29 
Board [9s 6d 5s Qc Td]
Seat 1: DJNezz (big blind) folded on the Turn
Seat 2: Unipoker11 folded before Flop (didn't bet)
Seat 3: michasia folded before Flop (didn't bet)
Seat 4: Lucastitos folded before Flop (didn't bet)
Seat 5: Iospirate (button) folded on the River
Seat 6: ligeti lajos (small blind) collected ($5.57)



PokerStars Hand #254581902217:  Hold'em No Limit ($0.50/$1.00 USD) - 2025/01/27 18:19:05 WET [2025/01/27 13:19:05 ET]
Table 'Alamak IV' 6-max Seat #6 is the button
Seat 1: DJNezz ($100 in chips) 
Seat 2: Unipoker11 ($100.60 in chips) 
Seat 3: michasia ($109.57 in chips) 
Seat 4: Lucastitos ($103.89 in chips) 
Seat 5: Iospirate ($98.77 in chips) 
Seat 6: ligeti lajos ($79.34 in chips) 
DJNezz: posts small blind $0.50
Unipoker11: posts big blind $1
*** HOLE CARDS ***
michasia: folds 
Lucastitos: raises $1.10 to $2.10
Iospirate: folds 
ligeti lajos: folds 
DJNezz: folds 
Unipoker11: folds 
Uncalled bet ($1.10) returned to Lucastitos
Lucastitos collected $2.50 from pot
Lucastitos: doesn't show hand 
*** SUMMARY ***
Total pot $2.50 | Rake $0 
Seat 1: DJNezz (small blind) folded before Flop
Seat 2: Unipoker11 (big blind) folded before Flop
Seat 3: michasia folded before Flop (didn't bet)
Seat 4: Lucastitos collected ($2.50)
Seat 5: Iospirate folded before Flop (didn't bet)
Seat 6: ligeti lajos (button) folded before Flop (didn't bet)



PokerStars Hand #254581907955:  Hold'em No Limit ($0.50/$1.00 USD) - 2025/01/27 18:19:26 WET [2025/01/27 13:19:26 ET]
Table 'Alamak IV' 6-max Seat #1 is the button
Seat 1: DJNezz ($100 in chips) 
Seat 2: Unipoker11 ($100 in chips) 
Seat 3: michasia ($109.57 in chips) 
Seat 4: Lucastitos ($105.39 in chips) 
Seat 5: Iospirate ($98.77 in chips) 
Seat 6: ligeti lajos ($79.34 in chips) 
Unipoker11: posts small blind $0.50
michasia: posts big blind $1
*** HOLE CARDS ***
Lucastitos: folds 
Iospirate: folds 
ligeti lajos: calls $1
DJNezz: folds 
Unipoker11: calls $0.50
michasia: checks 
*** FLOP *** [4c Jc Jd]
Unipoker11: checks 
michasia: bets $1.90
ligeti lajos: folds 
Unipoker11: folds 
Uncalled bet ($1.90) returned to michasia
michasia collected $2.85 from pot
michasia: doesn't show hand 
*** SUMMARY ***
Total pot $3 | Rake $0.15 
Board [4c Jc Jd]
Seat 1: DJNezz (button) folded before Flop (didn't bet)
Seat 2: Unipoker11 (small blind) folded on the Flop
Seat 3: michasia (big blind) collected ($2.85)
Seat 4: Lucastitos folded before Flop (didn't bet)
Seat 5: Iospirate folded before Flop (didn't bet)
Seat 6: ligeti lajos folded on the Flop



PokerStars Hand #254581915781:  Hold'em No Limit ($0.50/$1.00 USD) - 2025/01/27 18:19:55 WET [2025/01/27 13:19:55 ET]
Table 'Alamak IV' 6-max Seat #2 is the button
Seat 1: DJNezz ($100 in chips) 
Seat 2: Unipoker11 ($100 in chips) 
Seat 3: michasia ($111.42 in chips) 
Seat 4: Lucastitos ($105.39 in chips) 
Seat 5: Iospirate ($98.77 in chips) 
Seat 6: ligeti lajos ($78.34 in chips) 
michasia: posts small blind $0.50
Lucastitos: posts big blind $1
*** HOLE CARDS ***
Iospirate: calls $1
ligeti lajos: folds 
DJNezz: folds 
Unipoker11: folds 
michasia: folds 
Lucastitos: checks 
*** FLOP *** [Kd Th Td]
Lucastitos: checks 
Iospirate: checks 
*** TURN *** [Kd Th Td] [4s]
Lucastitos: checks 
Iospirate: bets $2
Lucastitos: folds 
Uncalled bet ($2) returned to Iospirate
Iospirate collected $2.38 from pot
Iospirate: doesn't show hand 
*** SUMMARY ***
Total pot $2.50 | Rake $0.12 
Board [Kd Th Td 4s]
Seat 1: DJNezz folded before Flop (didn't bet)
Seat 2: Unipoker11 (button) folded before Flop (didn't bet)
Seat 3: michasia (small blind) folded before Flop
Seat 4: Lucastitos (big blind) folded on the Turn
Seat 5: Iospirate collected ($2.38)
Seat 6: ligeti lajos folded before Flop (didn't bet)



PokerStars Hand #254581926166:  Hold'em No Limit ($0.50/$1.00 USD) - 2025/01/27 18:20:33 WET [2025/01/27 13:20:33 ET]
Table 'Alamak IV' 6-max Seat #3 is the button
Seat 1: DJNezz ($100 in chips) 
Seat 2: Unipoker11 ($100 in chips) 
Seat 3: michasia ($110.92 in chips) 
Seat 4: Lucastitos ($104.39 in chips) 
Seat 5: Iospirate ($100.15 in chips) 
Seat 6: ligeti lajos ($78.34 in chips) 
Lucastitos: posts small blind $0.50
Iospirate: posts big blind $1
*** HOLE CARDS ***
ligeti lajos: calls $1
DJNezz: folds 
Unipoker11: folds 
michasia: folds 
Lucastitos: calls $0.50
Iospirate: checks 
*** FLOP *** [7s 4h Ts]
Lucastitos: checks 
Iospirate: checks 
ligeti lajos: bets $2.85
Lucastitos: folds 
Iospirate: folds 
Uncalled bet ($2.85) returned to ligeti lajos
ligeti lajos collected $2.85 from pot
ligeti lajos: doesn't show hand 
*** SUMMARY ***
Total pot $3 | Rake $0.15 
Board [7s 4h Ts]
Seat 1: DJNezz folded before Flop (didn't bet)
Seat 2: Unipoker11 folded before Flop (didn't bet)
Seat 3: michasia (button) folded before Flop (didn't bet)
Seat 4: Lucastitos (small blind) folded on the Flop
Seat 5: Iospirate (big blind) folded on the Flop
Seat 6: ligeti lajos collected ($2.85)



PokerStars Hand #254581936068:  Hold'em No Limit ($0.50/$1.00 USD) - 2025/01/27 18:21:08 WET [2025/01/27 13:21:08 ET]
Table 'Alamak IV' 6-max Seat #4 is the button
Seat 1: DJNezz ($100 in chips) 
Seat 2: Unipoker11 ($100 in chips) 
Seat 3: michasia ($110.92 in chips) 
Seat 4: Lucastitos ($103.39 in chips) 
Seat 5: Iospirate ($99.15 in chips) 
Seat 6: ligeti lajos ($80.19 in chips) 
Iospirate: posts small blind $0.50
ligeti lajos: posts big blind $1
*** HOLE CARDS ***
DJNezz: folds 
Unipoker11: folds 
michasia: raises $1.80 to $2.80
Lucastitos: folds 
Iospirate: folds 
ligeti lajos: folds 
Uncalled bet ($1.80) returned to michasia
michasia collected $2.50 from pot
michasia: doesn't show hand 
*** SUMMARY ***
Total pot $2.50 | Rake $0 
Seat 1: DJNezz folded before Flop (didn't bet)
Seat 2: Unipoker11 folded before Flop (didn't bet)
Seat 3: michasia collected ($2.50)
Seat 4: Lucastitos (button) folded before Flop (didn't bet)
Seat 5: Iospirate (small blind) folded before Flop
Seat 6: ligeti lajos (big blind) folded before Flop



PokerStars Hand #254581942427:  Hold'em No Limit ($0.50/$1.00 USD) - 2025/01/27 18:21:32 WET [2025/01/27 13:21:32 ET]
Table 'Alamak IV' 6-max Seat #5 is the button
Seat 1: DJNezz ($100 in chips) 
Seat 2: Unipoker11 ($100 in chips) 
Seat 3: michasia ($112.42 in chips) 
Seat 4: Lucastitos ($103.39 in chips) 
Seat 5: Iospirate ($98.65 in chips) 
Seat 6: ligeti lajos ($79.19 in chips) 
ligeti lajos: posts small blind $0.50
DJNezz: posts big blind $1
*** HOLE CARDS ***
Unipoker11: folds 
michasia: folds 
Lucastitos: folds 
Iospirate: calls $1
ligeti lajos: raises $1 to $2
DJNezz: calls $1
Iospirate: calls $1
*** FLOP *** [3s Jc 9c]
ligeti lajos: bets $2.85
DJNezz: raises $5.70 to $8.55
Iospirate: calls $8.55
ligeti lajos: calls $5.70
*** TURN *** [3s Jc 9c] [As]
ligeti lajos: checks 
DJNezz: bets $22.55
Iospirate: calls $22.55
ligeti lajos: calls $22.55
*** RIVER *** [3s Jc 9c As] [5d]
ligeti lajos: checks 
DJNezz: bets $66.90 and is all-in
Iospirate: folds 
ligeti lajos: folds 
Uncalled bet ($66.90) returned to DJNezz
DJNezz collected $96.80 from pot
*** SUMMARY ***
Total pot $99.30 | Rake $2.50 
Board [3s Jc 9c As 5d]
Seat 1: DJNezz (big blind) collected ($96.80)
Seat 2: Unipoker11 folded before Flop (didn't bet)
Seat 3: michasia folded before Flop (didn't bet)
Seat 4: Lucastitos folded before Flop (didn't bet)
Seat 5: Iospirate (button) folded on the River
Seat 6: ligeti lajos (small blind) folded on the River



PokerStars Hand #254581981974:  Hold'em No Limit ($0.50/$1.00 USD) - 2025/01/27 18:23:53 WET [2025/01/27 13:23:53 ET]
Table 'Alamak IV' 6-max Seat #6 is the button
Seat 1: DJNezz ($163.70 in chips) 
Seat 2: Unipoker11 ($100 in chips) 
Seat 3: michasia ($112.42 in chips) 
Seat 4: Lucastitos ($103.39 in chips) 
Seat 5: Iospirate ($65.55 in chips) 
Seat 6: ligeti lajos ($46.09 in chips) 
DJNezz: posts small blind $0.50
Unipoker11: posts big blind $1
*** HOLE CARDS ***
michasia: folds 
Lucastitos: folds 
Iospirate: folds 
ligeti lajos: raises $1 to $2
DJNezz: folds 
Unipoker11: calls $1
*** FLOP *** [Tc 7c Jc]
Unipoker11: checks 
ligeti lajos: checks 
*** TURN *** [Tc 7c Jc] [7h]
Unipoker11: bets $1.41
ligeti lajos: calls $1.41
*** RIVER *** [Tc 7c Jc 7h] [As]
Unipoker11: checks 
ligeti lajos: bets $3.48
Unipoker11: calls $3.48
*** SHOW DOWN ***
ligeti lajos: shows [Ah Kc] (two pair, Aces and Sevens)
Unipoker11: mucks hand 
ligeti lajos collected $13.57 from pot
*** SUMMARY ***
Total pot $14.28 | Rake $0.71 
Board [Tc 7c Jc 7h As]
Seat 1: DJNezz (small blind) folded before Flop
Seat 2: Unipoker11 (big blind) mucked
Seat 3: michasia folded before Flop (didn't bet)
Seat 4: Lucastitos folded before Flop (didn't bet)
Seat 5: Iospirate folded before Flop (didn't bet)
Seat 6: ligeti lajos (button) showed [Ah Kc] and won ($13.57) with two pair, Aces and Sevens



PokerStars Hand #254581995905:  Hold'em No Limit ($0.50/$1.00 USD) - 2025/01/27 18:24:44 WET [2025/01/27 13:24:44 ET]
Table 'Alamak IV' 6-max Seat #1 is the button
Seat 1: DJNezz ($163.20 in chips) 
Seat 2: Unipoker11 ($100 in chips) 
Seat 3: michasia ($112.42 in chips) 
Seat 4: Lucastitos ($103.39 in chips) 
Seat 5: Iospirate ($65.55 in chips) 
Seat 6: ligeti lajos ($52.77 in chips) 
Unipoker11: posts small blind $0.50
michasia: posts big blind $1
*** HOLE CARDS ***
Lucastitos: raises $1 to $2
Iospirate: folds 
ligeti lajos: folds 
DJNezz: raises $5 to $7
Unipoker11: folds 
michasia: folds 
Lucastitos: folds 
Uncalled bet ($5) returned to DJNezz
DJNezz collected $5.50 from pot
*** SUMMARY ***
Total pot $5.50 | Rake $0 
Seat 1: DJNezz (button) collected ($5.50)
Seat 2: Unipoker11 (small blind) folded before Flop
Seat 3: michasia (big blind) folded before Flop
Seat 4: Lucastitos folded before Flop
Seat 5: Iospirate folded before Flop (didn't bet)
Seat 6: ligeti lajos folded before Flop (didn't bet)



PokerStars Hand #254582002125:  Hold'em No Limit ($0.50/$1.00 USD) - 2025/01/27 18:25:06 WET [2025/01/27 13:25:06 ET]
Table 'Alamak IV' 6-max Seat #2 is the button
Seat 1: DJNezz ($166.70 in chips) 
Seat 2: Unipoker11 ($100 in chips) 
Seat 3: michasia ($111.42 in chips) 
Seat 4: Lucastitos ($101.39 in chips) 
Seat 5: Iospirate ($65.55 in chips) 
Seat 6: ligeti lajos ($52.77 in chips) 
michasia: posts small blind $0.50
Lucastitos: posts big blind $1
*** HOLE CARDS ***
Iospirate: folds 
ligeti lajos: calls $1
DJNezz: raises $2 to $3
Unipoker11: folds 
michasia: folds 
Lucastitos: folds 
ligeti lajos: calls $2
*** FLOP *** [4d 4s Jd]
ligeti lajos: checks 
DJNezz: bets $2.35
ligeti lajos: calls $2.35
*** TURN *** [4d 4s Jd] [Js]
ligeti lajos: checks 
DJNezz: checks 
*** RIVER *** [4d 4s Jd Js] [3d]
ligeti lajos: bets $5.80
DJNezz: calls $5.80
*** SHOW DOWN ***
ligeti lajos: shows [8d Ac] (two pair, Jacks and Fours)
DJNezz: shows [3h 3c] (a full house, Threes full of Jacks)
DJNezz collected $22.61 from pot
*** SUMMARY ***
Total pot $23.80 | Rake $1.19 
Board [4d 4s Jd Js 3d]
Seat 1: DJNezz showed [3h 3c] and won ($22.61) with a full house, Threes full of Jacks
Seat 2: Unipoker11 (button) folded before Flop (didn't bet)
Seat 3: michasia (small blind) folded before Flop
Seat 4: Lucastitos (big blind) folded before Flop
Seat 5: Iospirate folded before Flop (didn't bet)
Seat 6: ligeti lajos showed [8d Ac] and lost with two pair, Jacks and Fours



PokerStars Hand #254582018073:  Hold'em No Limit ($0.50/$1.00 USD) - 2025/01/27 18:26:04 WET [2025/01/27 13:26:04 ET]
Table 'Alamak IV' 6-max Seat #3 is the button
Seat 1: DJNezz ($178.16 in chips) 
Seat 2: Unipoker11 ($100 in chips) 
Seat 3: michasia ($110.92 in chips) 
Seat 4: Lucastitos ($100.39 in chips) 
Seat 5: Iospirate ($100 in chips) 
Seat 6: ligeti lajos ($41.62 in chips) 
Lucastitos: posts small blind $0.50
Iospirate: posts big blind $1
*** HOLE CARDS ***
ligeti lajos: calls $1
DJNezz: folds 
Unipoker11: folds 
michasia: raises $2.50 to $3.50
Lucastitos: folds 
Iospirate: folds 
ligeti lajos: calls $2.50
*** FLOP *** [7s 6d Qd]
ligeti lajos: checks 
michasia: bets $5.39
ligeti lajos: calls $5.39
*** TURN *** [7s 6d Qd] [Qh]
ligeti lajos: checks 
michasia: bets $12.21
ligeti lajos: folds 
Uncalled bet ($12.21) returned to michasia
michasia collected $18.32 from pot
michasia: doesn't show hand 
*** SUMMARY ***
Total pot $19.28 | Rake $0.96 
Board [7s 6d Qd Qh]
Seat 1: DJNezz folded before Flop (didn't bet)
Seat 2: Unipoker11 folded before Flop (didn't bet)
Seat 3: michasia (button) collected ($18.32)
Seat 4: Lucastitos (small blind) folded before Flop
Seat 5: Iospirate (big blind) folded before Flop
Seat 6: ligeti lajos folded on the Turn



PokerStars Hand #254582029373:  Hold'em No Limit ($0.50/$1.00 USD) - 2025/01/27 18:26:45 WET [2025/01/27 13:26:45 ET]
Table 'Alamak IV' 6-max Seat #4 is the button
Seat 1: DJNezz ($178.16 in chips) 
Seat 2: Unipoker11 ($100 in chips) 
Seat 3: michasia ($120.35 in chips) 
Seat 4: Lucastitos ($100 in chips) 
Seat 5: Iospirate ($99 in chips) 
Seat 6: ligeti lajos ($32.73 in chips) 
Iospirate: posts small blind $0.50
ligeti lajos: posts big blind $1
*** HOLE CARDS ***
DJNezz: folds 
Unipoker11: folds 
michasia: folds 
Lucastitos: folds 
Iospirate: raises $1 to $2
ligeti lajos: folds 
Uncalled bet ($1) returned to Iospirate
Iospirate collected $2 from pot
Iospirate: doesn't show hand 
*** SUMMARY ***
Total pot $2 | Rake $0 
Seat 1: DJNezz folded before Flop (didn't bet)
Seat 2: Unipoker11 folded before Flop (didn't bet)
Seat 3: michasia folded before Flop (didn't bet)
Seat 4: Lucastitos (button) folded before Flop (didn't bet)
Seat 5: Iospirate (small blind) collected ($2)
Seat 6: ligeti lajos (big blind) folded before Flop



PokerStars Hand #254582035918:  Hold'em No Limit ($0.50/$1.00 USD) - 2025/01/27 18:27:08 WET [2025/01/27 13:27:08 ET]
Table 'Alamak IV' 6-max Seat #5 is the button
Seat 1: DJNezz ($178.16 in chips) 
Seat 2: Unipoker11 ($100 in chips) 
Seat 3: michasia ($120.35 in chips) 
Seat 4: Lucastitos ($100 in chips) 
Seat 5: Iospirate ($100 in chips) 
Seat 6: ligeti lajos ($31.73 in chips) 
ligeti lajos: posts small blind $0.50
DJNezz: posts big blind $1
*** HOLE CARDS ***
Unipoker11: folds 
michasia: folds 
Lucastitos: folds 
Iospirate: calls $1
ligeti lajos: folds 
DJNezz: raises $3 to $4
Iospirate: calls $3
*** FLOP *** [Ks Ts Kc]
DJNezz: bets $2.67
Iospirate: calls $2.67
*** TURN *** [Ks Ts Kc] [8s]
DJNezz: checks 
Iospirate: bets $12
DJNezz: calls $12
*** RIVER *** [Ks Ts Kc 8s] [Qs]
DJNezz: checks 
Iospirate: checks 
*** SHOW DOWN ***
DJNezz: shows [As Ad] (a flush, Ace high)
Iospirate: mucks hand 
DJNezz collected $35.95 from pot
*** SUMMARY ***
Total pot $37.84 | Rake $1.89 
Board [Ks Ts Kc 8s Qs]
Seat 1: DJNezz (big blind) showed [As Ad] and won ($35.95) with a flush, Ace high
Seat 2: Unipoker11 folded before Flop (didn't bet)
Seat 3: michasia folded before Flop (didn't bet)
Seat 4: Lucastitos folded before Flop (didn't bet)
Seat 5: Iospirate (button) mucked
Seat 6: ligeti lajos (small blind) folded before Flop



PokerStars Hand #254582053567:  Hold'em No Limit ($0.50/$1.00 USD) - 2025/01/27 18:28:12 WET [2025/01/27 13:28:12 ET]
Table 'Alamak IV' 6-max Seat #6 is the button
Seat 1: DJNezz ($195.44 in chips) 
Seat 2: Unipoker11 ($100 in chips) 
Seat 3: michasia ($120.35 in chips) 
Seat 4: Lucastitos ($100 in chips) 
Seat 5: Iospirate ($81.33 in chips) 
Seat 6: ligeti lajos ($31.23 in chips) 
DJNezz: posts small blind $0.50
Unipoker11: posts big blind $1
*** HOLE CARDS ***
michasia: raises $1.60 to $2.60
Lucastitos: calls $2.60
Iospirate: folds 
ligeti lajos: folds 
DJNezz: folds 
Unipoker11: calls $1.60
*** FLOP *** [7c Ah Ks]
Unipoker11: checks 
michasia: bets $11.82
Lucastitos: calls $11.82
Unipoker11: folds 
*** TURN *** [7c Ah Ks] [4h]
michasia: checks 
Lucastitos: bets $15.17
michasia: folds 
Uncalled bet ($15.17) returned to Lucastitos
Lucastitos collected $30.34 from pot
Lucastitos: doesn't show hand 
*** SUMMARY ***
Total pot $31.94 | Rake $1.60 
Board [7c Ah Ks 4h]
Seat 1: DJNezz (small blind) folded before Flop
Seat 2: Unipoker11 (big blind) folded on the Flop
Seat 3: michasia folded on the Turn
Seat 4: Lucastitos collected ($30.34)
Seat 5: Iospirate folded before Flop (didn't bet)
Seat 6: ligeti lajos (button) folded before Flop (didn't bet)



PokerStars Hand #254582070972:  Hold'em No Limit ($0.50/$1.00 USD) - 2025/01/27 18:29:15 WET [2025/01/27 13:29:15 ET]
Table 'Alamak IV' 6-max Seat #1 is the button
Seat 1: DJNezz ($194.94 in chips) 
Seat 2: Unipoker11 ($100 in chips) 
Seat 3: michasia ($105.93 in chips) 
Seat 4: Lucastitos ($115.92 in chips) 
Seat 5: Iospirate ($81.33 in chips) 
Seat 6: ligeti lajos ($31.23 in chips) 
Unipoker11: posts small blind $0.50
michasia: posts big blind $1
*** HOLE CARDS ***
Lucastitos: folds 
Iospirate: folds 
ligeti lajos: calls $1
DJNezz: raises $2 to $3
Unipoker11: folds 
michasia: folds 
ligeti lajos: calls $2
*** FLOP *** [Kd 3s As]
ligeti lajos: checks 
DJNezz: bets $2.35
ligeti lajos: raises $2.35 to $4.70
DJNezz: calls $2.35
*** TURN *** [Kd 3s As] [2d]
ligeti lajos: bets $16.06
DJNezz: folds 
Uncalled bet ($16.06) returned to ligeti lajos
ligeti lajos collected $16.06 from pot
ligeti lajos: doesn't show hand 
*** SUMMARY ***
Total pot $16.90 | Rake $0.84 
Board [Kd 3s As 2d]
Seat 1: DJNezz (button) folded on the Turn
Seat 2: Unipoker11 (small blind) folded before Flop
Seat 3: michasia (big blind) folded before Flop
Seat 4: Lucastitos folded before Flop (didn't bet)
Seat 5: Iospirate folded before Flop (didn't bet)
Seat 6: ligeti lajos collected ($16.06)



PokerStars Hand #254582290358:  Hold'em No Limit ($0.50/$1.00 USD) - 2025/01/27 18:42:03 WET [2025/01/27 13:42:03 ET]
Table 'Alamak IV' 6-max Seat #1 is the button
Seat 1: DJNezz ($175.39 in chips) 
Seat 2: Unipoker11 ($100 in chips) 
Seat 3: michasia ($100 in chips) 
Seat 4: Lucastitos ($197.61 in chips) 
Seat 5: Iospirate ($77.21 in chips) 
Seat 6: ligeti lajos ($107.65 in chips) 
Unipoker11: posts small blind $0.50
michasia: posts big blind $1
*** HOLE CARDS ***
Lucastitos: raises $1 to $2
Iospirate: folds 
ligeti lajos: calls $2
DJNezz: folds 
Unipoker11: folds 
michasia: calls $1
*** FLOP *** [8c Qh Ts]
michasia: checks 
Lucastitos: checks 
ligeti lajos: checks 
*** TURN *** [8c Qh Ts] [Qd]
michasia: checks 
Lucastitos: bets $4.64
ligeti lajos: calls $4.64
michasia: folds 
*** RIVER *** [8c Qh Ts Qd] [Ah]
Lucastitos: bets $12
ligeti lajos: folds 
Uncalled bet ($12) returned to Lucastitos
Lucastitos collected $14.99 from pot
Lucastitos: doesn't show hand 
*** SUMMARY ***
Total pot $15.78 | Rake $0.79 
Board [8c Qh Ts Qd Ah]
Seat 1: DJNezz (button) folded before Flop (didn't bet)
Seat 2: Unipoker11 (small blind) folded before Flop
Seat 3: michasia (big blind) folded on the Turn
Seat 4: Lucastitos collected ($14.99)
Seat 5: Iospirate folded before Flop (didn't bet)
Seat 6: ligeti lajos folded on the River



PokerStars Hand #254582303404:  Hold'em No Limit ($0.50/$1.00 USD) - 2025/01/27 18:42:48 WET [2025/01/27 13:42:48 ET]
Table 'Alamak IV' 6-max Seat #2 is the button
Seat 4: Lucastitos ($205.96 in chips) is sitting out
Seat 1: DJNezz ($175.39 in chips) 
Seat 2: Unipoker11 ($100 in chips) 
Seat 3: michasia ($100 in chips) 
Seat 5: Iospirate ($77.21 in chips) 
Seat 6: ligeti lajos ($101.01 in chips) 
michasia: posts small blind $0.50
Lucastitos: is sitting out 
Iospirate: posts big blind $1
*** HOLE CARDS ***
ligeti lajos: folds 
Lucastitos leaves the table
DJNezz: folds 
Unipoker11: folds 
michasia: folds 
Uncalled bet ($0.50) returned to Iospirate
Iospirate collected $1 from pot
Iospirate: doesn't show hand 
*** SUMMARY ***
Total pot $1 | Rake $0 
Seat 4: Lucastitos
Seat 1: DJNezz folded before Flop (didn't bet)
Seat 2: Unipoker11 (button) folded before Flop (didn't bet)
Seat 3: michasia (small blind) folded before Flop
Seat 5: Iospirate (big blind) collected ($1)
Seat 6: ligeti lajos folded before Flop (didn't bet)



PokerStars Hand #254582307972:  Hold'em No Limit ($0.50/$1.00 USD) - 2025/01/27 18:43:04 WET [2025/01/27 13:43:04 ET]
Table 'Alamak IV' 6-max Seat #3 is the button
Seat 1: DJNezz ($175.39 in chips) 
Seat 2: Unipoker11 ($100 in chips) 
Seat 3: michasia ($100 in chips) 
Seat 5: Iospirate ($77.71 in chips) 
Seat 6: ligeti lajos ($101.01 in chips) 
Iospirate: posts small blind $0.50
ligeti lajos: posts big blind $1
*** HOLE CARDS ***
DJNezz: folds 
Unipoker11: folds 
michasia: folds 
Iospirate: folds 
Uncalled bet ($0.50) returned to ligeti lajos
ligeti lajos collected $1 from pot
ligeti lajos: doesn't show hand 
coeeeelho joins the table at seat #4 
*** SUMMARY ***
Total pot $1 | Rake $0 
Seat 1: DJNezz folded before Flop (didn't bet)
Seat 2: Unipoker11 folded before Flop (didn't bet)
Seat 3: michasia (button) folded before Flop (didn't bet)
Seat 5: Iospirate (small blind) folded before Flop
Seat 6: ligeti lajos (big blind) collected ($1)



PokerStars Hand #254582314657:  Hold'em No Limit ($0.50/$1.00 USD) - 2025/01/27 18:43:27 WET [2025/01/27 13:43:27 ET]
Table 'Alamak IV' 6-max Seat #5 is the button
Seat 4: coeeeelho ($100 in chips) is sitting out
Seat 1: DJNezz ($175.39 in chips) 
Seat 2: Unipoker11 ($100 in chips) 
Seat 3: michasia ($100 in chips) 
Seat 5: Iospirate ($77.21 in chips) 
Seat 6: ligeti lajos ($101.51 in chips) 
ligeti lajos: posts small blind $0.50
DJNezz: posts big blind $1
coeeeelho: sits out 
*** HOLE CARDS ***
Unipoker11: folds 
michasia: raises $1.80 to $2.80
Iospirate: calls $2.80
ligeti lajos: calls $2.30
DJNezz: folds 
*** FLOP *** [As Kd 3c]
ligeti lajos: checks 
michasia: checks 
Iospirate: checks 
*** TURN *** [As Kd 3c] [9h]
ligeti lajos: checks 
michasia: checks 
Iospirate: checks 
*** RIVER *** [As Kd 3c 9h] [Qs]
ligeti lajos: checks 
michasia: checks 
Iospirate: checks 
*** SHOW DOWN ***
ligeti lajos: shows [9d Ts] (a pair of Nines)
michasia: shows [Kc Js] (a pair of Kings)
Iospirate: mucks hand 
michasia collected $8.93 from pot
*** SUMMARY ***
Total pot $9.40 | Rake $0.47 
Board [As Kd 3c 9h Qs]
Seat 4: coeeeelho
Seat 1: DJNezz (big blind) folded before Flop
Seat 2: Unipoker11 folded before Flop (didn't bet)
Seat 3: michasia showed [Kc Js] and won ($8.93) with a pair of Kings
Seat 5: Iospirate (button) mucked
Seat 6: ligeti lajos (small blind) showed [9d Ts] and lost with a pair of Nines



PokerStars Hand #254582327097:  Hold'em No Limit ($0.50/$1.00 USD) - 2025/01/27 18:44:10 WET [2025/01/27 13:44:10 ET]
Table 'Alamak IV' 6-max Seat #6 is the button
Seat 4: coeeeelho ($100 in chips) is sitting out
Seat 1: DJNezz ($174.39 in chips) 
Seat 2: Unipoker11 ($100 in chips) 
Seat 3: michasia ($106.13 in chips) 
Seat 5: Iospirate ($74.41 in chips) 
Seat 6: ligeti lajos ($98.71 in chips) 
DJNezz: posts small blind $0.50
Unipoker11: posts big blind $1
coeeeelho: sits out 
*** HOLE CARDS ***
michasia: raises $1.60 to $2.60
Iospirate: folds 
ligeti lajos: folds 
DJNezz: folds 
Unipoker11: folds 
Uncalled bet ($1.60) returned to michasia
michasia collected $2.50 from pot
michasia: doesn't show hand 
*** SUMMARY ***
Total pot $2.50 | Rake $0 
Seat 4: coeeeelho
Seat 1: DJNezz (small blind) folded before Flop
Seat 2: Unipoker11 (big blind) folded before Flop
Seat 3: michasia collected ($2.50)
Seat 5: Iospirate folded before Flop (didn't bet)
Seat 6: ligeti lajos (button) folded before Flop (didn't bet)



PokerStars Hand #254582331606:  Hold'em No Limit ($0.50/$1.00 USD) - 2025/01/27 18:44:26 WET [2025/01/27 13:44:26 ET]
Table 'Alamak IV' 6-max Seat #1 is the button
Seat 3: michasia ($107.63 in chips) is sitting out
Seat 1: DJNezz ($173.89 in chips) 
Seat 2: Unipoker11 ($100 in chips) 
Seat 4: coeeeelho ($100 in chips) 
Seat 5: Iospirate ($74.41 in chips) 
Seat 6: ligeti lajos ($98.71 in chips) 
Unipoker11: posts small blind $0.50
coeeeelho: posts big blind $1
*** HOLE CARDS ***
Iospirate: folds 
ligeti lajos: folds 
DJNezz: raises $1.20 to $2.20
Unipoker11: folds 
coeeeelho: folds 
Uncalled bet ($1.20) returned to DJNezz
DJNezz collected $2.50 from pot
*** SUMMARY ***
Total pot $2.50 | Rake $0 
Seat 3: michasia
Seat 1: DJNezz (button) collected ($2.50)
Seat 2: Unipoker11 (small blind) folded before Flop
Seat 4: coeeeelho (big blind) folded before Flop
Seat 5: Iospirate folded before Flop (didn't bet)
Seat 6: ligeti lajos folded before Flop (didn't bet)



PokerStars Hand #254582337714:  Hold'em No Limit ($0.50/$1.00 USD) - 2025/01/27 18:44:47 WET [2025/01/27 13:44:47 ET]
Table 'Alamak IV' 6-max Seat #2 is the button
Seat 3: michasia ($107.63 in chips) is sitting out
Seat 1: DJNezz ($175.39 in chips) 
Seat 2: Unipoker11 ($100 in chips) 
Seat 4: coeeeelho ($100 in chips) 
Seat 5: Iospirate ($100 in chips) 
Seat 6: ligeti lajos ($98.71 in chips) 
coeeeelho: posts small blind $0.50
Iospirate: posts big blind $1
*** HOLE CARDS ***
ligeti lajos: folds 
DJNezz: raises $1.20 to $2.20
Unipoker11: folds 
coeeeelho: folds 
Iospirate: folds 
Uncalled bet ($1.20) returned to DJNezz
DJNezz collected $2.50 from pot
*** SUMMARY ***
Total pot $2.50 | Rake $0 
Seat 3: michasia
Seat 1: DJNezz collected ($2.50)
Seat 2: Unipoker11 (button) folded before Flop (didn't bet)
Seat 4: coeeeelho (small blind) folded before Flop
Seat 5: Iospirate (big blind) folded before Flop
Seat 6: ligeti lajos folded before Flop (didn't bet)



PokerStars Hand #254582343348:  Hold'em No Limit ($0.50/$1.00 USD) - 2025/01/27 18:45:07 WET [2025/01/27 13:45:07 ET]
Table 'Alamak IV' 6-max Seat #4 is the button
Seat 3: michasia ($107.63 in chips) is sitting out
Seat 1: DJNezz ($176.89 in chips) 
Seat 2: Unipoker11 ($100 in chips) 
Seat 4: coeeeelho ($100 in chips) 
Seat 5: Iospirate ($99 in chips) 
Seat 6: ligeti lajos ($98.71 in chips) 
Iospirate: posts small blind $0.50
ligeti lajos: posts big blind $1
*** HOLE CARDS ***
DJNezz: folds 
Unipoker11: folds 
coeeeelho: folds 
Iospirate: folds 
Uncalled bet ($0.50) returned to ligeti lajos
ligeti lajos collected $1 from pot
ligeti lajos: doesn't show hand 
*** SUMMARY ***
Total pot $1 | Rake $0 
Seat 3: michasia
Seat 1: DJNezz folded before Flop (didn't bet)
Seat 2: Unipoker11 folded before Flop (didn't bet)
Seat 4: coeeeelho (button) folded before Flop (didn't bet)
Seat 5: Iospirate (small blind) folded before Flop
Seat 6: ligeti lajos (big blind) collected ($1)



PokerStars Hand #254582347488:  Hold'em No Limit ($0.50/$1.00 USD) - 2025/01/27 18:45:21 WET [2025/01/27 13:45:21 ET]
Table 'Alamak IV' 6-max Seat #5 is the button
Seat 3: michasia ($107.63 in chips) is sitting out
Seat 1: DJNezz ($176.89 in chips) 
Seat 2: Unipoker11 ($100 in chips) 
Seat 4: coeeeelho ($100 in chips) 
Seat 5: Iospirate ($98.50 in chips) 
Seat 6: ligeti lajos ($99.21 in chips) 
ligeti lajos: posts small blind $0.50
DJNezz: posts big blind $1
*** HOLE CARDS ***
Unipoker11: folds 
coeeeelho: folds 
Iospirate: folds 
ligeti lajos: calls $0.50
DJNezz: checks 
*** FLOP *** [5d 3s 3c]
ligeti lajos: checks 
DJNezz: bets $1.43
ligeti lajos: calls $1.43
*** TURN *** [5d 3s 3c] [8h]
ligeti lajos: checks 
DJNezz: bets $3.47
ligeti lajos: folds 
Uncalled bet ($3.47) returned to DJNezz
DJNezz collected $4.62 from pot
*** SUMMARY ***
Total pot $4.86 | Rake $0.24 
Board [5d 3s 3c 8h]
Seat 3: michasia
Seat 1: DJNezz (big blind) collected ($4.62)
Seat 2: Unipoker11 folded before Flop (didn't bet)
Seat 4: coeeeelho folded before Flop (didn't bet)
Seat 5: Iospirate (button) folded before Flop (didn't bet)
Seat 6: ligeti lajos (small blind) folded on the Turn



PokerStars Hand #254582369892:  Hold'em No Limit ($0.50/$1.00 USD) - 2025/01/27 18:46:39 WET [2025/01/27 13:46:39 ET]
Table 'Alamak IV' 6-max Seat #6 is the button
Seat 3: michasia ($107.63 in chips) is sitting out
Seat 1: DJNezz ($179.08 in chips) 
Seat 2: Unipoker11 ($100 in chips) 
Seat 4: coeeeelho ($100 in chips) 
Seat 5: Iospirate ($98.50 in chips) 
Seat 6: ligeti lajos ($96.78 in chips) 
DJNezz: posts small blind $0.50
Unipoker11: posts big blind $1
*** HOLE CARDS ***
coeeeelho: folds 
Iospirate: folds 
ligeti lajos: calls $1
DJNezz: folds 
Unipoker11: checks 
*** FLOP *** [2d Js Ah]
Unipoker11: checks 
ligeti lajos: checks 
*** TURN *** [2d Js Ah] [9h]
Unipoker11: checks 
ligeti lajos: bets $2.38
Unipoker11: folds 
Uncalled bet ($2.38) returned to ligeti lajos
ligeti lajos collected $2.38 from pot
ligeti lajos: doesn't show hand 
*** SUMMARY ***
Total pot $2.50 | Rake $0.12 
Board [2d Js Ah 9h]
Seat 3: michasia
Seat 1: DJNezz (small blind) folded before Flop
Seat 2: Unipoker11 (big blind) folded on the Turn
Seat 4: coeeeelho folded before Flop (didn't bet)
Seat 5: Iospirate folded before Flop (didn't bet)
Seat 6: ligeti lajos (button) collected ($2.38)



PokerStars Hand #254582385046:  Hold'em No Limit ($0.50/$1.00 USD) - 2025/01/27 18:47:31 WET [2025/01/27 13:47:31 ET]
Table 'Alamak IV' 6-max Seat #1 is the button
Seat 3: michasia ($107.63 in chips) is sitting out
Seat 1: DJNezz ($178.58 in chips) 
Seat 2: Unipoker11 ($100 in chips) 
Seat 4: coeeeelho ($100 in chips) 
Seat 5: Iospirate ($98.50 in chips) 
Seat 6: ligeti lajos ($98.16 in chips) 
Unipoker11: posts small blind $0.50
coeeeelho: posts big blind $1
*** HOLE CARDS ***
Iospirate: folds 
ligeti lajos: raises $1 to $2
DJNezz: folds 
Unipoker11: folds 
coeeeelho: calls $1
*** FLOP *** [2s 6c Kd]
coeeeelho: checks 
ligeti lajos: checks 
*** TURN *** [2s 6c Kd] [Jc]
coeeeelho: checks 
ligeti lajos: bets $2.14
coeeeelho: calls $2.14
*** RIVER *** [2s 6c Kd Jc] [7h]
coeeeelho: checks 
ligeti lajos: checks 
*** SHOW DOWN ***
coeeeelho: shows [8d 6d] (a pair of Sixes)
ligeti lajos: shows [Js Ad] (a pair of Jacks)
ligeti lajos collected $8.34 from pot
*** SUMMARY ***
Total pot $8.78 | Rake $0.44 
Board [2s 6c Kd Jc 7h]
Seat 3: michasia
Seat 1: DJNezz (button) folded before Flop (didn't bet)
Seat 2: Unipoker11 (small blind) folded before Flop
Seat 4: coeeeelho (big blind) showed [8d 6d] and lost with a pair of Sixes
Seat 5: Iospirate folded before Flop (didn't bet)
Seat 6: ligeti lajos showed [Js Ad] and won ($8.34) with a pair of Jacks



PokerStars Hand #254582399647:  Hold'em No Limit ($0.50/$1.00 USD) - 2025/01/27 18:48:21 WET [2025/01/27 13:48:21 ET]
Table 'Alamak IV' 6-max Seat #2 is the button
Seat 3: michasia ($107.63 in chips) is sitting out
Seat 1: DJNezz ($178.58 in chips) 
Seat 2: Unipoker11 ($100 in chips) 
Seat 4: coeeeelho ($100 in chips) 
Seat 5: Iospirate ($98.50 in chips) 
Seat 6: ligeti lajos ($102.36 in chips) 
coeeeelho: posts small blind $0.50
Iospirate: posts big blind $1
*** HOLE CARDS ***
ligeti lajos: calls $1
DJNezz: raises $2 to $3
Unipoker11: folds 
coeeeelho: folds 
Iospirate: folds 
ligeti lajos: calls $2
*** FLOP *** [7s 2s Tc]
ligeti lajos: checks 
DJNezz: checks 
*** TURN *** [7s 2s Tc] [Qs]
ligeti lajos: checks 
DJNezz: checks 
*** RIVER *** [7s 2s Tc Qs] [3h]
ligeti lajos: bets $7.12
DJNezz: folds 
Uncalled bet ($7.12) returned to ligeti lajos
ligeti lajos collected $7.12 from pot
ligeti lajos: doesn't show hand 
*** SUMMARY ***
Total pot $7.50 | Rake $0.38 
Board [7s 2s Tc Qs 3h]
Seat 3: michasia
Seat 1: DJNezz folded on the River
Seat 2: Unipoker11 (button) folded before Flop (didn't bet)
Seat 4: coeeeelho (small blind) folded before Flop
Seat 5: Iospirate (big blind) folded before Flop
Seat 6: ligeti lajos collected ($7.12)



PokerStars Hand #254582422567:  Hold'em No Limit ($0.50/$1.00 USD) - 2025/01/27 18:49:41 WET [2025/01/27 13:49:41 ET]
Table 'Alamak IV' 6-max Seat #4 is the button
Seat 3: michasia ($107.63 in chips) is sitting out
Seat 1: DJNezz ($175.58 in chips) 
Seat 2: Unipoker11 ($100 in chips) 
Seat 4: coeeeelho ($100 in chips) 
Seat 5: Iospirate ($97.50 in chips) 
Seat 6: ligeti lajos ($106.48 in chips) 
Iospirate: posts small blind $0.50
ligeti lajos: posts big blind $1
michasia: sits out 
*** HOLE CARDS ***
DJNezz: folds 
Unipoker11: folds 
coeeeelho: raises $1.20 to $2.20
Iospirate: folds 
ligeti lajos: calls $1.20
*** FLOP *** [Ks Kc Qd]
ligeti lajos: checks 
coeeeelho: bets $1.54
ligeti lajos: calls $1.54
*** TURN *** [Ks Kc Qd] [2d]
ligeti lajos: checks 
coeeeelho: bets $5.69
ligeti lajos: calls $5.69
*** RIVER *** [Ks Kc Qd 2d] [Jh]
ligeti lajos: checks 
coeeeelho: bets $9.20
ligeti lajos: folds 
Uncalled bet ($9.20) returned to coeeeelho
coeeeelho collected $18.39 from pot
*** SUMMARY ***
Total pot $19.36 | Rake $0.97 
Board [Ks Kc Qd 2d Jh]
Seat 3: michasia
Seat 1: DJNezz folded before Flop (didn't bet)
Seat 2: Unipoker11 folded before Flop (didn't bet)
Seat 4: coeeeelho (button) collected ($18.39)
Seat 5: Iospirate (small blind) folded before Flop
Seat 6: ligeti lajos (big blind) folded on the River



PokerStars Hand #254582440658:  Hold'em No Limit ($0.50/$1.00 USD) - 2025/01/27 18:50:45 WET [2025/01/27 13:50:45 ET]
Table 'Alamak IV' 6-max Seat #5 is the button
Seat 3: michasia ($107.63 in chips) is sitting out
Seat 1: DJNezz ($175.58 in chips) 
Seat 2: Unipoker11 ($100 in chips) 
Seat 4: coeeeelho ($108.96 in chips) 
Seat 5: Iospirate ($97 in chips) 
Seat 6: ligeti lajos ($97.05 in chips) 
ligeti lajos: posts small blind $0.50
DJNezz: posts big blind $1
michasia: sits out 
*** HOLE CARDS ***
Unipoker11: raises $1 to $2
coeeeelho: folds 
Iospirate: folds 
ligeti lajos: calls $1.50
DJNezz: folds 
*** FLOP *** [Ad 9s 9d]
ligeti lajos: checks 
Unipoker11: bets $1.19
ligeti lajos: folds 
Uncalled bet ($1.19) returned to Unipoker11
Unipoker11 collected $4.75 from pot
Unipoker11: doesn't show hand 
*** SUMMARY ***
Total pot $5 | Rake $0.25 
Board [Ad 9s 9d]
Seat 3: michasia
Seat 1: DJNezz (big blind) folded before Flop
Seat 2: Unipoker11 collected ($4.75)
Seat 4: coeeeelho folded before Flop (didn't bet)
Seat 5: Iospirate (button) folded before Flop (didn't bet)
Seat 6: ligeti lajos (small blind) folded on the Flop



PokerStars Hand #254582091479:  Hold'em No Limit ($0.50/$1.00 USD) - 2025/01/27 18:30:28 WET [2025/01/27 13:30:28 ET]
Table 'Alamak IV' 6-max Seat #2 is the button
Seat 1: DJNezz ($187.24 in chips) 
Seat 2: Unipoker11 ($100 in chips) 
Seat 3: michasia ($104.93 in chips) 
Seat 4: Lucastitos ($115.92 in chips) 
Seat 5: Iospirate ($81.33 in chips) 
Seat 6: ligeti lajos ($39.59 in chips) 
michasia: posts small blind $0.50
Lucastitos: posts big blind $1
*** HOLE CARDS ***
Iospirate: folds 
ligeti lajos: folds 
DJNezz: folds 
Unipoker11: raises $1.50 to $2.50
michasia: folds 
Lucastitos: folds 
Uncalled bet ($1.50) returned to Unipoker11
Unipoker11 collected $2.50 from pot
Unipoker11: doesn't show hand 
*** SUMMARY ***
Total pot $2.50 | Rake $0 
Seat 1: DJNezz folded before Flop (didn't bet)
Seat 2: Unipoker11 (button) collected ($2.50)
Seat 3: michasia (small blind) folded before Flop
Seat 4: Lucastitos (big blind) folded before Flop
Seat 5: Iospirate folded before Flop (didn't bet)
Seat 6: ligeti lajos folded before Flop (didn't bet)



PokerStars Hand #254582102241:  Hold'em No Limit ($0.50/$1.00 USD) - 2025/01/27 18:31:06 WET [2025/01/27 13:31:06 ET]
Table 'Alamak IV' 6-max Seat #3 is the button
Seat 1: DJNezz ($187.24 in chips) 
Seat 2: Unipoker11 ($101.50 in chips) 
Seat 3: michasia ($104.43 in chips) 
Seat 4: Lucastitos ($114.92 in chips) 
Seat 5: Iospirate ($81.33 in chips) 
Seat 6: ligeti lajos ($39.59 in chips) 
Lucastitos: posts small blind $0.50
Iospirate: posts big blind $1
*** HOLE CARDS ***
ligeti lajos: calls $1
DJNezz: folds 
Unipoker11: folds 
michasia: raises $2.50 to $3.50
Lucastitos: raises $9.50 to $13
Iospirate: folds 
ligeti lajos: calls $12
michasia: calls $9.50
*** FLOP *** [7c Qd 8c]
Lucastitos: bets $12.54
ligeti lajos: calls $12.54
michasia: calls $12.54
*** TURN *** [7c Qd 8c] [As]
Lucastitos: checks 
ligeti lajos: bets $14.05 and is all-in
michasia: calls $14.05
Lucastitos: raises $75.33 to $89.38 and is all-in
michasia: folds 
Uncalled bet ($75.33) returned to Lucastitos
*** RIVER *** [7c Qd 8c As] [8s]
*** SHOW DOWN ***
Lucastitos: shows [Ad Ah] (a full house, Aces full of Eights)
ligeti lajos: shows [4c 4h] (two pair, Eights and Fours)
Lucastitos collected $117.27 from pot
*** SUMMARY ***
Total pot $119.77 | Rake $2.50 
Board [7c Qd 8c As 8s]
Seat 1: DJNezz folded before Flop (didn't bet)
Seat 2: Unipoker11 folded before Flop (didn't bet)
Seat 3: michasia (button) folded on the Turn
Seat 4: Lucastitos (small blind) showed [Ad Ah] and won ($117.27) with a full house, Aces full of Eights
Seat 5: Iospirate (big blind) folded before Flop
Seat 6: ligeti lajos showed [4c 4h] and lost with two pair, Eights and Fours



PokerStars Hand #254582123613:  Hold'em No Limit ($0.50/$1.00 USD) - 2025/01/27 18:32:22 WET [2025/01/27 13:32:22 ET]
Table 'Alamak IV' 6-max Seat #4 is the button
Seat 6: ligeti lajos ($0 in chips) is sitting out
Seat 1: DJNezz ($187.24 in chips) 
Seat 2: Unipoker11 ($101.50 in chips) 
Seat 3: michasia ($100 in chips) 
Seat 4: Lucastitos ($192.60 in chips) 
Seat 5: Iospirate ($80.33 in chips) 
Iospirate: posts small blind $0.50
DJNezz: posts big blind $1
*** HOLE CARDS ***
Unipoker11: folds 
michasia: raises $1.80 to $2.80
Lucastitos: folds 
Iospirate: folds 
DJNezz: folds 
Uncalled bet ($1.80) returned to michasia
michasia collected $2.50 from pot
michasia: doesn't show hand 
*** SUMMARY ***
Total pot $2.50 | Rake $0 
Seat 6: ligeti lajos
Seat 1: DJNezz (big blind) folded before Flop
Seat 2: Unipoker11 folded before Flop (didn't bet)
Seat 3: michasia collected ($2.50)
Seat 4: Lucastitos (button) folded before Flop (didn't bet)
Seat 5: Iospirate (small blind) folded before Flop



PokerStars Hand #254582130932:  Hold'em No Limit ($0.50/$1.00 USD) - 2025/01/27 18:32:47 WET [2025/01/27 13:32:47 ET]
Table 'Alamak IV' 6-max Seat #5 is the button
Seat 6: ligeti lajos ($0 in chips) is sitting out
Seat 1: DJNezz ($186.24 in chips) 
Seat 2: Unipoker11 ($101.50 in chips) 
Seat 3: michasia ($101.50 in chips) 
Seat 4: Lucastitos ($192.60 in chips) 
Seat 5: Iospirate ($79.83 in chips) 
DJNezz: posts small blind $0.50
Unipoker11: posts big blind $1
*** HOLE CARDS ***
michasia: folds 
Lucastitos: folds 
Iospirate: calls $1
DJNezz: folds 
Unipoker11: checks 
*** FLOP *** [2s 8s Jc]
Unipoker11: checks 
Iospirate: bets $3
Unipoker11: folds 
Uncalled bet ($3) returned to Iospirate
Iospirate collected $2.38 from pot
Iospirate: doesn't show hand 
*** SUMMARY ***
Total pot $2.50 | Rake $0.12 
Board [2s 8s Jc]
Seat 6: ligeti lajos
Seat 1: DJNezz (small blind) folded before Flop
Seat 2: Unipoker11 (big blind) folded on the Flop
Seat 3: michasia folded before Flop (didn't bet)
Seat 4: Lucastitos folded before Flop (didn't bet)
Seat 5: Iospirate (button) collected ($2.38)



PokerStars Hand #254582146655:  Hold'em No Limit ($0.50/$1.00 USD) - 2025/01/27 18:33:42 WET [2025/01/27 13:33:42 ET]
Table 'Alamak IV' 6-max Seat #1 is the button
Seat 6: ligeti lajos ($0 in chips) is sitting out
Seat 1: DJNezz ($185.74 in chips) 
Seat 2: Unipoker11 ($100.50 in chips) 
Seat 3: michasia ($101.50 in chips) 
Seat 4: Lucastitos ($192.60 in chips) 
Seat 5: Iospirate ($81.21 in chips) 
Unipoker11: posts small blind $0.50
michasia: posts big blind $1
*** HOLE CARDS ***
Lucastitos: raises $1.10 to $2.10
Iospirate: folds 
DJNezz: folds 
Unipoker11: folds 
michasia: folds 
Uncalled bet ($1.10) returned to Lucastitos
Lucastitos collected $2.50 from pot
Lucastitos: doesn't show hand 
*** SUMMARY ***
Total pot $2.50 | Rake $0 
Seat 6: ligeti lajos
Seat 1: DJNezz (button) folded before Flop (didn't bet)
Seat 2: Unipoker11 (small blind) folded before Flop
Seat 3: michasia (big blind) folded before Flop
Seat 4: Lucastitos collected ($2.50)
Seat 5: Iospirate folded before Flop (didn't bet)



PokerStars Hand #254582150533:  Hold'em No Limit ($0.50/$1.00 USD) - 2025/01/27 18:33:56 WET [2025/01/27 13:33:56 ET]
Table 'Alamak IV' 6-max Seat #2 is the button
Seat 1: DJNezz ($185.74 in chips) 
Seat 2: Unipoker11 ($100 in chips) 
Seat 3: michasia ($100.50 in chips) 
Seat 4: Lucastitos ($194.10 in chips) 
Seat 5: Iospirate ($81.21 in chips) 
Seat 6: ligeti lajos ($50 in chips) 
michasia: posts small blind $0.50
Lucastitos: posts big blind $1
ligeti lajos: posts small & big blinds $1.50
*** HOLE CARDS ***
Iospirate: folds 
ligeti lajos: checks 
DJNezz: folds 
Unipoker11: raises $3 to $4
michasia: folds 
Lucastitos: folds 
ligeti lajos: calls $3
*** FLOP *** [6h As Qs]
ligeti lajos: checks 
Unipoker11: bets $2.38
ligeti lajos: calls $2.38
*** TURN *** [6h As Qs] [5s]
ligeti lajos: checks 
Unipoker11: checks 
*** RIVER *** [6h As Qs 5s] [3s]
ligeti lajos: bets $14.02
Unipoker11: folds 
Uncalled bet ($14.02) returned to ligeti lajos
ligeti lajos collected $14.02 from pot
ligeti lajos: doesn't show hand 
*** SUMMARY ***
Total pot $14.76 | Rake $0.74 
Board [6h As Qs 5s 3s]
Seat 1: DJNezz folded before Flop (didn't bet)
Seat 2: Unipoker11 (button) folded on the River
Seat 3: michasia (small blind) folded before Flop
Seat 4: Lucastitos (big blind) folded before Flop
Seat 5: Iospirate folded before Flop (didn't bet)
Seat 6: ligeti lajos collected ($14.02)



PokerStars Hand #254582166434:  Hold'em No Limit ($0.50/$1.00 USD) - 2025/01/27 18:34:52 WET [2025/01/27 13:34:52 ET]
Table 'Alamak IV' 6-max Seat #3 is the button
Seat 1: DJNezz ($185.74 in chips) 
Seat 2: Unipoker11 ($100 in chips) 
Seat 3: michasia ($100 in chips) 
Seat 4: Lucastitos ($193.10 in chips) 
Seat 5: Iospirate ($81.21 in chips) 
Seat 6: ligeti lajos ($97.14 in chips) 
Lucastitos: posts small blind $0.50
Iospirate: posts big blind $1
*** HOLE CARDS ***
ligeti lajos: calls $1
DJNezz: folds 
Unipoker11: folds 
michasia: folds 
Lucastitos: folds 
Iospirate: checks 
*** FLOP *** [Jc 3d 5h]
Iospirate: checks 
ligeti lajos: checks 
*** TURN *** [Jc 3d 5h] [Qc]
Iospirate: checks 
ligeti lajos: bets $2.38
Iospirate: calls $2.38
*** RIVER *** [Jc 3d 5h Qc] [8c]
Iospirate: checks 
ligeti lajos: checks 
*** SHOW DOWN ***
Iospirate: shows [4h 6c] (high card Queen)
ligeti lajos: shows [2s 2h] (a pair of Deuces)
ligeti lajos collected $6.90 from pot
*** SUMMARY ***
Total pot $7.26 | Rake $0.36 
Board [Jc 3d 5h Qc 8c]
Seat 1: DJNezz folded before Flop (didn't bet)
Seat 2: Unipoker11 folded before Flop (didn't bet)
Seat 3: michasia (button) folded before Flop (didn't bet)
Seat 4: Lucastitos (small blind) folded before Flop
Seat 5: Iospirate (big blind) showed [4h 6c] and lost with high card Queen
Seat 6: ligeti lajos showed [2s 2h] and won ($6.90) with a pair of Deuces



PokerStars Hand #254582185251:  Hold'em No Limit ($0.50/$1.00 USD) - 2025/01/27 18:35:57 WET [2025/01/27 13:35:57 ET]
Table 'Alamak IV' 6-max Seat #4 is the button
Seat 1: DJNezz ($185.74 in chips) 
Seat 2: Unipoker11 ($100 in chips) 
Seat 3: michasia ($100 in chips) 
Seat 4: Lucastitos ($192.60 in chips) 
Seat 5: Iospirate ($77.83 in chips) 
Seat 6: ligeti lajos ($100.66 in chips) 
Iospirate: posts small blind $0.50
ligeti lajos: posts big blind $1
*** HOLE CARDS ***
DJNezz: folds 
Unipoker11: folds 
michasia: raises $1.80 to $2.80
Lucastitos: folds 
Iospirate: folds 
ligeti lajos: folds 
Uncalled bet ($1.80) returned to michasia
michasia collected $2.50 from pot
michasia: doesn't show hand 
*** SUMMARY ***
Total pot $2.50 | Rake $0 
Seat 1: DJNezz folded before Flop (didn't bet)
Seat 2: Unipoker11 folded before Flop (didn't bet)
Seat 3: michasia collected ($2.50)
Seat 4: Lucastitos (button) folded before Flop (didn't bet)
Seat 5: Iospirate (small blind) folded before Flop
Seat 6: ligeti lajos (big blind) folded before Flop



PokerStars Hand #254582190372:  Hold'em No Limit ($0.50/$1.00 USD) - 2025/01/27 18:36:15 WET [2025/01/27 13:36:15 ET]
Table 'Alamak IV' 6-max Seat #5 is the button
Seat 1: DJNezz ($185.74 in chips) 
Seat 2: Unipoker11 ($100 in chips) 
Seat 3: michasia ($101.50 in chips) 
Seat 4: Lucastitos ($192.60 in chips) 
Seat 5: Iospirate ($77.33 in chips) 
Seat 6: ligeti lajos ($99.66 in chips) 
ligeti lajos: posts small blind $0.50
DJNezz: posts big blind $1
*** HOLE CARDS ***
Unipoker11: folds 
michasia: folds 
Lucastitos: raises $1.30 to $2.30
Iospirate: calls $2.30
ligeti lajos: calls $1.80
DJNezz: calls $1.30
*** FLOP *** [3d 7c Kd]
ligeti lajos: checks 
DJNezz: checks 
Lucastitos: checks 
Iospirate: checks 
*** TURN *** [3d 7c Kd] [3s]
ligeti lajos: checks 
DJNezz: checks 
Lucastitos: checks 
Iospirate: checks 
*** RIVER *** [3d 7c Kd 3s] [4h]
ligeti lajos: checks 
DJNezz: checks 
Lucastitos: checks 
Iospirate: checks 
*** SHOW DOWN ***
ligeti lajos: shows [Jd 7h] (two pair, Sevens and Threes)
DJNezz: mucks hand 
Lucastitos: mucks hand 
Iospirate: mucks hand 
ligeti lajos collected $8.74 from pot
*** SUMMARY ***
Total pot $9.20 | Rake $0.46 
Board [3d 7c Kd 3s 4h]
Seat 1: DJNezz (big blind) mucked
Seat 2: Unipoker11 folded before Flop (didn't bet)
Seat 3: michasia folded before Flop (didn't bet)
Seat 4: Lucastitos mucked
Seat 5: Iospirate (button) mucked
Seat 6: ligeti lajos (small blind) showed [Jd 7h] and won ($8.74) with two pair, Sevens and Threes



PokerStars Hand #254582213355:  Hold'em No Limit ($0.50/$1.00 USD) - 2025/01/27 18:37:35 WET [2025/01/27 13:37:35 ET]
Table 'Alamak IV' 6-max Seat #6 is the button
Seat 1: DJNezz ($183.44 in chips) 
Seat 2: Unipoker11 ($100 in chips) 
Seat 3: michasia ($101.50 in chips) 
Seat 4: Lucastitos ($190.30 in chips) 
Seat 5: Iospirate ($75.03 in chips) 
Seat 6: ligeti lajos ($106.10 in chips) 
DJNezz: posts small blind $0.50
Unipoker11: posts big blind $1
*** HOLE CARDS ***
michasia: folds 
Lucastitos: folds 
Iospirate: folds 
ligeti lajos: calls $1
DJNezz: raises $4 to $5
Unipoker11: folds 
ligeti lajos: calls $4
*** FLOP *** [6h 2c 6c]
DJNezz: checks 
ligeti lajos: checks 
*** TURN *** [6h 2c 6c] [4s]
DJNezz: checks 
ligeti lajos: checks 
*** RIVER *** [6h 2c 6c 4s] [9c]
DJNezz: bets $3.45
ligeti lajos: calls $3.45
*** SHOW DOWN ***
DJNezz: shows [Ah Jc] (a pair of Sixes)
ligeti lajos: shows [4h 3h] (two pair, Sixes and Fours)
ligeti lajos collected $17 from pot
*** SUMMARY ***
Total pot $17.90 | Rake $0.90 
Board [6h 2c 6c 4s 9c]
Seat 1: DJNezz (small blind) showed [Ah Jc] and lost with a pair of Sixes
Seat 2: Unipoker11 (big blind) folded before Flop
Seat 3: michasia folded before Flop (didn't bet)
Seat 4: Lucastitos folded before Flop (didn't bet)
Seat 5: Iospirate folded before Flop (didn't bet)
Seat 6: ligeti lajos (button) showed [4h 3h] and won ($17) with two pair, Sixes and Fours



PokerStars Hand #254582229205:  Hold'em No Limit ($0.50/$1.00 USD) - 2025/01/27 18:38:31 WET [2025/01/27 13:38:31 ET]
Table 'Alamak IV' 6-max Seat #1 is the button
Seat 1: DJNezz ($174.99 in chips) 
Seat 2: Unipoker11 ($100 in chips) 
Seat 3: michasia ($101.50 in chips) 
Seat 4: Lucastitos ($190.30 in chips) 
Seat 5: Iospirate ($75.03 in chips) 
Seat 6: ligeti lajos ($114.65 in chips) 
Unipoker11: posts small blind $0.50
michasia: posts big blind $1
*** HOLE CARDS ***
Lucastitos: folds 
Iospirate: folds 
ligeti lajos: folds 
DJNezz: folds 
Unipoker11: folds 
Uncalled bet ($0.50) returned to michasia
michasia collected $1 from pot
michasia: doesn't show hand 
*** SUMMARY ***
Total pot $1 | Rake $0 
Seat 1: DJNezz (button) folded before Flop (didn't bet)
Seat 2: Unipoker11 (small blind) folded before Flop
Seat 3: michasia (big blind) collected ($1)
Seat 4: Lucastitos folded before Flop (didn't bet)
Seat 5: Iospirate folded before Flop (didn't bet)
Seat 6: ligeti lajos folded before Flop (didn't bet)



PokerStars Hand #254582233035:  Hold'em No Limit ($0.50/$1.00 USD) - 2025/01/27 18:38:44 WET [2025/01/27 13:38:44 ET]
Table 'Alamak IV' 6-max Seat #2 is the button
Seat 1: DJNezz ($174.99 in chips) 
Seat 2: Unipoker11 ($100 in chips) 
Seat 3: michasia ($102 in chips) 
Seat 4: Lucastitos ($190.30 in chips) 
Seat 5: Iospirate ($75.03 in chips) 
Seat 6: ligeti lajos ($114.65 in chips) 
michasia: posts small blind $0.50
Lucastitos: posts big blind $1
*** HOLE CARDS ***
Iospirate: calls $1
ligeti lajos: folds 
DJNezz: folds 
Unipoker11: folds 
michasia: folds 
Lucastitos: checks 
*** FLOP *** [2c Ah Kc]
Lucastitos: checks 
Iospirate: checks 
*** TURN *** [2c Ah Kc] [9c]
Lucastitos: checks 
Iospirate: bets $2
Lucastitos: folds 
Uncalled bet ($2) returned to Iospirate
Iospirate collected $2.38 from pot
Iospirate: doesn't show hand 
*** SUMMARY ***
Total pot $2.50 | Rake $0.12 
Board [2c Ah Kc 9c]
Seat 1: DJNezz folded before Flop (didn't bet)
Seat 2: Unipoker11 (button) folded before Flop (didn't bet)
Seat 3: michasia (small blind) folded before Flop
Seat 4: Lucastitos (big blind) folded on the Turn
Seat 5: Iospirate collected ($2.38)
Seat 6: ligeti lajos folded before Flop (didn't bet)



PokerStars Hand #254582243767:  Hold'em No Limit ($0.50/$1.00 USD) - 2025/01/27 18:39:21 WET [2025/01/27 13:39:21 ET]
Table 'Alamak IV' 6-max Seat #3 is the button
Seat 1: DJNezz ($174.99 in chips) 
Seat 2: Unipoker11 ($100 in chips) 
Seat 3: michasia ($101.50 in chips) 
Seat 4: Lucastitos ($189.30 in chips) 
Seat 5: Iospirate ($76.41 in chips) 
Seat 6: ligeti lajos ($114.65 in chips) 
Lucastitos: posts small blind $0.50
Iospirate: posts big blind $1
*** HOLE CARDS ***
ligeti lajos: calls $1
DJNezz: folds 
Unipoker11: folds 
michasia: folds 
Lucastitos: raises $3 to $4
Iospirate: folds 
ligeti lajos: calls $3
*** FLOP *** [5h Kh Qh]
Lucastitos: bets $2.31
ligeti lajos: folds 
Uncalled bet ($2.31) returned to Lucastitos
Lucastitos collected $8.55 from pot
Lucastitos: doesn't show hand 
*** SUMMARY ***
Total pot $9 | Rake $0.45 
Board [5h Kh Qh]
Seat 1: DJNezz folded before Flop (didn't bet)
Seat 2: Unipoker11 folded before Flop (didn't bet)
Seat 3: michasia (button) folded before Flop (didn't bet)
Seat 4: Lucastitos (small blind) collected ($8.55)
Seat 5: Iospirate (big blind) folded before Flop
Seat 6: ligeti lajos folded on the Flop



PokerStars Hand #254582255883:  Hold'em No Limit ($0.50/$1.00 USD) - 2025/01/27 18:40:04 WET [2025/01/27 13:40:04 ET]
Table 'Alamak IV' 6-max Seat #4 is the button
Seat 1: DJNezz ($174.99 in chips) 
Seat 2: Unipoker11 ($100 in chips) 
Seat 3: michasia ($101.50 in chips) 
Seat 4: Lucastitos ($193.85 in chips) 
Seat 5: Iospirate ($75.41 in chips) 
Seat 6: ligeti lajos ($110.65 in chips) 
Iospirate: posts small blind $0.50
ligeti lajos: posts big blind $1
*** HOLE CARDS ***
DJNezz: folds 
Unipoker11: folds 
michasia: folds 
Lucastitos: folds 
Iospirate: raises $1 to $2
ligeti lajos: calls $1
*** FLOP *** [Qs 8c Js]
Iospirate: bets $3
ligeti lajos: folds 
Uncalled bet ($3) returned to Iospirate
Iospirate collected $3.80 from pot
Iospirate: doesn't show hand 
*** SUMMARY ***
Total pot $4 | Rake $0.20 
Board [Qs 8c Js]
Seat 1: DJNezz folded before Flop (didn't bet)
Seat 2: Unipoker11 folded before Flop (didn't bet)
Seat 3: michasia folded before Flop (didn't bet)
Seat 4: Lucastitos (button) folded before Flop (didn't bet)
Seat 5: Iospirate (small blind) collected ($3.80)
Seat 6: ligeti lajos (big blind) folded on the Flop



PokerStars Hand #254582265754:  Hold'em No Limit ($0.50/$1.00 USD) - 2025/01/27 18:40:38 WET [2025/01/27 13:40:38 ET]
Table 'Alamak IV' 6-max Seat #5 is the button
Seat 1: DJNezz ($174.99 in chips) 
Seat 2: Unipoker11 ($100 in chips) 
Seat 3: michasia ($101.50 in chips) 
Seat 4: Lucastitos ($193.85 in chips) 
Seat 5: Iospirate ($77.21 in chips) 
Seat 6: ligeti lajos ($108.65 in chips) 
ligeti lajos: posts small blind $0.50
DJNezz: posts big blind $1
*** HOLE CARDS ***
Unipoker11: folds 
michasia: folds 
Lucastitos: folds 
Iospirate: folds 
ligeti lajos: calls $0.50
DJNezz: checks 
*** FLOP *** [8h Jh 4h]
ligeti lajos: checks 
DJNezz: checks 
*** TURN *** [8h Jh 4h] [6d]
ligeti lajos: checks 
DJNezz: checks 
*** RIVER *** [8h Jh 4h 6d] [Ad]
ligeti lajos: checks 
DJNezz: checks 
*** SHOW DOWN ***
ligeti lajos: shows [9h 7c] (high card Ace)
DJNezz: shows [4d 9s] (a pair of Fours)
DJNezz collected $1.90 from pot
*** SUMMARY ***
Total pot $2 | Rake $0.10 
Board [8h Jh 4h 6d Ad]
Seat 1: DJNezz (big blind) showed [4d 9s] and won ($1.90) with a pair of Fours
Seat 2: Unipoker11 folded before Flop (didn't bet)
Seat 3: michasia folded before Flop (didn't bet)
Seat 4: Lucastitos folded before Flop (didn't bet)
Seat 5: Iospirate (button) folded before Flop (didn't bet)
Seat 6: ligeti lajos (small blind) showed [9h 7c] and lost with high card Ace



PokerStars Hand #254582278739:  Hold'em No Limit ($0.50/$1.00 USD) - 2025/01/27 18:41:23 WET [2025/01/27 13:41:23 ET]
Table 'Alamak IV' 6-max Seat #6 is the button
Seat 1: DJNezz ($175.89 in chips) 
Seat 2: Unipoker11 ($100 in chips) 
Seat 3: michasia ($101.50 in chips) 
Seat 4: Lucastitos ($193.85 in chips) 
Seat 5: Iospirate ($77.21 in chips) 
Seat 6: ligeti lajos ($107.65 in chips) 
DJNezz: posts small blind $0.50
Unipoker11: posts big blind $1
*** HOLE CARDS ***
michasia: raises $1.60 to $2.60
Lucastitos: calls $2.60
Iospirate: folds 
ligeti lajos: folds 
DJNezz: folds 
Unipoker11: folds 
*** FLOP *** [Qd Jd Kc]
michasia: checks 
Lucastitos: checks 
*** TURN *** [Qd Jd Kc] [3h]
michasia: checks 
Lucastitos: checks 
*** RIVER *** [Qd Jd Kc 3h] [2c]
michasia: checks 
Lucastitos: checks 
*** SHOW DOWN ***
michasia: shows [5h 5s] (a pair of Fives)
Lucastitos: shows [Ts Td] (a pair of Tens)
Lucastitos collected $6.36 from pot
*** SUMMARY ***
Total pot $6.70 | Rake $0.34 
Board [Qd Jd Kc 3h 2c]
Seat 1: DJNezz (small blind) folded before Flop
Seat 2: Unipoker11 (big blind) folded before Flop
Seat 3: michasia showed [5h 5s] and lost with a pair of Fives
Seat 4: Lucastitos showed [Ts Td] and won ($6.36) with a pair of Tens
Seat 5: Iospirate folded before Flop (didn't bet)
Seat 6: ligeti lajos (button) folded before Flop (didn't bet)



PokerStars Hand #254582453233:  Hold'em No Limit ($0.50/$1.00 USD) - 2025/01/27 18:51:29 WET [2025/01/27 13:51:29 ET]
Table 'Alamak IV' 6-max Seat #6 is the button
Seat 3: michasia ($107.63 in chips) is sitting out
Seat 1: DJNezz ($174.58 in chips) 
Seat 2: Unipoker11 ($102.75 in chips) 
Seat 4: coeeeelho ($108.96 in chips) 
Seat 5: Iospirate ($97 in chips) 
Seat 6: ligeti lajos ($95.05 in chips) 
DJNezz: posts small blind $0.50
Unipoker11: posts big blind $1
michasia: sits out 
*** HOLE CARDS ***
coeeeelho: folds 
Iospirate: folds 
ligeti lajos: folds 
DJNezz: raises $2 to $3
Unipoker11: raises $6 to $9
DJNezz: folds 
Uncalled bet ($6) returned to Unipoker11
Unipoker11 collected $6 from pot
Unipoker11: doesn't show hand 
*** SUMMARY ***
Total pot $6 | Rake $0 
Seat 3: michasia
Seat 1: DJNezz (small blind) folded before Flop
Seat 2: Unipoker11 (big blind) collected ($6)
Seat 4: coeeeelho folded before Flop (didn't bet)
Seat 5: Iospirate folded before Flop (didn't bet)
Seat 6: ligeti lajos (button) folded before Flop (didn't bet)



PokerStars Hand #254582461213:  Hold'em No Limit ($0.50/$1.00 USD) - 2025/01/27 18:51:57 WET [2025/01/27 13:51:57 ET]
Table 'Alamak IV' 6-max Seat #1 is the button
Seat 1: DJNezz ($171.58 in chips) 
Seat 2: Unipoker11 ($105.75 in chips) 
Seat 3: michasia ($107.63 in chips) 
Seat 4: coeeeelho ($108.96 in chips) 
Seat 5: Iospirate ($97 in chips) 
Seat 6: ligeti lajos ($95.05 in chips) 
Unipoker11: posts small blind $0.50
michasia: posts big blind $1
*** HOLE CARDS ***
coeeeelho: folds 
Iospirate: folds 
ligeti lajos: folds 
DJNezz: raises $1.20 to $2.20
Unipoker11: folds 
michasia: folds 
Uncalled bet ($1.20) returned to DJNezz
DJNezz collected $2.50 from pot
*** SUMMARY ***
Total pot $2.50 | Rake $0 
Seat 1: DJNezz (button) collected ($2.50)
Seat 2: Unipoker11 (small blind) folded before Flop
Seat 3: michasia (big blind) folded before Flop
Seat 4: coeeeelho folded before Flop (didn't bet)
Seat 5: Iospirate folded before Flop (didn't bet)
Seat 6: ligeti lajos folded before Flop (didn't bet)



PokerStars Hand #254582468707:  Hold'em No Limit ($0.50/$1.00 USD) - 2025/01/27 18:52:23 WET [2025/01/27 13:52:23 ET]
Table 'Alamak IV' 6-max Seat #2 is the button
Seat 1: DJNezz ($173.08 in chips) 
Seat 2: Unipoker11 ($105.25 in chips) 
Seat 3: michasia ($106.63 in chips) 
Seat 4: coeeeelho ($108.96 in chips) 
Seat 5: Iospirate ($97 in chips) 
Seat 6: ligeti lajos ($95.05 in chips) 
michasia: posts small blind $0.50
coeeeelho: posts big blind $1
*** HOLE CARDS ***
Iospirate: folds 
ligeti lajos: folds 
DJNezz: folds 
Unipoker11: raises $1.50 to $2.50
michasia: raises $9.50 to $12
coeeeelho: folds 
Unipoker11: folds 
Uncalled bet ($9.50) returned to michasia
michasia collected $6 from pot
michasia: doesn't show hand 
*** SUMMARY ***
Total pot $6 | Rake $0 
Seat 1: DJNezz folded before Flop (didn't bet)
Seat 2: Unipoker11 (button) folded before Flop
Seat 3: michasia (small blind) collected ($6)
Seat 4: coeeeelho (big blind) folded before Flop
Seat 5: Iospirate folded before Flop (didn't bet)
Seat 6: ligeti lajos folded before Flop (didn't bet)



PokerStars Hand #254582483124:  Hold'em No Limit ($0.50/$1.00 USD) - 2025/01/27 18:53:14 WET [2025/01/27 13:53:14 ET]
Table 'Alamak IV' 6-max Seat #3 is the button
Seat 1: DJNezz ($173.08 in chips) 
Seat 2: Unipoker11 ($102.75 in chips) 
Seat 3: michasia ($110.13 in chips) 
Seat 4: coeeeelho ($107.96 in chips) 
Seat 5: Iospirate ($97 in chips) 
Seat 6: ligeti lajos ($95.05 in chips) 
coeeeelho: posts small blind $0.50
Iospirate: posts big blind $1
*** HOLE CARDS ***
ligeti lajos: folds 
DJNezz: folds 
Unipoker11: folds 
michasia: raises $1.80 to $2.80
coeeeelho: folds 
Iospirate: folds 
Uncalled bet ($1.80) returned to michasia
michasia collected $2.50 from pot
michasia: doesn't show hand 
*** SUMMARY ***
Total pot $2.50 | Rake $0 
Seat 1: DJNezz folded before Flop (didn't bet)
Seat 2: Unipoker11 folded before Flop (didn't bet)
Seat 3: michasia (button) collected ($2.50)
Seat 4: coeeeelho (small blind) folded before Flop
Seat 5: Iospirate (big blind) folded before Flop
Seat 6: ligeti lajos folded before Flop (didn't bet)



PokerStars Hand #254582488190:  Hold'em No Limit ($0.50/$1.00 USD) - 2025/01/27 18:53:32 WET [2025/01/27 13:53:32 ET]
Table 'Alamak IV' 6-max Seat #4 is the button
Seat 1: DJNezz ($173.08 in chips) 
Seat 2: Unipoker11 ($102.75 in chips) 
Seat 3: michasia ($111.63 in chips) 
Seat 4: coeeeelho ($107.46 in chips) 
Seat 5: Iospirate ($96 in chips) 
Seat 6: ligeti lajos ($95.05 in chips) 
Iospirate: posts small blind $0.50
ligeti lajos: posts big blind $1
*** HOLE CARDS ***
DJNezz: folds 
Unipoker11: raises $1 to $2
michasia: folds 
coeeeelho: folds 
Iospirate: calls $1.50
ligeti lajos: calls $1
*** FLOP *** [Ad Th Qc]
Iospirate: checks 
ligeti lajos: checks 
Unipoker11: bets $1.43
Iospirate: folds 
ligeti lajos: calls $1.43
*** TURN *** [Ad Th Qc] [6h]
ligeti lajos: checks 
Unipoker11: bets $12.63
ligeti lajos: folds 
Uncalled bet ($12.63) returned to Unipoker11
Unipoker11 collected $8.42 from pot
Unipoker11: doesn't show hand 
*** SUMMARY ***
Total pot $8.86 | Rake $0.44 
Board [Ad Th Qc 6h]
Seat 1: DJNezz folded before Flop (didn't bet)
Seat 2: Unipoker11 collected ($8.42)
Seat 3: michasia folded before Flop (didn't bet)
Seat 4: coeeeelho (button) folded before Flop (didn't bet)
Seat 5: Iospirate (small blind) folded on the Flop
Seat 6: ligeti lajos (big blind) folded on the Turn



PokerStars Hand #254582500312:  Hold'em No Limit ($0.50/$1.00 USD) - 2025/01/27 18:54:15 WET [2025/01/27 13:54:15 ET]
Table 'Alamak IV' 6-max Seat #5 is the button
Seat 1: DJNezz ($173.08 in chips) 
Seat 2: Unipoker11 ($107.74 in chips) 
Seat 3: michasia ($111.63 in chips) 
Seat 4: coeeeelho ($107.46 in chips) 
Seat 5: Iospirate ($94 in chips) 
Seat 6: ligeti lajos ($91.62 in chips) 
ligeti lajos: posts small blind $0.50
DJNezz: posts big blind $1
*** HOLE CARDS ***
Unipoker11: folds 
michasia: folds 
coeeeelho: folds 
Iospirate: folds 
ligeti lajos: calls $0.50
DJNezz: checks 
*** FLOP *** [Jh 9s Qc]
ligeti lajos: checks 
DJNezz: checks 
*** TURN *** [Jh 9s Qc] [Qh]
ligeti lajos: bets $1.90
DJNezz: folds 
Uncalled bet ($1.90) returned to ligeti lajos
ligeti lajos collected $1.90 from pot
ligeti lajos: doesn't show hand 
*** SUMMARY ***
Total pot $2 | Rake $0.10 
Board [Jh 9s Qc Qh]
Seat 1: DJNezz (big blind) folded on the Turn
Seat 2: Unipoker11 folded before Flop (didn't bet)
Seat 3: michasia folded before Flop (didn't bet)
Seat 4: coeeeelho folded before Flop (didn't bet)
Seat 5: Iospirate (button) folded before Flop (didn't bet)
Seat 6: ligeti lajos (small blind) collected ($1.90)



PokerStars Hand #254582511783:  Hold'em No Limit ($0.50/$1.00 USD) - 2025/01/27 18:54:56 WET [2025/01/27 13:54:56 ET]
Table 'Alamak IV' 6-max Seat #6 is the button
Seat 1: DJNezz ($172.08 in chips) 
Seat 2: Unipoker11 ($107.74 in chips) 
Seat 3: michasia ($111.63 in chips) 
Seat 4: coeeeelho ($107.46 in chips) 
Seat 5: Iospirate ($94 in chips) 
Seat 6: ligeti lajos ($92.52 in chips) 
DJNezz: posts small blind $0.50
Unipoker11: posts big blind $1
*** HOLE CARDS ***
michasia: folds 
coeeeelho: raises $1.20 to $2.20
Iospirate: folds 
ligeti lajos: calls $2.20
DJNezz: folds 
Unipoker11: raises $10.80 to $13
coeeeelho: folds 
ligeti lajos: folds 
Uncalled bet ($10.80) returned to Unipoker11
Unipoker11 collected $7.10 from pot
Unipoker11: doesn't show hand 
*** SUMMARY ***
Total pot $7.10 | Rake $0 
Seat 1: DJNezz (small blind) folded before Flop
Seat 2: Unipoker11 (big blind) collected ($7.10)
Seat 3: michasia folded before Flop (didn't bet)
Seat 4: coeeeelho folded before Flop
Seat 5: Iospirate folded before Flop (didn't bet)
Seat 6: ligeti lajos (button) folded before Flop



PokerStars Hand #254582519396:  Hold'em No Limit ($0.50/$1.00 USD) - 2025/01/27 18:55:28 WET [2025/01/27 13:55:28 ET]
Table 'Alamak IV' 6-max Seat #1 is the button
Seat 1: DJNezz ($171.58 in chips) 
Seat 2: Unipoker11 ($112.64 in chips) 
Seat 3: michasia ($111.63 in chips) 
Seat 4: coeeeelho ($105.26 in chips) 
Seat 5: Iospirate ($94 in chips) 
Seat 6: ligeti lajos ($90.32 in chips) 
Unipoker11: posts small blind $0.50
michasia: posts big blind $1
*** HOLE CARDS ***
coeeeelho: folds 
Iospirate: folds 
ligeti lajos: folds 
DJNezz: folds 
Unipoker11: folds 
Uncalled bet ($0.50) returned to michasia
michasia collected $1 from pot
michasia: doesn't show hand 
*** SUMMARY ***
Total pot $1 | Rake $0 
Seat 1: DJNezz (button) folded before Flop (didn't bet)
Seat 2: Unipoker11 (small blind) folded before Flop
Seat 3: michasia (big blind) collected ($1)
Seat 4: coeeeelho folded before Flop (didn't bet)
Seat 5: Iospirate folded before Flop (didn't bet)
Seat 6: ligeti lajos folded before Flop (didn't bet)



PokerStars Hand #254582524122:  Hold'em No Limit ($0.50/$1.00 USD) - 2025/01/27 18:55:51 WET [2025/01/27 13:55:51 ET]
Table 'Alamak IV' 6-max Seat #2 is the button
Seat 1: DJNezz ($171.58 in chips) 
Seat 2: Unipoker11 ($112.14 in chips) 
Seat 3: michasia ($112.13 in chips) 
Seat 4: coeeeelho ($105.26 in chips) 
Seat 5: Iospirate ($94 in chips) 
Seat 6: ligeti lajos ($90.32 in chips) 
michasia: posts small blind $0.50
coeeeelho: posts big blind $1
*** HOLE CARDS ***
Iospirate: folds 
ligeti lajos: calls $1
DJNezz: folds 
Unipoker11: raises $3 to $4
michasia: folds 
coeeeelho: calls $3
ligeti lajos: calls $3
*** FLOP *** [8s 6s 6c]
coeeeelho: checks 
ligeti lajos: checks 
Unipoker11: checks 
*** TURN *** [8s 6s 6c] [Kc]
coeeeelho: checks 
ligeti lajos: checks 
Unipoker11: checks 
*** RIVER *** [8s 6s 6c Kc] [7d]
coeeeelho: checks 
ligeti lajos: checks 
Unipoker11: bets $7.96
coeeeelho: folds 
ligeti lajos: calls $7.96
*** SHOW DOWN ***
Unipoker11: shows [Kd Qh] (two pair, Kings and Sixes)
ligeti lajos: mucks hand 
Unipoker11 collected $27 from pot
*** SUMMARY ***
Total pot $28.42 | Rake $1.42 
Board [8s 6s 6c Kc 7d]
Seat 1: DJNezz folded before Flop (didn't bet)
Seat 2: Unipoker11 (button) showed [Kd Qh] and won ($27) with two pair, Kings and Sixes
Seat 3: michasia (small blind) folded before Flop
Seat 4: coeeeelho (big blind) folded on the River
Seat 5: Iospirate folded before Flop (didn't bet)
Seat 6: ligeti lajos mucked



PokerStars Hand #254582542547:  Hold'em No Limit ($0.50/$1.00 USD) - 2025/01/27 18:57:22 WET [2025/01/27 13:57:22 ET]
Table 'Alamak IV' 6-max Seat #3 is the button
Seat 1: DJNezz ($171.58 in chips) 
Seat 2: Unipoker11 ($127.18 in chips) 
Seat 3: michasia ($111.63 in chips) 
Seat 4: coeeeelho ($101.26 in chips) 
Seat 5: Iospirate ($94 in chips) 
Seat 6: ligeti lajos ($78.36 in chips) 
coeeeelho: posts small blind $0.50
Iospirate: posts big blind $1
*** HOLE CARDS ***
ligeti lajos: folds 
DJNezz: folds 
Unipoker11: raises $1.30 to $2.30
michasia: folds 
coeeeelho has timed out
coeeeelho: folds 
Iospirate: folds 
Uncalled bet ($1.30) returned to Unipoker11
Unipoker11 collected $2.50 from pot
Unipoker11: doesn't show hand 
*** SUMMARY ***
Total pot $2.50 | Rake $0 
Seat 1: DJNezz folded before Flop (didn't bet)
Seat 2: Unipoker11 collected ($2.50)
Seat 3: michasia (button) folded before Flop (didn't bet)
Seat 4: coeeeelho (small blind) folded before Flop
Seat 5: Iospirate (big blind) folded before Flop
Seat 6: ligeti lajos folded before Flop (didn't bet)



PokerStars Hand #254582550704:  Hold'em No Limit ($0.50/$1.00 USD) - 2025/01/27 18:58:01 WET [2025/01/27 13:58:01 ET]
Table 'Alamak IV' 6-max Seat #4 is the button
Seat 1: DJNezz ($171.58 in chips) 
Seat 2: Unipoker11 ($128.68 in chips) 
Seat 3: michasia ($111.63 in chips) 
Seat 4: coeeeelho ($100.76 in chips) 
Seat 5: Iospirate ($93 in chips) 
Seat 6: ligeti lajos ($78.36 in chips) 
Iospirate: posts small blind $0.50
ligeti lajos: posts big blind $1
*** HOLE CARDS ***
DJNezz: folds 
Unipoker11: folds 
michasia: folds 
coeeeelho: raises $1.20 to $2.20
Iospirate: folds 
ligeti lajos: folds 
Uncalled bet ($1.20) returned to coeeeelho
coeeeelho collected $2.50 from pot
*** SUMMARY ***
Total pot $2.50 | Rake $0 
Seat 1: DJNezz folded before Flop (didn't bet)
Seat 2: Unipoker11 folded before Flop (didn't bet)
Seat 3: michasia folded before Flop (didn't bet)
Seat 4: coeeeelho (button) collected ($2.50)
Seat 5: Iospirate (small blind) folded before Flop
Seat 6: ligeti lajos (big blind) folded before Flop



PokerStars Hand #254582554455:  Hold'em No Limit ($0.50/$1.00 USD) - 2025/01/27 18:58:20 WET [2025/01/27 13:58:20 ET]
Table 'Alamak IV' 6-max Seat #5 is the button
Seat 1: DJNezz ($171.58 in chips) 
Seat 2: Unipoker11 ($128.68 in chips) 
Seat 3: michasia ($111.63 in chips) 
Seat 4: coeeeelho ($102.26 in chips) 
Seat 5: Iospirate ($92.50 in chips) 
Seat 6: ligeti lajos ($77.36 in chips) 
ligeti lajos: posts small blind $0.50
DJNezz: posts big blind $1
*** HOLE CARDS ***
Unipoker11: raises $1 to $2
michasia: folds 
coeeeelho: folds 
Iospirate: folds 
ligeti lajos: calls $1.50
DJNezz: folds 
*** FLOP *** [Ks 8d 4c]
ligeti lajos: checks 
Unipoker11: bets $1.19
ligeti lajos: calls $1.19
*** TURN *** [Ks 8d 4c] [2c]
ligeti lajos: checks 
Unipoker11: bets $5.26
ligeti lajos: folds 
Uncalled bet ($5.26) returned to Unipoker11
Unipoker11 collected $7.01 from pot
Unipoker11: doesn't show hand 
*** SUMMARY ***
Total pot $7.38 | Rake $0.37 
Board [Ks 8d 4c 2c]
Seat 1: DJNezz (big blind) folded before Flop
Seat 2: Unipoker11 collected ($7.01)
Seat 3: michasia folded before Flop (didn't bet)
Seat 4: coeeeelho folded before Flop (didn't bet)
Seat 5: Iospirate (button) folded before Flop (didn't bet)
Seat 6: ligeti lajos (small blind) folded on the Turn



PokerStars Hand #254582567835:  Hold'em No Limit ($0.50/$1.00 USD) - 2025/01/27 18:59:25 WET [2025/01/27 13:59:25 ET]
Table 'Alamak IV' 6-max Seat #6 is the button
Seat 1: DJNezz ($170.58 in chips) 
Seat 2: Unipoker11 ($132.50 in chips) 
Seat 3: michasia ($111.63 in chips) 
Seat 4: coeeeelho ($102.26 in chips) 
Seat 5: Iospirate ($92.50 in chips) 
Seat 6: ligeti lajos ($74.17 in chips) 
DJNezz: posts small blind $0.50
Unipoker11: posts big blind $1
*** HOLE CARDS ***
michasia: folds 
coeeeelho: raises $1.20 to $2.20
Iospirate: folds 
ligeti lajos: calls $2.20
DJNezz: folds 
Unipoker11: folds 
*** FLOP *** [4s Qd 7d]
coeeeelho: checks 
ligeti lajos: checks 
*** TURN *** [4s Qd 7d] [3d]
coeeeelho: checks 
ligeti lajos: bets $5.60
coeeeelho: folds 
Uncalled bet ($5.60) returned to ligeti lajos
ligeti lajos collected $5.60 from pot
ligeti lajos: doesn't show hand 
*** SUMMARY ***
Total pot $5.90 | Rake $0.30 
Board [4s Qd 7d 3d]
Seat 1: DJNezz (small blind) folded before Flop
Seat 2: Unipoker11 (big blind) folded before Flop
Seat 3: michasia folded before Flop (didn't bet)
Seat 4: coeeeelho folded on the Turn
Seat 5: Iospirate folded before Flop (didn't bet)
Seat 6: ligeti lajos (button) collected ($5.60)



PokerStars Hand #254582579352:  Hold'em No Limit ($0.50/$1.00 USD) - 2025/01/27 19:00:21 WET [2025/01/27 14:00:21 ET]
Table 'Alamak IV' 6-max Seat #1 is the button
Seat 1: DJNezz ($170.08 in chips) 
Seat 2: Unipoker11 ($131.50 in chips) 
Seat 3: michasia ($111.63 in chips) 
Seat 4: coeeeelho ($100.06 in chips) 
Seat 5: Iospirate ($92.50 in chips) 
Seat 6: ligeti lajos ($77.57 in chips) 
Unipoker11: posts small blind $0.50
michasia: posts big blind $1
*** HOLE CARDS ***
coeeeelho: folds 
Iospirate: calls $1
ligeti lajos: calls $1
DJNezz: folds 
Unipoker11: folds 
michasia: checks 
*** FLOP *** [8d Kh 3c]
michasia: checks 
Iospirate: checks 
ligeti lajos: checks 
*** TURN *** [8d Kh 3c] [8h]
michasia: checks 
Iospirate: checks 
ligeti lajos: bets $1.66
michasia: folds 
Iospirate: folds 
Uncalled bet ($1.66) returned to ligeti lajos
ligeti lajos collected $3.32 from pot
ligeti lajos: doesn't show hand 
*** SUMMARY ***
Total pot $3.50 | Rake $0.18 
Board [8d Kh 3c 8h]
Seat 1: DJNezz (button) folded before Flop (didn't bet)
Seat 2: Unipoker11 (small blind) folded before Flop
Seat 3: michasia (big blind) folded on the Turn
Seat 4: coeeeelho folded before Flop (didn't bet)
Seat 5: Iospirate folded on the Turn
Seat 6: ligeti lajos collected ($3.32)



PokerStars Hand #254582590819:  Hold'em No Limit ($0.50/$1.00 USD) - 2025/01/27 19:01:12 WET [2025/01/27 14:01:12 ET]
Table 'Alamak IV' 6-max Seat #2 is the button
Seat 1: DJNezz ($170.08 in chips) 
Seat 2: Unipoker11 ($131 in chips) 
Seat 3: michasia ($110.63 in chips) 
Seat 4: coeeeelho ($100.06 in chips) 
Seat 5: Iospirate ($91.50 in chips) 
Seat 6: ligeti lajos ($79.89 in chips) 
michasia: posts small blind $0.50
coeeeelho: posts big blind $1
*** HOLE CARDS ***
Iospirate: folds 
ligeti lajos: raises $1 to $2
DJNezz: raises $5 to $7
Unipoker11: folds 
michasia: folds 
coeeeelho: folds 
ligeti lajos: calls $5
*** FLOP *** [Kh 9h Ts]
ligeti lajos: checks 
DJNezz: bets $4.86
ligeti lajos: calls $4.86
*** TURN *** [Kh 9h Ts] [As]
ligeti lajos: checks 
DJNezz: bets $29.95
ligeti lajos: folds 
Uncalled bet ($29.95) returned to DJNezz
DJNezz collected $23.96 from pot
*** SUMMARY ***
Total pot $25.22 | Rake $1.26 
Board [Kh 9h Ts As]
Seat 1: DJNezz collected ($23.96)
Seat 2: Unipoker11 (button) folded before Flop (didn't bet)
Seat 3: michasia (small blind) folded before Flop
Seat 4: coeeeelho (big blind) folded before Flop
Seat 5: Iospirate folded before Flop (didn't bet)
Seat 6: ligeti lajos folded on the Turn



PokerStars Hand #254582614388:  Hold'em No Limit ($0.50/$1.00 USD) - 2025/01/27 19:02:39 WET [2025/01/27 14:02:39 ET]
Table 'Alamak IV' 6-max Seat #3 is the button
Seat 1: DJNezz ($182.18 in chips) 
Seat 2: Unipoker11 ($131 in chips) 
Seat 3: michasia ($110.13 in chips) 
Seat 4: coeeeelho ($100 in chips) 
Seat 5: Iospirate ($91.50 in chips) 
Seat 6: ligeti lajos ($68.03 in chips) 
coeeeelho: posts small blind $0.50
Iospirate: posts big blind $1
*** HOLE CARDS ***
ligeti lajos: folds 
DJNezz: folds 
Unipoker11: raises $1.30 to $2.30
michasia: folds 
coeeeelho: folds 
Iospirate: calls $1.30
*** FLOP *** [9c As Td]
Iospirate: checks 
Unipoker11: bets $1.21
Iospirate: raises $1.21 to $2.42
Unipoker11: calls $1.21
*** TURN *** [9c As Td] [5c]
Iospirate: checks 
Unipoker11: bets $3.12
Iospirate: calls $3.12
*** RIVER *** [9c As Td 5c] [6h]
Iospirate: checks 
Unipoker11: bets $15.37
Iospirate: folds 
Uncalled bet ($15.37) returned to Unipoker11
Unipoker11 collected $15.37 from pot
Unipoker11: doesn't show hand 
*** SUMMARY ***
Total pot $16.18 | Rake $0.81 
Board [9c As Td 5c 6h]
Seat 1: DJNezz folded before Flop (didn't bet)
Seat 2: Unipoker11 collected ($15.37)
Seat 3: michasia (button) folded before Flop (didn't bet)
Seat 4: coeeeelho (small blind) folded before Flop
Seat 5: Iospirate (big blind) folded on the River
Seat 6: ligeti lajos folded before Flop (didn't bet)



PokerStars Hand #254582635624:  Hold'em No Limit ($0.50/$1.00 USD) - 2025/01/27 19:03:54 WET [2025/01/27 14:03:54 ET]
Table 'Alamak IV' 6-max Seat #4 is the button
Seat 1: DJNezz ($182.18 in chips) 
Seat 2: Unipoker11 ($138.53 in chips) 
Seat 3: michasia ($110.13 in chips) 
Seat 4: coeeeelho ($100 in chips) 
Seat 5: Iospirate ($83.66 in chips) 
Seat 6: ligeti lajos ($68.03 in chips) 
Iospirate: posts small blind $0.50
ligeti lajos: posts big blind $1
*** HOLE CARDS ***
DJNezz: folds 
Unipoker11: folds 
michasia: folds 
coeeeelho: folds 
Iospirate: calls $0.50
ligeti lajos: checks 
*** FLOP *** [3d 4c 4s]
Iospirate: checks 
ligeti lajos: checks 
*** TURN *** [3d 4c 4s] [5h]
Iospirate: bets $2
ligeti lajos: folds 
Uncalled bet ($2) returned to Iospirate
Iospirate collected $1.90 from pot
Iospirate: doesn't show hand 
*** SUMMARY ***
Total pot $2 | Rake $0.10 
Board [3d 4c 4s 5h]
Seat 1: DJNezz folded before Flop (didn't bet)
Seat 2: Unipoker11 folded before Flop (didn't bet)
Seat 3: michasia folded before Flop (didn't bet)
Seat 4: coeeeelho (button) folded before Flop (didn't bet)
Seat 5: Iospirate (small blind) collected ($1.90)
Seat 6: ligeti lajos (big blind) folded on the Turn



PokerStars Hand #254582649214:  Hold'em No Limit ($0.50/$1.00 USD) - 2025/01/27 19:04:41 WET [2025/01/27 14:04:41 ET]
Table 'Alamak IV' 6-max Seat #5 is the button
Seat 1: DJNezz ($182.18 in chips) 
Seat 2: Unipoker11 ($138.53 in chips) 
Seat 3: michasia ($110.13 in chips) 
Seat 4: coeeeelho ($100 in chips) 
Seat 5: Iospirate ($84.56 in chips) 
Seat 6: ligeti lajos ($67.03 in chips) 
ligeti lajos: posts small blind $0.50
DJNezz: posts big blind $1
*** HOLE CARDS ***
Unipoker11: folds 
michasia: folds 
coeeeelho: raises $1.30 to $2.30
Iospirate: folds 
ligeti lajos: calls $1.80
DJNezz: calls $1.30
*** FLOP *** [6s Kh 5d]
ligeti lajos: checks 
DJNezz: checks 
coeeeelho: bets $2
ligeti lajos: calls $2
DJNezz: folds 
*** TURN *** [6s Kh 5d] [4s]
ligeti lajos: checks 
coeeeelho: checks 
*** RIVER *** [6s Kh 5d 4s] [2h]
ligeti lajos: bets $5.18
coeeeelho: raises $9.82 to $15
ligeti lajos: calls $9.82
*** SHOW DOWN ***
coeeeelho: shows [9h Ah] (high card Ace)
ligeti lajos: shows [As 3h] (a straight, Deuce to Six)
ligeti lajos collected $38.86 from pot
*** SUMMARY ***
Total pot $40.90 | Rake $2.04 
Board [6s Kh 5d 4s 2h]
Seat 1: DJNezz (big blind) folded on the Flop
Seat 2: Unipoker11 folded before Flop (didn't bet)
Seat 3: michasia folded before Flop (didn't bet)
Seat 4: coeeeelho showed [9h Ah] and lost with high card Ace
Seat 5: Iospirate (button) folded before Flop (didn't bet)
Seat 6: ligeti lajos (small blind) showed [As 3h] and won ($38.86) with a straight, Deuce to Six



PokerStars Hand #254582668318:  Hold'em No Limit ($0.50/$1.00 USD) - 2025/01/27 19:05:48 WET [2025/01/27 14:05:48 ET]
Table 'Alamak IV' 6-max Seat #6 is the button
Seat 1: DJNezz ($179.88 in chips) 
Seat 2: Unipoker11 ($138.53 in chips) 
Seat 3: michasia ($110.13 in chips) 
Seat 4: coeeeelho ($100 in chips) 
Seat 5: Iospirate ($84.56 in chips) 
Seat 6: ligeti lajos ($86.59 in chips) 
DJNezz: posts small blind $0.50
Unipoker11: posts big blind $1
*** HOLE CARDS ***
michasia: folds 
coeeeelho: folds 
Iospirate: folds 
ligeti lajos: calls $1
DJNezz: folds 
Unipoker11: raises $5 to $6
ligeti lajos: calls $5
*** FLOP *** [2s 6d 7d]
Unipoker11: bets $5.94
ligeti lajos: calls $5.94
*** TURN *** [2s 6d 7d] [3d]
Unipoker11: checks 
ligeti lajos: bets $11.58
Unipoker11: calls $11.58
*** RIVER *** [2s 6d 7d 3d] [Td]
Unipoker11: checks 
ligeti lajos: checks 
*** SHOW DOWN ***
Unipoker11: shows [Kh Ks] (a pair of Kings)
ligeti lajos: shows [Jd Th] (a flush, Jack high)
ligeti lajos collected $45.16 from pot
*** SUMMARY ***
Total pot $47.54 | Rake $2.38 
Board [2s 6d 7d 3d Td]
Seat 1: DJNezz (small blind) folded before Flop
Seat 2: Unipoker11 (big blind) showed [Kh Ks] and lost with a pair of Kings
Seat 3: michasia folded before Flop (didn't bet)
Seat 4: coeeeelho folded before Flop (didn't bet)
Seat 5: Iospirate folded before Flop (didn't bet)
Seat 6: ligeti lajos (button) showed [Jd Th] and won ($45.16) with a flush, Jack high



PokerStars Hand #254582687800:  Hold'em No Limit ($0.50/$1.00 USD) - 2025/01/27 19:06:55 WET [2025/01/27 14:06:55 ET]
Table 'Alamak IV' 6-max Seat #1 is the button
Seat 1: DJNezz ($179.38 in chips) 
Seat 2: Unipoker11 ($115.01 in chips) 
Seat 3: michasia ($110.13 in chips) 
Seat 4: coeeeelho ($100 in chips) 
Seat 5: Iospirate ($84.56 in chips) 
Seat 6: ligeti lajos ($108.23 in chips) 
Unipoker11: posts small blind $0.50
michasia: posts big blind $1
*** HOLE CARDS ***
coeeeelho: folds 
Iospirate: calls $1
ligeti lajos: calls $1
DJNezz: folds 
Unipoker11: calls $0.50
michasia: checks 
*** FLOP *** [2c 9d Ad]
Unipoker11: checks 
michasia: checks 
Iospirate: checks 
ligeti lajos: bets $3.80
Unipoker11: folds 
michasia: folds 
Iospirate: folds 
Uncalled bet ($3.80) returned to ligeti lajos
ligeti lajos collected $3.80 from pot
ligeti lajos: doesn't show hand 
*** SUMMARY ***
Total pot $4 | Rake $0.20 
Board [2c 9d Ad]
Seat 1: DJNezz (button) folded before Flop (didn't bet)
Seat 2: Unipoker11 (small blind) folded on the Flop
Seat 3: michasia (big blind) folded on the Flop
Seat 4: coeeeelho folded before Flop (didn't bet)
Seat 5: Iospirate folded on the Flop
Seat 6: ligeti lajos collected ($3.80)



PokerStars Hand #254582697714:  Hold'em No Limit ($0.50/$1.00 USD) - 2025/01/27 19:07:29 WET [2025/01/27 14:07:29 ET]
Table 'Alamak IV' 6-max Seat #2 is the button
Seat 1: DJNezz ($179.38 in chips) 
Seat 2: Unipoker11 ($114.01 in chips) 
Seat 3: michasia ($109.13 in chips) 
Seat 4: coeeeelho ($100 in chips) 
Seat 5: Iospirate ($83.56 in chips) 
Seat 6: ligeti lajos ($111.03 in chips) 
michasia: posts small blind $0.50
coeeeelho: posts big blind $1
*** HOLE CARDS ***
Iospirate: folds 
ligeti lajos: folds 
DJNezz: folds 
Unipoker11: folds 
michasia: folds 
Uncalled bet ($0.50) returned to coeeeelho
coeeeelho collected $1 from pot
*** SUMMARY ***
Total pot $1 | Rake $0 
Seat 1: DJNezz folded before Flop (didn't bet)
Seat 2: Unipoker11 (button) folded before Flop (didn't bet)
Seat 3: michasia (small blind) folded before Flop
Seat 4: coeeeelho (big blind) collected ($1)
Seat 5: Iospirate folded before Flop (didn't bet)
Seat 6: ligeti lajos folded before Flop (didn't bet)



PokerStars Hand #254582702650:  Hold'em No Limit ($0.50/$1.00 USD) - 2025/01/27 19:07:46 WET [2025/01/27 14:07:46 ET]
Table 'Alamak IV' 6-max Seat #3 is the button
Seat 1: DJNezz ($179.38 in chips) 
Seat 2: Unipoker11 ($114.01 in chips) 
Seat 3: michasia ($108.63 in chips) 
Seat 4: coeeeelho ($100.50 in chips) 
Seat 5: Iospirate ($83.56 in chips) 
Seat 6: ligeti lajos ($111.03 in chips) 
coeeeelho: posts small blind $0.50
Iospirate: posts big blind $1
*** HOLE CARDS ***
ligeti lajos: folds 
DJNezz: raises $1.20 to $2.20
Unipoker11: folds 
michasia: folds 
coeeeelho: folds 
Iospirate: folds 
Uncalled bet ($1.20) returned to DJNezz
DJNezz collected $2.50 from pot
*** SUMMARY ***
Total pot $2.50 | Rake $0 
Seat 1: DJNezz collected ($2.50)
Seat 2: Unipoker11 folded before Flop (didn't bet)
Seat 3: michasia (button) folded before Flop (didn't bet)
Seat 4: coeeeelho (small blind) folded before Flop
Seat 5: Iospirate (big blind) folded before Flop
Seat 6: ligeti lajos folded before Flop (didn't bet)



PokerStars Hand #254582708919:  Hold'em No Limit ($0.50/$1.00 USD) - 2025/01/27 19:08:08 WET [2025/01/27 14:08:08 ET]
Table 'Alamak IV' 6-max Seat #4 is the button
Seat 1: DJNezz ($180.88 in chips) 
Seat 2: Unipoker11 ($114.01 in chips) 
Seat 3: michasia ($108.63 in chips) 
Seat 4: coeeeelho ($100 in chips) 
Seat 5: Iospirate ($82.56 in chips) 
Seat 6: ligeti lajos ($111.03 in chips) 
Iospirate: posts small blind $0.50
ligeti lajos: posts big blind $1
*** HOLE CARDS ***
DJNezz: folds 
Unipoker11: folds 
michasia: folds 
coeeeelho: raises $1.50 to $2.50
Iospirate: folds 
ligeti lajos: folds 
Uncalled bet ($1.50) returned to coeeeelho
coeeeelho collected $2.50 from pot
*** SUMMARY ***
Total pot $2.50 | Rake $0 
Seat 1: DJNezz folded before Flop (didn't bet)
Seat 2: Unipoker11 folded before Flop (didn't bet)
Seat 3: michasia folded before Flop (didn't bet)
Seat 4: coeeeelho (button) collected ($2.50)
Seat 5: Iospirate (small blind) folded before Flop
Seat 6: ligeti lajos (big blind) folded before Flop



PokerStars Hand #254582712238:  Hold'em No Limit ($0.50/$1.00 USD) - 2025/01/27 19:08:20 WET [2025/01/27 14:08:20 ET]
Table 'Alamak IV' 6-max Seat #5 is the button
Seat 1: DJNezz ($180.88 in chips) 
Seat 2: Unipoker11 ($114.01 in chips) 
Seat 3: michasia ($108.63 in chips) 
Seat 4: coeeeelho ($101.50 in chips) 
Seat 5: Iospirate ($82.06 in chips) 
Seat 6: ligeti lajos ($110.03 in chips) 
ligeti lajos: posts small blind $0.50
DJNezz: posts big blind $1
*** HOLE CARDS ***
Unipoker11: folds 
michasia: folds 
coeeeelho: folds 
Iospirate has timed out
Iospirate: folds 
ligeti lajos: calls $0.50
DJNezz: raises $4 to $5
ligeti lajos: calls $4
*** FLOP *** [7d 2h Td]
ligeti lajos: checks 
DJNezz: checks 
*** TURN *** [7d 2h Td] [5s]
ligeti lajos: checks 
DJNezz: checks 
*** RIVER *** [7d 2h Td 5s] [4h]
ligeti lajos: bets $4.75
DJNezz: calls $4.75
*** SHOW DOWN ***
ligeti lajos: shows [5c Ac] (a pair of Fives)
DJNezz: mucks hand 
ligeti lajos collected $18.52 from pot
*** SUMMARY ***
Total pot $19.50 | Rake $0.98 
Board [7d 2h Td 5s 4h]
Seat 1: DJNezz (big blind) mucked
Seat 2: Unipoker11 folded before Flop (didn't bet)
Seat 3: michasia folded before Flop (didn't bet)
Seat 4: coeeeelho folded before Flop (didn't bet)
Seat 5: Iospirate (button) folded before Flop (didn't bet)
Seat 6: ligeti lajos (small blind) showed [5c Ac] and won ($18.52) with a pair of Fives



PokerStars Hand #254582731362:  Hold'em No Limit ($0.50/$1.00 USD) - 2025/01/27 19:09:26 WET [2025/01/27 14:09:26 ET]
Table 'Alamak IV' 6-max Seat #6 is the button
Seat 1: DJNezz ($171.13 in chips) 
Seat 2: Unipoker11 ($114.01 in chips) 
Seat 3: michasia ($108.63 in chips) 
Seat 4: coeeeelho ($101.50 in chips) 
Seat 5: Iospirate ($82.06 in chips) 
Seat 6: ligeti lajos ($118.80 in chips) 
DJNezz: posts small blind $0.50
Unipoker11: posts big blind $1
*** HOLE CARDS ***
michasia: folds 
coeeeelho: raises $1.10 to $2.10
Iospirate: folds 
ligeti lajos: calls $2.10
DJNezz: folds 
Unipoker11: calls $1.10
*** FLOP *** [3s 9h 6s]
Unipoker11: checks 
coeeeelho: checks 
ligeti lajos: checks 
*** TURN *** [3s 9h 6s] [Js]
Unipoker11: checks 
coeeeelho: checks 
ligeti lajos: checks 
*** RIVER *** [3s 9h 6s Js] [7c]
Unipoker11: checks 
coeeeelho: checks 
ligeti lajos: bets $3.23
Unipoker11: folds 
coeeeelho: folds 
Uncalled bet ($3.23) returned to ligeti lajos
ligeti lajos collected $6.46 from pot
ligeti lajos: doesn't show hand 
*** SUMMARY ***
Total pot $6.80 | Rake $0.34 
Board [3s 9h 6s Js 7c]
Seat 1: DJNezz (small blind) folded before Flop
Seat 2: Unipoker11 (big blind) folded on the River
Seat 3: michasia folded before Flop (didn't bet)
Seat 4: coeeeelho folded on the River
Seat 5: Iospirate folded before Flop (didn't bet)
Seat 6: ligeti lajos (button) collected ($6.46)



PokerStars Hand #254582770982:  Hold'em No Limit ($0.50/$1.00 USD) - 2025/01/27 19:11:42 WET [2025/01/27 14:11:42 ET]
Table 'Alamak IV' 6-max Seat #1 is the button
Seat 1: DJNezz ($170.63 in chips) 
Seat 2: Unipoker11 ($111.91 in chips) 
Seat 3: michasia ($108.63 in chips) 
Seat 4: coeeeelho ($100 in chips) 
Seat 5: Iospirate ($82.06 in chips) 
Seat 6: ligeti lajos ($123.16 in chips) 
Unipoker11: posts small blind $0.50
michasia: posts big blind $1
*** HOLE CARDS ***
coeeeelho: folds 
Iospirate: calls $1
ligeti lajos: folds 
DJNezz: raises $3 to $4
Unipoker11: folds 
michasia: folds 
Iospirate: calls $3
*** FLOP *** [Tc 4c Kh]
Iospirate: checks 
DJNezz: bets $4.51
Iospirate: calls $4.51
*** TURN *** [Tc 4c Kh] [7c]
Iospirate: checks 
DJNezz: checks 
*** RIVER *** [Tc 4c Kh 7c] [2h]
Iospirate: checks 
DJNezz: bets $8.80
Iospirate: folds 
Uncalled bet ($8.80) returned to DJNezz
DJNezz collected $17.59 from pot
*** SUMMARY ***
Total pot $18.52 | Rake $0.93 
Board [Tc 4c Kh 7c 2h]
Seat 1: DJNezz (button) collected ($17.59)
Seat 2: Unipoker11 (small blind) folded before Flop
Seat 3: michasia (big blind) folded before Flop
Seat 4: coeeeelho folded before Flop (didn't bet)
Seat 5: Iospirate folded on the River
Seat 6: ligeti lajos folded before Flop (didn't bet)



PokerStars Hand #254582792051:  Hold'em No Limit ($0.50/$1.00 USD) - 2025/01/27 19:12:54 WET [2025/01/27 14:12:54 ET]
Table 'Alamak IV' 6-max Seat #2 is the button
Seat 1: DJNezz ($179.71 in chips) 
Seat 2: Unipoker11 ($111.41 in chips) 
Seat 3: michasia ($107.63 in chips) 
Seat 4: coeeeelho ($100 in chips) 
Seat 5: Iospirate ($73.55 in chips) 
Seat 6: ligeti lajos ($123.16 in chips) 
michasia: posts small blind $0.50
coeeeelho: posts big blind $1
*** HOLE CARDS ***
Iospirate: calls $1
ligeti lajos: calls $1
DJNezz: folds 
Unipoker11: folds 
michasia: folds 
coeeeelho: checks 
*** FLOP *** [8d 5d 9h]
coeeeelho: checks 
Iospirate: checks 
ligeti lajos: checks 
*** TURN *** [8d 5d 9h] [Jd]
coeeeelho: checks 
Iospirate: checks 
ligeti lajos: bets $3.32
coeeeelho: folds 
Iospirate: folds 
Uncalled bet ($3.32) returned to ligeti lajos
ligeti lajos collected $3.32 from pot
ligeti lajos: doesn't show hand 
*** SUMMARY ***
Total pot $3.50 | Rake $0.18 
Board [8d 5d 9h Jd]
Seat 1: DJNezz folded before Flop (didn't bet)
Seat 2: Unipoker11 (button) folded before Flop (didn't bet)
Seat 3: michasia (small blind) folded before Flop
Seat 4: coeeeelho (big blind) folded on the Turn
Seat 5: Iospirate folded on the Turn
Seat 6: ligeti lajos collected ($3.32)



PokerStars Hand #254582805968:  Hold'em No Limit ($0.50/$1.00 USD) - 2025/01/27 19:13:42 WET [2025/01/27 14:13:42 ET]
Table 'Alamak IV' 6-max Seat #3 is the button
Seat 1: DJNezz ($179.71 in chips) 
Seat 2: Unipoker11 ($111.41 in chips) 
Seat 3: michasia ($107.13 in chips) 
Seat 4: coeeeelho ($100 in chips) 
Seat 5: Iospirate ($72.55 in chips) 
Seat 6: ligeti lajos ($125.48 in chips) 
coeeeelho: posts small blind $0.50
Iospirate: posts big blind $1
*** HOLE CARDS ***
ligeti lajos has timed out
ligeti lajos: folds 
DJNezz: raises $1.20 to $2.20
Unipoker11: folds 
michasia: calls $2.20
coeeeelho: folds 
Iospirate: folds 
*** FLOP *** [9d 6c 8c]
DJNezz: checks 
michasia: bets $3.73
DJNezz: calls $3.73
*** TURN *** [9d 6c 8c] [5d]
DJNezz: checks 
michasia: bets $8.46
DJNezz: calls $8.46
*** RIVER *** [9d 6c 8c 5d] [Td]
DJNezz: checks 
michasia: bets $28.77
DJNezz: raises $136.55 to $165.32 and is all-in
michasia: calls $63.97 and is all-in
Uncalled bet ($72.58) returned to DJNezz
*** SHOW DOWN ***
DJNezz: shows [8d Kd] (a flush, King high)
michasia: shows [Ad 7d] (a flush, Ace high)
michasia collected $213.26 from pot
*** SUMMARY ***
Total pot $215.76 | Rake $2.50 
Board [9d 6c 8c 5d Td]
Seat 1: DJNezz showed [8d Kd] and lost with a flush, King high
Seat 2: Unipoker11 folded before Flop (didn't bet)
Seat 3: michasia (button) showed [Ad 7d] and won ($213.26) with a flush, Ace high
Seat 4: coeeeelho (small blind) folded before Flop
Seat 5: Iospirate (big blind) folded before Flop
Seat 6: ligeti lajos folded before Flop (didn't bet)



PokerStars Hand #254582839452:  Hold'em No Limit ($0.50/$1.00 USD) - 2025/01/27 19:15:37 WET [2025/01/27 14:15:37 ET]
Table 'Alamak IV' 6-max Seat #4 is the button
Seat 1: DJNezz ($100 in chips) 
Seat 2: Unipoker11 ($111.41 in chips) 
Seat 3: michasia ($213.26 in chips) 
Seat 4: coeeeelho ($100 in chips) 
Seat 5: Iospirate ($71.55 in chips) 
Seat 6: ligeti lajos ($125.48 in chips) 
Iospirate: posts small blind $0.50
ligeti lajos: posts big blind $1
*** HOLE CARDS ***
DJNezz: folds 
Unipoker11: folds 
michasia: folds 
coeeeelho: raises $1.50 to $2.50
Iospirate: calls $2
ligeti lajos: calls $1.50
*** FLOP *** [Ks 5s Ac]
Iospirate: checks 
ligeti lajos: checks 
coeeeelho: checks 
*** TURN *** [Ks 5s Ac] [3c]
Iospirate: checks 
ligeti lajos: bets $3.56
coeeeelho: folds 
Iospirate: folds 
Uncalled bet ($3.56) returned to ligeti lajos
ligeti lajos collected $7.12 from pot
ligeti lajos: doesn't show hand 
*** SUMMARY ***
Total pot $7.50 | Rake $0.38 
Board [Ks 5s Ac 3c]
Seat 1: DJNezz folded before Flop (didn't bet)
Seat 2: Unipoker11 folded before Flop (didn't bet)
Seat 3: michasia folded before Flop (didn't bet)
Seat 4: coeeeelho (button) folded on the Turn
Seat 5: Iospirate (small blind) folded on the Turn
Seat 6: ligeti lajos (big blind) collected ($7.12)



PokerStars Hand #254582861285:  Hold'em No Limit ($0.50/$1.00 USD) - 2025/01/27 19:16:52 WET [2025/01/27 14:16:52 ET]
Table 'Alamak IV' 6-max Seat #5 is the button
Seat 1: DJNezz ($100 in chips) 
Seat 2: Unipoker11 ($111.41 in chips) 
Seat 3: michasia ($213.26 in chips) 
Seat 4: coeeeelho ($100 in chips) 
Seat 5: Iospirate ($98 in chips) 
Seat 6: ligeti lajos ($130.10 in chips) 
ligeti lajos: posts small blind $0.50
DJNezz: posts big blind $1
*** HOLE CARDS ***
Unipoker11: folds 
michasia: folds 
coeeeelho: folds 
Iospirate: calls $1
ligeti lajos: calls $0.50
DJNezz: checks 
*** FLOP *** [Jc 6c 6d]
ligeti lajos: checks 
DJNezz: bets $2.14
Iospirate: folds 
ligeti lajos: calls $2.14
*** TURN *** [Jc 6c 6d] [Qc]
ligeti lajos: checks 
DJNezz: bets $5.19
ligeti lajos: calls $5.19
*** RIVER *** [Jc 6c 6d Qc] [5c]
ligeti lajos: checks 
DJNezz: checks 
*** SHOW DOWN ***
ligeti lajos: shows [Kc 4c] (a flush, King high)
DJNezz: mucks hand 
ligeti lajos collected $16.78 from pot
*** SUMMARY ***
Total pot $17.66 | Rake $0.88 
Board [Jc 6c 6d Qc 5c]
Seat 1: DJNezz (big blind) mucked
Seat 2: Unipoker11 folded before Flop (didn't bet)
Seat 3: michasia folded before Flop (didn't bet)
Seat 4: coeeeelho folded before Flop (didn't bet)
Seat 5: Iospirate (button) folded on the Flop
Seat 6: ligeti lajos (small blind) showed [Kc 4c] and won ($16.78) with a flush, King high



PokerStars Hand #254582877763:  Hold'em No Limit ($0.50/$1.00 USD) - 2025/01/27 19:17:48 WET [2025/01/27 14:17:48 ET]
Table 'Alamak IV' 6-max Seat #6 is the button
Seat 1: DJNezz ($100 in chips) 
Seat 2: Unipoker11 ($111.41 in chips) 
Seat 3: michasia ($213.26 in chips) 
Seat 4: coeeeelho ($100 in chips) 
Seat 5: Iospirate ($97 in chips) 
Seat 6: ligeti lajos ($138.55 in chips) 
DJNezz: posts small blind $0.50
Unipoker11: posts big blind $1
*** HOLE CARDS ***
michasia: folds 
coeeeelho: folds 
Iospirate: folds 
ligeti lajos: calls $1
DJNezz: raises $4 to $5
Unipoker11: folds 
ligeti lajos: calls $4
*** FLOP *** [8s 9d Jc]
DJNezz: checks 
ligeti lajos: bets $5.23
DJNezz: calls $5.23
*** TURN *** [8s 9d Jc] [Qh]
DJNezz: checks 
ligeti lajos: bets $10.20
DJNezz: folds 
Uncalled bet ($10.20) returned to ligeti lajos
ligeti lajos collected $20.39 from pot
ligeti lajos: doesn't show hand 
*** SUMMARY ***
Total pot $21.46 | Rake $1.07 
Board [8s 9d Jc Qh]
Seat 1: DJNezz (small blind) folded on the Turn
Seat 2: Unipoker11 (big blind) folded before Flop
Seat 3: michasia folded before Flop (didn't bet)
Seat 4: coeeeelho folded before Flop (didn't bet)
Seat 5: Iospirate folded before Flop (didn't bet)
Seat 6: ligeti lajos (button) collected ($20.39)



PokerStars Hand #254582894739:  Hold'em No Limit ($0.50/$1.00 USD) - 2025/01/27 19:18:45 WET [2025/01/27 14:18:45 ET]
Table 'Alamak IV' 6-max Seat #1 is the button
Seat 1: DJNezz ($100 in chips) 
Seat 2: Unipoker11 ($110.41 in chips) 
Seat 3: michasia ($213.26 in chips) 
Seat 4: coeeeelho ($100 in chips) 
Seat 5: Iospirate ($97 in chips) 
Seat 6: ligeti lajos ($148.71 in chips) 
Unipoker11: posts small blind $0.50
michasia: posts big blind $1
*** HOLE CARDS ***
coeeeelho: folds 
Iospirate: folds 
ligeti lajos: calls $1
DJNezz: raises $4 to $5
Unipoker11: folds 
michasia: calls $4
ligeti lajos: raises $143.71 to $148.71 and is all-in
DJNezz: calls $95 and is all-in
michasia: folds 
Uncalled bet ($48.71) returned to ligeti lajos
*** FLOP *** [3h Kd 2d]
*** TURN *** [3h Kd 2d] [9d]
*** RIVER *** [3h Kd 2d 9d] [Tc]
*** SHOW DOWN ***
ligeti lajos: shows [Ad Ks] (a pair of Kings)
DJNezz: shows [Jd Jc] (a pair of Jacks)
ligeti lajos collected $203 from pot
*** SUMMARY ***
Total pot $205.50 | Rake $2.50 
Board [3h Kd 2d 9d Tc]
Seat 1: DJNezz (button) showed [Jd Jc] and lost with a pair of Jacks
Seat 2: Unipoker11 (small blind) folded before Flop
Seat 3: michasia (big blind) folded before Flop
Seat 4: coeeeelho folded before Flop (didn't bet)
Seat 5: Iospirate folded before Flop (didn't bet)
Seat 6: ligeti lajos showed [Ad Ks] and won ($203) with a pair of Kings



PokerStars Hand #254582908024:  Hold'em No Limit ($0.50/$1.00 USD) - 2025/01/27 19:19:29 WET [2025/01/27 14:19:29 ET]
Table 'Alamak IV' 6-max Seat #2 is the button
Seat 1: DJNezz ($100 in chips) 
Seat 2: Unipoker11 ($109.91 in chips) 
Seat 3: michasia ($208.26 in chips) 
Seat 4: coeeeelho ($100 in chips) 
Seat 5: Iospirate ($97 in chips) 
Seat 6: ligeti lajos ($251.71 in chips) 
michasia: posts small blind $0.50
coeeeelho: posts big blind $1
*** HOLE CARDS ***
Iospirate: folds 
ligeti lajos: folds 
DJNezz: folds 
Unipoker11: folds 
michasia: raises $2 to $3
coeeeelho: folds 
Uncalled bet ($2) returned to michasia
michasia collected $2 from pot
michasia: doesn't show hand 
*** SUMMARY ***
Total pot $2 | Rake $0 
Seat 1: DJNezz folded before Flop (didn't bet)
Seat 2: Unipoker11 (button) folded before Flop (didn't bet)
Seat 3: michasia (small blind) collected ($2)
Seat 4: coeeeelho (big blind) folded before Flop
Seat 5: Iospirate folded before Flop (didn't bet)
Seat 6: ligeti lajos folded before Flop (didn't bet)



PokerStars Hand #254582914503:  Hold'em No Limit ($0.50/$1.00 USD) - 2025/01/27 19:19:51 WET [2025/01/27 14:19:51 ET]
Table 'Alamak IV' 6-max Seat #3 is the button
Seat 1: DJNezz ($100 in chips) 
Seat 2: Unipoker11 ($109.91 in chips) 
Seat 3: michasia ($209.26 in chips) 
Seat 4: coeeeelho ($100 in chips) 
Seat 5: Iospirate ($97 in chips) 
Seat 6: ligeti lajos ($251.71 in chips) 
coeeeelho: posts small blind $0.50
Iospirate: posts big blind $1
*** HOLE CARDS ***
ligeti lajos: folds 
DJNezz: folds 
Unipoker11: folds 
michasia: folds 
coeeeelho: folds 
Uncalled bet ($0.50) returned to Iospirate
Iospirate collected $1 from pot
Iospirate: doesn't show hand 
*** SUMMARY ***
Total pot $1 | Rake $0 
Seat 1: DJNezz folded before Flop (didn't bet)
Seat 2: Unipoker11 folded before Flop (didn't bet)
Seat 3: michasia (button) folded before Flop (didn't bet)
Seat 4: coeeeelho (small blind) folded before Flop
Seat 5: Iospirate (big blind) collected ($1)
Seat 6: ligeti lajos folded before Flop (didn't bet)



PokerStars Hand #254582919705:  Hold'em No Limit ($0.50/$1.00 USD) - 2025/01/27 19:20:08 WET [2025/01/27 14:20:08 ET]
Table 'Alamak IV' 6-max Seat #4 is the button
Seat 1: DJNezz ($100 in chips) 
Seat 2: Unipoker11 ($109.91 in chips) 
Seat 3: michasia ($209.26 in chips) 
Seat 4: coeeeelho ($100 in chips) 
Seat 5: Iospirate ($97.50 in chips) 
Seat 6: ligeti lajos ($251.71 in chips) 
Iospirate: posts small blind $0.50
ligeti lajos: posts big blind $1
*** HOLE CARDS ***
DJNezz: folds 
Unipoker11: folds 
michasia: folds 
coeeeelho: folds 
Iospirate: raises $1 to $2
ligeti lajos: folds 
Uncalled bet ($1) returned to Iospirate
Iospirate collected $2 from pot
Iospirate: doesn't show hand 
*** SUMMARY ***
Total pot $2 | Rake $0 
Seat 1: DJNezz folded before Flop (didn't bet)
Seat 2: Unipoker11 folded before Flop (didn't bet)
Seat 3: michasia folded before Flop (didn't bet)
Seat 4: coeeeelho (button) folded before Flop (didn't bet)
Seat 5: Iospirate (small blind) collected ($2)
Seat 6: ligeti lajos (big blind) folded before Flop



PokerStars Hand #254582924525:  Hold'em No Limit ($0.50/$1.00 USD) - 2025/01/27 19:20:25 WET [2025/01/27 14:20:25 ET]
Table 'Alamak IV' 6-max Seat #5 is the button
Seat 1: DJNezz ($100 in chips) 
Seat 2: Unipoker11 ($109.91 in chips) 
Seat 3: michasia ($209.26 in chips) 
Seat 4: coeeeelho ($100 in chips) 
Seat 5: Iospirate ($98.50 in chips) 
Seat 6: ligeti lajos ($250.71 in chips) 
ligeti lajos: posts small blind $0.50
DJNezz: posts big blind $1
*** HOLE CARDS ***
Unipoker11: folds 
michasia: folds 
coeeeelho: folds 
Iospirate: raises $1 to $2
ligeti lajos: calls $1.50
DJNezz: folds 
*** FLOP *** [Jc Ac Qs]
ligeti lajos: checks 
Iospirate: bets $4
ligeti lajos: calls $4
*** TURN *** [Jc Ac Qs] [8c]
ligeti lajos: checks 
Iospirate: checks 
*** RIVER *** [Jc Ac Qs 8c] [Jh]
ligeti lajos: checks 
Iospirate: checks 
*** SHOW DOWN ***
ligeti lajos: shows [Kd 2d] (a pair of Jacks)
Iospirate: shows [9d 9h] (two pair, Jacks and Nines)
Iospirate collected $12.35 from pot
*** SUMMARY ***
Total pot $13 | Rake $0.65 
Board [Jc Ac Qs 8c Jh]
Seat 1: DJNezz (big blind) folded before Flop
Seat 2: Unipoker11 folded before Flop (didn't bet)
Seat 3: michasia folded before Flop (didn't bet)
Seat 4: coeeeelho folded before Flop (didn't bet)
Seat 5: Iospirate (button) showed [9d 9h] and won ($12.35) with two pair, Jacks and Nines
Seat 6: ligeti lajos (small blind) showed [Kd 2d] and lost with a pair of Jacks



PokerStars Hand #254582940661:  Hold'em No Limit ($0.50/$1.00 USD) - 2025/01/27 19:21:19 WET [2025/01/27 14:21:19 ET]
Table 'Alamak IV' 6-max Seat #6 is the button
Seat 1: DJNezz ($100 in chips) 
Seat 2: Unipoker11 ($109.91 in chips) 
Seat 3: michasia ($209.26 in chips) 
Seat 4: coeeeelho ($100 in chips) 
Seat 5: Iospirate ($104.85 in chips) 
Seat 6: ligeti lajos ($244.71 in chips) 
DJNezz: posts small blind $0.50
Unipoker11: posts big blind $1
*** HOLE CARDS ***
michasia: raises $1.60 to $2.60
coeeeelho: folds 
Iospirate: calls $2.60
ligeti lajos: folds 
DJNezz: folds 
Unipoker11: folds 
*** FLOP *** [Ac 9h 5s]
michasia: bets $2.10
Iospirate: calls $2.10
*** TURN *** [Ac 9h 5s] [2s]
michasia: bets $6.91
Iospirate: calls $6.91
*** RIVER *** [Ac 9h 5s 2s] [Th]
michasia: bets $15.65
Iospirate: folds 
Uncalled bet ($15.65) returned to michasia
michasia collected $23.48 from pot
michasia: doesn't show hand 
*** SUMMARY ***
Total pot $24.72 | Rake $1.24 
Board [Ac 9h 5s 2s Th]
Seat 1: DJNezz (small blind) folded before Flop
Seat 2: Unipoker11 (big blind) folded before Flop
Seat 3: michasia collected ($23.48)
Seat 4: coeeeelho folded before Flop (didn't bet)
Seat 5: Iospirate folded on the River
Seat 6: ligeti lajos (button) folded before Flop (didn't bet)



PokerStars Hand #254582954747:  Hold'em No Limit ($0.50/$1.00 USD) - 2025/01/27 19:22:07 WET [2025/01/27 14:22:07 ET]
Table 'Alamak IV' 6-max Seat #1 is the button
Seat 1: DJNezz ($100 in chips) 
Seat 2: Unipoker11 ($108.91 in chips) 
Seat 3: michasia ($221.13 in chips) 
Seat 4: coeeeelho ($100 in chips) 
Seat 5: Iospirate ($93.24 in chips) 
Seat 6: ligeti lajos ($244.71 in chips) 
Unipoker11: posts small blind $0.50
michasia: posts big blind $1
*** HOLE CARDS ***
coeeeelho: folds 
Iospirate: folds 
ligeti lajos: calls $1
DJNezz: folds 
Unipoker11: calls $0.50
michasia: checks 
*** FLOP *** [2h 8d Qc]
Unipoker11: checks 
michasia: checks 
ligeti lajos: bets $2.85
Unipoker11: folds 
michasia: folds 
Uncalled bet ($2.85) returned to ligeti lajos
ligeti lajos collected $2.85 from pot
ligeti lajos: doesn't show hand 
*** SUMMARY ***
Total pot $3 | Rake $0.15 
Board [2h 8d Qc]
Seat 1: DJNezz (button) folded before Flop (didn't bet)
Seat 2: Unipoker11 (small blind) folded on the Flop
Seat 3: michasia (big blind) folded on the Flop
Seat 4: coeeeelho folded before Flop (didn't bet)
Seat 5: Iospirate folded before Flop (didn't bet)
Seat 6: ligeti lajos collected ($2.85)



PokerStars Hand #254582962846:  Hold'em No Limit ($0.50/$1.00 USD) - 2025/01/27 19:22:34 WET [2025/01/27 14:22:34 ET]
Table 'Alamak IV' 6-max Seat #2 is the button
Seat 1: DJNezz ($100 in chips) 
Seat 2: Unipoker11 ($107.91 in chips) 
Seat 3: michasia ($220.13 in chips) 
Seat 4: coeeeelho ($100 in chips) 
Seat 5: Iospirate ($93.24 in chips) 
Seat 6: ligeti lajos ($246.56 in chips) 
michasia: posts small blind $0.50
coeeeelho: posts big blind $1
*** HOLE CARDS ***
Iospirate: folds 
ligeti lajos: calls $1
DJNezz: folds 
Unipoker11: folds 
michasia: folds 
coeeeelho: checks 
*** FLOP *** [Qs 7s As]
coeeeelho: bets $1
ligeti lajos: folds 
Uncalled bet ($1) returned to coeeeelho
coeeeelho collected $2.38 from pot
*** SUMMARY ***
Total pot $2.50 | Rake $0.12 
Board [Qs 7s As]
Seat 1: DJNezz folded before Flop (didn't bet)
Seat 2: Unipoker11 (button) folded before Flop (didn't bet)
Seat 3: michasia (small blind) folded before Flop
Seat 4: coeeeelho (big blind) collected ($2.38)
Seat 5: Iospirate folded before Flop (didn't bet)
Seat 6: ligeti lajos folded on the Flop



PokerStars Hand #254582968889:  Hold'em No Limit ($0.50/$1.00 USD) - 2025/01/27 19:22:54 WET [2025/01/27 14:22:54 ET]
Table 'Alamak IV' 6-max Seat #3 is the button
Seat 1: DJNezz ($100 in chips) 
Seat 2: Unipoker11 ($107.91 in chips) 
Seat 3: michasia ($219.63 in chips) 
Seat 4: coeeeelho ($101.38 in chips) 
Seat 5: Iospirate ($93.24 in chips) 
Seat 6: ligeti lajos ($245.56 in chips) 
coeeeelho: posts small blind $0.50
Iospirate: posts big blind $1
*** HOLE CARDS ***
ligeti lajos: folds 
DJNezz: folds 
Unipoker11: folds 
michasia: folds 
coeeeelho: raises $2 to $3
Iospirate: raises $5 to $8
coeeeelho: calls $5
*** FLOP *** [6d 6h 9d]
coeeeelho: checks 
Iospirate: bets $10
coeeeelho: calls $10
*** TURN *** [6d 6h 9d] [5c]
coeeeelho: checks 
Iospirate: checks 
*** RIVER *** [6d 6h 9d 5c] [Td]
coeeeelho: bets $25.65
Iospirate: folds 
Uncalled bet ($25.65) returned to coeeeelho
coeeeelho collected $34.20 from pot
*** SUMMARY ***
Total pot $36 | Rake $1.80 
Board [6d 6h 9d 5c Td]
Seat 1: DJNezz folded before Flop (didn't bet)
Seat 2: Unipoker11 folded before Flop (didn't bet)
Seat 3: michasia (button) folded before Flop (didn't bet)
Seat 4: coeeeelho (small blind) collected ($34.20)
Seat 5: Iospirate (big blind) folded on the River
Seat 6: ligeti lajos folded before Flop (didn't bet)



PokerStars Hand #254582991284:  Hold'em No Limit ($0.50/$1.00 USD) - 2025/01/27 19:24:10 WET [2025/01/27 14:24:10 ET]
Table 'Alamak IV' 6-max Seat #4 is the button
Seat 1: DJNezz ($100 in chips) 
Seat 2: Unipoker11 ($107.91 in chips) 
Seat 3: michasia ($219.63 in chips) 
Seat 4: coeeeelho ($117.58 in chips) 
Seat 5: Iospirate ($75.24 in chips) 
Seat 6: ligeti lajos ($245.56 in chips) 
Iospirate: posts small blind $0.50
ligeti lajos: posts big blind $1
*** HOLE CARDS ***
DJNezz: folds 
Unipoker11: raises $1 to $2
michasia: folds 
coeeeelho: folds 
Iospirate: folds 
ligeti lajos: calls $1
*** FLOP *** [6d 4h Qh]
ligeti lajos: checks 
Unipoker11: bets $1.41
ligeti lajos: calls $1.41
*** TURN *** [6d 4h Qh] [2d]
ligeti lajos: checks 
Unipoker11: bets $8.69
ligeti lajos: folds 
Uncalled bet ($8.69) returned to Unipoker11
Unipoker11 collected $6.95 from pot
Unipoker11: doesn't show hand 
*** SUMMARY ***
Total pot $7.32 | Rake $0.37 
Board [6d 4h Qh 2d]
Seat 1: DJNezz folded before Flop (didn't bet)
Seat 2: Unipoker11 collected ($6.95)
Seat 3: michasia folded before Flop (didn't bet)
Seat 4: coeeeelho (button) folded before Flop (didn't bet)
Seat 5: Iospirate (small blind) folded before Flop
Seat 6: ligeti lajos (big blind) folded on the Turn



PokerStars Hand #254583002701:  Hold'em No Limit ($0.50/$1.00 USD) - 2025/01/27 19:24:49 WET [2025/01/27 14:24:49 ET]
Table 'Alamak IV' 6-max Seat #5 is the button
Seat 1: DJNezz ($100 in chips) 
Seat 2: Unipoker11 ($111.45 in chips) 
Seat 3: michasia ($219.63 in chips) 
Seat 4: coeeeelho ($117.58 in chips) 
Seat 5: Iospirate ($74.74 in chips) 
Seat 6: ligeti lajos ($242.15 in chips) 
ligeti lajos: posts small blind $0.50
DJNezz: posts big blind $1
*** HOLE CARDS ***
Unipoker11: folds 
michasia: folds 
coeeeelho: raises $1.20 to $2.20
Iospirate: folds 
ligeti lajos: raises $5.40 to $7.60
DJNezz: folds 
coeeeelho: calls $5.40
*** FLOP *** [7d 4s 5d]
ligeti lajos: bets $7.70
coeeeelho: calls $7.70
*** TURN *** [7d 4s 5d] [Ah]
ligeti lajos: bets $15.01
coeeeelho: calls $15.01
*** RIVER *** [7d 4s 5d Ah] [3h]
ligeti lajos: bets $29.56
coeeeelho: calls $29.56
*** SHOW DOWN ***
ligeti lajos: shows [Kc Kh] (a pair of Kings)
coeeeelho: shows [Qc Ad] (a pair of Aces)
coeeeelho collected $118.24 from pot
*** SUMMARY ***
Total pot $120.74 | Rake $2.50 
Board [7d 4s 5d Ah 3h]
Seat 1: DJNezz (big blind) folded before Flop
Seat 2: Unipoker11 folded before Flop (didn't bet)
Seat 3: michasia folded before Flop (didn't bet)
Seat 4: coeeeelho showed [Qc Ad] and won ($118.24) with a pair of Aces
Seat 5: Iospirate (button) folded before Flop (didn't bet)
Seat 6: ligeti lajos (small blind) showed [Kc Kh] and lost with a pair of Kings



PokerStars Hand #254583028478:  Hold'em No Limit ($0.50/$1.00 USD) - 2025/01/27 19:26:16 WET [2025/01/27 14:26:16 ET]
Table 'Alamak IV' 6-max Seat #6 is the button
Seat 2: Unipoker11 ($111.45 in chips) is sitting out
Seat 1: DJNezz ($100 in chips) 
Seat 3: michasia ($219.63 in chips) 
Seat 4: coeeeelho ($175.95 in chips) 
Seat 5: Iospirate ($74.74 in chips) 
Seat 6: ligeti lajos ($182.28 in chips) 
DJNezz: posts small blind $0.50
Unipoker11: is sitting out 
michasia: posts big blind $1
*** HOLE CARDS ***
Unipoker11 leaves the table
coeeeelho: raises $1.10 to $2.10
Iospirate: folds 
ligeti lajos: folds 
ligeti lajos leaves the table
DJNezz: folds 
laloo246 joins the table at seat #6 
michasia: folds 
Uncalled bet ($1.10) returned to coeeeelho
coeeeelho collected $2.50 from pot
laloo246 leaves the table
*** SUMMARY ***
Total pot $2.50 | Rake $0 
Seat 2: Unipoker11
Seat 1: DJNezz (small blind) folded before Flop
Seat 3: michasia (big blind) folded before Flop
Seat 4: coeeeelho collected ($2.50)
Seat 5: Iospirate folded before Flop (didn't bet)
Seat 6: ligeti lajos (button) folded before Flop (didn't bet)



PokerStars Hand #254583033743:  Hold'em No Limit ($0.50/$1.00 USD) - 2025/01/27 19:26:34 WET [2025/01/27 14:26:34 ET]
Table 'Alamak IV' 6-max Seat #1 is the button
Seat 1: DJNezz ($100 in chips) 
Seat 3: michasia ($218.63 in chips) 
Seat 4: coeeeelho ($177.45 in chips) 
Seat 5: Iospirate ($74.74 in chips) 
michasia: posts small blind $0.50
coeeeelho: posts big blind $1
*** HOLE CARDS ***
Iospirate: folds 
J0SHB0SH joins the table at seat #2 
DJNezz: folds 
J0SHB0SH leaves the table
michasia: raises $2 to $3
poker_soul11 joins the table at seat #2 
santiagoGpradal joins the table at seat #6 
santiagoGpradal is disconnected 
coeeeelho: calls $2
*** FLOP *** [Js 7d Jc]
santiagoGpradal leaves the table
michasia: bets $1.88
Joe_Li7 joins the table at seat #6 
coeeeelho: folds 
Uncalled bet ($1.88) returned to michasia
michasia collected $5.70 from pot
michasia: doesn't show hand 
*** SUMMARY ***
Total pot $6 | Rake $0.30 
Board [Js 7d Jc]
Seat 1: DJNezz (button) folded before Flop (didn't bet)
Seat 3: michasia (small blind) collected ($5.70)
Seat 4: coeeeelho (big blind) folded on the Flop
Seat 5: Iospirate folded before Flop (didn't bet)



PokerStars Hand #254583045520:  Hold'em No Limit ($0.50/$1.00 USD) - 2025/01/27 19:27:14 WET [2025/01/27 14:27:14 ET]
Table 'Alamak IV' 6-max Seat #3 is the button
Seat 2: poker_soul11 ($100 in chips) is sitting out
Seat 6: Joe_Li7 ($100 in chips) is sitting out
Seat 1: DJNezz ($100 in chips) 
Seat 3: michasia ($221.33 in chips) 
Seat 4: coeeeelho ($174.45 in chips) 
Seat 5: Iospirate ($74.74 in chips) 
coeeeelho: posts small blind $0.50
Iospirate: posts big blind $1
Joe_Li7: sits out 
poker_soul11: sits out 
*** HOLE CARDS ***
DJNezz: raises $1.20 to $2.20
michasia: folds 
coeeeelho: folds 
Iospirate: folds 
Uncalled bet ($1.20) returned to DJNezz
DJNezz collected $2.50 from pot
*** SUMMARY ***
Total pot $2.50 | Rake $0 
Seat 2: poker_soul11
Seat 6: Joe_Li7
Seat 1: DJNezz collected ($2.50)
Seat 3: michasia (button) folded before Flop (didn't bet)
Seat 4: coeeeelho (small blind) folded before Flop
Seat 5: Iospirate (big blind) folded before Flop



PokerStars Hand #254583050202:  Hold'em No Limit ($0.50/$1.00 USD) - 2025/01/27 19:27:30 WET [2025/01/27 14:27:30 ET]
Table 'Alamak IV' 6-max Seat #4 is the button
Seat 2: poker_soul11 ($100 in chips) is sitting out
Seat 1: DJNezz ($101.50 in chips) 
Seat 3: michasia ($221.33 in chips) 
Seat 4: coeeeelho ($173.95 in chips) 
Seat 5: Iospirate ($73.74 in chips) 
Seat 6: Joe_Li7 ($100 in chips) 
Iospirate: posts small blind $0.50
Joe_Li7: posts big blind $1
poker_soul11: sits out 
*** HOLE CARDS ***
DJNezz: folds 
michasia: folds 
coeeeelho: raises $1.20 to $2.20
Iospirate: folds 
Joe_Li7: folds 
Uncalled bet ($1.20) returned to coeeeelho
coeeeelho collected $2.50 from pot
*** SUMMARY ***
Total pot $2.50 | Rake $0 
Seat 2: poker_soul11
Seat 1: DJNezz folded before Flop (didn't bet)
Seat 3: michasia folded before Flop (didn't bet)
Seat 4: coeeeelho (button) collected ($2.50)
Seat 5: Iospirate (small blind) folded before Flop
Seat 6: Joe_Li7 (big blind) folded before Flop



PokerStars Hand #254583055708:  Hold'em No Limit ($0.50/$1.00 USD) - 2025/01/27 19:27:48 WET [2025/01/27 14:27:48 ET]
Table 'Alamak IV' 6-max Seat #5 is the button
Seat 2: poker_soul11 ($100 in chips) is sitting out
Seat 1: DJNezz ($101.50 in chips) 
Seat 3: michasia ($221.33 in chips) 
Seat 4: coeeeelho ($175.45 in chips) 
Seat 5: Iospirate ($73.24 in chips) 
Seat 6: Joe_Li7 ($100 in chips) 
Joe_Li7: posts small blind $0.50
DJNezz: posts big blind $1
poker_soul11: sits out 
*** HOLE CARDS ***
michasia: raises $1.60 to $2.60
coeeeelho: raises $5.20 to $7.80
Iospirate: folds 
Joe_Li7: folds 
DJNezz: folds 
michasia: folds 
Uncalled bet ($5.20) returned to coeeeelho
coeeeelho collected $6.70 from pot
*** SUMMARY ***
Total pot $6.70 | Rake $0 
Seat 2: poker_soul11
Seat 1: DJNezz (big blind) folded before Flop
Seat 3: michasia folded before Flop
Seat 4: coeeeelho collected ($6.70)
Seat 5: Iospirate (button) folded before Flop (didn't bet)
Seat 6: Joe_Li7 (small blind) folded before Flop



PokerStars Hand #254583059271:  Hold'em No Limit ($0.50/$1.00 USD) - 2025/01/27 19:28:01 WET [2025/01/27 14:28:01 ET]
Table 'Alamak IV' 6-max Seat #6 is the button
Seat 1: DJNezz ($100.50 in chips) 
Seat 2: poker_soul11 ($100 in chips) 
Seat 3: michasia ($218.73 in chips) 
Seat 4: coeeeelho ($179.55 in chips) 
Seat 5: Iospirate ($73.24 in chips) 
Seat 6: Joe_Li7 ($100 in chips) 
DJNezz: posts small blind $0.50
poker_soul11: posts big blind $1
*** HOLE CARDS ***
michasia: folds 
coeeeelho: folds 
Iospirate: folds 
Joe_Li7 has timed out
Joe_Li7: folds 
DJNezz: folds 
Uncalled bet ($0.50) returned to poker_soul11
poker_soul11 collected $1 from pot
poker_soul11: doesn't show hand 
*** SUMMARY ***
Total pot $1 | Rake $0 
Seat 1: DJNezz (small blind) folded before Flop
Seat 2: poker_soul11 (big blind) collected ($1)
Seat 3: michasia folded before Flop (didn't bet)
Seat 4: coeeeelho folded before Flop (didn't bet)
Seat 5: Iospirate folded before Flop (didn't bet)
Seat 6: Joe_Li7 (button) folded before Flop (didn't bet)



PokerStars Hand #254583070698:  Hold'em No Limit ($0.50/$1.00 USD) - 2025/01/27 19:28:40 WET [2025/01/27 14:28:40 ET]
Table 'Alamak IV' 6-max Seat #1 is the button
Seat 1: DJNezz ($100 in chips) 
Seat 2: poker_soul11 ($100.50 in chips) 
Seat 3: michasia ($218.73 in chips) 
Seat 4: coeeeelho ($179.55 in chips) 
Seat 5: Iospirate ($73.24 in chips) 
Seat 6: Joe_Li7 ($100 in chips) 
poker_soul11: posts small blind $0.50
michasia: posts big blind $1
*** HOLE CARDS ***
coeeeelho: folds 
Iospirate: folds 
Joe_Li7: raises $1.20 to $2.20
DJNezz: folds 
poker_soul11: raises $9.30 to $11.50
michasia: folds 
Joe_Li7: folds 
Uncalled bet ($9.30) returned to poker_soul11
poker_soul11 collected $5.40 from pot
poker_soul11: doesn't show hand 
*** SUMMARY ***
Total pot $5.40 | Rake $0 
Seat 1: DJNezz (button) folded before Flop (didn't bet)
Seat 2: poker_soul11 (small blind) collected ($5.40)
Seat 3: michasia (big blind) folded before Flop
Seat 4: coeeeelho folded before Flop (didn't bet)
Seat 5: Iospirate folded before Flop (didn't bet)
Seat 6: Joe_Li7 folded before Flop



PokerStars Hand #254583077635:  Hold'em No Limit ($0.50/$1.00 USD) - 2025/01/27 19:29:04 WET [2025/01/27 14:29:04 ET]
Table 'Alamak IV' 6-max Seat #2 is the button
Seat 1: DJNezz ($100 in chips) 
Seat 2: poker_soul11 ($103.70 in chips) 
Seat 3: michasia ($217.73 in chips) 
Seat 4: coeeeelho ($179.55 in chips) 
Seat 5: Iospirate ($73.24 in chips) 
Seat 6: Joe_Li7 ($100 in chips) 
michasia: posts small blind $0.50
coeeeelho: posts big blind $1
*** HOLE CARDS ***
Iospirate: folds 
Joe_Li7: folds 
DJNezz: folds 
poker_soul11: folds 
michasia: raises $2 to $3
coeeeelho: folds 
Uncalled bet ($2) returned to michasia
michasia collected $2 from pot
michasia: doesn't show hand 
*** SUMMARY ***
Total pot $2 | Rake $0 
Seat 1: DJNezz folded before Flop (didn't bet)
Seat 2: poker_soul11 (button) folded before Flop (didn't bet)
Seat 3: michasia (small blind) collected ($2)
Seat 4: coeeeelho (big blind) folded before Flop
Seat 5: Iospirate folded before Flop (didn't bet)
Seat 6: Joe_Li7 folded before Flop (didn't bet)



PokerStars Hand #254583081986:  Hold'em No Limit ($0.50/$1.00 USD) - 2025/01/27 19:29:19 WET [2025/01/27 14:29:19 ET]
Table 'Alamak IV' 6-max Seat #3 is the button
Seat 1: DJNezz ($100 in chips) 
Seat 2: poker_soul11 ($103.70 in chips) 
Seat 3: michasia ($218.73 in chips) 
Seat 4: coeeeelho ($178.55 in chips) 
Seat 5: Iospirate ($73.24 in chips) 
Seat 6: Joe_Li7 ($100 in chips) 
coeeeelho: posts small blind $0.50
Iospirate: posts big blind $1
*** HOLE CARDS ***
Joe_Li7: folds 
DJNezz: folds 
Joe_Li7 leaves the table
poker_soul11: folds 
michasia: raises $1.80 to $2.80
coeeeelho: folds 
Iospirate: calls $1.80
*** FLOP *** [Kd 4h 2c]
Iospirate: checks 
michasia: checks 
*** TURN *** [Kd 4h 2c] [3d]
Iospirate: checks 
michasia: bets $3.87
Iospirate: folds 
Uncalled bet ($3.87) returned to michasia
michasia collected $5.80 from pot
michasia: doesn't show hand 
MaRKiToScoK joins the table at seat #6 
*** SUMMARY ***
Total pot $6.10 | Rake $0.30 
Board [Kd 4h 2c 3d]
Seat 1: DJNezz folded before Flop (didn't bet)
Seat 2: poker_soul11 folded before Flop (didn't bet)
Seat 3: michasia (button) collected ($5.80)
Seat 4: coeeeelho (small blind) folded before Flop
Seat 5: Iospirate (big blind) folded on the Turn
Seat 6: Joe_Li7 folded before Flop (didn't bet)



PokerStars Hand #254583089570:  Hold'em No Limit ($0.50/$1.00 USD) - 2025/01/27 19:29:44 WET [2025/01/27 14:29:44 ET]
Table 'Alamak IV' 6-max Seat #4 is the button
Seat 1: DJNezz ($100 in chips) 
Seat 2: poker_soul11 ($103.70 in chips) 
Seat 3: michasia ($221.73 in chips) 
Seat 4: coeeeelho ($178.05 in chips) 
Seat 5: Iospirate ($70.44 in chips) 
Seat 6: MaRKiToScoK ($100 in chips) 
Iospirate: posts small blind $0.50
MaRKiToScoK: posts big blind $1
*** HOLE CARDS ***
DJNezz: folds 
poker_soul11: folds 
michasia: raises $1.80 to $2.80
coeeeelho: folds 
Iospirate: folds 
MaRKiToScoK: raises $10.20 to $13
michasia: folds 
Uncalled bet ($10.20) returned to MaRKiToScoK
MaRKiToScoK collected $6.10 from pot
*** SUMMARY ***
Total pot $6.10 | Rake $0 
Seat 1: DJNezz folded before Flop (didn't bet)
Seat 2: poker_soul11 folded before Flop (didn't bet)
Seat 3: michasia folded before Flop
Seat 4: coeeeelho (button) folded before Flop (didn't bet)
Seat 5: Iospirate (small blind) folded before Flop
Seat 6: MaRKiToScoK (big blind) collected ($6.10)



PokerStars Hand #254583096116:  Hold'em No Limit ($0.50/$1.00 USD) - 2025/01/27 19:30:05 WET [2025/01/27 14:30:05 ET]
Table 'Alamak IV' 6-max Seat #5 is the button
Seat 1: DJNezz ($100 in chips) 
Seat 2: poker_soul11 ($103.70 in chips) 
Seat 3: michasia ($218.93 in chips) 
Seat 4: coeeeelho ($178.05 in chips) 
Seat 5: Iospirate ($69.94 in chips) 
Seat 6: MaRKiToScoK ($103.30 in chips) 
MaRKiToScoK: posts small blind $0.50
DJNezz: posts big blind $1
*** HOLE CARDS ***
poker_soul11: folds 
michasia: folds 
coeeeelho: folds 
Iospirate: folds 
MaRKiToScoK: raises $2 to $3
DJNezz: calls $2
*** FLOP *** [8d 6c Kd]
MaRKiToScoK: bets $1.88
DJNezz: folds 
Uncalled bet ($1.88) returned to MaRKiToScoK
MaRKiToScoK collected $5.70 from pot
*** SUMMARY ***
Total pot $6 | Rake $0.30 
Board [8d 6c Kd]
Seat 1: DJNezz (big blind) folded on the Flop
Seat 2: poker_soul11 folded before Flop (didn't bet)
Seat 3: michasia folded before Flop (didn't bet)
Seat 4: coeeeelho folded before Flop (didn't bet)
Seat 5: Iospirate (button) folded before Flop (didn't bet)
Seat 6: MaRKiToScoK (small blind) collected ($5.70)



