PokerStars Hand #254584301514:  Hold'em No Limit ($0.50/$1.00 USD) - 2025/01/27 20:34:51 WET [2025/01/27 15:34:51 ET]
Table 'Palma V' 6-max Seat #4 is the button
Seat 5: michasia ($100 in chips) is sitting out
Seat 1: poker_soul11 ($100 in chips) 
Seat 2: Supermegopro ($102.72 in chips) 
Seat 4: Seavus10 ($100 in chips) 
poker_soul11: posts small blind $0.50
Supermegopro: posts big blind $1
*** HOLE CARDS ***
Seavus10: raises $1.50 to $2.50
poker_soul11: folds 
Supermegopro: folds 
Uncalled bet ($1.50) returned to Seavus10
Seavus10 collected $2.50 from pot
Seavus10: doesn't show hand 
*** SUMMARY ***
Total pot $2.50 | Rake $0 
Seat 5: michasia
Seat 1: poker_soul11 (small blind) folded before Flop
Seat 2: Supermegopro (big blind) folded before Flop
Seat 4: Seavus10 (button) collected ($2.50)



PokerStars Hand #254584305825:  Hold'em No Limit ($0.50/$1.00 USD) - 2025/01/27 20:35:04 WET [2025/01/27 15:35:04 ET]
Table 'Palma V' 6-max Seat #1 is the button
Seat 5: michasia ($100 in chips) is sitting out
Seat 1: poker_soul11 ($100 in chips) 
Seat 2: Supermegopro ($101.72 in chips) 
Seat 4: Seavus10 ($101.50 in chips) 
Supermegopro: posts small blind $0.50
Seavus10: posts big blind $1
michasia: sits out 
*** HOLE CARDS ***
poker_soul11: folds 
Supermegopro: folds 
Uncalled bet ($0.50) returned to Seavus10
Seavus10 collected $1 from pot
Seavus10: doesn't show hand 
*** SUMMARY ***
Total pot $1 | Rake $0 
Seat 5: michasia
Seat 1: poker_soul11 (button) folded before Flop (didn't bet)
Seat 2: Supermegopro (small blind) folded before Flop
Seat 4: Seavus10 (big blind) collected ($1)



PokerStars Hand #254584309713:  Hold'em No Limit ($0.50/$1.00 USD) - 2025/01/27 20:35:16 WET [2025/01/27 15:35:16 ET]
Table 'Palma V' 6-max Seat #2 is the button
Seat 1: poker_soul11 ($100 in chips) 
Seat 2: Supermegopro ($101.22 in chips) 
Seat 4: Seavus10 ($102 in chips) 
Seat 5: michasia ($100 in chips) 
Seavus10: posts small blind $0.50
michasia: posts big blind $1
*** HOLE CARDS ***
poker_soul11: raises $1.20 to $2.20
Supermegopro: folds 
Seavus10: folds 
michasia: folds 
Uncalled bet ($1.20) returned to poker_soul11
poker_soul11 collected $2.50 from pot
poker_soul11: doesn't show hand 
*** SUMMARY ***
Total pot $2.50 | Rake $0 
Seat 1: poker_soul11 collected ($2.50)
Seat 2: Supermegopro (button) folded before Flop (didn't bet)
Seat 4: Seavus10 (small blind) folded before Flop
Seat 5: michasia (big blind) folded before Flop



PokerStars Hand #254584314923:  Hold'em No Limit ($0.50/$1.00 USD) - 2025/01/27 20:35:32 WET [2025/01/27 15:35:32 ET]
Table 'Palma V' 6-max Seat #4 is the button
Seat 1: poker_soul11 ($101.50 in chips) 
Seat 2: Supermegopro ($101.22 in chips) 
Seat 4: Seavus10 ($101.50 in chips) 
Seat 5: michasia ($100 in chips) 
michasia: posts small blind $0.50
poker_soul11: posts big blind $1
*** HOLE CARDS ***
Supermegopro: raises $1.50 to $2.50
Seavus10: folds 
michasia: folds 
poker_soul11: folds 
Uncalled bet ($1.50) returned to Supermegopro
Supermegopro collected $2.50 from pot
Supermegopro: doesn't show hand 
*** SUMMARY ***
Total pot $2.50 | Rake $0 
Seat 1: poker_soul11 (big blind) folded before Flop
Seat 2: Supermegopro collected ($2.50)
Seat 4: Seavus10 (button) folded before Flop (didn't bet)
Seat 5: michasia (small blind) folded before Flop



PokerStars Hand #254584319931:  Hold'em No Limit ($0.50/$1.00 USD) - 2025/01/27 20:35:47 WET [2025/01/27 15:35:47 ET]
Table 'Palma V' 6-max Seat #5 is the button
Seat 1: poker_soul11 ($100.50 in chips) 
Seat 2: Supermegopro ($102.72 in chips) 
Seat 4: Seavus10 ($101.50 in chips) 
Seat 5: michasia ($100 in chips) 
poker_soul11: posts small blind $0.50
Supermegopro: posts big blind $1
*** HOLE CARDS ***
worker0k joins the table at seat #6 
PistonBaroqe joins the table at seat #3 
PistonBaroqe is disconnected 
Seavus10: raises $1.20 to $2.20
michasia: folds 
poker_soul11: folds 
Supermegopro: folds 
Uncalled bet ($1.20) returned to Seavus10
Seavus10 collected $2.50 from pot
Seavus10: doesn't show hand 
*** SUMMARY ***
Total pot $2.50 | Rake $0 
Seat 1: poker_soul11 (small blind) folded before Flop
Seat 2: Supermegopro (big blind) folded before Flop
Seat 4: Seavus10 collected ($2.50)
Seat 5: michasia (button) folded before Flop (didn't bet)



PokerStars Hand #254584326447:  Hold'em No Limit ($0.50/$1.00 USD) - 2025/01/27 20:36:07 WET [2025/01/27 15:36:07 ET]
Table 'Palma V' 6-max Seat #1 is the button
Seat 6: worker0k ($100 in chips) is sitting out
Seat 1: poker_soul11 ($100 in chips) 
Seat 2: Supermegopro ($101.72 in chips) 
Seat 3: PistonBaroqe ($100 in chips) 
Seat 4: Seavus10 ($103 in chips) 
Seat 5: michasia ($100 in chips) 
Supermegopro: posts small blind $0.50
PistonBaroqe: posts big blind $1
worker0k: sits out 
*** HOLE CARDS ***
Seavus10: folds 
michasia: folds 
poker_soul11: folds 
Supermegopro: raises $2 to $3
PistonBaroqe: folds 
Uncalled bet ($2) returned to Supermegopro
Supermegopro collected $2 from pot
Supermegopro: doesn't show hand 
*** SUMMARY ***
Total pot $2 | Rake $0 
Seat 6: worker0k
Seat 1: poker_soul11 (button) folded before Flop (didn't bet)
Seat 2: Supermegopro (small blind) collected ($2)
Seat 3: PistonBaroqe (big blind) folded before Flop
Seat 4: Seavus10 folded before Flop (didn't bet)
Seat 5: michasia folded before Flop (didn't bet)



PokerStars Hand #254584336159:  Hold'em No Limit ($0.50/$1.00 USD) - 2025/01/27 20:36:36 WET [2025/01/27 15:36:36 ET]
Table 'Palma V' 6-max Seat #2 is the button
Seat 6: worker0k ($100 in chips) is sitting out
Seat 1: poker_soul11 ($100 in chips) 
Seat 2: Supermegopro ($102.72 in chips) 
Seat 3: PistonBaroqe ($99 in chips) 
Seat 4: Seavus10 ($103 in chips) 
Seat 5: michasia ($100 in chips) 
PistonBaroqe: posts small blind $0.50
Seavus10: posts big blind $1
worker0k: sits out 
*** HOLE CARDS ***
michasia: folds 
poker_soul11: folds 
Supermegopro: raises $2 to $3
PistonBaroqe: folds 
Seavus10: folds 
Uncalled bet ($2) returned to Supermegopro
Supermegopro collected $2.50 from pot
Supermegopro: doesn't show hand 
*** SUMMARY ***
Total pot $2.50 | Rake $0 
Seat 6: worker0k
Seat 1: poker_soul11 folded before Flop (didn't bet)
Seat 2: Supermegopro (button) collected ($2.50)
Seat 3: PistonBaroqe (small blind) folded before Flop
Seat 4: Seavus10 (big blind) folded before Flop
Seat 5: michasia folded before Flop (didn't bet)



PokerStars Hand #254584342789:  Hold'em No Limit ($0.50/$1.00 USD) - 2025/01/27 20:36:56 WET [2025/01/27 15:36:56 ET]
Table 'Palma V' 6-max Seat #3 is the button
Seat 5: michasia ($100 in chips) is sitting out
Seat 1: poker_soul11 ($100 in chips) 
Seat 2: Supermegopro ($104.22 in chips) 
Seat 3: PistonBaroqe ($98.50 in chips) 
Seat 4: Seavus10 ($102 in chips) 
Seat 6: worker0k ($100 in chips) 
Seavus10: posts small blind $0.50
michasia: is sitting out 
worker0k: posts big blind $1
*** HOLE CARDS ***
poker_soul11: raises $1.20 to $2.20
Supermegopro: folds 
PistonBaroqe: folds 
Seavus10: folds 
worker0k: folds 
Uncalled bet ($1.20) returned to poker_soul11
poker_soul11 collected $2.50 from pot
poker_soul11: doesn't show hand 
*** SUMMARY ***
Total pot $2.50 | Rake $0 
Seat 5: michasia
Seat 1: poker_soul11 collected ($2.50)
Seat 2: Supermegopro folded before Flop (didn't bet)
Seat 3: PistonBaroqe (button) folded before Flop (didn't bet)
Seat 4: Seavus10 (small blind) folded before Flop
Seat 6: worker0k (big blind) folded before Flop



PokerStars Hand #254584349898:  Hold'em No Limit ($0.50/$1.00 USD) - 2025/01/27 20:37:18 WET [2025/01/27 15:37:18 ET]
Table 'Palma V' 6-max Seat #4 is the button
Seat 5: michasia ($100 in chips) is sitting out
Seat 1: poker_soul11 ($101.50 in chips) 
Seat 2: Supermegopro ($104.22 in chips) 
Seat 3: PistonBaroqe ($98.50 in chips) 
Seat 4: Seavus10 ($101.50 in chips) 
Seat 6: worker0k ($100 in chips) 
worker0k: posts small blind $0.50
poker_soul11: posts big blind $1
*** HOLE CARDS ***
Supermegopro: folds 
Supermegopro leaves the table
PistonBaroqe: folds 
Seavus10: raises $1.50 to $2.50
worker0k: folds 
poker_soul11: folds 
Uncalled bet ($1.50) returned to Seavus10
Seavus10 collected $2.50 from pot
Seavus10: doesn't show hand 
*** SUMMARY ***
Total pot $2.50 | Rake $0 
Seat 5: michasia
Seat 1: poker_soul11 (big blind) folded before Flop
Seat 2: Supermegopro folded before Flop (didn't bet)
Seat 3: PistonBaroqe folded before Flop (didn't bet)
Seat 4: Seavus10 (button) collected ($2.50)
Seat 6: worker0k (small blind) folded before Flop



PokerStars Hand #254584353816:  Hold'em No Limit ($0.50/$1.00 USD) - 2025/01/27 20:37:29 WET [2025/01/27 15:37:29 ET]
Table 'Palma V' 6-max Seat #6 is the button
Seat 5: michasia ($100 in chips) is sitting out
Seat 1: poker_soul11 ($100.50 in chips) 
Seat 3: PistonBaroqe ($98.50 in chips) 
Seat 4: Seavus10 ($103 in chips) 
Seat 6: worker0k ($100 in chips) 
poker_soul11: posts small blind $0.50
PistonBaroqe: posts big blind $1
michasia: sits out 
*** HOLE CARDS ***
Seavus10: raises $1.20 to $2.20
worker0k: folds 
poker_soul11: folds 
PistonBaroqe: folds 
Uncalled bet ($1.20) returned to Seavus10
Seavus10 collected $2.50 from pot
Seavus10: doesn't show hand 
*** SUMMARY ***
Total pot $2.50 | Rake $0 
Seat 5: michasia
Seat 1: poker_soul11 (small blind) folded before Flop
Seat 3: PistonBaroqe (big blind) folded before Flop
Seat 4: Seavus10 collected ($2.50)
Seat 6: worker0k (button) folded before Flop (didn't bet)



PokerStars Hand #254584360400:  Hold'em No Limit ($0.50/$1.00 USD) - 2025/01/27 20:37:50 WET [2025/01/27 15:37:50 ET]
Table 'Palma V' 6-max Seat #1 is the button
Seat 5: michasia ($100 in chips) is sitting out
Seat 1: poker_soul11 ($100 in chips) 
Seat 3: PistonBaroqe ($97.50 in chips) 
Seat 4: Seavus10 ($104.50 in chips) 
Seat 6: worker0k ($100 in chips) 
PistonBaroqe: posts small blind $0.50
Seavus10: posts big blind $1
michasia: sits out 
*** HOLE CARDS ***
worker0k: raises $1.30 to $2.30
poker_soul11: folds 
PistonBaroqe: raises $5.60 to $7.90
Seavus10: folds 
worker0k: folds 
Uncalled bet ($5.60) returned to PistonBaroqe
PistonBaroqe collected $5.60 from pot
*** SUMMARY ***
Total pot $5.60 | Rake $0 
Seat 5: michasia
Seat 1: poker_soul11 (button) folded before Flop (didn't bet)
Seat 3: PistonBaroqe (small blind) collected ($5.60)
Seat 4: Seavus10 (big blind) folded before Flop
Seat 6: worker0k folded before Flop



PokerStars Hand #254584368653:  Hold'em No Limit ($0.50/$1.00 USD) - 2025/01/27 20:38:15 WET [2025/01/27 15:38:15 ET]
Table 'Palma V' 6-max Seat #3 is the button
Seat 1: poker_soul11 ($100 in chips) 
Seat 3: PistonBaroqe ($100.80 in chips) 
Seat 4: Seavus10 ($103.50 in chips) 
Seat 5: michasia ($100 in chips) 
Seat 6: worker0k ($100 in chips) 
Seavus10: posts small blind $0.50
michasia: posts big blind $1
*** HOLE CARDS ***
worker0k: folds 
RohayhuP joins the table at seat #2 
poker_soul11: folds 
worker0k leaves the table
PistonBaroqe: folds 
Seavus10: folds 
Uncalled bet ($0.50) returned to michasia
michasia collected $1 from pot
michasia: doesn't show hand 
*** SUMMARY ***
Total pot $1 | Rake $0 
Seat 1: poker_soul11 folded before Flop (didn't bet)
Seat 3: PistonBaroqe (button) folded before Flop (didn't bet)
Seat 4: Seavus10 (small blind) folded before Flop
Seat 5: michasia (big blind) collected ($1)
Seat 6: worker0k folded before Flop (didn't bet)



PokerStars Hand #254584375391:  Hold'em No Limit ($0.50/$1.00 USD) - 2025/01/27 20:38:35 WET [2025/01/27 15:38:35 ET]
Table 'Palma V' 6-max Seat #4 is the button
Seat 2: RohayhuP ($100 in chips) is sitting out
Seat 1: poker_soul11 ($100 in chips) 
Seat 3: PistonBaroqe ($100.80 in chips) 
Seat 4: Seavus10 ($103 in chips) 
Seat 5: michasia ($100.50 in chips) 
michasia: posts small blind $0.50
poker_soul11: posts big blind $1
RohayhuP: sits out 
*** HOLE CARDS ***
PistonBaroqe: folds 
Seavus10: folds 
michasia: raises $2 to $3
poker_soul11: folds 
Uncalled bet ($2) returned to michasia
michasia collected $2 from pot
ImaPeppaPig joins the table at seat #6 
michasia: doesn't show hand 
*** SUMMARY ***
Total pot $2 | Rake $0 
Seat 2: RohayhuP
Seat 1: poker_soul11 (big blind) folded before Flop
Seat 3: PistonBaroqe folded before Flop (didn't bet)
Seat 4: Seavus10 (button) folded before Flop (didn't bet)
Seat 5: michasia (small blind) collected ($2)



PokerStars Hand #254584379976:  Hold'em No Limit ($0.50/$1.00 USD) - 2025/01/27 20:38:49 WET [2025/01/27 15:38:49 ET]
Table 'Palma V' 6-max Seat #5 is the button
Seat 6: ImaPeppaPig ($100 in chips) is sitting out
Seat 1: poker_soul11 ($100 in chips) 
Seat 2: RohayhuP ($100 in chips) 
Seat 3: PistonBaroqe ($100.80 in chips) 
Seat 4: Seavus10 ($103 in chips) 
Seat 5: michasia ($101.50 in chips) 
poker_soul11: posts small blind $0.50
RohayhuP: posts big blind $1
*** HOLE CARDS ***
PistonBaroqe: folds 
Seavus10: raises $1.20 to $2.20
michasia: folds 
poker_soul11: folds 
RohayhuP: folds 
Uncalled bet ($1.20) returned to Seavus10
Seavus10 collected $2.50 from pot
Seavus10: doesn't show hand 
*** SUMMARY ***
Total pot $2.50 | Rake $0 
Seat 6: ImaPeppaPig
Seat 1: poker_soul11 (small blind) folded before Flop
Seat 2: RohayhuP (big blind) folded before Flop
Seat 3: PistonBaroqe folded before Flop (didn't bet)
Seat 4: Seavus10 collected ($2.50)
Seat 5: michasia (button) folded before Flop (didn't bet)



PokerStars Hand #254584387771:  Hold'em No Limit ($0.50/$1.00 USD) - 2025/01/27 20:39:12 WET [2025/01/27 15:39:12 ET]
Table 'Palma V' 6-max Seat #1 is the button
Seat 6: ImaPeppaPig ($100 in chips) is sitting out
Seat 1: poker_soul11 ($100 in chips) 
Seat 2: RohayhuP ($99 in chips) 
Seat 3: PistonBaroqe ($100.80 in chips) 
Seat 4: Seavus10 ($104.50 in chips) 
Seat 5: michasia ($101.50 in chips) 
RohayhuP: posts small blind $0.50
PistonBaroqe: posts big blind $1
ImaPeppaPig: sits out 
*** HOLE CARDS ***
Seavus10: folds 
michasia: folds 
poker_soul11: raises $1.20 to $2.20
RohayhuP: folds 
PistonBaroqe: calls $1.20
*** FLOP *** [4c 8d Jd]
PistonBaroqe: checks 
poker_soul11: checks 
*** TURN *** [4c 8d Jd] [Qc]
PistonBaroqe: bets $2.33
poker_soul11: folds 
Uncalled bet ($2.33) returned to PistonBaroqe
PistonBaroqe collected $4.66 from pot
*** SUMMARY ***
Total pot $4.90 | Rake $0.24 
Board [4c 8d Jd Qc]
Seat 6: ImaPeppaPig
Seat 1: poker_soul11 (button) folded on the Turn
Seat 2: RohayhuP (small blind) folded before Flop
Seat 3: PistonBaroqe (big blind) collected ($4.66)
Seat 4: Seavus10 folded before Flop (didn't bet)
Seat 5: michasia folded before Flop (didn't bet)



PokerStars Hand #254584401998:  Hold'em No Limit ($0.50/$1.00 USD) - 2025/01/27 20:39:55 WET [2025/01/27 15:39:55 ET]
Table 'Palma V' 6-max Seat #2 is the button
Seat 6: ImaPeppaPig ($100 in chips) is sitting out
Seat 1: poker_soul11 ($100 in chips) 
Seat 2: RohayhuP ($98.50 in chips) 
Seat 3: PistonBaroqe ($103.26 in chips) 
Seat 4: Seavus10 ($104.50 in chips) 
Seat 5: michasia ($101.50 in chips) 
PistonBaroqe: posts small blind $0.50
Seavus10: posts big blind $1
ImaPeppaPig: sits out 
*** HOLE CARDS ***
michasia: folds 
poker_soul11: folds 
RohayhuP: folds 
PistonBaroqe: raises $2 to $3
Seavus10: raises $6 to $9
PistonBaroqe: calls $6
*** FLOP *** [5h 2c Ks]
PistonBaroqe: checks 
Seavus10: bets $5.69
PistonBaroqe: calls $5.69
*** TURN *** [5h 2c Ks] [4c]
PistonBaroqe: checks 
Seavus10: bets $20.93
PistonBaroqe: calls $20.93
*** RIVER *** [5h 2c Ks 4c] [7d]
PistonBaroqe: checks 
Seavus10: bets $68.88 and is all-in
PistonBaroqe: calls $67.64 and is all-in
Uncalled bet ($1.24) returned to Seavus10
*** SHOW DOWN ***
Seavus10: shows [Kd Qh] (a pair of Kings)
PistonBaroqe: shows [Jc Kh] (a pair of Kings - lower kicker)
Seavus10 collected $204.02 from pot
*** SUMMARY ***
Total pot $206.52 | Rake $2.50 
Board [5h 2c Ks 4c 7d]
Seat 6: ImaPeppaPig
Seat 1: poker_soul11 folded before Flop (didn't bet)
Seat 2: RohayhuP (button) folded before Flop (didn't bet)
Seat 3: PistonBaroqe (small blind) showed [Jc Kh] and lost with a pair of Kings
Seat 4: Seavus10 (big blind) showed [Kd Qh] and won ($204.02) with a pair of Kings
Seat 5: michasia folded before Flop (didn't bet)



PokerStars Hand #254584442043:  Hold'em No Limit ($0.50/$1.00 USD) - 2025/01/27 20:41:56 WET [2025/01/27 15:41:56 ET]
Table 'Palma V' 6-max Seat #4 is the button
Seat 3: PistonBaroqe ($0 in chips) is sitting out
Seat 1: poker_soul11 ($100 in chips) 
Seat 2: RohayhuP ($98.50 in chips) 
Seat 4: Seavus10 ($205.26 in chips) 
Seat 5: michasia ($101.50 in chips) 
Seat 6: ImaPeppaPig ($100 in chips) 
michasia: posts small blind $0.50
ImaPeppaPig: posts big blind $1
*** HOLE CARDS ***
poker_soul11: raises $1.20 to $2.20
RohayhuP: folds 
Seavus10: folds 
michasia: folds 
ImaPeppaPig: folds 
Uncalled bet ($1.20) returned to poker_soul11
poker_soul11 collected $2.50 from pot
poker_soul11: doesn't show hand 
*** SUMMARY ***
Total pot $2.50 | Rake $0 
Seat 3: PistonBaroqe
Seat 1: poker_soul11 collected ($2.50)
Seat 2: RohayhuP folded before Flop (didn't bet)
Seat 4: Seavus10 (button) folded before Flop (didn't bet)
Seat 5: michasia (small blind) folded before Flop
Seat 6: ImaPeppaPig (big blind) folded before Flop



PokerStars Hand #254584447368:  Hold'em No Limit ($0.50/$1.00 USD) - 2025/01/27 20:42:12 WET [2025/01/27 15:42:12 ET]
Table 'Palma V' 6-max Seat #5 is the button
Seat 1: poker_soul11 ($101.50 in chips) 
Seat 2: RohayhuP ($98.50 in chips) 
Seat 3: PistonBaroqe ($100 in chips) 
Seat 4: Seavus10 ($205.26 in chips) 
Seat 5: michasia ($101 in chips) 
Seat 6: ImaPeppaPig ($100 in chips) 
ImaPeppaPig: posts small blind $0.50
poker_soul11: posts big blind $1
*** HOLE CARDS ***
RohayhuP: folds 
PistonBaroqe: folds 
Seavus10: raises $1.20 to $2.20
michasia: raises $4.40 to $6.60
ImaPeppaPig: folds 
poker_soul11: folds 
Seavus10: folds 
Uncalled bet ($4.40) returned to michasia
michasia collected $5.90 from pot
michasia: doesn't show hand 
*** SUMMARY ***
Total pot $5.90 | Rake $0 
Seat 1: poker_soul11 (big blind) folded before Flop
Seat 2: RohayhuP folded before Flop (didn't bet)
Seat 3: PistonBaroqe folded before Flop (didn't bet)
Seat 4: Seavus10 folded before Flop
Seat 5: michasia (button) collected ($5.90)
Seat 6: ImaPeppaPig (small blind) folded before Flop



PokerStars Hand #254584459749:  Hold'em No Limit ($0.50/$1.00 USD) - 2025/01/27 20:42:50 WET [2025/01/27 15:42:50 ET]
Table 'Palma V' 6-max Seat #6 is the button
Seat 1: poker_soul11 ($100.50 in chips) 
Seat 2: RohayhuP ($98.50 in chips) 
Seat 3: PistonBaroqe ($100 in chips) 
Seat 4: Seavus10 ($203.06 in chips) 
Seat 5: michasia ($104.70 in chips) 
Seat 6: ImaPeppaPig ($100 in chips) 
poker_soul11: posts small blind $0.50
RohayhuP: posts big blind $1
*** HOLE CARDS ***
PistonBaroqe: folds 
Seavus10: folds 
michasia: folds 
ImaPeppaPig: raises $1.50 to $2.50
poker_soul11: raises $9.50 to $12
RohayhuP: folds 
ImaPeppaPig: folds 
Uncalled bet ($9.50) returned to poker_soul11
poker_soul11 collected $6 from pot
poker_soul11: doesn't show hand 
*** SUMMARY ***
Total pot $6 | Rake $0 
Seat 1: poker_soul11 (small blind) collected ($6)
Seat 2: RohayhuP (big blind) folded before Flop
Seat 3: PistonBaroqe folded before Flop (didn't bet)
Seat 4: Seavus10 folded before Flop (didn't bet)
Seat 5: michasia folded before Flop (didn't bet)
Seat 6: ImaPeppaPig (button) folded before Flop



PokerStars Hand #254584469086:  Hold'em No Limit ($0.50/$1.00 USD) - 2025/01/27 20:43:19 WET [2025/01/27 15:43:19 ET]
Table 'Palma V' 6-max Seat #1 is the button
Seat 1: poker_soul11 ($104 in chips) 
Seat 2: RohayhuP ($97.50 in chips) 
Seat 3: PistonBaroqe ($100 in chips) 
Seat 4: Seavus10 ($203.06 in chips) 
Seat 5: michasia ($104.70 in chips) 
Seat 6: ImaPeppaPig ($100 in chips) 
RohayhuP: posts small blind $0.50
PistonBaroqe: posts big blind $1
*** HOLE CARDS ***
Seavus10: folds 
michasia: folds 
ImaPeppaPig: folds 
poker_soul11: raises $1.20 to $2.20
RohayhuP: raises $7.40 to $9.60
PistonBaroqe: calls $8.60
poker_soul11: folds 
*** FLOP *** [Jh Ks 7d]
RohayhuP: bets $10.17
PistonBaroqe: calls $10.17
*** TURN *** [Jh Ks 7d] [Ad]
RohayhuP: checks 
PistonBaroqe: checks 
*** RIVER *** [Jh Ks 7d Ad] [Js]
RohayhuP: bets $15.83
PistonBaroqe: calls $15.83
*** SHOW DOWN ***
RohayhuP: shows [Ts Ah] (two pair, Aces and Jacks)
PistonBaroqe: mucks hand 
RohayhuP collected $70.28 from pot
*** SUMMARY ***
Total pot $73.40 | Rake $3.12 
Board [Jh Ks 7d Ad Js]
Seat 1: poker_soul11 (button) folded before Flop
Seat 2: RohayhuP (small blind) showed [Ts Ah] and won ($70.28) with two pair, Aces and Jacks
Seat 3: PistonBaroqe (big blind) mucked
Seat 4: Seavus10 folded before Flop (didn't bet)
Seat 5: michasia folded before Flop (didn't bet)
Seat 6: ImaPeppaPig folded before Flop (didn't bet)



PokerStars Hand #254584497009:  Hold'em No Limit ($0.50/$1.00 USD) - 2025/01/27 20:44:44 WET [2025/01/27 15:44:44 ET]
Table 'Palma V' 6-max Seat #2 is the button
Seat 1: poker_soul11 ($101.80 in chips) 
Seat 2: RohayhuP ($132.18 in chips) 
Seat 3: PistonBaroqe ($64.40 in chips) 
Seat 4: Seavus10 ($203.06 in chips) 
Seat 5: michasia ($104.70 in chips) 
Seat 6: ImaPeppaPig ($100 in chips) 
PistonBaroqe: posts small blind $0.50
Seavus10: posts big blind $1
*** HOLE CARDS ***
michasia: folds 
ImaPeppaPig: folds 
poker_soul11: folds 
RohayhuP: raises $1.50 to $2.50
PistonBaroqe: folds 
Seavus10: folds 
Uncalled bet ($1.50) returned to RohayhuP
RohayhuP collected $2.50 from pot
RohayhuP: doesn't show hand 
*** SUMMARY ***
Total pot $2.50 | Rake $0 
Seat 1: poker_soul11 folded before Flop (didn't bet)
Seat 2: RohayhuP (button) collected ($2.50)
Seat 3: PistonBaroqe (small blind) folded before Flop
Seat 4: Seavus10 (big blind) folded before Flop
Seat 5: michasia folded before Flop (didn't bet)
Seat 6: ImaPeppaPig folded before Flop (didn't bet)



PokerStars Hand #254584505139:  Hold'em No Limit ($0.50/$1.00 USD) - 2025/01/27 20:45:08 WET [2025/01/27 15:45:08 ET]
Table 'Palma V' 6-max Seat #3 is the button
Seat 1: poker_soul11 ($101.80 in chips) 
Seat 2: RohayhuP ($133.68 in chips) 
Seat 3: PistonBaroqe ($63.90 in chips) 
Seat 4: Seavus10 ($202.06 in chips) 
Seat 5: michasia ($104.70 in chips) 
Seat 6: ImaPeppaPig ($100 in chips) 
Seavus10: posts small blind $0.50
michasia: posts big blind $1
*** HOLE CARDS ***
ImaPeppaPig: folds 
poker_soul11: folds 
RohayhuP: folds 
PistonBaroqe: raises $2.50 to $3.50
Seavus10: folds 
michasia: folds 
Uncalled bet ($2.50) returned to PistonBaroqe
PistonBaroqe collected $2.50 from pot
*** SUMMARY ***
Total pot $2.50 | Rake $0 
Seat 1: poker_soul11 folded before Flop (didn't bet)
Seat 2: RohayhuP folded before Flop (didn't bet)
Seat 3: PistonBaroqe (button) collected ($2.50)
Seat 4: Seavus10 (small blind) folded before Flop
Seat 5: michasia (big blind) folded before Flop
Seat 6: ImaPeppaPig folded before Flop (didn't bet)



PokerStars Hand #254584514225:  Hold'em No Limit ($0.50/$1.00 USD) - 2025/01/27 20:45:36 WET [2025/01/27 15:45:36 ET]
Table 'Palma V' 6-max Seat #4 is the button
Seat 1: poker_soul11 ($101.80 in chips) 
Seat 2: RohayhuP ($133.68 in chips) 
Seat 3: PistonBaroqe ($65.40 in chips) 
Seat 4: Seavus10 ($201.56 in chips) 
Seat 5: michasia ($103.70 in chips) 
Seat 6: ImaPeppaPig ($100 in chips) 
michasia: posts small blind $0.50
ImaPeppaPig: posts big blind $1
*** HOLE CARDS ***
poker_soul11: folds 
RohayhuP: folds 
PistonBaroqe: folds 
Seavus10: folds 
michasia: folds 
Uncalled bet ($0.50) returned to ImaPeppaPig
ImaPeppaPig collected $1 from pot
ImaPeppaPig: doesn't show hand 
*** SUMMARY ***
Total pot $1 | Rake $0 
Seat 1: poker_soul11 folded before Flop (didn't bet)
Seat 2: RohayhuP folded before Flop (didn't bet)
Seat 3: PistonBaroqe folded before Flop (didn't bet)
Seat 4: Seavus10 (button) folded before Flop (didn't bet)
Seat 5: michasia (small blind) folded before Flop
Seat 6: ImaPeppaPig (big blind) collected ($1)



PokerStars Hand #254584519688:  Hold'em No Limit ($0.50/$1.00 USD) - 2025/01/27 20:45:53 WET [2025/01/27 15:45:53 ET]
Table 'Palma V' 6-max Seat #5 is the button
Seat 1: poker_soul11 ($101.80 in chips) is sitting out
Seat 2: RohayhuP ($133.68 in chips) 
Seat 3: PistonBaroqe ($65.40 in chips) 
Seat 4: Seavus10 ($201.56 in chips) 
Seat 5: michasia ($103.20 in chips) 
Seat 6: ImaPeppaPig ($100.50 in chips) 
ImaPeppaPig: posts small blind $0.50
poker_soul11: is sitting out 
RohayhuP: posts big blind $1
*** HOLE CARDS ***
PistonBaroqe: folds 
poker_soul11 leaves the table
Seavus10: raises $1.20 to $2.20
michasia: folds 
ImaPeppaPig: folds 
RohayhuP: folds 
Uncalled bet ($1.20) returned to Seavus10
Seavus10 collected $2.50 from pot
Seavus10: doesn't show hand 
*** SUMMARY ***
Total pot $2.50 | Rake $0 
Seat 1: poker_soul11
Seat 2: RohayhuP (big blind) folded before Flop
Seat 3: PistonBaroqe folded before Flop (didn't bet)
Seat 4: Seavus10 collected ($2.50)
Seat 5: michasia (button) folded before Flop (didn't bet)
Seat 6: ImaPeppaPig (small blind) folded before Flop



PokerStars Hand #254584525108:  Hold'em No Limit ($0.50/$1.00 USD) - 2025/01/27 20:46:09 WET [2025/01/27 15:46:09 ET]
Table 'Palma V' 6-max Seat #6 is the button
Seat 2: RohayhuP ($132.68 in chips) 
Seat 3: PistonBaroqe ($65.40 in chips) 
Seat 4: Seavus10 ($203.06 in chips) 
Seat 5: michasia ($103.20 in chips) 
Seat 6: ImaPeppaPig ($100 in chips) 
RohayhuP: posts small blind $0.50
PistonBaroqe: posts big blind $1
*** HOLE CARDS ***
Seavus10: raises $1.20 to $2.20
michasia: folds 
ImaPeppaPig: folds 
RohayhuP: folds 
PistonBaroqe: calls $1.20
*** FLOP *** [9c 2c Ks]
PistonBaroqe: checks 
Seavus10: bets $1.55
PistonBaroqe: calls $1.55
*** TURN *** [9c 2c Ks] [Qh]
PistonBaroqe: checks 
Seavus10: bets $11.78
PistonBaroqe: calls $11.78
*** RIVER *** [9c 2c Ks Qh] [Ts]
PistonBaroqe: bets $14.99
Seavus10: folds 
Uncalled bet ($14.99) returned to PistonBaroqe
PistonBaroqe collected $29.98 from pot
*** SUMMARY ***
Total pot $31.56 | Rake $1.58 
Board [9c 2c Ks Qh Ts]
Seat 2: RohayhuP (small blind) folded before Flop
Seat 3: PistonBaroqe (big blind) collected ($29.98)
Seat 4: Seavus10 folded on the River
Seat 5: michasia folded before Flop (didn't bet)
Seat 6: ImaPeppaPig (button) folded before Flop (didn't bet)



PokerStars Hand #254584555564:  Hold'em No Limit ($0.50/$1.00 USD) - 2025/01/27 20:47:42 WET [2025/01/27 15:47:42 ET]
Table 'Palma V' 6-max Seat #2 is the button
Seat 2: RohayhuP ($132.18 in chips) 
Seat 3: PistonBaroqe ($79.85 in chips) 
Seat 4: Seavus10 ($187.53 in chips) 
Seat 5: michasia ($103.20 in chips) 
Seat 6: ImaPeppaPig ($100 in chips) 
PistonBaroqe: posts small blind $0.50
Seavus10: posts big blind $1
*** HOLE CARDS ***
michasia: folds 
ImaPeppaPig: raises $1.50 to $2.50
RohayhuP: folds 
PistonBaroqe: folds 
Seavus10: folds 
Uncalled bet ($1.50) returned to ImaPeppaPig
ImaPeppaPig collected $2.50 from pot
ImaPeppaPig: doesn't show hand 
*** SUMMARY ***
Total pot $2.50 | Rake $0 
Seat 2: RohayhuP (button) folded before Flop (didn't bet)
Seat 3: PistonBaroqe (small blind) folded before Flop
Seat 4: Seavus10 (big blind) folded before Flop
Seat 5: michasia folded before Flop (didn't bet)
Seat 6: ImaPeppaPig collected ($2.50)



PokerStars Hand #254584560306:  Hold'em No Limit ($0.50/$1.00 USD) - 2025/01/27 20:47:56 WET [2025/01/27 15:47:56 ET]
Table 'Palma V' 6-max Seat #3 is the button
Seat 2: RohayhuP ($132.18 in chips) 
Seat 3: PistonBaroqe ($79.35 in chips) 
Seat 4: Seavus10 ($186.53 in chips) 
Seat 5: michasia ($103.20 in chips) 
Seat 6: ImaPeppaPig ($101.50 in chips) 
Seavus10: posts small blind $0.50
michasia: posts big blind $1
*** HOLE CARDS ***
ImaPeppaPig: folds 
RohayhuP: folds 
PistonBaroqe: raises $2.50 to $3.50
Seavus10: folds 
michasia: folds 
Uncalled bet ($2.50) returned to PistonBaroqe
PistonBaroqe collected $2.50 from pot
*** SUMMARY ***
Total pot $2.50 | Rake $0 
Seat 2: RohayhuP folded before Flop (didn't bet)
Seat 3: PistonBaroqe (button) collected ($2.50)
Seat 4: Seavus10 (small blind) folded before Flop
Seat 5: michasia (big blind) folded before Flop
Seat 6: ImaPeppaPig folded before Flop (didn't bet)



PokerStars Hand #254584565866:  Hold'em No Limit ($0.50/$1.00 USD) - 2025/01/27 20:48:13 WET [2025/01/27 15:48:13 ET]
Table 'Palma V' 6-max Seat #4 is the button
Seat 2: RohayhuP ($132.18 in chips) 
Seat 3: PistonBaroqe ($80.85 in chips) 
Seat 4: Seavus10 ($186.03 in chips) 
Seat 5: michasia ($102.20 in chips) 
Seat 6: ImaPeppaPig ($101.50 in chips) 
michasia: posts small blind $0.50
ImaPeppaPig: posts big blind $1
*** HOLE CARDS ***
RohayhuP: folds 
PistonBaroqe: folds 
Seavus10: raises $1.50 to $2.50
michasia: folds 
ImaPeppaPig: folds 
Uncalled bet ($1.50) returned to Seavus10
Seavus10 collected $2.50 from pot
Seavus10: doesn't show hand 
*** SUMMARY ***
Total pot $2.50 | Rake $0 
Seat 2: RohayhuP folded before Flop (didn't bet)
Seat 3: PistonBaroqe folded before Flop (didn't bet)
Seat 4: Seavus10 (button) collected ($2.50)
Seat 5: michasia (small blind) folded before Flop
Seat 6: ImaPeppaPig (big blind) folded before Flop



PokerStars Hand #254584570335:  Hold'em No Limit ($0.50/$1.00 USD) - 2025/01/27 20:48:27 WET [2025/01/27 15:48:27 ET]
Table 'Palma V' 6-max Seat #5 is the button
Seat 2: RohayhuP ($132.18 in chips) 
Seat 3: PistonBaroqe ($80.85 in chips) 
Seat 4: Seavus10 ($187.53 in chips) 
Seat 5: michasia ($101.70 in chips) 
Seat 6: ImaPeppaPig ($100.50 in chips) 
ImaPeppaPig: posts small blind $0.50
RohayhuP: posts big blind $1
*** HOLE CARDS ***
PistonBaroqe: raises $2.50 to $3.50
Seavus10: folds 
michasia: folds 
ImaPeppaPig: folds 
RohayhuP: folds 
Uncalled bet ($2.50) returned to PistonBaroqe
PistonBaroqe collected $2.50 from pot
*** SUMMARY ***
Total pot $2.50 | Rake $0 
Seat 2: RohayhuP (big blind) folded before Flop
Seat 3: PistonBaroqe collected ($2.50)
Seat 4: Seavus10 folded before Flop (didn't bet)
Seat 5: michasia (button) folded before Flop (didn't bet)
Seat 6: ImaPeppaPig (small blind) folded before Flop



PokerStars Hand #254584574752:  Hold'em No Limit ($0.50/$1.00 USD) - 2025/01/27 20:48:40 WET [2025/01/27 15:48:40 ET]
Table 'Palma V' 6-max Seat #6 is the button
Seat 2: RohayhuP ($131.18 in chips) 
Seat 3: PistonBaroqe ($82.35 in chips) 
Seat 4: Seavus10 ($187.53 in chips) 
Seat 5: michasia ($101.70 in chips) 
Seat 6: ImaPeppaPig ($100 in chips) 
RohayhuP: posts small blind $0.50
PistonBaroqe: posts big blind $1
*** HOLE CARDS ***
Seavus10: folds 
michasia: raises $1.80 to $2.80
ImaPeppaPig: folds 
RohayhuP: folds 
Calabazaking joins the table at seat #1 
PistonBaroqe: calls $1.80
*** FLOP *** [6s Ac 6d]
PistonBaroqe: checks 
michasia: checks 
*** TURN *** [6s Ac 6d] [Th]
PistonBaroqe: checks 
michasia: bets $3.87
PistonBaroqe: folds 
Uncalled bet ($3.87) returned to michasia
michasia collected $5.80 from pot
michasia: doesn't show hand 
*** SUMMARY ***
Total pot $6.10 | Rake $0.30 
Board [6s Ac 6d Th]
Seat 2: RohayhuP (small blind) folded before Flop
Seat 3: PistonBaroqe (big blind) folded on the Turn
Seat 4: Seavus10 folded before Flop (didn't bet)
Seat 5: michasia collected ($5.80)
Seat 6: ImaPeppaPig (button) folded before Flop (didn't bet)



PokerStars Hand #254584586177:  Hold'em No Limit ($0.50/$1.00 USD) - 2025/01/27 20:49:15 WET [2025/01/27 15:49:15 ET]
Table 'Palma V' 6-max Seat #2 is the button
Seat 1: Calabazaking ($100 in chips) is sitting out
Seat 2: RohayhuP ($130.68 in chips) 
Seat 3: PistonBaroqe ($79.55 in chips) 
Seat 4: Seavus10 ($187.53 in chips) 
Seat 5: michasia ($104.70 in chips) 
Seat 6: ImaPeppaPig ($100 in chips) 
PistonBaroqe: posts small blind $0.50
Seavus10: posts big blind $1
Calabazaking: sits out 
*** HOLE CARDS ***
michasia: folds 
ImaPeppaPig: folds 
RohayhuP: folds 
PistonBaroqe: folds 
Uncalled bet ($0.50) returned to Seavus10
Seavus10 collected $1 from pot
Seavus10: doesn't show hand 
*** SUMMARY ***
Total pot $1 | Rake $0 
Seat 1: Calabazaking
Seat 2: RohayhuP (button) folded before Flop (didn't bet)
Seat 3: PistonBaroqe (small blind) folded before Flop
Seat 4: Seavus10 (big blind) collected ($1)
Seat 5: michasia folded before Flop (didn't bet)
Seat 6: ImaPeppaPig folded before Flop (didn't bet)



PokerStars Hand #254584590230:  Hold'em No Limit ($0.50/$1.00 USD) - 2025/01/27 20:49:28 WET [2025/01/27 15:49:28 ET]
Table 'Palma V' 6-max Seat #3 is the button
Seat 1: Calabazaking ($100 in chips) is sitting out
Seat 2: RohayhuP ($130.68 in chips) 
Seat 3: PistonBaroqe ($79.05 in chips) 
Seat 4: Seavus10 ($188.03 in chips) 
Seat 5: michasia ($104.70 in chips) 
Seat 6: ImaPeppaPig ($100 in chips) 
Seavus10: posts small blind $0.50
michasia: posts big blind $1
Calabazaking: sits out 
*** HOLE CARDS ***
ImaPeppaPig: folds 
RohayhuP: folds 
PistonBaroqe: folds 
Seavus10: folds 
Uncalled bet ($0.50) returned to michasia
michasia collected $1 from pot
michasia: doesn't show hand 
*** SUMMARY ***
Total pot $1 | Rake $0 
Seat 1: Calabazaking
Seat 2: RohayhuP folded before Flop (didn't bet)
Seat 3: PistonBaroqe (button) folded before Flop (didn't bet)
Seat 4: Seavus10 (small blind) folded before Flop
Seat 5: michasia (big blind) collected ($1)
Seat 6: ImaPeppaPig folded before Flop (didn't bet)



PokerStars Hand #254584594818:  Hold'em No Limit ($0.50/$1.00 USD) - 2025/01/27 20:49:42 WET [2025/01/27 15:49:42 ET]
Table 'Palma V' 6-max Seat #4 is the button
Seat 1: Calabazaking ($100 in chips) is sitting out
Seat 2: RohayhuP ($130.68 in chips) 
Seat 3: PistonBaroqe ($79.05 in chips) 
Seat 4: Seavus10 ($187.53 in chips) 
Seat 5: michasia ($105.20 in chips) 
Seat 6: ImaPeppaPig ($100 in chips) 
michasia: posts small blind $0.50
ImaPeppaPig: posts big blind $1
Calabazaking: sits out 
*** HOLE CARDS ***
RohayhuP: raises $2 to $3
PistonBaroqe: folds 
Seavus10: folds 
michasia: folds 
ImaPeppaPig: calls $2
*** FLOP *** [9d 4h 6c]
ImaPeppaPig: checks 
RohayhuP: bets $3.09
ImaPeppaPig: folds 
Uncalled bet ($3.09) returned to RohayhuP
RohayhuP collected $6.10 from pot
RohayhuP: doesn't show hand 
*** SUMMARY ***
Total pot $6.50 | Rake $0.40 
Board [9d 4h 6c]
Seat 1: Calabazaking
Seat 2: RohayhuP collected ($6.10)
Seat 3: PistonBaroqe folded before Flop (didn't bet)
Seat 4: Seavus10 (button) folded before Flop (didn't bet)
Seat 5: michasia (small blind) folded before Flop
Seat 6: ImaPeppaPig (big blind) folded on the Flop



PokerStars Hand #254584602773:  Hold'em No Limit ($0.50/$1.00 USD) - 2025/01/27 20:50:06 WET [2025/01/27 15:50:06 ET]
Table 'Palma V' 6-max Seat #5 is the button
Seat 1: Calabazaking ($100 in chips) 
Seat 2: RohayhuP ($133.78 in chips) 
Seat 3: PistonBaroqe ($79.05 in chips) 
Seat 4: Seavus10 ($187.53 in chips) 
Seat 5: michasia ($104.70 in chips) 
Seat 6: ImaPeppaPig ($100 in chips) 
ImaPeppaPig: posts small blind $0.50
Calabazaking: posts big blind $1
*** HOLE CARDS ***
RohayhuP: folds 
PistonBaroqe: folds 
Seavus10: folds 
michasia: folds 
ImaPeppaPig: folds 
Uncalled bet ($0.50) returned to Calabazaking
Calabazaking collected $1 from pot
*** SUMMARY ***
Total pot $1 | Rake $0 
Seat 1: Calabazaking (big blind) collected ($1)
Seat 2: RohayhuP folded before Flop (didn't bet)
Seat 3: PistonBaroqe folded before Flop (didn't bet)
Seat 4: Seavus10 folded before Flop (didn't bet)
Seat 5: michasia (button) folded before Flop (didn't bet)
Seat 6: ImaPeppaPig (small blind) folded before Flop



PokerStars Hand #254584606040:  Hold'em No Limit ($0.50/$1.00 USD) - 2025/01/27 20:50:16 WET [2025/01/27 15:50:16 ET]
Table 'Palma V' 6-max Seat #6 is the button
Seat 1: Calabazaking ($100.50 in chips) 
Seat 2: RohayhuP ($133.78 in chips) 
Seat 3: PistonBaroqe ($79.05 in chips) 
Seat 4: Seavus10 ($187.53 in chips) 
Seat 5: michasia ($104.70 in chips) 
Seat 6: ImaPeppaPig ($100 in chips) 
Calabazaking: posts small blind $0.50
RohayhuP: posts big blind $1
*** HOLE CARDS ***
PistonBaroqe: folds 
Seavus10: folds 
michasia: raises $1.80 to $2.80
ImaPeppaPig: folds 
Calabazaking: folds 
RohayhuP: folds 
Uncalled bet ($1.80) returned to michasia
michasia collected $2.50 from pot
michasia: doesn't show hand 
*** SUMMARY ***
Total pot $2.50 | Rake $0 
Seat 1: Calabazaking (small blind) folded before Flop
Seat 2: RohayhuP (big blind) folded before Flop
Seat 3: PistonBaroqe folded before Flop (didn't bet)
Seat 4: Seavus10 folded before Flop (didn't bet)
Seat 5: michasia collected ($2.50)
Seat 6: ImaPeppaPig (button) folded before Flop (didn't bet)



PokerStars Hand #254584613752:  Hold'em No Limit ($0.50/$1.00 USD) - 2025/01/27 20:50:40 WET [2025/01/27 15:50:40 ET]
Table 'Palma V' 6-max Seat #1 is the button
Seat 1: Calabazaking ($100 in chips) 
Seat 2: RohayhuP ($132.78 in chips) 
Seat 3: PistonBaroqe ($79.05 in chips) 
Seat 4: Seavus10 ($187.53 in chips) 
Seat 5: michasia ($106.20 in chips) 
Seat 6: ImaPeppaPig ($100 in chips) 
RohayhuP: posts small blind $0.50
PistonBaroqe: posts big blind $1
*** HOLE CARDS ***
Seavus10: folds 
michasia: folds 
ImaPeppaPig: raises $1 to $2
Calabazaking: raises $3.50 to $5.50
RohayhuP: folds 
PistonBaroqe: calls $4.50
ImaPeppaPig: calls $3.50
*** FLOP *** [Qc 3c Jh]
PistonBaroqe: checks 
ImaPeppaPig: checks 
Calabazaking: checks 
*** TURN *** [Qc 3c Jh] [8d]
PistonBaroqe: checks 
ImaPeppaPig: bets $20.67
Calabazaking: folds 
PistonBaroqe: folds 
Uncalled bet ($20.67) returned to ImaPeppaPig
ImaPeppaPig collected $16.15 from pot
ImaPeppaPig: doesn't show hand 
*** SUMMARY ***
Total pot $17 | Rake $0.85 
Board [Qc 3c Jh 8d]
Seat 1: Calabazaking (button) folded on the Turn
Seat 2: RohayhuP (small blind) folded before Flop
Seat 3: PistonBaroqe (big blind) folded on the Turn
Seat 4: Seavus10 folded before Flop (didn't bet)
Seat 5: michasia folded before Flop (didn't bet)
Seat 6: ImaPeppaPig collected ($16.15)



PokerStars Hand #254584628432:  Hold'em No Limit ($0.50/$1.00 USD) - 2025/01/27 20:51:25 WET [2025/01/27 15:51:25 ET]
Table 'Palma V' 6-max Seat #2 is the button
Seat 1: Calabazaking ($100 in chips) 
Seat 2: RohayhuP ($132.28 in chips) 
Seat 3: PistonBaroqe ($73.55 in chips) 
Seat 4: Seavus10 ($187.53 in chips) 
Seat 5: michasia ($106.20 in chips) 
Seat 6: ImaPeppaPig ($110.65 in chips) 
PistonBaroqe: posts small blind $0.50
Seavus10: posts big blind $1
*** HOLE CARDS ***
michasia: folds 
ImaPeppaPig: raises $1.50 to $2.50
Calabazaking: folds 
RohayhuP: folds 
PistonBaroqe: folds 
Seavus10: folds 
Uncalled bet ($1.50) returned to ImaPeppaPig
ImaPeppaPig collected $2.50 from pot
ImaPeppaPig: doesn't show hand 
*** SUMMARY ***
Total pot $2.50 | Rake $0 
Seat 1: Calabazaking folded before Flop (didn't bet)
Seat 2: RohayhuP (button) folded before Flop (didn't bet)
Seat 3: PistonBaroqe (small blind) folded before Flop
Seat 4: Seavus10 (big blind) folded before Flop
Seat 5: michasia folded before Flop (didn't bet)
Seat 6: ImaPeppaPig collected ($2.50)



PokerStars Hand #254584634106:  Hold'em No Limit ($0.50/$1.00 USD) - 2025/01/27 20:51:43 WET [2025/01/27 15:51:43 ET]
Table 'Palma V' 6-max Seat #3 is the button
Seat 1: Calabazaking ($100 in chips) 
Seat 2: RohayhuP ($132.28 in chips) 
Seat 3: PistonBaroqe ($73.05 in chips) 
Seat 4: Seavus10 ($186.53 in chips) 
Seat 5: michasia ($106.20 in chips) 
Seat 6: ImaPeppaPig ($112.15 in chips) 
Seavus10: posts small blind $0.50
michasia: posts big blind $1
*** HOLE CARDS ***
ImaPeppaPig: folds 
Calabazaking: folds 
RohayhuP: folds 
PistonBaroqe: folds 
Seavus10: raises $2 to $3
michasia: raises $6 to $9
Seavus10: folds 
Uncalled bet ($6) returned to michasia
michasia collected $6 from pot
michasia: doesn't show hand 
*** SUMMARY ***
Total pot $6 | Rake $0 
Seat 1: Calabazaking folded before Flop (didn't bet)
Seat 2: RohayhuP folded before Flop (didn't bet)
Seat 3: PistonBaroqe (button) folded before Flop (didn't bet)
Seat 4: Seavus10 (small blind) folded before Flop
Seat 5: michasia (big blind) collected ($6)
Seat 6: ImaPeppaPig folded before Flop (didn't bet)



PokerStars Hand #254584644512:  Hold'em No Limit ($0.50/$1.00 USD) - 2025/01/27 20:52:14 WET [2025/01/27 15:52:14 ET]
Table 'Palma V' 6-max Seat #4 is the button
Seat 1: Calabazaking ($100 in chips) 
Seat 2: RohayhuP ($132.28 in chips) 
Seat 3: PistonBaroqe ($73.05 in chips) 
Seat 4: Seavus10 ($183.53 in chips) 
Seat 5: michasia ($109.20 in chips) 
Seat 6: ImaPeppaPig ($112.15 in chips) 
michasia: posts small blind $0.50
ImaPeppaPig: posts big blind $1
*** HOLE CARDS ***
Calabazaking: raises $1.50 to $2.50
RohayhuP: folds 
PistonBaroqe: calls $2.50
Seavus10: folds 
michasia: folds 
ImaPeppaPig: folds 
*** FLOP *** [9s 6s 3c]
Calabazaking: bets $9.27
PistonBaroqe: folds 
Uncalled bet ($9.27) returned to Calabazaking
Calabazaking collected $6.18 from pot
*** SUMMARY ***
Total pot $6.50 | Rake $0.32 
Board [9s 6s 3c]
Seat 1: Calabazaking collected ($6.18)
Seat 2: RohayhuP folded before Flop (didn't bet)
Seat 3: PistonBaroqe folded on the Flop
Seat 4: Seavus10 (button) folded before Flop (didn't bet)
Seat 5: michasia (small blind) folded before Flop
Seat 6: ImaPeppaPig (big blind) folded before Flop



PokerStars Hand #254584652432:  Hold'em No Limit ($0.50/$1.00 USD) - 2025/01/27 20:52:39 WET [2025/01/27 15:52:39 ET]
Table 'Palma V' 6-max Seat #5 is the button
Seat 1: Calabazaking ($103.68 in chips) 
Seat 2: RohayhuP ($132.28 in chips) 
Seat 3: PistonBaroqe ($70.55 in chips) 
Seat 4: Seavus10 ($183.53 in chips) 
Seat 5: michasia ($108.70 in chips) 
Seat 6: ImaPeppaPig ($111.15 in chips) 
ImaPeppaPig: posts small blind $0.50
Calabazaking: posts big blind $1
*** HOLE CARDS ***
RohayhuP: raises $2 to $3
PistonBaroqe: folds 
Seavus10: folds 
michasia: folds 
ImaPeppaPig: folds 
Calabazaking: calls $2
*** FLOP *** [3c 3h 9h]
Calabazaking: checks 
RohayhuP: bets $3.09
Calabazaking: calls $3.09
*** TURN *** [3c 3h 9h] [6s]
Calabazaking: checks 
RohayhuP: checks 
*** RIVER *** [3c 3h 9h 6s] [3s]
Calabazaking: bets $4.48
RohayhuP: calls $4.48
*** SHOW DOWN ***
Calabazaking: shows [Jc Ad] (three of a kind, Threes)
RohayhuP: shows [7d 7h] (a full house, Threes full of Sevens)
RohayhuP collected $20.29 from pot
*** SUMMARY ***
Total pot $21.64 | Rake $1.35 
Board [3c 3h 9h 6s 3s]
Seat 1: Calabazaking (big blind) showed [Jc Ad] and lost with three of a kind, Threes
Seat 2: RohayhuP showed [7d 7h] and won ($20.29) with a full house, Threes full of Sevens
Seat 3: PistonBaroqe folded before Flop (didn't bet)
Seat 4: Seavus10 folded before Flop (didn't bet)
Seat 5: michasia (button) folded before Flop (didn't bet)
Seat 6: ImaPeppaPig (small blind) folded before Flop



PokerStars Hand #254584674763:  Hold'em No Limit ($0.50/$1.00 USD) - 2025/01/27 20:53:47 WET [2025/01/27 15:53:47 ET]
Table 'Palma V' 6-max Seat #6 is the button
Seat 1: Calabazaking ($100 in chips) 
Seat 2: RohayhuP ($142 in chips) 
Seat 3: PistonBaroqe ($70.55 in chips) 
Seat 4: Seavus10 ($183.53 in chips) 
Seat 5: michasia ($108.70 in chips) 
Seat 6: ImaPeppaPig ($110.65 in chips) 
Calabazaking: posts small blind $0.50
RohayhuP: posts big blind $1
*** HOLE CARDS ***
PistonBaroqe: folds 
Seavus10: folds 
michasia: folds 
ImaPeppaPig: raises $1.50 to $2.50
Calabazaking: raises $9 to $11.50
RohayhuP: folds 
ImaPeppaPig: folds 
Uncalled bet ($9) returned to Calabazaking
Calabazaking collected $6 from pot
*** SUMMARY ***
Total pot $6 | Rake $0 
Seat 1: Calabazaking (small blind) collected ($6)
Seat 2: RohayhuP (big blind) folded before Flop
Seat 3: PistonBaroqe folded before Flop (didn't bet)
Seat 4: Seavus10 folded before Flop (didn't bet)
Seat 5: michasia folded before Flop (didn't bet)
Seat 6: ImaPeppaPig (button) folded before Flop



PokerStars Hand #254584684337:  Hold'em No Limit ($0.50/$1.00 USD) - 2025/01/27 20:54:17 WET [2025/01/27 15:54:17 ET]
Table 'Palma V' 6-max Seat #1 is the button
Seat 1: Calabazaking ($103.50 in chips) 
Seat 2: RohayhuP ($141 in chips) 
Seat 3: PistonBaroqe ($70.55 in chips) 
Seat 4: Seavus10 ($183.53 in chips) 
Seat 5: michasia ($108.70 in chips) 
Seat 6: ImaPeppaPig ($108.15 in chips) 
RohayhuP: posts small blind $0.50
PistonBaroqe: posts big blind $1
*** HOLE CARDS ***
Seavus10: folds 
michasia: raises $1.60 to $2.60
ImaPeppaPig: folds 
Calabazaking: folds 
RohayhuP: folds 
PistonBaroqe: folds 
Uncalled bet ($1.60) returned to michasia
michasia collected $2.50 from pot
michasia: doesn't show hand 
*** SUMMARY ***
Total pot $2.50 | Rake $0 
Seat 1: Calabazaking (button) folded before Flop (didn't bet)
Seat 2: RohayhuP (small blind) folded before Flop
Seat 3: PistonBaroqe (big blind) folded before Flop
Seat 4: Seavus10 folded before Flop (didn't bet)
Seat 5: michasia collected ($2.50)
Seat 6: ImaPeppaPig folded before Flop (didn't bet)



PokerStars Hand #254584690683:  Hold'em No Limit ($0.50/$1.00 USD) - 2025/01/27 20:54:36 WET [2025/01/27 15:54:36 ET]
Table 'Palma V' 6-max Seat #2 is the button
Seat 1: Calabazaking ($103.50 in chips) 
Seat 2: RohayhuP ($140.50 in chips) 
Seat 3: PistonBaroqe ($69.55 in chips) 
Seat 4: Seavus10 ($183.53 in chips) 
Seat 5: michasia ($110.20 in chips) 
Seat 6: ImaPeppaPig ($108.15 in chips) 
PistonBaroqe: posts small blind $0.50
Seavus10: posts big blind $1
*** HOLE CARDS ***
michasia: folds 
ImaPeppaPig: folds 
Calabazaking: raises $1.50 to $2.50
RohayhuP: folds 
PistonBaroqe: folds 
Seavus10: folds 
Uncalled bet ($1.50) returned to Calabazaking
Calabazaking collected $2.50 from pot
*** SUMMARY ***
Total pot $2.50 | Rake $0 
Seat 1: Calabazaking collected ($2.50)
Seat 2: RohayhuP (button) folded before Flop (didn't bet)
Seat 3: PistonBaroqe (small blind) folded before Flop
Seat 4: Seavus10 (big blind) folded before Flop
Seat 5: michasia folded before Flop (didn't bet)
Seat 6: ImaPeppaPig folded before Flop (didn't bet)



PokerStars Hand #254584696612:  Hold'em No Limit ($0.50/$1.00 USD) - 2025/01/27 20:54:54 WET [2025/01/27 15:54:54 ET]
Table 'Palma V' 6-max Seat #3 is the button
Seat 1: Calabazaking ($105 in chips) 
Seat 2: RohayhuP ($140.50 in chips) 
Seat 3: PistonBaroqe ($69.05 in chips) 
Seat 4: Seavus10 ($182.53 in chips) 
Seat 5: michasia ($110.20 in chips) 
Seat 6: ImaPeppaPig ($108.15 in chips) 
Seavus10: posts small blind $0.50
michasia: posts big blind $1
*** HOLE CARDS ***
ImaPeppaPig: folds 
Calabazaking: raises $1.50 to $2.50
RohayhuP: raises $6.50 to $9
PistonBaroqe: folds 
Seavus10: folds 
michasia: raises $15 to $24
Calabazaking: folds 
RohayhuP: folds 
Uncalled bet ($15) returned to michasia
michasia collected $21 from pot
michasia: doesn't show hand 
*** SUMMARY ***
Total pot $21 | Rake $0 
Seat 1: Calabazaking folded before Flop
Seat 2: RohayhuP folded before Flop
Seat 3: PistonBaroqe (button) folded before Flop (didn't bet)
Seat 4: Seavus10 (small blind) folded before Flop
Seat 5: michasia (big blind) collected ($21)
Seat 6: ImaPeppaPig folded before Flop (didn't bet)



PokerStars Hand #254584708229:  Hold'em No Limit ($0.50/$1.00 USD) - 2025/01/27 20:55:41 WET [2025/01/27 15:55:41 ET]
Table 'Palma V' 6-max Seat #4 is the button
Seat 1: Calabazaking ($102.50 in chips) 
Seat 2: RohayhuP ($131.50 in chips) 
Seat 3: PistonBaroqe ($69.05 in chips) 
Seat 4: Seavus10 ($182.03 in chips) 
Seat 5: michasia ($122.20 in chips) 
Seat 6: ImaPeppaPig ($108.15 in chips) 
michasia: posts small blind $0.50
ImaPeppaPig: posts big blind $1
*** HOLE CARDS ***
Calabazaking: raises $1.50 to $2.50
RohayhuP: folds 
PistonBaroqe: folds 
Seavus10: folds 
michasia: folds 
ImaPeppaPig: folds 
Uncalled bet ($1.50) returned to Calabazaking
Calabazaking collected $2.50 from pot
*** SUMMARY ***
Total pot $2.50 | Rake $0 
Seat 1: Calabazaking collected ($2.50)
Seat 2: RohayhuP folded before Flop (didn't bet)
Seat 3: PistonBaroqe folded before Flop (didn't bet)
Seat 4: Seavus10 (button) folded before Flop (didn't bet)
Seat 5: michasia (small blind) folded before Flop
Seat 6: ImaPeppaPig (big blind) folded before Flop



PokerStars Hand #254584713248:  Hold'em No Limit ($0.50/$1.00 USD) - 2025/01/27 20:56:04 WET [2025/01/27 15:56:04 ET]
Table 'Palma V' 6-max Seat #5 is the button
Seat 1: Calabazaking ($104 in chips) 
Seat 2: RohayhuP ($131.50 in chips) 
Seat 3: PistonBaroqe ($69.05 in chips) 
Seat 4: Seavus10 ($182.03 in chips) 
Seat 5: michasia ($121.70 in chips) 
Seat 6: ImaPeppaPig ($107.15 in chips) 
ImaPeppaPig: posts small blind $0.50
Calabazaking: posts big blind $1
*** HOLE CARDS ***
RohayhuP: raises $2 to $3
PistonBaroqe: folds 
Seavus10: folds 
michasia: folds 
ImaPeppaPig: folds 
Calabazaking: calls $2
*** FLOP *** [Qc 2c Kc]
Calabazaking: checks 
RohayhuP: bets $3.09
Calabazaking: folds 
Uncalled bet ($3.09) returned to RohayhuP
RohayhuP collected $6.10 from pot
RohayhuP: doesn't show hand 
*** SUMMARY ***
Total pot $6.50 | Rake $0.40 
Board [Qc 2c Kc]
Seat 1: Calabazaking (big blind) folded on the Flop
Seat 2: RohayhuP collected ($6.10)
Seat 3: PistonBaroqe folded before Flop (didn't bet)
Seat 4: Seavus10 folded before Flop (didn't bet)
Seat 5: michasia (button) folded before Flop (didn't bet)
Seat 6: ImaPeppaPig (small blind) folded before Flop



PokerStars Hand #254584720063:  Hold'em No Limit ($0.50/$1.00 USD) - 2025/01/27 20:56:35 WET [2025/01/27 15:56:35 ET]
Table 'Palma V' 6-max Seat #6 is the button
Seat 1: Calabazaking ($101 in chips) 
Seat 2: RohayhuP ($134.60 in chips) 
Seat 3: PistonBaroqe ($69.05 in chips) 
Seat 4: Seavus10 ($182.03 in chips) 
Seat 5: michasia ($121.70 in chips) 
Seat 6: ImaPeppaPig ($106.65 in chips) 
Calabazaking: posts small blind $0.50
RohayhuP: posts big blind $1
*** HOLE CARDS ***
PistonBaroqe: folds 
Seavus10: folds 
michasia: raises $1.80 to $2.80
ImaPeppaPig: raises $6.20 to $9
Calabazaking: folds 
RohayhuP: folds 
michasia: folds 
Uncalled bet ($6.20) returned to ImaPeppaPig
ImaPeppaPig collected $7.10 from pot
ImaPeppaPig: doesn't show hand 
*** SUMMARY ***
Total pot $7.10 | Rake $0 
Seat 1: Calabazaking (small blind) folded before Flop
Seat 2: RohayhuP (big blind) folded before Flop
Seat 3: PistonBaroqe folded before Flop (didn't bet)
Seat 4: Seavus10 folded before Flop (didn't bet)
Seat 5: michasia folded before Flop
Seat 6: ImaPeppaPig (button) collected ($7.10)



PokerStars Hand #254584725583:  Hold'em No Limit ($0.50/$1.00 USD) - 2025/01/27 20:57:01 WET [2025/01/27 15:57:01 ET]
Table 'Palma V' 6-max Seat #1 is the button
Seat 1: Calabazaking ($100.50 in chips) 
Seat 2: RohayhuP ($133.60 in chips) 
Seat 3: PistonBaroqe ($69.05 in chips) 
Seat 4: Seavus10 ($182.03 in chips) 
Seat 5: michasia ($118.90 in chips) 
Seat 6: ImaPeppaPig ($110.95 in chips) 
RohayhuP: posts small blind $0.50
PistonBaroqe: posts big blind $1
*** HOLE CARDS ***
Seavus10: folds 
michasia: raises $1.60 to $2.60
ImaPeppaPig: folds 
Calabazaking: raises $4.10 to $6.70
RohayhuP: folds 
PistonBaroqe: folds 
michasia: folds 
Uncalled bet ($4.10) returned to Calabazaking
Calabazaking collected $6.70 from pot
*** SUMMARY ***
Total pot $6.70 | Rake $0 
Seat 1: Calabazaking (button) collected ($6.70)
Seat 2: RohayhuP (small blind) folded before Flop
Seat 3: PistonBaroqe (big blind) folded before Flop
Seat 4: Seavus10 folded before Flop (didn't bet)
Seat 5: michasia folded before Flop
Seat 6: ImaPeppaPig folded before Flop (didn't bet)



PokerStars Hand #254584733680:  Hold'em No Limit ($0.50/$1.00 USD) - 2025/01/27 20:57:37 WET [2025/01/27 15:57:37 ET]
Table 'Palma V' 6-max Seat #2 is the button
Seat 1: Calabazaking ($104.60 in chips) 
Seat 2: RohayhuP ($133.10 in chips) 
Seat 3: PistonBaroqe ($68.05 in chips) 
Seat 4: Seavus10 ($182.03 in chips) 
Seat 5: michasia ($116.30 in chips) 
Seat 6: ImaPeppaPig ($110.95 in chips) 
PistonBaroqe: posts small blind $0.50
Seavus10: posts big blind $1
*** HOLE CARDS ***
michasia: folds 
ImaPeppaPig: folds 
Calabazaking: raises $1.50 to $2.50
RohayhuP: folds 
PistonBaroqe: folds 
Seavus10: folds 
Uncalled bet ($1.50) returned to Calabazaking
Calabazaking collected $2.50 from pot
*** SUMMARY ***
Total pot $2.50 | Rake $0 
Seat 1: Calabazaking collected ($2.50)
Seat 2: RohayhuP (button) folded before Flop (didn't bet)
Seat 3: PistonBaroqe (small blind) folded before Flop
Seat 4: Seavus10 (big blind) folded before Flop
Seat 5: michasia folded before Flop (didn't bet)
Seat 6: ImaPeppaPig folded before Flop (didn't bet)



PokerStars Hand #254584737666:  Hold'em No Limit ($0.50/$1.00 USD) - 2025/01/27 20:57:55 WET [2025/01/27 15:57:55 ET]
Table 'Palma V' 6-max Seat #3 is the button
Seat 1: Calabazaking ($106.10 in chips) 
Seat 2: RohayhuP ($133.10 in chips) 
Seat 3: PistonBaroqe ($67.55 in chips) 
Seat 4: Seavus10 ($181.03 in chips) 
Seat 5: michasia ($116.30 in chips) 
Seat 6: ImaPeppaPig ($110.95 in chips) 
Seavus10: posts small blind $0.50
michasia: posts big blind $1
*** HOLE CARDS ***
ImaPeppaPig: folds 
Calabazaking: folds 
RohayhuP: raises $2 to $3
PistonBaroqe: folds 
Seavus10: folds 
michasia: folds 
Uncalled bet ($2) returned to RohayhuP
RohayhuP collected $2.50 from pot
RohayhuP: doesn't show hand 
*** SUMMARY ***
Total pot $2.50 | Rake $0 
Seat 1: Calabazaking folded before Flop (didn't bet)
Seat 2: RohayhuP collected ($2.50)
Seat 3: PistonBaroqe (button) folded before Flop (didn't bet)
Seat 4: Seavus10 (small blind) folded before Flop
Seat 5: michasia (big blind) folded before Flop
Seat 6: ImaPeppaPig folded before Flop (didn't bet)



PokerStars Hand #254584741265:  Hold'em No Limit ($0.50/$1.00 USD) - 2025/01/27 20:58:11 WET [2025/01/27 15:58:11 ET]
Table 'Palma V' 6-max Seat #4 is the button
Seat 1: Calabazaking ($106.10 in chips) 
Seat 2: RohayhuP ($134.60 in chips) 
Seat 3: PistonBaroqe ($67.55 in chips) 
Seat 4: Seavus10 ($180.53 in chips) 
Seat 5: michasia ($115.30 in chips) 
Seat 6: ImaPeppaPig ($110.95 in chips) 
michasia: posts small blind $0.50
ImaPeppaPig: posts big blind $1
*** HOLE CARDS ***
Calabazaking: raises $1.50 to $2.50
RohayhuP: folds 
PistonBaroqe: folds 
Seavus10: folds 
michasia: folds 
ImaPeppaPig: folds 
Uncalled bet ($1.50) returned to Calabazaking
Calabazaking collected $2.50 from pot
*** SUMMARY ***
Total pot $2.50 | Rake $0 
Seat 1: Calabazaking collected ($2.50)
Seat 2: RohayhuP folded before Flop (didn't bet)
Seat 3: PistonBaroqe folded before Flop (didn't bet)
Seat 4: Seavus10 (button) folded before Flop (didn't bet)
Seat 5: michasia (small blind) folded before Flop
Seat 6: ImaPeppaPig (big blind) folded before Flop



PokerStars Hand #254584747153:  Hold'em No Limit ($0.50/$1.00 USD) - 2025/01/27 20:58:37 WET [2025/01/27 15:58:37 ET]
Table 'Palma V' 6-max Seat #5 is the button
Seat 1: Calabazaking ($107.60 in chips) 
Seat 2: RohayhuP ($134.60 in chips) 
Seat 3: PistonBaroqe ($67.55 in chips) 
Seat 4: Seavus10 ($180.53 in chips) 
Seat 5: michasia ($114.80 in chips) 
Seat 6: ImaPeppaPig ($109.95 in chips) 
ImaPeppaPig: posts small blind $0.50
Calabazaking: posts big blind $1
*** HOLE CARDS ***
RohayhuP: folds 
PistonBaroqe: raises $2.50 to $3.50
Seavus10: folds 
michasia: raises $6.50 to $10
ImaPeppaPig: folds 
Calabazaking: folds 
PistonBaroqe: calls $6.50
*** FLOP *** [9d 6s Jc]
PistonBaroqe: checks 
michasia: bets $6.74
PistonBaroqe: calls $6.74
*** TURN *** [9d 6s Jc] [4d]
PistonBaroqe: checks 
michasia: bets $22.15
PistonBaroqe: calls $22.15
*** RIVER *** [9d 6s Jc 4d] [Qs]
PistonBaroqe: checks 
michasia: bets $51.19
PistonBaroqe: calls $28.66 and is all-in
Uncalled bet ($22.53) returned to michasia
*** SHOW DOWN ***
michasia: shows [Ac As] (a pair of Aces)
PistonBaroqe: shows [Ts Kh] (a straight, Nine to King)
PistonBaroqe collected $134.10 from pot
*** SUMMARY ***
Total pot $136.60 | Rake $2.50 
Board [9d 6s Jc 4d Qs]
Seat 1: Calabazaking (big blind) folded before Flop
Seat 2: RohayhuP folded before Flop (didn't bet)
Seat 3: PistonBaroqe showed [Ts Kh] and won ($134.10) with a straight, Nine to King
Seat 4: Seavus10 folded before Flop (didn't bet)
Seat 5: michasia (button) showed [Ac As] and lost with a pair of Aces
Seat 6: ImaPeppaPig (small blind) folded before Flop



PokerStars Hand #254584762748:  Hold'em No Limit ($0.50/$1.00 USD) - 2025/01/27 20:59:46 WET [2025/01/27 15:59:46 ET]
Table 'Palma V' 6-max Seat #6 is the button
Seat 1: Calabazaking ($106.60 in chips) 
Seat 2: RohayhuP ($134.60 in chips) 
Seat 3: PistonBaroqe ($134.10 in chips) 
Seat 4: Seavus10 ($180.53 in chips) 
Seat 5: michasia ($100 in chips) 
Seat 6: ImaPeppaPig ($109.45 in chips) 
Calabazaking: posts small blind $0.50
RohayhuP: posts big blind $1
*** HOLE CARDS ***
PistonBaroqe: folds 
Seavus10: folds 
michasia: folds 
ImaPeppaPig: folds 
Calabazaking: raises $2 to $3
RohayhuP: calls $2
*** FLOP *** [Jc Qd 9s]
Calabazaking: bets $1.88
RohayhuP: calls $1.88
*** TURN *** [Jc Qd 9s] [5c]
Calabazaking: bets $13.91
RohayhuP: folds 
Uncalled bet ($13.91) returned to Calabazaking
Calabazaking collected $9.27 from pot
*** SUMMARY ***
Total pot $9.76 | Rake $0.49 
Board [Jc Qd 9s 5c]
Seat 1: Calabazaking (small blind) collected ($9.27)
Seat 2: RohayhuP (big blind) folded on the Turn
Seat 3: PistonBaroqe folded before Flop (didn't bet)
Seat 4: Seavus10 folded before Flop (didn't bet)
Seat 5: michasia folded before Flop (didn't bet)
Seat 6: ImaPeppaPig (button) folded before Flop (didn't bet)



PokerStars Hand #254584774226:  Hold'em No Limit ($0.50/$1.00 USD) - 2025/01/27 21:00:35 WET [2025/01/27 16:00:35 ET]
Table 'Palma V' 6-max Seat #1 is the button
Seat 1: Calabazaking ($110.99 in chips) 
Seat 2: RohayhuP ($129.72 in chips) 
Seat 3: PistonBaroqe ($134.10 in chips) 
Seat 4: Seavus10 ($180.53 in chips) 
Seat 5: michasia ($100 in chips) 
Seat 6: ImaPeppaPig ($109.45 in chips) 
RohayhuP: posts small blind $0.50
PistonBaroqe: posts big blind $1
*** HOLE CARDS ***
Seavus10: raises $1 to $2
michasia: folds 
ImaPeppaPig: folds 
Calabazaking: folds 
RohayhuP: calls $1.50
PistonBaroqe: folds 
*** FLOP *** [7h 5h 6c]
RohayhuP: checks 
Seavus10: checks 
*** TURN *** [7h 5h 6c] [Kc]
RohayhuP: checks 
Seavus10: checks 
*** RIVER *** [7h 5h 6c Kc] [4s]
RohayhuP: bets $2.38
Seavus10: folds 
Uncalled bet ($2.38) returned to RohayhuP
RohayhuP collected $4.69 from pot
RohayhuP: doesn't show hand 
*** SUMMARY ***
Total pot $5 | Rake $0.31 
Board [7h 5h 6c Kc 4s]
Seat 1: Calabazaking (button) folded before Flop (didn't bet)
Seat 2: RohayhuP (small blind) collected ($4.69)
Seat 3: PistonBaroqe (big blind) folded before Flop
Seat 4: Seavus10 folded on the River
Seat 5: michasia folded before Flop (didn't bet)
Seat 6: ImaPeppaPig folded before Flop (didn't bet)



PokerStars Hand #254584798287:  Hold'em No Limit ($0.50/$1.00 USD) - 2025/01/27 21:02:03 WET [2025/01/27 16:02:03 ET]
Table 'Palma V' 6-max Seat #2 is the button
Seat 1: Calabazaking ($110.99 in chips) 
Seat 2: RohayhuP ($132.41 in chips) 
Seat 3: PistonBaroqe ($133.10 in chips) 
Seat 4: Seavus10 ($178.53 in chips) 
Seat 5: michasia ($100 in chips) 
Seat 6: ImaPeppaPig ($109.45 in chips) 
PistonBaroqe: posts small blind $0.50
Seavus10: posts big blind $1
*** HOLE CARDS ***
michasia: folds 
ImaPeppaPig: folds 
Calabazaking: folds 
RohayhuP: folds 
PistonBaroqe: folds 
Uncalled bet ($0.50) returned to Seavus10
Seavus10 collected $1 from pot
Seavus10: doesn't show hand 
*** SUMMARY ***
Total pot $1 | Rake $0 
Seat 1: Calabazaking folded before Flop (didn't bet)
Seat 2: RohayhuP (button) folded before Flop (didn't bet)
Seat 3: PistonBaroqe (small blind) folded before Flop
Seat 4: Seavus10 (big blind) collected ($1)
Seat 5: michasia folded before Flop (didn't bet)
Seat 6: ImaPeppaPig folded before Flop (didn't bet)



PokerStars Hand #254584803309:  Hold'em No Limit ($0.50/$1.00 USD) - 2025/01/27 21:02:19 WET [2025/01/27 16:02:19 ET]
Table 'Palma V' 6-max Seat #3 is the button
Seat 1: Calabazaking ($110.99 in chips) 
Seat 2: RohayhuP ($132.41 in chips) 
Seat 3: PistonBaroqe ($132.60 in chips) 
Seat 4: Seavus10 ($179.03 in chips) 
Seat 5: michasia ($100 in chips) 
Seat 6: ImaPeppaPig ($109.45 in chips) 
Seavus10: posts small blind $0.50
michasia: posts big blind $1
*** HOLE CARDS ***
ImaPeppaPig: folds 
Calabazaking: folds 
RohayhuP: folds 
PistonBaroqe: folds 
Seavus10: raises $2 to $3
michasia: folds 
Uncalled bet ($2) returned to Seavus10
Seavus10 collected $2 from pot
Seavus10: doesn't show hand 
*** SUMMARY ***
Total pot $2 | Rake $0 
Seat 1: Calabazaking folded before Flop (didn't bet)
Seat 2: RohayhuP folded before Flop (didn't bet)
Seat 3: PistonBaroqe (button) folded before Flop (didn't bet)
Seat 4: Seavus10 (small blind) collected ($2)
Seat 5: michasia (big blind) folded before Flop
Seat 6: ImaPeppaPig folded before Flop (didn't bet)



PokerStars Hand #254584809120:  Hold'em No Limit ($0.50/$1.00 USD) - 2025/01/27 21:02:38 WET [2025/01/27 16:02:38 ET]
Table 'Palma V' 6-max Seat #4 is the button
Seat 1: Calabazaking ($110.99 in chips) 
Seat 2: RohayhuP ($132.41 in chips) 
Seat 3: PistonBaroqe ($132.60 in chips) 
Seat 4: Seavus10 ($180.03 in chips) 
Seat 5: michasia ($100 in chips) 
Seat 6: ImaPeppaPig ($109.45 in chips) 
michasia: posts small blind $0.50
ImaPeppaPig: posts big blind $1
*** HOLE CARDS ***
Calabazaking: folds 
RohayhuP: folds 
PistonBaroqe: folds 
Seavus10: raises $1.50 to $2.50
michasia: folds 
ImaPeppaPig: folds 
Uncalled bet ($1.50) returned to Seavus10
Seavus10 collected $2.50 from pot
Seavus10: doesn't show hand 
*** SUMMARY ***
Total pot $2.50 | Rake $0 
Seat 1: Calabazaking folded before Flop (didn't bet)
Seat 2: RohayhuP folded before Flop (didn't bet)
Seat 3: PistonBaroqe folded before Flop (didn't bet)
Seat 4: Seavus10 (button) collected ($2.50)
Seat 5: michasia (small blind) folded before Flop
Seat 6: ImaPeppaPig (big blind) folded before Flop



PokerStars Hand #254584815618:  Hold'em No Limit ($0.50/$1.00 USD) - 2025/01/27 21:02:59 WET [2025/01/27 16:02:59 ET]
Table 'Palma V' 6-max Seat #5 is the button
Seat 1: Calabazaking ($110.99 in chips) 
Seat 2: RohayhuP ($132.41 in chips) 
Seat 3: PistonBaroqe ($132.60 in chips) 
Seat 4: Seavus10 ($181.53 in chips) 
Seat 5: michasia ($100 in chips) 
Seat 6: ImaPeppaPig ($108.45 in chips) 
ImaPeppaPig: posts small blind $0.50
Calabazaking: posts big blind $1
*** HOLE CARDS ***
RohayhuP: folds 
PistonBaroqe: folds 
Seavus10: folds 
michasia: raises $1.80 to $2.80
ImaPeppaPig: folds 
Calabazaking: folds 
Uncalled bet ($1.80) returned to michasia
michasia collected $2.50 from pot
michasia: doesn't show hand 
*** SUMMARY ***
Total pot $2.50 | Rake $0 
Seat 1: Calabazaking (big blind) folded before Flop
Seat 2: RohayhuP folded before Flop (didn't bet)
Seat 3: PistonBaroqe folded before Flop (didn't bet)
Seat 4: Seavus10 folded before Flop (didn't bet)
Seat 5: michasia (button) collected ($2.50)
Seat 6: ImaPeppaPig (small blind) folded before Flop



PokerStars Hand #254584821070:  Hold'em No Limit ($0.50/$1.00 USD) - 2025/01/27 21:03:16 WET [2025/01/27 16:03:16 ET]
Table 'Palma V' 6-max Seat #6 is the button
Seat 1: Calabazaking ($109.99 in chips) 
Seat 2: RohayhuP ($132.41 in chips) 
Seat 3: PistonBaroqe ($132.60 in chips) 
Seat 4: Seavus10 ($181.53 in chips) 
Seat 5: michasia ($101.50 in chips) 
Seat 6: ImaPeppaPig ($107.95 in chips) 
Calabazaking: posts small blind $0.50
RohayhuP: posts big blind $1
*** HOLE CARDS ***
PistonBaroqe: folds 
Seavus10: folds 
PistonBaroqe leaves the table
michasia: raises $1.80 to $2.80
ImaPeppaPig: folds 
Calabazaking: folds 
RohayhuP: folds 
Uncalled bet ($1.80) returned to michasia
michasia collected $2.50 from pot
michasia: doesn't show hand 
*** SUMMARY ***
Total pot $2.50 | Rake $0 
Seat 1: Calabazaking (small blind) folded before Flop
Seat 2: RohayhuP (big blind) folded before Flop
Seat 3: PistonBaroqe folded before Flop (didn't bet)
Seat 4: Seavus10 folded before Flop (didn't bet)
Seat 5: michasia collected ($2.50)
Seat 6: ImaPeppaPig (button) folded before Flop (didn't bet)



PokerStars Hand #254584827553:  Hold'em No Limit ($0.50/$1.00 USD) - 2025/01/27 21:03:35 WET [2025/01/27 16:03:35 ET]
Table 'Palma V' 6-max Seat #1 is the button
Seat 1: Calabazaking ($109.49 in chips) 
Seat 2: RohayhuP ($131.41 in chips) 
Seat 4: Seavus10 ($181.53 in chips) 
Seat 5: michasia ($103 in chips) 
Seat 6: ImaPeppaPig ($107.95 in chips) 
RohayhuP: posts small blind $0.50
Seavus10: posts big blind $1
*** HOLE CARDS ***
michasia: folds 
ImaPeppaPig: folds 
Calabazaking: folds 
RohayhuP: raises $2 to $3
Seavus10: raises $6 to $9
RohayhuP: folds 
Uncalled bet ($6) returned to Seavus10
Seavus10 collected $6 from pot
Seavus10: doesn't show hand 
*** SUMMARY ***
Total pot $6 | Rake $0 
Seat 1: Calabazaking (button) folded before Flop (didn't bet)
Seat 2: RohayhuP (small blind) folded before Flop
Seat 4: Seavus10 (big blind) collected ($6)
Seat 5: michasia folded before Flop (didn't bet)
Seat 6: ImaPeppaPig folded before Flop (didn't bet)



PokerStars Hand #254584834360:  Hold'em No Limit ($0.50/$1.00 USD) - 2025/01/27 21:03:56 WET [2025/01/27 16:03:56 ET]
Table 'Palma V' 6-max Seat #2 is the button
Seat 1: Calabazaking ($109.49 in chips) 
Seat 2: RohayhuP ($128.41 in chips) 
Seat 4: Seavus10 ($184.53 in chips) 
Seat 5: michasia ($103 in chips) 
Seat 6: ImaPeppaPig ($107.95 in chips) 
Seavus10: posts small blind $0.50
michasia: posts big blind $1
*** HOLE CARDS ***
ImaPeppaPig: folds 
Calabazaking: folds 
RohayhuP: folds 
Seavus10: folds 
Uncalled bet ($0.50) returned to michasia
michasia collected $1 from pot
michasia: doesn't show hand 
*** SUMMARY ***
Total pot $1 | Rake $0 
Seat 1: Calabazaking folded before Flop (didn't bet)
Seat 2: RohayhuP (button) folded before Flop (didn't bet)
Seat 4: Seavus10 (small blind) folded before Flop
Seat 5: michasia (big blind) collected ($1)
Seat 6: ImaPeppaPig folded before Flop (didn't bet)



PokerStars Hand #254584839626:  Hold'em No Limit ($0.50/$1.00 USD) - 2025/01/27 21:04:13 WET [2025/01/27 16:04:13 ET]
Table 'Palma V' 6-max Seat #4 is the button
Seat 1: Calabazaking ($109.49 in chips) 
Seat 2: RohayhuP ($128.41 in chips) 
Seat 4: Seavus10 ($184.03 in chips) 
Seat 5: michasia ($103.50 in chips) 
Seat 6: ImaPeppaPig ($107.95 in chips) 
michasia: posts small blind $0.50
ImaPeppaPig: posts big blind $1
*** HOLE CARDS ***
Calabazaking: folds 
RohayhuP: folds 
Seavus10: raises $1.50 to $2.50
michasia: raises $9.50 to $12
ImaPeppaPig: folds 
Seavus10: folds 
Uncalled bet ($9.50) returned to michasia
michasia collected $6 from pot
michasia: doesn't show hand 
*** SUMMARY ***
Total pot $6 | Rake $0 
Seat 1: Calabazaking folded before Flop (didn't bet)
Seat 2: RohayhuP folded before Flop (didn't bet)
Seat 4: Seavus10 (button) folded before Flop
Seat 5: michasia (small blind) collected ($6)
Seat 6: ImaPeppaPig (big blind) folded before Flop



PokerStars Hand #254584852350:  Hold'em No Limit ($0.50/$1.00 USD) - 2025/01/27 21:04:51 WET [2025/01/27 16:04:51 ET]
Table 'Palma V' 6-max Seat #6 is the button
Seat 5: michasia ($107 in chips) is sitting out
Seat 1: Calabazaking ($109.49 in chips) 
Seat 2: RohayhuP ($128.41 in chips) 
Seat 4: Seavus10 ($181.53 in chips) 
Seat 6: ImaPeppaPig ($106.95 in chips) 
Calabazaking: posts small blind $0.50
RohayhuP: posts big blind $1
*** HOLE CARDS ***
Seavus10: folds 
ImaPeppaPig: folds 
Calabazaking: folds 
Uncalled bet ($0.50) returned to RohayhuP
RohayhuP collected $1 from pot
RohayhuP: doesn't show hand 
*** SUMMARY ***
Total pot $1 | Rake $0 
Seat 5: michasia
Seat 1: Calabazaking (small blind) folded before Flop
Seat 2: RohayhuP (big blind) collected ($1)
Seat 4: Seavus10 folded before Flop (didn't bet)
Seat 6: ImaPeppaPig (button) folded before Flop (didn't bet)



PokerStars Hand #254584855988:  Hold'em No Limit ($0.50/$1.00 USD) - 2025/01/27 21:05:02 WET [2025/01/27 16:05:02 ET]
Table 'Palma V' 6-max Seat #1 is the button
Seat 5: michasia ($107 in chips) is sitting out
Seat 1: Calabazaking ($108.99 in chips) 
Seat 2: RohayhuP ($128.91 in chips) 
Seat 4: Seavus10 ($181.53 in chips) 
Seat 6: ImaPeppaPig ($106.95 in chips) 
RohayhuP: posts small blind $0.50
Seavus10: posts big blind $1
*** HOLE CARDS ***
ImaPeppaPig: folds 
Calabazaking: folds 
RohayhuP: folds 
Uncalled bet ($0.50) returned to Seavus10
Seavus10 collected $1 from pot
Seavus10: doesn't show hand 
*** SUMMARY ***
Total pot $1 | Rake $0 
Seat 5: michasia
Seat 1: Calabazaking (button) folded before Flop (didn't bet)
Seat 2: RohayhuP (small blind) folded before Flop
Seat 4: Seavus10 (big blind) collected ($1)
Seat 6: ImaPeppaPig folded before Flop (didn't bet)



PokerStars Hand #254584859116:  Hold'em No Limit ($0.50/$1.00 USD) - 2025/01/27 21:05:12 WET [2025/01/27 16:05:12 ET]
Table 'Palma V' 6-max Seat #2 is the button
Seat 5: michasia ($107 in chips) is sitting out
Seat 1: Calabazaking ($108.99 in chips) 
Seat 2: RohayhuP ($128.41 in chips) 
Seat 4: Seavus10 ($182.03 in chips) 
Seat 6: ImaPeppaPig ($106.95 in chips) 
Seavus10: posts small blind $0.50
ImaPeppaPig: posts big blind $1
*** HOLE CARDS ***
Calabazaking: folds 
RohayhuP: folds 
Seavus10: folds 
Uncalled bet ($0.50) returned to ImaPeppaPig
ImaPeppaPig collected $1 from pot
ImaPeppaPig: doesn't show hand 
*** SUMMARY ***
Total pot $1 | Rake $0 
Seat 5: michasia
Seat 1: Calabazaking folded before Flop (didn't bet)
Seat 2: RohayhuP (button) folded before Flop (didn't bet)
Seat 4: Seavus10 (small blind) folded before Flop
Seat 6: ImaPeppaPig (big blind) collected ($1)



PokerStars Hand #254584863054:  Hold'em No Limit ($0.50/$1.00 USD) - 2025/01/27 21:05:24 WET [2025/01/27 16:05:24 ET]
Table 'Palma V' 6-max Seat #4 is the button
Seat 5: michasia ($107 in chips) is sitting out
Seat 1: Calabazaking ($108.99 in chips) 
Seat 2: RohayhuP ($128.41 in chips) 
Seat 4: Seavus10 ($181.53 in chips) 
Seat 6: ImaPeppaPig ($107.45 in chips) 
ImaPeppaPig: posts small blind $0.50
Calabazaking: posts big blind $1
*** HOLE CARDS ***
RohayhuP: folds 
Seavus10: folds 
ImaPeppaPig: folds 
Uncalled bet ($0.50) returned to Calabazaking
Calabazaking collected $1 from pot
*** SUMMARY ***
Total pot $1 | Rake $0 
Seat 5: michasia
Seat 1: Calabazaking (big blind) collected ($1)
Seat 2: RohayhuP folded before Flop (didn't bet)
Seat 4: Seavus10 (button) folded before Flop (didn't bet)
Seat 6: ImaPeppaPig (small blind) folded before Flop



PokerStars Hand #254584866687:  Hold'em No Limit ($0.50/$1.00 USD) - 2025/01/27 21:05:35 WET [2025/01/27 16:05:35 ET]
Table 'Palma V' 6-max Seat #6 is the button
Seat 5: michasia ($107 in chips) is sitting out
Seat 1: Calabazaking ($109.49 in chips) 
Seat 2: RohayhuP ($128.41 in chips) 
Seat 4: Seavus10 ($181.53 in chips) 
Seat 6: ImaPeppaPig ($106.95 in chips) 
Calabazaking: posts small blind $0.50
RohayhuP: posts big blind $1
*** HOLE CARDS ***
Seavus10: raises $1.20 to $2.20
ImaPeppaPig: folds 
Calabazaking: raises $8.90 to $11.10
RohayhuP: folds 
Seavus10: folds 
Uncalled bet ($8.90) returned to Calabazaking
Calabazaking collected $5.40 from pot
*** SUMMARY ***
Total pot $5.40 | Rake $0 
Seat 5: michasia
Seat 1: Calabazaking (small blind) collected ($5.40)
Seat 2: RohayhuP (big blind) folded before Flop
Seat 4: Seavus10 folded before Flop
Seat 6: ImaPeppaPig (button) folded before Flop (didn't bet)



PokerStars Hand #254584875427:  Hold'em No Limit ($0.50/$1.00 USD) - 2025/01/27 21:06:02 WET [2025/01/27 16:06:02 ET]
Table 'Palma V' 6-max Seat #1 is the button
Seat 5: michasia ($107 in chips) is sitting out
Seat 1: Calabazaking ($112.69 in chips) 
Seat 2: RohayhuP ($127.41 in chips) 
Seat 4: Seavus10 ($179.33 in chips) 
Seat 6: ImaPeppaPig ($106.95 in chips) 
RohayhuP: posts small blind $0.50
Seavus10: posts big blind $1
*** HOLE CARDS ***
ImaPeppaPig: folds 
Calabazaking: folds 
RohayhuP: folds 
Uncalled bet ($0.50) returned to Seavus10
Seavus10 collected $1 from pot
Seavus10: doesn't show hand 
*** SUMMARY ***
Total pot $1 | Rake $0 
Seat 5: michasia
Seat 1: Calabazaking (button) folded before Flop (didn't bet)
Seat 2: RohayhuP (small blind) folded before Flop
Seat 4: Seavus10 (big blind) collected ($1)
Seat 6: ImaPeppaPig folded before Flop (didn't bet)



PokerStars Hand #254584878769:  Hold'em No Limit ($0.50/$1.00 USD) - 2025/01/27 21:06:12 WET [2025/01/27 16:06:12 ET]
Table 'Palma V' 6-max Seat #2 is the button
Seat 5: michasia ($107 in chips) is sitting out
Seat 1: Calabazaking ($112.69 in chips) 
Seat 2: RohayhuP ($126.91 in chips) 
Seat 4: Seavus10 ($179.83 in chips) 
Seat 6: ImaPeppaPig ($106.95 in chips) 
Seavus10: posts small blind $0.50
ImaPeppaPig: posts big blind $1
*** HOLE CARDS ***
Calabazaking: folds 
RohayhuP: raises $1.50 to $2.50
Seavus10: folds 
ImaPeppaPig: folds 
Uncalled bet ($1.50) returned to RohayhuP
RohayhuP collected $2.50 from pot
RohayhuP: doesn't show hand 
*** SUMMARY ***
Total pot $2.50 | Rake $0 
Seat 5: michasia
Seat 1: Calabazaking folded before Flop (didn't bet)
Seat 2: RohayhuP (button) collected ($2.50)
Seat 4: Seavus10 (small blind) folded before Flop
Seat 6: ImaPeppaPig (big blind) folded before Flop



PokerStars Hand #254584884263:  Hold'em No Limit ($0.50/$1.00 USD) - 2025/01/27 21:06:29 WET [2025/01/27 16:06:29 ET]
Table 'Palma V' 6-max Seat #4 is the button
Seat 5: michasia ($107 in chips) is sitting out
Seat 1: Calabazaking ($112.69 in chips) 
Seat 2: RohayhuP ($128.41 in chips) 
Seat 4: Seavus10 ($179.33 in chips) 
Seat 6: ImaPeppaPig ($105.95 in chips) 
ImaPeppaPig: posts small blind $0.50
Calabazaking: posts big blind $1
*** HOLE CARDS ***
RohayhuP: folds 
Seavus10: raises $1.50 to $2.50
ImaPeppaPig: folds 
Calabazaking: raises $9 to $11.50
Seavus10: folds 
Uncalled bet ($9) returned to Calabazaking
Calabazaking collected $5.50 from pot
*** SUMMARY ***
Total pot $5.50 | Rake $0 
Seat 5: michasia
Seat 1: Calabazaking (big blind) collected ($5.50)
Seat 2: RohayhuP folded before Flop (didn't bet)
Seat 4: Seavus10 (button) folded before Flop
Seat 6: ImaPeppaPig (small blind) folded before Flop



PokerStars Hand #254584891401:  Hold'em No Limit ($0.50/$1.00 USD) - 2025/01/27 21:06:51 WET [2025/01/27 16:06:51 ET]
Table 'Palma V' 6-max Seat #6 is the button
Seat 2: RohayhuP ($128.41 in chips) is sitting out
Seat 5: michasia ($107 in chips) is sitting out
Seat 1: Calabazaking ($115.69 in chips) 
Seat 4: Seavus10 ($176.83 in chips) 
Seat 6: ImaPeppaPig ($105.45 in chips) 
Calabazaking: posts small blind $0.50
RohayhuP: is sitting out 
Seavus10: posts big blind $1
*** HOLE CARDS ***
ImaPeppaPig: folds 
Calabazaking: raises $2 to $3
Seavus10: folds 
Uncalled bet ($2) returned to Calabazaking
Calabazaking collected $2 from pot
*** SUMMARY ***
Total pot $2 | Rake $0 
Seat 2: RohayhuP
Seat 5: michasia
Seat 1: Calabazaking (small blind) collected ($2)
Seat 4: Seavus10 (big blind) folded before Flop
Seat 6: ImaPeppaPig (button) folded before Flop (didn't bet)



PokerStars Hand #254584894611:  Hold'em No Limit ($0.50/$1.00 USD) - 2025/01/27 21:07:00 WET [2025/01/27 16:07:00 ET]
Table 'Palma V' 6-max Seat #1 is the button
Seat 2: RohayhuP ($128.41 in chips) is sitting out
Seat 5: michasia ($107 in chips) is sitting out
Seat 1: Calabazaking ($116.69 in chips) 
Seat 4: Seavus10 ($175.83 in chips) 
Seat 6: ImaPeppaPig ($105.45 in chips) 
Seavus10: posts small blind $0.50
ImaPeppaPig: posts big blind $1
*** HOLE CARDS ***
RohayhuP leaves the table
Calabazaking: folds 
Calabazaking leaves the table
Seavus10: folds 
Uncalled bet ($0.50) returned to ImaPeppaPig
ImaPeppaPig collected $1 from pot
ImaPeppaPig: doesn't show hand 
*** SUMMARY ***
Total pot $1 | Rake $0 
Seat 2: RohayhuP
Seat 5: michasia
Seat 1: Calabazaking (button) folded before Flop (didn't bet)
Seat 4: Seavus10 (small blind) folded before Flop
Seat 6: ImaPeppaPig (big blind) collected ($1)



PokerStars Hand #254584898246:  Hold'em No Limit ($0.50/$1.00 USD) - 2025/01/27 21:07:11 WET [2025/01/27 16:07:11 ET]
Table 'Palma V' 6-max Seat #6 is the button
Seat 5: michasia ($107 in chips) is sitting out
Seat 4: Seavus10 ($175.33 in chips) 
Seat 6: ImaPeppaPig ($105.95 in chips) 
ImaPeppaPig: posts small blind $0.50
Seavus10: posts big blind $1
*** HOLE CARDS ***
ImaPeppaPig: raises $1.50 to $2.50
Seavus10: calls $1.50
*** FLOP *** [6h 3h Ah]
Seavus10: checks 
ImaPeppaPig: bets $2.47
Seavus10: calls $2.47
*** TURN *** [6h 3h Ah] [Jd]
Seavus10: checks 
ImaPeppaPig: bets $15
Seavus10: calls $15
*** RIVER *** [6h 3h Ah Jd] [8s]
Seavus10: checks 
ImaPeppaPig: bets $85.98 and is all-in
michasia leaves the table
Seavus10: calls $85.98
*** SHOW DOWN ***
ImaPeppaPig: shows [4h Kh] (a flush, Ace high)
Seavus10: shows [3s Ac] (two pair, Aces and Threes)
ImaPeppaPig collected $210.90 from pot
*** SUMMARY ***
Total pot $211.90 | Rake $1 
Board [6h 3h Ah Jd 8s]
Seat 5: michasia
Seat 4: Seavus10 (big blind) showed [3s Ac] and lost with two pair, Aces and Threes
Seat 6: ImaPeppaPig (button) (small blind) showed [4h Kh] and won ($210.90) with a flush, Ace high



PokerStars Hand #254584920530:  Hold'em No Limit ($0.50/$1.00 USD) - 2025/01/27 21:08:20 WET [2025/01/27 16:08:20 ET]
Table 'Palma V' 6-max Seat #4 is the button
Seat 4: Seavus10 ($100 in chips) 
Seat 6: ImaPeppaPig ($210.90 in chips) 
Seavus10: posts small blind $0.50
ImaPeppaPig: posts big blind $1
*** HOLE CARDS ***
Seavus10: raises $1.50 to $2.50
ImaPeppaPig: folds 
Uncalled bet ($1.50) returned to Seavus10
AIien Hand joins the table at seat #2 
Seavus10 collected $2 from pot
Seavus10: doesn't show hand 
*** SUMMARY ***
Total pot $2 | Rake $0 
Seat 4: Seavus10 (button) (small blind) collected ($2)
Seat 6: ImaPeppaPig (big blind) folded before Flop



PokerStars Hand #254584923055:  Hold'em No Limit ($0.50/$1.00 USD) - 2025/01/27 21:08:28 WET [2025/01/27 16:08:28 ET]
Table 'Palma V' 6-max Seat #4 is the button
Seat 2: AIien Hand ($100 in chips) 
Seat 4: Seavus10 ($101 in chips) 
Seat 6: ImaPeppaPig ($209.90 in chips) 
ImaPeppaPig: posts small blind $0.50
AIien Hand: posts big blind $1
*** HOLE CARDS ***
Seavus10: folds 
ImaPeppaPig: raises $2 to $3
AIien Hand: calls $2
*** FLOP *** [Qh 6d 5d]
ImaPeppaPig: checks 
AIien Hand: bets $1.71
ImaPeppaPig: calls $1.71
*** TURN *** [Qh 6d 5d] [8d]
ImaPeppaPig: checks 
AIien Hand: checks 
*** RIVER *** [Qh 6d 5d 8d] [Kd]
ImaPeppaPig: bets $11.46
AIien Hand: folds 
Uncalled bet ($11.46) returned to ImaPeppaPig
ImaPeppaPig collected $8.95 from pot
ImaPeppaPig: doesn't show hand 
*** SUMMARY ***
Total pot $9.42 | Rake $0.47 
Board [Qh 6d 5d 8d Kd]
Seat 2: AIien Hand (big blind) folded on the River
Seat 4: Seavus10 (button) folded before Flop (didn't bet)
Seat 6: ImaPeppaPig (small blind) collected ($8.95)



PokerStars Hand #254584946840:  Hold'em No Limit ($0.50/$1.00 USD) - 2025/01/27 21:09:42 WET [2025/01/27 16:09:42 ET]
Table 'Palma V' 6-max Seat #6 is the button
Seat 2: AIien Hand ($100 in chips) 
Seat 4: Seavus10 ($101 in chips) 
Seat 6: ImaPeppaPig ($214.14 in chips) 
AIien Hand: posts small blind $0.50
Seavus10: posts big blind $1
*** HOLE CARDS ***
ImaPeppaPig: raises $1.50 to $2.50
AIien Hand: folds 
Seavus10: folds 
Uncalled bet ($1.50) returned to ImaPeppaPig
ImaPeppaPig collected $2.50 from pot
ImaPeppaPig: doesn't show hand 
*** SUMMARY ***
Total pot $2.50 | Rake $0 
Seat 2: AIien Hand (small blind) folded before Flop
Seat 4: Seavus10 (big blind) folded before Flop
Seat 6: ImaPeppaPig (button) collected ($2.50)



PokerStars Hand #254584951186:  Hold'em No Limit ($0.50/$1.00 USD) - 2025/01/27 21:09:55 WET [2025/01/27 16:09:55 ET]
Table 'Palma V' 6-max Seat #2 is the button
Seat 2: AIien Hand ($100 in chips) 
Seat 4: Seavus10 ($100 in chips) 
Seat 6: ImaPeppaPig ($215.64 in chips) 
Seavus10: posts small blind $0.50
ImaPeppaPig: posts big blind $1
*** HOLE CARDS ***
AIien Hand: raises $1.50 to $2.50
Seavus10: folds 
ImaPeppaPig: folds 
Uncalled bet ($1.50) returned to AIien Hand
AIien Hand collected $2.50 from pot
AIien Hand: doesn't show hand 
*** SUMMARY ***
Total pot $2.50 | Rake $0 
Seat 2: AIien Hand (button) collected ($2.50)
Seat 4: Seavus10 (small blind) folded before Flop
Seat 6: ImaPeppaPig (big blind) folded before Flop



PokerStars Hand #254584955156:  Hold'em No Limit ($0.50/$1.00 USD) - 2025/01/27 21:10:07 WET [2025/01/27 16:10:07 ET]
Table 'Palma V' 6-max Seat #4 is the button
Seat 2: AIien Hand ($101.50 in chips) 
Seat 4: Seavus10 ($100 in chips) 
Seat 6: ImaPeppaPig ($214.64 in chips) 
ImaPeppaPig: posts small blind $0.50
AIien Hand: posts big blind $1
*** HOLE CARDS ***
Seavus10: folds 
ImaPeppaPig: folds 
Uncalled bet ($0.50) returned to AIien Hand
AIien Hand collected $1 from pot
AIien Hand: doesn't show hand 
*** SUMMARY ***
Total pot $1 | Rake $0 
Seat 2: AIien Hand (big blind) collected ($1)
Seat 4: Seavus10 (button) folded before Flop (didn't bet)
Seat 6: ImaPeppaPig (small blind) folded before Flop



PokerStars Hand #254584957325:  Hold'em No Limit ($0.50/$1.00 USD) - 2025/01/27 21:10:14 WET [2025/01/27 16:10:14 ET]
Table 'Palma V' 6-max Seat #6 is the button
Seat 2: AIien Hand ($102 in chips) 
Seat 4: Seavus10 ($100 in chips) 
Seat 6: ImaPeppaPig ($214.14 in chips) 
AIien Hand: posts small blind $0.50
Seavus10: posts big blind $1
*** HOLE CARDS ***
ImaPeppaPig: folds 
AIien Hand: raises $2 to $3
Seavus10: raises $6 to $9
michasia joins the table at seat #1 
AIien Hand: raises $13 to $22
CallMeeeCraig joins the table at seat #5 
nastja336 joins the table at seat #3 
Seavus10: calls $13
*** FLOP *** [7d 4c Jd]
AIien Hand: bets $17.20
Seavus10: calls $17.20
*** TURN *** [7d 4c Jd] [8h]
AIien Hand: checks 
Seavus10: checks 
*** RIVER *** [7d 4c Jd 8h] [Js]
AIien Hand: checks 
Seavus10: bets $60.80 and is all-in
AIien Hand: folds 
Uncalled bet ($60.80) returned to Seavus10
Seavus10 collected $77.40 from pot
Seavus10: doesn't show hand 
*** SUMMARY ***
Total pot $78.40 | Rake $1 
Board [7d 4c Jd 8h Js]
Seat 2: AIien Hand (small blind) folded on the River
Seat 4: Seavus10 (big blind) collected ($77.40)
Seat 6: ImaPeppaPig (button) folded before Flop (didn't bet)



PokerStars Hand #254584994149:  Hold'em No Limit ($0.50/$1.00 USD) - 2025/01/27 21:12:06 WET [2025/01/27 16:12:06 ET]
Table 'Palma V' 6-max Seat #2 is the button
Seat 1: michasia ($107 in chips) is sitting out
Seat 3: nastja336 ($100 in chips) is sitting out
Seat 2: AIien Hand ($100 in chips) 
Seat 4: Seavus10 ($138.20 in chips) 
Seat 5: CallMeeeCraig ($100 in chips) 
Seat 6: ImaPeppaPig ($214.14 in chips) 
Seavus10: posts small blind $0.50
CallMeeeCraig: posts big blind $1
michasia: sits out 
*** HOLE CARDS ***
ImaPeppaPig: folds 
AIien Hand: raises $1.50 to $2.50
Seavus10: folds 
CallMeeeCraig: folds 
Uncalled bet ($1.50) returned to AIien Hand
AIien Hand collected $2.50 from pot
AIien Hand: doesn't show hand 
*** SUMMARY ***
Total pot $2.50 | Rake $0 
Seat 1: michasia
Seat 3: nastja336
Seat 2: AIien Hand (button) collected ($2.50)
Seat 4: Seavus10 (small blind) folded before Flop
Seat 5: CallMeeeCraig (big blind) folded before Flop
Seat 6: ImaPeppaPig folded before Flop (didn't bet)



PokerStars Hand #254584999677:  Hold'em No Limit ($0.50/$1.00 USD) - 2025/01/27 21:12:22 WET [2025/01/27 16:12:22 ET]
Table 'Palma V' 6-max Seat #4 is the button
Seat 1: michasia ($107 in chips) is sitting out
Seat 3: nastja336 ($100 in chips) is sitting out
Seat 2: AIien Hand ($101.50 in chips) 
Seat 4: Seavus10 ($137.70 in chips) 
Seat 5: CallMeeeCraig ($100 in chips) 
Seat 6: ImaPeppaPig ($214.14 in chips) 
CallMeeeCraig: posts small blind $0.50
ImaPeppaPig: posts big blind $1
michasia: sits out 
nastja336: sits out 
*** HOLE CARDS ***
AIien Hand: folds 
Seavus10: folds 
CallMeeeCraig: folds 
Uncalled bet ($0.50) returned to ImaPeppaPig
ImaPeppaPig collected $1 from pot
ImaPeppaPig: doesn't show hand 
*** SUMMARY ***
Total pot $1 | Rake $0 
Seat 1: michasia
Seat 3: nastja336
Seat 2: AIien Hand folded before Flop (didn't bet)
Seat 4: Seavus10 (button) folded before Flop (didn't bet)
Seat 5: CallMeeeCraig (small blind) folded before Flop
Seat 6: ImaPeppaPig (big blind) collected ($1)



PokerStars Hand #254585003148:  Hold'em No Limit ($0.50/$1.00 USD) - 2025/01/27 21:12:33 WET [2025/01/27 16:12:33 ET]
Table 'Palma V' 6-max Seat #5 is the button
Seat 3: nastja336 ($100 in chips) is sitting out
Seat 1: michasia ($107 in chips) 
Seat 2: AIien Hand ($101.50 in chips) 
Seat 4: Seavus10 ($137.70 in chips) 
Seat 5: CallMeeeCraig ($100 in chips) 
Seat 6: ImaPeppaPig ($214.64 in chips) 
ImaPeppaPig: posts small blind $0.50
michasia: posts big blind $1
nastja336: sits out 
*** HOLE CARDS ***
AIien Hand: folds 
Seavus10: folds 
CallMeeeCraig: folds 
ImaPeppaPig: folds 
Uncalled bet ($0.50) returned to michasia
michasia collected $1 from pot
michasia: doesn't show hand 
*** SUMMARY ***
Total pot $1 | Rake $0 
Seat 3: nastja336
Seat 1: michasia (big blind) collected ($1)
Seat 2: AIien Hand folded before Flop (didn't bet)
Seat 4: Seavus10 folded before Flop (didn't bet)
Seat 5: CallMeeeCraig (button) folded before Flop (didn't bet)
Seat 6: ImaPeppaPig (small blind) folded before Flop



PokerStars Hand #254585009057:  Hold'em No Limit ($0.50/$1.00 USD) - 2025/01/27 21:12:50 WET [2025/01/27 16:12:50 ET]
Table 'Palma V' 6-max Seat #6 is the button
Seat 3: nastja336 ($100 in chips) is sitting out
Seat 1: michasia ($107.50 in chips) 
Seat 2: AIien Hand ($101.50 in chips) 
Seat 4: Seavus10 ($137.70 in chips) 
Seat 5: CallMeeeCraig ($100 in chips) 
Seat 6: ImaPeppaPig ($214.14 in chips) 
michasia: posts small blind $0.50
AIien Hand: posts big blind $1
nastja336: sits out 
*** HOLE CARDS ***
Seavus10: folds 
CallMeeeCraig: folds 
ImaPeppaPig: folds 
michasia: raises $2 to $3
AIien Hand: calls $2
*** FLOP *** [Tc As 2s]
michasia: bets $7.13
AIien Hand: folds 
Uncalled bet ($7.13) returned to michasia
michasia collected $5.70 from pot
michasia: doesn't show hand 
*** SUMMARY ***
Total pot $6 | Rake $0.30 
Board [Tc As 2s]
Seat 3: nastja336
Seat 1: michasia (small blind) collected ($5.70)
Seat 2: AIien Hand (big blind) folded on the Flop
Seat 4: Seavus10 folded before Flop (didn't bet)
Seat 5: CallMeeeCraig folded before Flop (didn't bet)
Seat 6: ImaPeppaPig (button) folded before Flop (didn't bet)



PokerStars Hand #254585020222:  Hold'em No Limit ($0.50/$1.00 USD) - 2025/01/27 21:13:24 WET [2025/01/27 16:13:24 ET]
Table 'Palma V' 6-max Seat #1 is the button
Seat 1: michasia ($110.20 in chips) 
Seat 2: AIien Hand ($100 in chips) 
Seat 3: nastja336 ($100 in chips) 
Seat 4: Seavus10 ($137.70 in chips) 
Seat 5: CallMeeeCraig ($100 in chips) 
Seat 6: ImaPeppaPig ($214.14 in chips) 
AIien Hand: posts small blind $0.50
nastja336: posts big blind $1
*** HOLE CARDS ***
Seavus10: folds 
CallMeeeCraig: raises $1.05 to $2.05
ImaPeppaPig: folds 
michasia: folds 
AIien Hand: folds 
nastja336: folds 
Uncalled bet ($1.05) returned to CallMeeeCraig
CallMeeeCraig collected $2.50 from pot
CallMeeeCraig: doesn't show hand 
*** SUMMARY ***
Total pot $2.50 | Rake $0 
Seat 1: michasia (button) folded before Flop (didn't bet)
Seat 2: AIien Hand (small blind) folded before Flop
Seat 3: nastja336 (big blind) folded before Flop
Seat 4: Seavus10 folded before Flop (didn't bet)
Seat 5: CallMeeeCraig collected ($2.50)
Seat 6: ImaPeppaPig folded before Flop (didn't bet)



PokerStars Hand #254585029430:  Hold'em No Limit ($0.50/$1.00 USD) - 2025/01/27 21:13:52 WET [2025/01/27 16:13:52 ET]
Table 'Palma V' 6-max Seat #2 is the button
Seat 1: michasia ($110.20 in chips) 
Seat 2: AIien Hand ($100 in chips) 
Seat 3: nastja336 ($100 in chips) 
Seat 4: Seavus10 ($137.70 in chips) 
Seat 5: CallMeeeCraig ($101.50 in chips) 
Seat 6: ImaPeppaPig ($214.14 in chips) 
nastja336: posts small blind $0.50
Seavus10: posts big blind $1
*** HOLE CARDS ***
CallMeeeCraig: folds 
ImaPeppaPig: folds 
michasia: folds 
AIien Hand: folds 
nastja336: raises $2 to $3
Seavus10: raises $6 to $9
nastja336: raises $15 to $24
Seavus10: folds 
Uncalled bet ($15) returned to nastja336
nastja336 collected $18 from pot
nastja336: doesn't show hand 
*** SUMMARY ***
Total pot $18 | Rake $0 
Seat 1: michasia folded before Flop (didn't bet)
Seat 2: AIien Hand (button) folded before Flop (didn't bet)
Seat 3: nastja336 (small blind) collected ($18)
Seat 4: Seavus10 (big blind) folded before Flop
Seat 5: CallMeeeCraig folded before Flop (didn't bet)
Seat 6: ImaPeppaPig folded before Flop (didn't bet)



