PokerStars Hand #254578475605:  Hold'em No Limit ($0.50/$1.00 USD) - 2025/01/27 13:49:23 WET [2025/01/27 8:49:23 ET]
Table 'Elektra V' 6-max Seat #5 is the button
Seat 1: Rudi19800 ($98 in chips) 
Seat 2: VahTang_89 ($100 in chips) 
Seat 3: fedor0f ($100 in chips) 
Seat 4: mr.Jckpot ($103.20 in chips) 
Seat 5: whlzor ($100 in chips) 
Seat 6: MaRKiToScoK ($100 in chips) 
MaRKiToScoK: posts small blind $0.50
Rudi19800: posts big blind $1
*** HOLE CARDS ***
VahTang_89: folds 
fedor0f: folds 
mr.Jckpot: folds 
whlzor: folds 
MaRKiToScoK: folds 
Uncalled bet ($0.50) returned to Rudi19800
Rudi19800 collected $1 from pot
Rudi19800: doesn't show hand 
*** SUMMARY ***
Total pot $1 | Rake $0 
Seat 1: Rudi19800 (big blind) collected ($1)
Seat 2: VahTang_89 folded before Flop (didn't bet)
Seat 3: fedor0f folded before Flop (didn't bet)
Seat 4: mr.Jckpot folded before Flop (didn't bet)
Seat 5: whlzor (button) folded before Flop (didn't bet)
Seat 6: MaRKiToScoK (small blind) folded before Flop



PokerStars Hand #254578477863:  Hold'em No Limit ($0.50/$1.00 USD) - 2025/01/27 13:49:36 WET [2025/01/27 8:49:36 ET]
Table 'Elektra V' 6-max Seat #6 is the button
Seat 1: Rudi19800 ($98.50 in chips) 
Seat 2: VahTang_89 ($100 in chips) 
Seat 3: fedor0f ($100 in chips) 
Seat 4: mr.Jckpot ($103.20 in chips) 
Seat 5: whlzor ($100 in chips) 
Seat 6: MaRKiToScoK ($100 in chips) 
Rudi19800: posts small blind $0.50
VahTang_89: posts big blind $1
*** HOLE CARDS ***
fedor0f: folds 
mr.Jckpot: raises $1.50 to $2.50
whlzor: folds 
MaRKiToScoK: folds 
Rudi19800: folds 
VahTang_89: folds 
Uncalled bet ($1.50) returned to mr.Jckpot
mr.Jckpot collected $2.50 from pot
mr.Jckpot: doesn't show hand 
*** SUMMARY ***
Total pot $2.50 | Rake $0 
Seat 1: Rudi19800 (small blind) folded before Flop
Seat 2: VahTang_89 (big blind) folded before Flop
Seat 3: fedor0f folded before Flop (didn't bet)
Seat 4: mr.Jckpot collected ($2.50)
Seat 5: whlzor folded before Flop (didn't bet)
Seat 6: MaRKiToScoK (button) folded before Flop (didn't bet)



PokerStars Hand #254578480824:  Hold'em No Limit ($0.50/$1.00 USD) - 2025/01/27 13:49:54 WET [2025/01/27 8:49:54 ET]
Table 'Elektra V' 6-max Seat #1 is the button
Seat 1: Rudi19800 ($98 in chips) 
Seat 2: VahTang_89 ($100 in chips) 
Seat 3: fedor0f ($100 in chips) 
Seat 4: mr.Jckpot ($104.70 in chips) 
Seat 5: whlzor ($100 in chips) 
Seat 6: MaRKiToScoK ($100 in chips) 
VahTang_89: posts small blind $0.50
fedor0f: posts big blind $1
*** HOLE CARDS ***
mr.Jckpot: folds 
whlzor: folds 
MaRKiToScoK: folds 
Rudi19800: raises $1 to $2
VahTang_89: folds 
fedor0f: calls $1
*** FLOP *** [Kh Jh Kd]
fedor0f: checks 
Rudi19800: bets $1
fedor0f: folds 
Uncalled bet ($1) returned to Rudi19800
Rudi19800 collected $4.28 from pot
Rudi19800: doesn't show hand 
*** SUMMARY ***
Total pot $4.50 | Rake $0.22 
Board [Kh Jh Kd]
Seat 1: Rudi19800 (button) collected ($4.28)
Seat 2: VahTang_89 (small blind) folded before Flop
Seat 3: fedor0f (big blind) folded on the Flop
Seat 4: mr.Jckpot folded before Flop (didn't bet)
Seat 5: whlzor folded before Flop (didn't bet)
Seat 6: MaRKiToScoK folded before Flop (didn't bet)



PokerStars Hand #254578485157:  Hold'em No Limit ($0.50/$1.00 USD) - 2025/01/27 13:50:20 WET [2025/01/27 8:50:20 ET]
Table 'Elektra V' 6-max Seat #2 is the button
Seat 1: Rudi19800 ($100.28 in chips) 
Seat 2: VahTang_89 ($100 in chips) 
Seat 3: fedor0f ($100 in chips) 
Seat 4: mr.Jckpot ($104.70 in chips) 
Seat 5: whlzor ($100 in chips) 
Seat 6: MaRKiToScoK ($100 in chips) 
fedor0f: posts small blind $0.50
mr.Jckpot: posts big blind $1
*** HOLE CARDS ***
whlzor: folds 
MaRKiToScoK: folds 
Rudi19800: folds 
VahTang_89: folds 
fedor0f: folds 
Uncalled bet ($0.50) returned to mr.Jckpot
mr.Jckpot collected $1 from pot
mr.Jckpot: doesn't show hand 
*** SUMMARY ***
Total pot $1 | Rake $0 
Seat 1: Rudi19800 folded before Flop (didn't bet)
Seat 2: VahTang_89 (button) folded before Flop (didn't bet)
Seat 3: fedor0f (small blind) folded before Flop
Seat 4: mr.Jckpot (big blind) collected ($1)
Seat 5: whlzor folded before Flop (didn't bet)
Seat 6: MaRKiToScoK folded before Flop (didn't bet)



PokerStars Hand #254578487984:  Hold'em No Limit ($0.50/$1.00 USD) - 2025/01/27 13:50:37 WET [2025/01/27 8:50:37 ET]
Table 'Elektra V' 6-max Seat #3 is the button
Seat 1: Rudi19800 ($100.28 in chips) 
Seat 2: VahTang_89 ($100 in chips) 
Seat 3: fedor0f ($100 in chips) 
Seat 4: mr.Jckpot ($105.20 in chips) 
Seat 5: whlzor ($100 in chips) 
Seat 6: MaRKiToScoK ($100 in chips) 
mr.Jckpot: posts small blind $0.50
whlzor: posts big blind $1
*** HOLE CARDS ***
MaRKiToScoK: folds 
Rudi19800: raises $1 to $2
VahTang_89: raises $5 to $7
fedor0f: folds 
mr.Jckpot: folds 
whlzor: folds 
Rudi19800: folds 
Uncalled bet ($5) returned to VahTang_89
VahTang_89 collected $5.50 from pot
VahTang_89: doesn't show hand 
*** SUMMARY ***
Total pot $5.50 | Rake $0 
Seat 1: Rudi19800 folded before Flop
Seat 2: VahTang_89 collected ($5.50)
Seat 3: fedor0f (button) folded before Flop (didn't bet)
Seat 4: mr.Jckpot (small blind) folded before Flop
Seat 5: whlzor (big blind) folded before Flop
Seat 6: MaRKiToScoK folded before Flop (didn't bet)



PokerStars Hand #254578492066:  Hold'em No Limit ($0.50/$1.00 USD) - 2025/01/27 13:51:01 WET [2025/01/27 8:51:01 ET]
Table 'Elektra V' 6-max Seat #4 is the button
Seat 1: Rudi19800 ($98.28 in chips) 
Seat 2: VahTang_89 ($103.50 in chips) 
Seat 3: fedor0f ($100 in chips) 
Seat 4: mr.Jckpot ($104.70 in chips) 
Seat 5: whlzor ($100 in chips) 
Seat 6: MaRKiToScoK ($100 in chips) 
whlzor: posts small blind $0.50
MaRKiToScoK: posts big blind $1
*** HOLE CARDS ***
Rudi19800: folds 
VahTang_89: folds 
fedor0f: folds 
mr.Jckpot: folds 
whlzor: folds 
Uncalled bet ($0.50) returned to MaRKiToScoK
MaRKiToScoK collected $1 from pot
*** SUMMARY ***
Total pot $1 | Rake $0 
Seat 1: Rudi19800 folded before Flop (didn't bet)
Seat 2: VahTang_89 folded before Flop (didn't bet)
Seat 3: fedor0f folded before Flop (didn't bet)
Seat 4: mr.Jckpot (button) folded before Flop (didn't bet)
Seat 5: whlzor (small blind) folded before Flop
Seat 6: MaRKiToScoK (big blind) collected ($1)



PokerStars Hand #254578494747:  Hold'em No Limit ($0.50/$1.00 USD) - 2025/01/27 13:51:17 WET [2025/01/27 8:51:17 ET]
Table 'Elektra V' 6-max Seat #5 is the button
Seat 1: Rudi19800 ($98.28 in chips) 
Seat 2: VahTang_89 ($103.50 in chips) 
Seat 3: fedor0f ($100 in chips) 
Seat 4: mr.Jckpot ($104.70 in chips) 
Seat 5: whlzor ($100 in chips) 
Seat 6: MaRKiToScoK ($100.50 in chips) 
MaRKiToScoK: posts small blind $0.50
Rudi19800: posts big blind $1
*** HOLE CARDS ***
VahTang_89: folds 
fedor0f: folds 
mr.Jckpot: raises $1.50 to $2.50
whlzor: folds 
MaRKiToScoK: folds 
Rudi19800: calls $1.50
*** FLOP *** [Jd 4s Kc]
Rudi19800: checks 
mr.Jckpot: bets $1.72
Rudi19800: folds 
Uncalled bet ($1.72) returned to mr.Jckpot
mr.Jckpot collected $5.22 from pot
mr.Jckpot: doesn't show hand 
*** SUMMARY ***
Total pot $5.50 | Rake $0.28 
Board [Jd 4s Kc]
Seat 1: Rudi19800 (big blind) folded on the Flop
Seat 2: VahTang_89 folded before Flop (didn't bet)
Seat 3: fedor0f folded before Flop (didn't bet)
Seat 4: mr.Jckpot collected ($5.22)
Seat 5: whlzor (button) folded before Flop (didn't bet)
Seat 6: MaRKiToScoK (small blind) folded before Flop



PokerStars Hand #254578501361:  Hold'em No Limit ($0.50/$1.00 USD) - 2025/01/27 13:51:57 WET [2025/01/27 8:51:57 ET]
Table 'Elektra V' 6-max Seat #6 is the button
Seat 1: Rudi19800 ($95.78 in chips) 
Seat 2: VahTang_89 ($103.50 in chips) 
Seat 3: fedor0f ($100 in chips) 
Seat 4: mr.Jckpot ($107.42 in chips) 
Seat 5: whlzor ($100 in chips) 
Seat 6: MaRKiToScoK ($100 in chips) 
Rudi19800: posts small blind $0.50
VahTang_89: posts big blind $1
*** HOLE CARDS ***
fedor0f: folds 
mr.Jckpot: folds 
whlzor: folds 
MaRKiToScoK: folds 
Rudi19800: raises $1 to $2
VahTang_89: calls $1
*** FLOP *** [3h 6d Qh]
Rudi19800: bets $1.90
VahTang_89: folds 
Uncalled bet ($1.90) returned to Rudi19800
Rudi19800 collected $3.80 from pot
Rudi19800: doesn't show hand 
*** SUMMARY ***
Total pot $4 | Rake $0.20 
Board [3h 6d Qh]
Seat 1: Rudi19800 (small blind) collected ($3.80)
Seat 2: VahTang_89 (big blind) folded on the Flop
Seat 3: fedor0f folded before Flop (didn't bet)
Seat 4: mr.Jckpot folded before Flop (didn't bet)
Seat 5: whlzor folded before Flop (didn't bet)
Seat 6: MaRKiToScoK (button) folded before Flop (didn't bet)



PokerStars Hand #254578506464:  Hold'em No Limit ($0.50/$1.00 USD) - 2025/01/27 13:52:27 WET [2025/01/27 8:52:27 ET]
Table 'Elektra V' 6-max Seat #1 is the button
Seat 3: fedor0f ($100 in chips) is sitting out
Seat 1: Rudi19800 ($97.58 in chips) 
Seat 2: VahTang_89 ($101.50 in chips) 
Seat 4: mr.Jckpot ($107.42 in chips) 
Seat 5: whlzor ($100 in chips) 
Seat 6: MaRKiToScoK ($100 in chips) 
VahTang_89: posts small blind $0.50
fedor0f: is sitting out 
mr.Jckpot: posts big blind $1
*** HOLE CARDS ***
whlzor: folds 
fedor0f leaves the table
MaRKiToScoK: raises $1.25 to $2.25
Rudi19800: folds 
BoyLoc0 joins the table at seat #3 
VahTang_89: folds 
mr.Jckpot: folds 
Uncalled bet ($1.25) returned to MaRKiToScoK
MaRKiToScoK collected $2.50 from pot
*** SUMMARY ***
Total pot $2.50 | Rake $0 
Seat 3: fedor0f
Seat 1: Rudi19800 (button) folded before Flop (didn't bet)
Seat 2: VahTang_89 (small blind) folded before Flop
Seat 4: mr.Jckpot (big blind) folded before Flop
Seat 5: whlzor folded before Flop (didn't bet)
Seat 6: MaRKiToScoK collected ($2.50)



PokerStars Hand #254578510622:  Hold'em No Limit ($0.50/$1.00 USD) - 2025/01/27 13:52:52 WET [2025/01/27 8:52:52 ET]
Table 'Elektra V' 6-max Seat #2 is the button
Seat 3: BoyLoc0 ($100 in chips) is sitting out
Seat 1: Rudi19800 ($97.58 in chips) 
Seat 2: VahTang_89 ($101 in chips) 
Seat 4: mr.Jckpot ($106.42 in chips) 
Seat 5: whlzor ($100 in chips) 
Seat 6: MaRKiToScoK ($101.50 in chips) 
mr.Jckpot: posts small blind $0.50
whlzor: posts big blind $1
*** HOLE CARDS ***
MaRKiToScoK: folds 
Rudi19800: calls $1
VahTang_89: folds 
mr.Jckpot: raises $2 to $3
whlzor: calls $2
Rudi19800: calls $2
*** FLOP *** [Kd Qs 8c]
mr.Jckpot: checks 
whlzor: checks 
Rudi19800: checks 
*** TURN *** [Kd Qs 8c] [2c]
mr.Jckpot: checks 
whlzor: checks 
Rudi19800: checks 
*** RIVER *** [Kd Qs 8c 2c] [2s]
mr.Jckpot: checks 
whlzor: checks 
Rudi19800: checks 
*** SHOW DOWN ***
mr.Jckpot: shows [Ah 4h] (a pair of Deuces)
whlzor: shows [8d 7d] (two pair, Eights and Deuces)
Rudi19800: mucks hand 
whlzor collected $8.55 from pot
*** SUMMARY ***
Total pot $9 | Rake $0.45 
Board [Kd Qs 8c 2c 2s]
Seat 3: BoyLoc0
Seat 1: Rudi19800 mucked
Seat 2: VahTang_89 (button) folded before Flop (didn't bet)
Seat 4: mr.Jckpot (small blind) showed [Ah 4h] and lost with a pair of Deuces
Seat 5: whlzor (big blind) showed [8d 7d] and won ($8.55) with two pair, Eights and Deuces
Seat 6: MaRKiToScoK folded before Flop (didn't bet)



PokerStars Hand #254578517751:  Hold'em No Limit ($0.50/$1.00 USD) - 2025/01/27 13:53:34 WET [2025/01/27 8:53:34 ET]
Table 'Elektra V' 6-max Seat #4 is the button
Seat 3: BoyLoc0 ($100 in chips) is sitting out
Seat 1: Rudi19800 ($94.58 in chips) 
Seat 2: VahTang_89 ($101 in chips) 
Seat 4: mr.Jckpot ($103.42 in chips) 
Seat 5: whlzor ($105.55 in chips) 
Seat 6: MaRKiToScoK ($101.50 in chips) 
whlzor: posts small blind $0.50
MaRKiToScoK: posts big blind $1
BoyLoc0: sits out 
*** HOLE CARDS ***
Rudi19800: calls $1
VahTang_89: folds 
mr.Jckpot: folds 
whlzor: folds 
MaRKiToScoK: checks 
*** FLOP *** [6h Td 6s]
MaRKiToScoK: checks 
Rudi19800: bets $1
MaRKiToScoK: folds 
Uncalled bet ($1) returned to Rudi19800
Rudi19800 collected $2.38 from pot
Rudi19800: doesn't show hand 
*** SUMMARY ***
Total pot $2.50 | Rake $0.12 
Board [6h Td 6s]
Seat 3: BoyLoc0
Seat 1: Rudi19800 collected ($2.38)
Seat 2: VahTang_89 folded before Flop (didn't bet)
Seat 4: mr.Jckpot (button) folded before Flop (didn't bet)
Seat 5: whlzor (small blind) folded before Flop
Seat 6: MaRKiToScoK (big blind) folded on the Flop



PokerStars Hand #254578524272:  Hold'em No Limit ($0.50/$1.00 USD) - 2025/01/27 13:54:14 WET [2025/01/27 8:54:14 ET]
Table 'Elektra V' 6-max Seat #5 is the button
Seat 3: BoyLoc0 ($100 in chips) is sitting out
Seat 1: Rudi19800 ($95.96 in chips) 
Seat 2: VahTang_89 ($101 in chips) 
Seat 4: mr.Jckpot ($103.42 in chips) 
Seat 5: whlzor ($105.05 in chips) 
Seat 6: MaRKiToScoK ($100.50 in chips) 
MaRKiToScoK: posts small blind $0.50
Rudi19800: posts big blind $1
BoyLoc0: sits out 
*** HOLE CARDS ***
VahTang_89: folds 
mr.Jckpot: folds 
whlzor: folds 
MaRKiToScoK: raises $2 to $3
Rudi19800: calls $2
*** FLOP *** [Ad 6c 4c]
MaRKiToScoK: bets $1.88
Rudi19800: raises $1.88 to $3.76
MaRKiToScoK: calls $1.88
*** TURN *** [Ad 6c 4c] [Th]
MaRKiToScoK: checks 
Rudi19800: checks 
*** RIVER *** [Ad 6c 4c Th] [8h]
MaRKiToScoK: bets $9.63
Rudi19800: folds 
Uncalled bet ($9.63) returned to MaRKiToScoK
MaRKiToScoK collected $12.84 from pot
*** SUMMARY ***
Total pot $13.52 | Rake $0.68 
Board [Ad 6c 4c Th 8h]
Seat 3: BoyLoc0
Seat 1: Rudi19800 (big blind) folded on the River
Seat 2: VahTang_89 folded before Flop (didn't bet)
Seat 4: mr.Jckpot folded before Flop (didn't bet)
Seat 5: whlzor (button) folded before Flop (didn't bet)
Seat 6: MaRKiToScoK (small blind) collected ($12.84)



PokerStars Hand #254578530288:  Hold'em No Limit ($0.50/$1.00 USD) - 2025/01/27 13:54:50 WET [2025/01/27 8:54:50 ET]
Table 'Elektra V' 6-max Seat #6 is the button
Seat 3: BoyLoc0 ($100 in chips) is sitting out
Seat 1: Rudi19800 ($89.20 in chips) 
Seat 2: VahTang_89 ($101 in chips) 
Seat 4: mr.Jckpot ($103.42 in chips) 
Seat 5: whlzor ($105.05 in chips) 
Seat 6: MaRKiToScoK ($106.58 in chips) 
Rudi19800: posts small blind $0.50
VahTang_89: posts big blind $1
BoyLoc0: sits out 
*** HOLE CARDS ***
mr.Jckpot: folds 
whlzor: folds 
MaRKiToScoK: raises $1.50 to $2.50
Rudi19800: folds 
VahTang_89: folds 
Uncalled bet ($1.50) returned to MaRKiToScoK
MaRKiToScoK collected $2.50 from pot
*** SUMMARY ***
Total pot $2.50 | Rake $0 
Seat 3: BoyLoc0
Seat 1: Rudi19800 (small blind) folded before Flop
Seat 2: VahTang_89 (big blind) folded before Flop
Seat 4: mr.Jckpot folded before Flop (didn't bet)
Seat 5: whlzor folded before Flop (didn't bet)
Seat 6: MaRKiToScoK (button) collected ($2.50)



PokerStars Hand #254578532286:  Hold'em No Limit ($0.50/$1.00 USD) - 2025/01/27 13:55:02 WET [2025/01/27 8:55:02 ET]
Table 'Elektra V' 6-max Seat #1 is the button
Seat 1: Rudi19800 ($88.70 in chips) 
Seat 2: VahTang_89 ($100 in chips) 
Seat 3: BoyLoc0 ($100 in chips) 
Seat 4: mr.Jckpot ($103.42 in chips) 
Seat 5: whlzor ($105.05 in chips) 
Seat 6: MaRKiToScoK ($108.08 in chips) 
VahTang_89: posts small blind $0.50
BoyLoc0: posts big blind $1
*** HOLE CARDS ***
mr.Jckpot: folds 
whlzor: folds 
MaRKiToScoK: folds 
Rudi19800: folds 
VahTang_89: folds 
Uncalled bet ($0.50) returned to BoyLoc0
BoyLoc0 collected $1 from pot
BoyLoc0: doesn't show hand 
*** SUMMARY ***
Total pot $1 | Rake $0 
Seat 1: Rudi19800 (button) folded before Flop (didn't bet)
Seat 2: VahTang_89 (small blind) folded before Flop
Seat 3: BoyLoc0 (big blind) collected ($1)
Seat 4: mr.Jckpot folded before Flop (didn't bet)
Seat 5: whlzor folded before Flop (didn't bet)
Seat 6: MaRKiToScoK folded before Flop (didn't bet)



PokerStars Hand #254578534185:  Hold'em No Limit ($0.50/$1.00 USD) - 2025/01/27 13:55:15 WET [2025/01/27 8:55:15 ET]
Table 'Elektra V' 6-max Seat #2 is the button
Seat 1: Rudi19800 ($88.70 in chips) 
Seat 2: VahTang_89 ($100 in chips) 
Seat 3: BoyLoc0 ($100.50 in chips) 
Seat 4: mr.Jckpot ($103.42 in chips) 
Seat 5: whlzor ($105.05 in chips) 
Seat 6: MaRKiToScoK ($108.08 in chips) 
BoyLoc0: posts small blind $0.50
mr.Jckpot: posts big blind $1
*** HOLE CARDS ***
whlzor: raises $1.50 to $2.50
MaRKiToScoK: folds 
Rudi19800: folds 
VahTang_89: folds 
BoyLoc0: folds 
mr.Jckpot: calls $1.50
*** FLOP *** [Ad 2h Qd]
mr.Jckpot: checks 
whlzor: checks 
*** TURN *** [Ad 2h Qd] [8c]
mr.Jckpot: checks 
whlzor: bets $2.61
mr.Jckpot: folds 
Uncalled bet ($2.61) returned to whlzor
whlzor collected $5.22 from pot
whlzor: doesn't show hand 
*** SUMMARY ***
Total pot $5.50 | Rake $0.28 
Board [Ad 2h Qd 8c]
Seat 1: Rudi19800 folded before Flop (didn't bet)
Seat 2: VahTang_89 (button) folded before Flop (didn't bet)
Seat 3: BoyLoc0 (small blind) folded before Flop
Seat 4: mr.Jckpot (big blind) folded on the Turn
Seat 5: whlzor collected ($5.22)
Seat 6: MaRKiToScoK folded before Flop (didn't bet)



PokerStars Hand #254578539077:  Hold'em No Limit ($0.50/$1.00 USD) - 2025/01/27 13:55:52 WET [2025/01/27 8:55:52 ET]
Table 'Elektra V' 6-max Seat #3 is the button
Seat 5: whlzor ($107.77 in chips) is sitting out
Seat 1: Rudi19800 ($88.70 in chips) 
Seat 2: VahTang_89 ($100 in chips) 
Seat 3: BoyLoc0 ($100 in chips) 
Seat 4: mr.Jckpot ($100.92 in chips) 
Seat 6: MaRKiToScoK ($108.08 in chips) 
mr.Jckpot: posts small blind $0.50
whlzor: is sitting out 
MaRKiToScoK: posts big blind $1
*** HOLE CARDS ***
Rudi19800: raises $1 to $2
VahTang_89: folds 
BoyLoc0: folds 
mr.Jckpot: folds 
MaRKiToScoK: calls $1
*** FLOP *** [As Ad 3c]
whlzor leaves the table
MaRKiToScoK: checks 
Rudi19800: bets $1
MaRKiToScoK: folds 
Uncalled bet ($1) returned to Rudi19800
Rudi19800 collected $4.28 from pot
Rudi19800: doesn't show hand 
*** SUMMARY ***
Total pot $4.50 | Rake $0.22 
Board [As Ad 3c]
Seat 5: whlzor
Seat 1: Rudi19800 collected ($4.28)
Seat 2: VahTang_89 folded before Flop (didn't bet)
Seat 3: BoyLoc0 (button) folded before Flop (didn't bet)
Seat 4: mr.Jckpot (small blind) folded before Flop
Seat 6: MaRKiToScoK (big blind) folded on the Flop



PokerStars Hand #254578541985:  Hold'em No Limit ($0.50/$1.00 USD) - 2025/01/27 13:56:14 WET [2025/01/27 8:56:14 ET]
Table 'Elektra V' 6-max Seat #4 is the button
Seat 1: Rudi19800 ($90.98 in chips) 
Seat 2: VahTang_89 ($100 in chips) 
Seat 3: BoyLoc0 ($100 in chips) 
Seat 4: mr.Jckpot ($100.42 in chips) 
Seat 6: MaRKiToScoK ($106.08 in chips) 
MaRKiToScoK: posts small blind $0.50
Rudi19800: posts big blind $1
*** HOLE CARDS ***
VahTang_89: folds 
BoyLoc0: raises $1.50 to $2.50
mr.Jckpot: folds 
MaRKiToScoK: folds 
Rudi19800: folds 
Uncalled bet ($1.50) returned to BoyLoc0
BoyLoc0 collected $2.50 from pot
BoyLoc0: doesn't show hand 
*** SUMMARY ***
Total pot $2.50 | Rake $0 
Seat 1: Rudi19800 (big blind) folded before Flop
Seat 2: VahTang_89 folded before Flop (didn't bet)
Seat 3: BoyLoc0 collected ($2.50)
Seat 4: mr.Jckpot (button) folded before Flop (didn't bet)
Seat 6: MaRKiToScoK (small blind) folded before Flop



PokerStars Hand #254578545217:  Hold'em No Limit ($0.50/$1.00 USD) - 2025/01/27 13:56:39 WET [2025/01/27 8:56:39 ET]
Table 'Elektra V' 6-max Seat #6 is the button
Seat 1: Rudi19800 ($89.98 in chips) 
Seat 2: VahTang_89 ($100 in chips) 
Seat 3: BoyLoc0 ($101.50 in chips) 
Seat 4: mr.Jckpot ($100.42 in chips) 
Seat 6: MaRKiToScoK ($105.58 in chips) 
Rudi19800: posts small blind $0.50
VahTang_89: posts big blind $1
*** HOLE CARDS ***
BoyLoc0: folds 
mr.Jckpot: folds 
MaRKiToScoK: folds 
Rudi19800: raises $1 to $2
VahTang_89: folds 
Uncalled bet ($1) returned to Rudi19800
Rudi19800 collected $2 from pot
Rudi19800: doesn't show hand 
*** SUMMARY ***
Total pot $2 | Rake $0 
Seat 1: Rudi19800 (small blind) collected ($2)
Seat 2: VahTang_89 (big blind) folded before Flop
Seat 3: BoyLoc0 folded before Flop (didn't bet)
Seat 4: mr.Jckpot folded before Flop (didn't bet)
Seat 6: MaRKiToScoK (button) folded before Flop (didn't bet)



PokerStars Hand #254578546957:  Hold'em No Limit ($0.50/$1.00 USD) - 2025/01/27 13:56:52 WET [2025/01/27 8:56:52 ET]
Table 'Elektra V' 6-max Seat #1 is the button
Seat 1: Rudi19800 ($90.98 in chips) 
Seat 2: VahTang_89 ($100 in chips) 
Seat 3: BoyLoc0 ($101.50 in chips) 
Seat 4: mr.Jckpot ($100.42 in chips) 
Seat 6: MaRKiToScoK ($105.58 in chips) 
VahTang_89: posts small blind $0.50
BoyLoc0: posts big blind $1
*** HOLE CARDS ***
mr.Jckpot: folds 
MaRKiToScoK: folds 
Rudi19800: folds 
VahTang_89: raises $2 to $3
BoyLoc0: calls $2
*** FLOP *** [Qc 4s 9s]
VahTang_89: checks 
BoyLoc0: bets $1.88
VahTang_89: calls $1.88
*** TURN *** [Qc 4s 9s] [8d]
VahTang_89: checks 
BoyLoc0: bets $6.95
VahTang_89: folds 
Uncalled bet ($6.95) returned to BoyLoc0
BoyLoc0 collected $9.27 from pot
BoyLoc0: doesn't show hand 
*** SUMMARY ***
Total pot $9.76 | Rake $0.49 
Board [Qc 4s 9s 8d]
Seat 1: Rudi19800 (button) folded before Flop (didn't bet)
Seat 2: VahTang_89 (small blind) folded on the Turn
Seat 3: BoyLoc0 (big blind) collected ($9.27)
Seat 4: mr.Jckpot folded before Flop (didn't bet)
Seat 6: MaRKiToScoK folded before Flop (didn't bet)



PokerStars Hand #254578555578:  Hold'em No Limit ($0.50/$1.00 USD) - 2025/01/27 13:57:57 WET [2025/01/27 8:57:57 ET]
Table 'Elektra V' 6-max Seat #2 is the button
Seat 1: Rudi19800 ($90.98 in chips) 
Seat 2: VahTang_89 ($100 in chips) 
Seat 3: BoyLoc0 ($105.89 in chips) 
Seat 4: mr.Jckpot ($100.42 in chips) 
Seat 6: MaRKiToScoK ($105.58 in chips) 
BoyLoc0: posts small blind $0.50
mr.Jckpot: posts big blind $1
*** HOLE CARDS ***
MaRKiToScoK: raises $1 to $2
Rudi19800: calls $2
VahTang_89: raises $10 to $12
BoyLoc0: folds 
mr.Jckpot: folds 
MaRKiToScoK: folds 
Rudi19800: folds 
Uncalled bet ($10) returned to VahTang_89
VahTang_89 collected $7.50 from pot
VahTang_89: doesn't show hand 
*** SUMMARY ***
Total pot $7.50 | Rake $0 
Seat 1: Rudi19800 folded before Flop
Seat 2: VahTang_89 (button) collected ($7.50)
Seat 3: BoyLoc0 (small blind) folded before Flop
Seat 4: mr.Jckpot (big blind) folded before Flop
Seat 6: MaRKiToScoK folded before Flop



PokerStars Hand #254578561908:  Hold'em No Limit ($0.50/$1.00 USD) - 2025/01/27 13:58:44 WET [2025/01/27 8:58:44 ET]
Table 'Elektra V' 6-max Seat #3 is the button
Seat 1: Rudi19800 ($88.98 in chips) 
Seat 2: VahTang_89 ($105.50 in chips) 
Seat 3: BoyLoc0 ($105.39 in chips) 
Seat 4: mr.Jckpot ($100 in chips) 
Seat 6: MaRKiToScoK ($103.58 in chips) 
mr.Jckpot: posts small blind $0.50
MaRKiToScoK: posts big blind $1
*** HOLE CARDS ***
AlexEliseev7 joins the table at seat #5 
Rudi19800: folds 
VahTang_89: raises $1.20 to $2.20
BoyLoc0: folds 
mr.Jckpot: folds 
MaRKiToScoK: raises $10.30 to $12.50
VahTang_89: folds 
Uncalled bet ($10.30) returned to MaRKiToScoK
MaRKiToScoK collected $4.90 from pot
*** SUMMARY ***
Total pot $4.90 | Rake $0 
Seat 1: Rudi19800 folded before Flop (didn't bet)
Seat 2: VahTang_89 folded before Flop
Seat 3: BoyLoc0 (button) folded before Flop (didn't bet)
Seat 4: mr.Jckpot (small blind) folded before Flop
Seat 6: MaRKiToScoK (big blind) collected ($4.90)



PokerStars Hand #254578565688:  Hold'em No Limit ($0.50/$1.00 USD) - 2025/01/27 13:59:12 WET [2025/01/27 8:59:12 ET]
Table 'Elektra V' 6-max Seat #4 is the button
Seat 5: AlexEliseev7 ($100 in chips) is sitting out
Seat 1: Rudi19800 ($88.98 in chips) 
Seat 2: VahTang_89 ($103.30 in chips) 
Seat 3: BoyLoc0 ($105.39 in chips) 
Seat 4: mr.Jckpot ($100 in chips) 
Seat 6: MaRKiToScoK ($106.28 in chips) 
MaRKiToScoK: posts small blind $0.50
Rudi19800: posts big blind $1
*** HOLE CARDS ***
VahTang_89: raises $1.20 to $2.20
BoyLoc0: folds 
mr.Jckpot: raises $4.80 to $7
MaRKiToScoK: folds 
Rudi19800: folds 
VahTang_89: folds 
Uncalled bet ($4.80) returned to mr.Jckpot
mr.Jckpot collected $5.90 from pot
mr.Jckpot: doesn't show hand 
*** SUMMARY ***
Total pot $5.90 | Rake $0 
Seat 5: AlexEliseev7
Seat 1: Rudi19800 (big blind) folded before Flop
Seat 2: VahTang_89 folded before Flop
Seat 3: BoyLoc0 folded before Flop (didn't bet)
Seat 4: mr.Jckpot (button) collected ($5.90)
Seat 6: MaRKiToScoK (small blind) folded before Flop



PokerStars Hand #254578569409:  Hold'em No Limit ($0.50/$1.00 USD) - 2025/01/27 13:59:40 WET [2025/01/27 8:59:40 ET]
Table 'Elektra V' 6-max Seat #6 is the button
Seat 5: AlexEliseev7 ($100 in chips) is sitting out
Seat 1: Rudi19800 ($87.98 in chips) 
Seat 2: VahTang_89 ($101.10 in chips) 
Seat 3: BoyLoc0 ($105.39 in chips) 
Seat 4: mr.Jckpot ($103.70 in chips) 
Seat 6: MaRKiToScoK ($105.78 in chips) 
Rudi19800: posts small blind $0.50
VahTang_89: posts big blind $1
AlexEliseev7: sits out 
*** HOLE CARDS ***
BoyLoc0: folds 
mr.Jckpot: folds 
MaRKiToScoK: raises $1.50 to $2.50
Rudi19800: calls $2
VahTang_89: calls $1.50
*** FLOP *** [6d 9d 2h]
Rudi19800: checks 
VahTang_89: checks 
MaRKiToScoK: bets $2.35
Rudi19800: calls $2.35
VahTang_89: folds 
*** TURN *** [6d 9d 2h] [Kc]
Rudi19800: checks 
MaRKiToScoK: checks 
*** RIVER *** [6d 9d 2h Kc] [2s]
Rudi19800: bets $11.59
MaRKiToScoK: calls $11.59
*** SHOW DOWN ***
Rudi19800: shows [Ac 8c] (a pair of Deuces)
MaRKiToScoK: shows [9h Tc] (two pair, Nines and Deuces)
MaRKiToScoK collected $33.61 from pot
*** SUMMARY ***
Total pot $35.38 | Rake $1.77 
Board [6d 9d 2h Kc 2s]
Seat 5: AlexEliseev7
Seat 1: Rudi19800 (small blind) showed [Ac 8c] and lost with a pair of Deuces
Seat 2: VahTang_89 (big blind) folded on the Flop
Seat 3: BoyLoc0 folded before Flop (didn't bet)
Seat 4: mr.Jckpot folded before Flop (didn't bet)
Seat 6: MaRKiToScoK (button) showed [9h Tc] and won ($33.61) with two pair, Nines and Deuces



PokerStars Hand #254578580789:  Hold'em No Limit ($0.50/$1.00 USD) - 2025/01/27 14:00:59 WET [2025/01/27 9:00:59 ET]
Table 'Elektra V' 6-max Seat #1 is the button
Seat 5: AlexEliseev7 ($100 in chips) is sitting out
Seat 1: Rudi19800 ($71.54 in chips) 
Seat 2: VahTang_89 ($100 in chips) 
Seat 3: BoyLoc0 ($105.39 in chips) 
Seat 4: mr.Jckpot ($103.70 in chips) 
Seat 6: MaRKiToScoK ($122.95 in chips) 
VahTang_89: posts small blind $0.50
BoyLoc0: posts big blind $1
AlexEliseev7: sits out 
*** HOLE CARDS ***
mr.Jckpot: folds 
MaRKiToScoK: folds 
Rudi19800: folds 
VahTang_89: folds 
Uncalled bet ($0.50) returned to BoyLoc0
BoyLoc0 collected $1 from pot
BoyLoc0: doesn't show hand 
*** SUMMARY ***
Total pot $1 | Rake $0 
Seat 5: AlexEliseev7
Seat 1: Rudi19800 (button) folded before Flop (didn't bet)
Seat 2: VahTang_89 (small blind) folded before Flop
Seat 3: BoyLoc0 (big blind) collected ($1)
Seat 4: mr.Jckpot folded before Flop (didn't bet)
Seat 6: MaRKiToScoK folded before Flop (didn't bet)



PokerStars Hand #254578583432:  Hold'em No Limit ($0.50/$1.00 USD) - 2025/01/27 14:01:16 WET [2025/01/27 9:01:16 ET]
Table 'Elektra V' 6-max Seat #2 is the button
Seat 5: AlexEliseev7 ($100 in chips) is sitting out
Seat 1: Rudi19800 ($71.54 in chips) 
Seat 2: VahTang_89 ($100 in chips) 
Seat 3: BoyLoc0 ($105.89 in chips) 
Seat 4: mr.Jckpot ($103.70 in chips) 
Seat 6: MaRKiToScoK ($122.95 in chips) 
BoyLoc0: posts small blind $0.50
mr.Jckpot: posts big blind $1
AlexEliseev7: sits out 
*** HOLE CARDS ***
MaRKiToScoK: folds 
Rudi19800: folds 
VahTang_89: folds 
BoyLoc0: folds 
Uncalled bet ($0.50) returned to mr.Jckpot
mr.Jckpot collected $1 from pot
mr.Jckpot: doesn't show hand 
*** SUMMARY ***
Total pot $1 | Rake $0 
Seat 5: AlexEliseev7
Seat 1: Rudi19800 folded before Flop (didn't bet)
Seat 2: VahTang_89 (button) folded before Flop (didn't bet)
Seat 3: BoyLoc0 (small blind) folded before Flop
Seat 4: mr.Jckpot (big blind) collected ($1)
Seat 6: MaRKiToScoK folded before Flop (didn't bet)



PokerStars Hand #254578584877:  Hold'em No Limit ($0.50/$1.00 USD) - 2025/01/27 14:01:25 WET [2025/01/27 9:01:25 ET]
Table 'Elektra V' 6-max Seat #3 is the button
Seat 1: Rudi19800 ($71.54 in chips) 
Seat 2: VahTang_89 ($100 in chips) 
Seat 3: BoyLoc0 ($105.39 in chips) 
Seat 4: mr.Jckpot ($104.20 in chips) 
Seat 5: AlexEliseev7 ($100 in chips) 
Seat 6: MaRKiToScoK ($122.95 in chips) 
mr.Jckpot: posts small blind $0.50
AlexEliseev7: posts big blind $1
*** HOLE CARDS ***
MaRKiToScoK: raises $1 to $2
Rudi19800: raises $5.50 to $7.50
VahTang_89: folds 
BoyLoc0: folds 
mr.Jckpot: folds 
AlexEliseev7: folds 
MaRKiToScoK: calls $5.50
*** FLOP *** [Jc 2d Ah]
MaRKiToScoK: checks 
Rudi19800: bets $7.84
MaRKiToScoK: folds 
Uncalled bet ($7.84) returned to Rudi19800
Rudi19800 collected $15.68 from pot
Rudi19800: doesn't show hand 
*** SUMMARY ***
Total pot $16.50 | Rake $0.82 
Board [Jc 2d Ah]
Seat 1: Rudi19800 collected ($15.68)
Seat 2: VahTang_89 folded before Flop (didn't bet)
Seat 3: BoyLoc0 (button) folded before Flop (didn't bet)
Seat 4: mr.Jckpot (small blind) folded before Flop
Seat 5: AlexEliseev7 (big blind) folded before Flop
Seat 6: MaRKiToScoK folded on the Flop



PokerStars Hand #254578592132:  Hold'em No Limit ($0.50/$1.00 USD) - 2025/01/27 14:02:09 WET [2025/01/27 9:02:09 ET]
Table 'Elektra V' 6-max Seat #4 is the button
Seat 1: Rudi19800 ($79.72 in chips) 
Seat 2: VahTang_89 ($100 in chips) 
Seat 3: BoyLoc0 ($105.39 in chips) 
Seat 4: mr.Jckpot ($103.70 in chips) 
Seat 5: AlexEliseev7 ($100 in chips) 
Seat 6: MaRKiToScoK ($115.45 in chips) 
AlexEliseev7: posts small blind $0.50
MaRKiToScoK: posts big blind $1
*** HOLE CARDS ***
Rudi19800: folds 
VahTang_89: folds 
BoyLoc0: raises $1.50 to $2.50
mr.Jckpot: folds 
AlexEliseev7: folds 
MaRKiToScoK: raises $10.50 to $13
BoyLoc0: calls $10.50
*** FLOP *** [Jd Qh 9c]
MaRKiToScoK: checks 
BoyLoc0: bets $8.31
MaRKiToScoK: folds 
Uncalled bet ($8.31) returned to BoyLoc0
BoyLoc0 collected $25.18 from pot
BoyLoc0: doesn't show hand 
*** SUMMARY ***
Total pot $26.50 | Rake $1.32 
Board [Jd Qh 9c]
Seat 1: Rudi19800 folded before Flop (didn't bet)
Seat 2: VahTang_89 folded before Flop (didn't bet)
Seat 3: BoyLoc0 collected ($25.18)
Seat 4: mr.Jckpot (button) folded before Flop (didn't bet)
Seat 5: AlexEliseev7 (small blind) folded before Flop
Seat 6: MaRKiToScoK (big blind) folded on the Flop



PokerStars Hand #254578600253:  Hold'em No Limit ($0.50/$1.00 USD) - 2025/01/27 14:02:57 WET [2025/01/27 9:02:57 ET]
Table 'Elektra V' 6-max Seat #5 is the button
Seat 1: Rudi19800 ($79.72 in chips) 
Seat 2: VahTang_89 ($100 in chips) 
Seat 3: BoyLoc0 ($117.57 in chips) 
Seat 4: mr.Jckpot ($103.70 in chips) 
Seat 5: AlexEliseev7 ($100 in chips) 
Seat 6: MaRKiToScoK ($102.45 in chips) 
MaRKiToScoK: posts small blind $0.50
Rudi19800: posts big blind $1
*** HOLE CARDS ***
VahTang_89: folds 
BoyLoc0: folds 
mr.Jckpot: folds 
AlexEliseev7: raises $1.50 to $2.50
MaRKiToScoK: folds 
Rudi19800: calls $1.50
*** FLOP *** [9s Kh Ks]
Rudi19800: checks 
AlexEliseev7: checks 
*** TURN *** [9s Kh Ks] [4c]
Rudi19800: checks 
AlexEliseev7: checks 
*** RIVER *** [9s Kh Ks 4c] [4d]
Rudi19800: checks 
AlexEliseev7: checks 
*** SHOW DOWN ***
Rudi19800: shows [As 2d] (two pair, Kings and Fours)
AlexEliseev7: mucks hand 
Rudi19800 collected $5.22 from pot
*** SUMMARY ***
Total pot $5.50 | Rake $0.28 
Board [9s Kh Ks 4c 4d]
Seat 1: Rudi19800 (big blind) showed [As 2d] and won ($5.22) with two pair, Kings and Fours
Seat 2: VahTang_89 folded before Flop (didn't bet)
Seat 3: BoyLoc0 folded before Flop (didn't bet)
Seat 4: mr.Jckpot folded before Flop (didn't bet)
Seat 5: AlexEliseev7 (button) mucked
Seat 6: MaRKiToScoK (small blind) folded before Flop



PokerStars Hand #254578608131:  Hold'em No Limit ($0.50/$1.00 USD) - 2025/01/27 14:03:43 WET [2025/01/27 9:03:43 ET]
Table 'Elektra V' 6-max Seat #6 is the button
Seat 1: Rudi19800 ($82.44 in chips) 
Seat 2: VahTang_89 ($100 in chips) 
Seat 3: BoyLoc0 ($117.57 in chips) 
Seat 4: mr.Jckpot ($103.70 in chips) 
Seat 5: AlexEliseev7 ($100 in chips) 
Seat 6: MaRKiToScoK ($101.95 in chips) 
Rudi19800: posts small blind $0.50
VahTang_89: posts big blind $1
*** HOLE CARDS ***
BoyLoc0: folds 
mr.Jckpot: folds 
AlexEliseev7: raises $1.50 to $2.50
MaRKiToScoK: calls $2.50
Rudi19800: calls $2
VahTang_89: folds 
*** FLOP *** [3c 8c 6c]
Rudi19800: checks 
AlexEliseev7: checks 
MaRKiToScoK: checks 
*** TURN *** [3c 8c 6c] [2d]
Rudi19800: checks 
AlexEliseev7: checks 
MaRKiToScoK: checks 
*** RIVER *** [3c 8c 6c 2d] [4d]
Rudi19800: bets $4.04
AlexEliseev7: folds 
MaRKiToScoK: folds 
Uncalled bet ($4.04) returned to Rudi19800
Rudi19800 collected $8.08 from pot
Rudi19800: doesn't show hand 
*** SUMMARY ***
Total pot $8.50 | Rake $0.42 
Board [3c 8c 6c 2d 4d]
Seat 1: Rudi19800 (small blind) collected ($8.08)
Seat 2: VahTang_89 (big blind) folded before Flop
Seat 3: BoyLoc0 folded before Flop (didn't bet)
Seat 4: mr.Jckpot folded before Flop (didn't bet)
Seat 5: AlexEliseev7 folded on the River
Seat 6: MaRKiToScoK (button) folded on the River



PokerStars Hand #254578616709:  Hold'em No Limit ($0.50/$1.00 USD) - 2025/01/27 14:04:34 WET [2025/01/27 9:04:34 ET]
Table 'Elektra V' 6-max Seat #1 is the button
Seat 1: Rudi19800 ($88.02 in chips) 
Seat 2: VahTang_89 ($100 in chips) 
Seat 3: BoyLoc0 ($117.57 in chips) 
Seat 4: mr.Jckpot ($103.70 in chips) 
Seat 5: AlexEliseev7 ($100 in chips) 
Seat 6: MaRKiToScoK ($100 in chips) 
VahTang_89: posts small blind $0.50
BoyLoc0: posts big blind $1
*** HOLE CARDS ***
mr.Jckpot: folds 
AlexEliseev7: folds 
MaRKiToScoK: folds 
Rudi19800: folds 
VahTang_89: raises $2 to $3
BoyLoc0: calls $2
*** FLOP *** [5d 8s 7c]
VahTang_89: checks 
BoyLoc0: bets $1.88
VahTang_89: calls $1.88
*** TURN *** [5d 8s 7c] [2s]
VahTang_89: checks 
BoyLoc0: bets $13.91
VahTang_89: folds 
Uncalled bet ($13.91) returned to BoyLoc0
BoyLoc0 collected $9.27 from pot
BoyLoc0: doesn't show hand 
*** SUMMARY ***
Total pot $9.76 | Rake $0.49 
Board [5d 8s 7c 2s]
Seat 1: Rudi19800 (button) folded before Flop (didn't bet)
Seat 2: VahTang_89 (small blind) folded on the Turn
Seat 3: BoyLoc0 (big blind) collected ($9.27)
Seat 4: mr.Jckpot folded before Flop (didn't bet)
Seat 5: AlexEliseev7 folded before Flop (didn't bet)
Seat 6: MaRKiToScoK folded before Flop (didn't bet)



PokerStars Hand #254578626325:  Hold'em No Limit ($0.50/$1.00 USD) - 2025/01/27 14:05:30 WET [2025/01/27 9:05:30 ET]
Table 'Elektra V' 6-max Seat #2 is the button
Seat 1: Rudi19800 ($88.02 in chips) 
Seat 2: VahTang_89 ($100 in chips) 
Seat 3: BoyLoc0 ($121.96 in chips) 
Seat 4: mr.Jckpot ($103.70 in chips) 
Seat 5: AlexEliseev7 ($100 in chips) 
Seat 6: MaRKiToScoK ($100 in chips) 
BoyLoc0: posts small blind $0.50
mr.Jckpot: posts big blind $1
*** HOLE CARDS ***
AlexEliseev7: folds 
MaRKiToScoK: raises $1 to $2
Rudi19800: folds 
VahTang_89: folds 
BoyLoc0: folds 
mr.Jckpot: folds 
Uncalled bet ($1) returned to MaRKiToScoK
MaRKiToScoK collected $2.50 from pot
*** SUMMARY ***
Total pot $2.50 | Rake $0 
Seat 1: Rudi19800 folded before Flop (didn't bet)
Seat 2: VahTang_89 (button) folded before Flop (didn't bet)
Seat 3: BoyLoc0 (small blind) folded before Flop
Seat 4: mr.Jckpot (big blind) folded before Flop
Seat 5: AlexEliseev7 folded before Flop (didn't bet)
Seat 6: MaRKiToScoK collected ($2.50)



PokerStars Hand #254578628402:  Hold'em No Limit ($0.50/$1.00 USD) - 2025/01/27 14:05:42 WET [2025/01/27 9:05:42 ET]
Table 'Elektra V' 6-max Seat #3 is the button
Seat 1: Rudi19800 ($88.02 in chips) 
Seat 2: VahTang_89 ($100 in chips) 
Seat 3: BoyLoc0 ($121.46 in chips) 
Seat 4: mr.Jckpot ($102.70 in chips) 
Seat 5: AlexEliseev7 ($100 in chips) 
Seat 6: MaRKiToScoK ($101.50 in chips) 
mr.Jckpot: posts small blind $0.50
AlexEliseev7: posts big blind $1
*** HOLE CARDS ***
MaRKiToScoK: folds 
Rudi19800: folds 
VahTang_89: raises $1.20 to $2.20
BoyLoc0: folds 
mr.Jckpot: raises $9.80 to $12
AlexEliseev7: folds 
VahTang_89: folds 
Uncalled bet ($9.80) returned to mr.Jckpot
mr.Jckpot collected $5.40 from pot
mr.Jckpot: doesn't show hand 
*** SUMMARY ***
Total pot $5.40 | Rake $0 
Seat 1: Rudi19800 folded before Flop (didn't bet)
Seat 2: VahTang_89 folded before Flop
Seat 3: BoyLoc0 (button) folded before Flop (didn't bet)
Seat 4: mr.Jckpot (small blind) collected ($5.40)
Seat 5: AlexEliseev7 (big blind) folded before Flop
Seat 6: MaRKiToScoK folded before Flop (didn't bet)



PokerStars Hand #254578631933:  Hold'em No Limit ($0.50/$1.00 USD) - 2025/01/27 14:06:03 WET [2025/01/27 9:06:03 ET]
Table 'Elektra V' 6-max Seat #4 is the button
Seat 1: Rudi19800 ($88.02 in chips) 
Seat 2: VahTang_89 ($100 in chips) 
Seat 3: BoyLoc0 ($121.46 in chips) 
Seat 4: mr.Jckpot ($105.90 in chips) 
Seat 5: AlexEliseev7 ($100 in chips) 
Seat 6: MaRKiToScoK ($101.50 in chips) 
AlexEliseev7: posts small blind $0.50
MaRKiToScoK: posts big blind $1
*** HOLE CARDS ***
Rudi19800: calls $1
VahTang_89: folds 
BoyLoc0: folds 
mr.Jckpot: folds 
AlexEliseev7: folds 
MaRKiToScoK: checks 
*** FLOP *** [Qh 9s Qs]
MaRKiToScoK: checks 
Rudi19800: bets $1.19
MaRKiToScoK: folds 
Uncalled bet ($1.19) returned to Rudi19800
Rudi19800 collected $2.38 from pot
Rudi19800: doesn't show hand 
*** SUMMARY ***
Total pot $2.50 | Rake $0.12 
Board [Qh 9s Qs]
Seat 1: Rudi19800 collected ($2.38)
Seat 2: VahTang_89 folded before Flop (didn't bet)
Seat 3: BoyLoc0 folded before Flop (didn't bet)
Seat 4: mr.Jckpot (button) folded before Flop (didn't bet)
Seat 5: AlexEliseev7 (small blind) folded before Flop
Seat 6: MaRKiToScoK (big blind) folded on the Flop



PokerStars Hand #254578636654:  Hold'em No Limit ($0.50/$1.00 USD) - 2025/01/27 14:06:30 WET [2025/01/27 9:06:30 ET]
Table 'Elektra V' 6-max Seat #5 is the button
Seat 1: Rudi19800 ($89.40 in chips) 
Seat 2: VahTang_89 ($100 in chips) 
Seat 3: BoyLoc0 ($121.46 in chips) 
Seat 4: mr.Jckpot ($105.90 in chips) 
Seat 5: AlexEliseev7 ($100 in chips) 
Seat 6: MaRKiToScoK ($100.50 in chips) 
MaRKiToScoK: posts small blind $0.50
Rudi19800: posts big blind $1
*** HOLE CARDS ***
VahTang_89: folds 
BoyLoc0: folds 
mr.Jckpot: folds 
AlexEliseev7: folds 
MaRKiToScoK: folds 
Uncalled bet ($0.50) returned to Rudi19800
Rudi19800 collected $1 from pot
Rudi19800: doesn't show hand 
*** SUMMARY ***
Total pot $1 | Rake $0 
Seat 1: Rudi19800 (big blind) collected ($1)
Seat 2: VahTang_89 folded before Flop (didn't bet)
Seat 3: BoyLoc0 folded before Flop (didn't bet)
Seat 4: mr.Jckpot folded before Flop (didn't bet)
Seat 5: AlexEliseev7 (button) folded before Flop (didn't bet)
Seat 6: MaRKiToScoK (small blind) folded before Flop



PokerStars Hand #254578643158:  Hold'em No Limit ($0.50/$1.00 USD) - 2025/01/27 14:07:08 WET [2025/01/27 9:07:08 ET]
Table 'Elektra V' 6-max Seat #6 is the button
Seat 1: Rudi19800 ($89.90 in chips) 
Seat 2: VahTang_89 ($100 in chips) 
Seat 3: BoyLoc0 ($121.46 in chips) 
Seat 4: mr.Jckpot ($105.90 in chips) 
Seat 5: AlexEliseev7 ($100 in chips) 
Seat 6: MaRKiToScoK ($100 in chips) 
Rudi19800: posts small blind $0.50
VahTang_89: posts big blind $1
*** HOLE CARDS ***
BoyLoc0: folds 
mr.Jckpot: folds 
AlexEliseev7: raises $1.50 to $2.50
MaRKiToScoK: folds 
Rudi19800: folds 
VahTang_89: folds 
Uncalled bet ($1.50) returned to AlexEliseev7
AlexEliseev7 collected $2.50 from pot
AlexEliseev7: doesn't show hand 
*** SUMMARY ***
Total pot $2.50 | Rake $0 
Seat 1: Rudi19800 (small blind) folded before Flop
Seat 2: VahTang_89 (big blind) folded before Flop
Seat 3: BoyLoc0 folded before Flop (didn't bet)
Seat 4: mr.Jckpot folded before Flop (didn't bet)
Seat 5: AlexEliseev7 collected ($2.50)
Seat 6: MaRKiToScoK (button) folded before Flop (didn't bet)



PokerStars Hand #254578648164:  Hold'em No Limit ($0.50/$1.00 USD) - 2025/01/27 14:07:37 WET [2025/01/27 9:07:37 ET]
Table 'Elektra V' 6-max Seat #1 is the button
Seat 1: Rudi19800 ($89.40 in chips) 
Seat 2: VahTang_89 ($100 in chips) 
Seat 3: BoyLoc0 ($121.46 in chips) 
Seat 4: mr.Jckpot ($105.90 in chips) 
Seat 5: AlexEliseev7 ($101.50 in chips) 
Seat 6: MaRKiToScoK ($100 in chips) 
VahTang_89: posts small blind $0.50
BoyLoc0: posts big blind $1
*** HOLE CARDS ***
mr.Jckpot: folds 
AlexEliseev7: folds 
MaRKiToScoK: folds 
Rudi19800: folds 
VahTang_89: folds 
Uncalled bet ($0.50) returned to BoyLoc0
BoyLoc0 collected $1 from pot
BoyLoc0: doesn't show hand 
*** SUMMARY ***
Total pot $1 | Rake $0 
Seat 1: Rudi19800 (button) folded before Flop (didn't bet)
Seat 2: VahTang_89 (small blind) folded before Flop
Seat 3: BoyLoc0 (big blind) collected ($1)
Seat 4: mr.Jckpot folded before Flop (didn't bet)
Seat 5: AlexEliseev7 folded before Flop (didn't bet)
Seat 6: MaRKiToScoK folded before Flop (didn't bet)



PokerStars Hand #254578650514:  Hold'em No Limit ($0.50/$1.00 USD) - 2025/01/27 14:07:51 WET [2025/01/27 9:07:51 ET]
Table 'Elektra V' 6-max Seat #2 is the button
Seat 1: Rudi19800 ($89.40 in chips) 
Seat 2: VahTang_89 ($100 in chips) 
Seat 3: BoyLoc0 ($121.96 in chips) 
Seat 4: mr.Jckpot ($105.90 in chips) 
Seat 5: AlexEliseev7 ($101.50 in chips) 
Seat 6: MaRKiToScoK ($100 in chips) 
BoyLoc0: posts small blind $0.50
mr.Jckpot: posts big blind $1
*** HOLE CARDS ***
AlexEliseev7: folds 
MaRKiToScoK: folds 
Rudi19800: folds 
VahTang_89: raises $1.20 to $2.20
BoyLoc0: folds 
mr.Jckpot: folds 
Uncalled bet ($1.20) returned to VahTang_89
VahTang_89 collected $2.50 from pot
VahTang_89: doesn't show hand 
*** SUMMARY ***
Total pot $2.50 | Rake $0 
Seat 1: Rudi19800 folded before Flop (didn't bet)
Seat 2: VahTang_89 (button) collected ($2.50)
Seat 3: BoyLoc0 (small blind) folded before Flop
Seat 4: mr.Jckpot (big blind) folded before Flop
Seat 5: AlexEliseev7 folded before Flop (didn't bet)
Seat 6: MaRKiToScoK folded before Flop (didn't bet)



PokerStars Hand #254578654080:  Hold'em No Limit ($0.50/$1.00 USD) - 2025/01/27 14:08:12 WET [2025/01/27 9:08:12 ET]
Table 'Elektra V' 6-max Seat #3 is the button
Seat 1: Rudi19800 ($89.40 in chips) 
Seat 2: VahTang_89 ($101.50 in chips) 
Seat 3: BoyLoc0 ($121.46 in chips) 
Seat 4: mr.Jckpot ($104.90 in chips) 
Seat 5: AlexEliseev7 ($101.50 in chips) 
Seat 6: MaRKiToScoK ($100 in chips) 
mr.Jckpot: posts small blind $0.50
AlexEliseev7: posts big blind $1
*** HOLE CARDS ***
MaRKiToScoK: folds 
Rudi19800: folds 
VahTang_89: folds 
BoyLoc0: raises $1.50 to $2.50
mr.Jckpot: folds 
AlexEliseev7: calls $1.50
*** FLOP *** [Qd 5s Ad]
AlexEliseev7: checks 
BoyLoc0: bets $1.72
AlexEliseev7: folds 
Uncalled bet ($1.72) returned to BoyLoc0
BoyLoc0 collected $5.22 from pot
BoyLoc0: doesn't show hand 
*** SUMMARY ***
Total pot $5.50 | Rake $0.28 
Board [Qd 5s Ad]
Seat 1: Rudi19800 folded before Flop (didn't bet)
Seat 2: VahTang_89 folded before Flop (didn't bet)
Seat 3: BoyLoc0 (button) collected ($5.22)
Seat 4: mr.Jckpot (small blind) folded before Flop
Seat 5: AlexEliseev7 (big blind) folded on the Flop
Seat 6: MaRKiToScoK folded before Flop (didn't bet)



PokerStars Hand #254578660612:  Hold'em No Limit ($0.50/$1.00 USD) - 2025/01/27 14:08:49 WET [2025/01/27 9:08:49 ET]
Table 'Elektra V' 6-max Seat #4 is the button
Seat 1: Rudi19800 ($89.40 in chips) 
Seat 2: VahTang_89 ($101.50 in chips) 
Seat 3: BoyLoc0 ($124.18 in chips) 
Seat 4: mr.Jckpot ($104.40 in chips) 
Seat 5: AlexEliseev7 ($100 in chips) 
Seat 6: MaRKiToScoK ($100 in chips) 
AlexEliseev7: posts small blind $0.50
MaRKiToScoK: posts big blind $1
*** HOLE CARDS ***
Rudi19800: raises $1 to $2
VahTang_89: folds 
BoyLoc0: folds 
mr.Jckpot: raises $5.50 to $7.50
AlexEliseev7: folds 
MaRKiToScoK: folds 
Rudi19800: calls $5.50
*** FLOP *** [8c 4h Ad]
Rudi19800: checks 
mr.Jckpot: bets $5.17
Rudi19800: calls $5.17
*** TURN *** [8c 4h Ad] [4d]
Rudi19800: checks 
mr.Jckpot: checks 
*** RIVER *** [8c 4h Ad 4d] [Ks]
Rudi19800: bets $12.75
mr.Jckpot: folds 
Uncalled bet ($12.75) returned to Rudi19800
Rudi19800 collected $25.50 from pot
Rudi19800: doesn't show hand 
*** SUMMARY ***
Total pot $26.84 | Rake $1.34 
Board [8c 4h Ad 4d Ks]
Seat 1: Rudi19800 collected ($25.50)
Seat 2: VahTang_89 folded before Flop (didn't bet)
Seat 3: BoyLoc0 folded before Flop (didn't bet)
Seat 4: mr.Jckpot (button) folded on the River
Seat 5: AlexEliseev7 (small blind) folded before Flop
Seat 6: MaRKiToScoK (big blind) folded before Flop



PokerStars Hand #254578666640:  Hold'em No Limit ($0.50/$1.00 USD) - 2025/01/27 14:09:23 WET [2025/01/27 9:09:23 ET]
Table 'Elektra V' 6-max Seat #5 is the button
Seat 1: Rudi19800 ($102.23 in chips) 
Seat 2: VahTang_89 ($101.50 in chips) 
Seat 3: BoyLoc0 ($124.18 in chips) 
Seat 4: mr.Jckpot ($100 in chips) 
Seat 5: AlexEliseev7 ($100 in chips) 
Seat 6: MaRKiToScoK ($100 in chips) 
MaRKiToScoK: posts small blind $0.50
Rudi19800: posts big blind $1
*** HOLE CARDS ***
VahTang_89: folds 
BoyLoc0: raises $1.50 to $2.50
mr.Jckpot: folds 
AlexEliseev7: raises $5 to $7.50
MaRKiToScoK: folds 
Rudi19800: folds 
BoyLoc0: folds 
Uncalled bet ($5) returned to AlexEliseev7
AlexEliseev7 collected $6.50 from pot
AlexEliseev7: doesn't show hand 
*** SUMMARY ***
Total pot $6.50 | Rake $0 
Seat 1: Rudi19800 (big blind) folded before Flop
Seat 2: VahTang_89 folded before Flop (didn't bet)
Seat 3: BoyLoc0 folded before Flop
Seat 4: mr.Jckpot folded before Flop (didn't bet)
Seat 5: AlexEliseev7 (button) collected ($6.50)
Seat 6: MaRKiToScoK (small blind) folded before Flop



PokerStars Hand #254578670616:  Hold'em No Limit ($0.50/$1.00 USD) - 2025/01/27 14:09:46 WET [2025/01/27 9:09:46 ET]
Table 'Elektra V' 6-max Seat #6 is the button
Seat 1: Rudi19800 ($101.23 in chips) 
Seat 2: VahTang_89 ($101.50 in chips) 
Seat 3: BoyLoc0 ($121.68 in chips) 
Seat 4: mr.Jckpot ($100 in chips) 
Seat 5: AlexEliseev7 ($104 in chips) 
Seat 6: MaRKiToScoK ($100 in chips) 
Rudi19800: posts small blind $0.50
VahTang_89: posts big blind $1
*** HOLE CARDS ***
BoyLoc0: folds 
mr.Jckpot: folds 
AlexEliseev7: folds 
MaRKiToScoK: folds 
Rudi19800: raises $1 to $2
VahTang_89: folds 
Uncalled bet ($1) returned to Rudi19800
Rudi19800 collected $2 from pot
Rudi19800: doesn't show hand 
*** SUMMARY ***
Total pot $2 | Rake $0 
Seat 1: Rudi19800 (small blind) collected ($2)
Seat 2: VahTang_89 (big blind) folded before Flop
Seat 3: BoyLoc0 folded before Flop (didn't bet)
Seat 4: mr.Jckpot folded before Flop (didn't bet)
Seat 5: AlexEliseev7 folded before Flop (didn't bet)
Seat 6: MaRKiToScoK (button) folded before Flop (didn't bet)



PokerStars Hand #254578673694:  Hold'em No Limit ($0.50/$1.00 USD) - 2025/01/27 14:10:04 WET [2025/01/27 9:10:04 ET]
Table 'Elektra V' 6-max Seat #1 is the button
Seat 1: Rudi19800 ($102.23 in chips) 
Seat 2: VahTang_89 ($100.50 in chips) 
Seat 3: BoyLoc0 ($121.68 in chips) 
Seat 4: mr.Jckpot ($100 in chips) 
Seat 5: AlexEliseev7 ($104 in chips) 
Seat 6: MaRKiToScoK ($100 in chips) 
VahTang_89: posts small blind $0.50
BoyLoc0: posts big blind $1
*** HOLE CARDS ***
mr.Jckpot: folds 
AlexEliseev7: raises $1.50 to $2.50
MaRKiToScoK: folds 
Rudi19800: folds 
VahTang_89: folds 
BoyLoc0: folds 
Uncalled bet ($1.50) returned to AlexEliseev7
AlexEliseev7 collected $2.50 from pot
AlexEliseev7: doesn't show hand 
*** SUMMARY ***
Total pot $2.50 | Rake $0 
Seat 1: Rudi19800 (button) folded before Flop (didn't bet)
Seat 2: VahTang_89 (small blind) folded before Flop
Seat 3: BoyLoc0 (big blind) folded before Flop
Seat 4: mr.Jckpot folded before Flop (didn't bet)
Seat 5: AlexEliseev7 collected ($2.50)
Seat 6: MaRKiToScoK folded before Flop (didn't bet)



PokerStars Hand #254578676658:  Hold'em No Limit ($0.50/$1.00 USD) - 2025/01/27 14:10:21 WET [2025/01/27 9:10:21 ET]
Table 'Elektra V' 6-max Seat #2 is the button
Seat 4: mr.Jckpot ($100 in chips) is sitting out
Seat 1: Rudi19800 ($102.23 in chips) 
Seat 2: VahTang_89 ($100 in chips) 
Seat 3: BoyLoc0 ($120.68 in chips) 
Seat 5: AlexEliseev7 ($105.50 in chips) 
Seat 6: MaRKiToScoK ($100 in chips) 
BoyLoc0: posts small blind $0.50
mr.Jckpot: is sitting out 
AlexEliseev7: posts big blind $1
*** HOLE CARDS ***
mr.Jckpot leaves the table
MaRKiToScoK: folds 
Rudi19800: folds 
VahTang_89: folds 
BoyLoc0: raises $2 to $3
AlexEliseev7: calls $2
*** FLOP *** [5d 7s Jd]
BoyLoc0: checks 
Evelexy1 joins the table at seat #4 
AlexEliseev7: checks 
*** TURN *** [5d 7s Jd] [7d]
BoyLoc0: bets $1.88
AlexEliseev7: raises $7.38 to $9.26
BoyLoc0: calls $7.38
*** RIVER *** [5d 7s Jd 7d] [3s]
BoyLoc0: checks 
AlexEliseev7: bets $35.17
BoyLoc0: folds 
Uncalled bet ($35.17) returned to AlexEliseev7
AlexEliseev7 collected $23.29 from pot
AlexEliseev7: doesn't show hand 
*** SUMMARY ***
Total pot $24.52 | Rake $1.23 
Board [5d 7s Jd 7d 3s]
Seat 4: mr.Jckpot
Seat 1: Rudi19800 folded before Flop (didn't bet)
Seat 2: VahTang_89 (button) folded before Flop (didn't bet)
Seat 3: BoyLoc0 (small blind) folded on the River
Seat 5: AlexEliseev7 (big blind) collected ($23.29)
Seat 6: MaRKiToScoK folded before Flop (didn't bet)



PokerStars Hand #254578696184:  Hold'em No Limit ($0.50/$1.00 USD) - 2025/01/27 14:12:12 WET [2025/01/27 9:12:12 ET]
Table 'Elektra V' 6-max Seat #3 is the button
Seat 4: Evelexy1 ($100 in chips) is sitting out
Seat 1: Rudi19800 ($102.23 in chips) 
Seat 2: VahTang_89 ($100 in chips) 
Seat 3: BoyLoc0 ($108.42 in chips) 
Seat 5: AlexEliseev7 ($116.53 in chips) 
Seat 6: MaRKiToScoK ($100 in chips) 
AlexEliseev7: posts small blind $0.50
MaRKiToScoK: posts big blind $1
*** HOLE CARDS ***
Rudi19800: calls $1
VahTang_89: folds 
BoyLoc0: folds 
AlexEliseev7: folds 
MaRKiToScoK: raises $6.50 to $7.50
Rudi19800: calls $6.50
*** FLOP *** [7c 3s 5h]
MaRKiToScoK: bets $11.04
Rudi19800: calls $11.04
*** TURN *** [7c 3s 5h] [5d]
MaRKiToScoK: bets $19.50
Rudi19800: folds 
Uncalled bet ($19.50) returned to MaRKiToScoK
MaRKiToScoK collected $35.70 from pot
*** SUMMARY ***
Total pot $37.58 | Rake $1.88 
Board [7c 3s 5h 5d]
Seat 4: Evelexy1
Seat 1: Rudi19800 folded on the Turn
Seat 2: VahTang_89 folded before Flop (didn't bet)
Seat 3: BoyLoc0 (button) folded before Flop (didn't bet)
Seat 5: AlexEliseev7 (small blind) folded before Flop
Seat 6: MaRKiToScoK (big blind) collected ($35.70)



PokerStars Hand #254578704957:  Hold'em No Limit ($0.50/$1.00 USD) - 2025/01/27 14:13:02 WET [2025/01/27 9:13:02 ET]
Table 'Elektra V' 6-max Seat #5 is the button
Seat 4: Evelexy1 ($100 in chips) is sitting out
Seat 1: Rudi19800 ($83.69 in chips) 
Seat 2: VahTang_89 ($100 in chips) 
Seat 3: BoyLoc0 ($108.42 in chips) 
Seat 5: AlexEliseev7 ($116.03 in chips) 
Seat 6: MaRKiToScoK ($117.16 in chips) 
MaRKiToScoK: posts small blind $0.50
Rudi19800: posts big blind $1
Evelexy1: sits out 
*** HOLE CARDS ***
VahTang_89: folds 
BoyLoc0: folds 
AlexEliseev7: folds 
MaRKiToScoK: raises $1.50 to $2.50
Rudi19800: calls $1.50
*** FLOP *** [Qs 8s 9s]
MaRKiToScoK: bets $1.57
Rudi19800: folds 
Uncalled bet ($1.57) returned to MaRKiToScoK
MaRKiToScoK collected $4.75 from pot
*** SUMMARY ***
Total pot $5 | Rake $0.25 
Board [Qs 8s 9s]
Seat 4: Evelexy1
Seat 1: Rudi19800 (big blind) folded on the Flop
Seat 2: VahTang_89 folded before Flop (didn't bet)
Seat 3: BoyLoc0 folded before Flop (didn't bet)
Seat 5: AlexEliseev7 (button) folded before Flop (didn't bet)
Seat 6: MaRKiToScoK (small blind) collected ($4.75)



PokerStars Hand #254578709323:  Hold'em No Limit ($0.50/$1.00 USD) - 2025/01/27 14:13:28 WET [2025/01/27 9:13:28 ET]
Table 'Elektra V' 6-max Seat #6 is the button
Seat 4: Evelexy1 ($100 in chips) is sitting out
Seat 1: Rudi19800 ($81.19 in chips) 
Seat 2: VahTang_89 ($100 in chips) 
Seat 3: BoyLoc0 ($108.42 in chips) 
Seat 5: AlexEliseev7 ($116.03 in chips) 
Seat 6: MaRKiToScoK ($119.41 in chips) 
Rudi19800: posts small blind $0.50
VahTang_89: posts big blind $1
Evelexy1: sits out 
*** HOLE CARDS ***
BoyLoc0: folds 
AlexEliseev7: folds 
MaRKiToScoK: folds 
Rudi19800: folds 
Uncalled bet ($0.50) returned to VahTang_89
VahTang_89 collected $1 from pot
VahTang_89: doesn't show hand 
*** SUMMARY ***
Total pot $1 | Rake $0 
Seat 4: Evelexy1
Seat 1: Rudi19800 (small blind) folded before Flop
Seat 2: VahTang_89 (big blind) collected ($1)
Seat 3: BoyLoc0 folded before Flop (didn't bet)
Seat 5: AlexEliseev7 folded before Flop (didn't bet)
Seat 6: MaRKiToScoK (button) folded before Flop (didn't bet)



PokerStars Hand #254578712591:  Hold'em No Limit ($0.50/$1.00 USD) - 2025/01/27 14:13:46 WET [2025/01/27 9:13:46 ET]
Table 'Elektra V' 6-max Seat #1 is the button
Seat 4: Evelexy1 ($100 in chips) is sitting out
Seat 1: Rudi19800 ($80.69 in chips) 
Seat 2: VahTang_89 ($100.50 in chips) 
Seat 3: BoyLoc0 ($108.42 in chips) 
Seat 5: AlexEliseev7 ($116.03 in chips) 
Seat 6: MaRKiToScoK ($119.41 in chips) 
VahTang_89: posts small blind $0.50
BoyLoc0: posts big blind $1
Evelexy1: sits out 
*** HOLE CARDS ***
AlexEliseev7: folds 
MaRKiToScoK: raises $1.25 to $2.25
Rudi19800: folds 
VahTang_89: folds 
BoyLoc0: folds 
Uncalled bet ($1.25) returned to MaRKiToScoK
MaRKiToScoK collected $2.50 from pot
*** SUMMARY ***
Total pot $2.50 | Rake $0 
Seat 4: Evelexy1
Seat 1: Rudi19800 (button) folded before Flop (didn't bet)
Seat 2: VahTang_89 (small blind) folded before Flop
Seat 3: BoyLoc0 (big blind) folded before Flop
Seat 5: AlexEliseev7 folded before Flop (didn't bet)
Seat 6: MaRKiToScoK collected ($2.50)



PokerStars Hand #254578715311:  Hold'em No Limit ($0.50/$1.00 USD) - 2025/01/27 14:14:02 WET [2025/01/27 9:14:02 ET]
Table 'Elektra V' 6-max Seat #2 is the button
Seat 1: Rudi19800 ($80.69 in chips) 
Seat 2: VahTang_89 ($100 in chips) 
Seat 3: BoyLoc0 ($107.42 in chips) 
Seat 4: Evelexy1 ($100 in chips) 
Seat 5: AlexEliseev7 ($116.03 in chips) 
Seat 6: MaRKiToScoK ($120.91 in chips) 
BoyLoc0: posts small blind $0.50
Evelexy1: posts big blind $1
*** HOLE CARDS ***
AlexEliseev7: folds 
MaRKiToScoK: folds 
Rudi19800: folds 
VahTang_89: raises $1.20 to $2.20
BoyLoc0: folds 
Evelexy1: folds 
Uncalled bet ($1.20) returned to VahTang_89
VahTang_89 collected $2.50 from pot
VahTang_89: doesn't show hand 
*** SUMMARY ***
Total pot $2.50 | Rake $0 
Seat 1: Rudi19800 folded before Flop (didn't bet)
Seat 2: VahTang_89 (button) collected ($2.50)
Seat 3: BoyLoc0 (small blind) folded before Flop
Seat 4: Evelexy1 (big blind) folded before Flop
Seat 5: AlexEliseev7 folded before Flop (didn't bet)
Seat 6: MaRKiToScoK folded before Flop (didn't bet)



PokerStars Hand #254578717407:  Hold'em No Limit ($0.50/$1.00 USD) - 2025/01/27 14:14:14 WET [2025/01/27 9:14:14 ET]
Table 'Elektra V' 6-max Seat #3 is the button
Seat 1: Rudi19800 ($80.69 in chips) 
Seat 2: VahTang_89 ($101.50 in chips) 
Seat 3: BoyLoc0 ($106.92 in chips) 
Seat 4: Evelexy1 ($100 in chips) 
Seat 5: AlexEliseev7 ($116.03 in chips) 
Seat 6: MaRKiToScoK ($120.91 in chips) 
Evelexy1: posts small blind $0.50
AlexEliseev7: posts big blind $1
*** HOLE CARDS ***
MaRKiToScoK: raises $1 to $2
Rudi19800: calls $2
VahTang_89: folds 
BoyLoc0: raises $7 to $9
Evelexy1: folds 
AlexEliseev7: folds 
MaRKiToScoK: folds 
Rudi19800: calls $7
*** FLOP *** [4d Qh 8s]
Rudi19800: checks 
BoyLoc0: bets $10.21
Rudi19800: folds 
Uncalled bet ($10.21) returned to BoyLoc0
BoyLoc0 collected $20.42 from pot
BoyLoc0: doesn't show hand 
*** SUMMARY ***
Total pot $21.50 | Rake $1.08 
Board [4d Qh 8s]
Seat 1: Rudi19800 folded on the Flop
Seat 2: VahTang_89 folded before Flop (didn't bet)
Seat 3: BoyLoc0 (button) collected ($20.42)
Seat 4: Evelexy1 (small blind) folded before Flop
Seat 5: AlexEliseev7 (big blind) folded before Flop
Seat 6: MaRKiToScoK folded before Flop



PokerStars Hand #254578724952:  Hold'em No Limit ($0.50/$1.00 USD) - 2025/01/27 14:14:57 WET [2025/01/27 9:14:57 ET]
Table 'Elektra V' 6-max Seat #4 is the button
Seat 1: Rudi19800 ($71.69 in chips) 
Seat 2: VahTang_89 ($101.50 in chips) 
Seat 3: BoyLoc0 ($118.34 in chips) 
Seat 4: Evelexy1 ($100 in chips) 
Seat 5: AlexEliseev7 ($115.03 in chips) 
Seat 6: MaRKiToScoK ($118.91 in chips) 
AlexEliseev7: posts small blind $0.50
MaRKiToScoK: posts big blind $1
*** HOLE CARDS ***
Rudi19800: folds 
VahTang_89: raises $1.20 to $2.20
BoyLoc0: folds 
Evelexy1: folds 
AlexEliseev7: folds 
MaRKiToScoK: calls $1.20
*** FLOP *** [9d 9h 2h]
MaRKiToScoK: checks 
VahTang_89: checks 
*** TURN *** [9d 9h 2h] [8h]
MaRKiToScoK: bets $3.50
VahTang_89: folds 
Uncalled bet ($3.50) returned to MaRKiToScoK
MaRKiToScoK collected $4.66 from pot
*** SUMMARY ***
Total pot $4.90 | Rake $0.24 
Board [9d 9h 2h 8h]
Seat 1: Rudi19800 folded before Flop (didn't bet)
Seat 2: VahTang_89 folded on the Turn
Seat 3: BoyLoc0 folded before Flop (didn't bet)
Seat 4: Evelexy1 (button) folded before Flop (didn't bet)
Seat 5: AlexEliseev7 (small blind) folded before Flop
Seat 6: MaRKiToScoK (big blind) collected ($4.66)



PokerStars Hand #254578754922:  Hold'em No Limit ($0.50/$1.00 USD) - 2025/01/27 14:17:45 WET [2025/01/27 9:17:45 ET]
Table 'Elektra V' 6-max Seat #3 is the button
Seat 1: Rudi19800 ($70.19 in chips) 
Seat 2: VahTang_89 ($100 in chips) 
Seat 3: BoyLoc0 ($127.32 in chips) 
Seat 4: Evelexy1 ($100.50 in chips) 
Seat 5: AlexEliseev7 ($128.35 in chips) 
Seat 6: MaRKiToScoK ($120.87 in chips) 
Evelexy1: posts small blind $0.50
AlexEliseev7: posts big blind $1
*** HOLE CARDS ***
MaRKiToScoK: folds 
Rudi19800: folds 
VahTang_89: folds 
BoyLoc0: folds 
Evelexy1: folds 
Uncalled bet ($0.50) returned to AlexEliseev7
AlexEliseev7 collected $1 from pot
AlexEliseev7: doesn't show hand 
*** SUMMARY ***
Total pot $1 | Rake $0 
Seat 1: Rudi19800 folded before Flop (didn't bet)
Seat 2: VahTang_89 folded before Flop (didn't bet)
Seat 3: BoyLoc0 (button) folded before Flop (didn't bet)
Seat 4: Evelexy1 (small blind) folded before Flop
Seat 5: AlexEliseev7 (big blind) collected ($1)
Seat 6: MaRKiToScoK folded before Flop (didn't bet)



PokerStars Hand #254578756571:  Hold'em No Limit ($0.50/$1.00 USD) - 2025/01/27 14:17:54 WET [2025/01/27 9:17:54 ET]
Table 'Elektra V' 6-max Seat #4 is the button
Seat 1: Rudi19800 ($70.19 in chips) 
Seat 2: VahTang_89 ($100 in chips) 
Seat 3: BoyLoc0 ($127.32 in chips) 
Seat 4: Evelexy1 ($100 in chips) 
Seat 5: AlexEliseev7 ($128.85 in chips) 
Seat 6: MaRKiToScoK ($120.87 in chips) 
AlexEliseev7: posts small blind $0.50
MaRKiToScoK: posts big blind $1
*** HOLE CARDS ***
Rudi19800: folds 
VahTang_89: folds 
BoyLoc0: raises $1.50 to $2.50
Evelexy1: folds 
AlexEliseev7: folds 
MaRKiToScoK: folds 
Uncalled bet ($1.50) returned to BoyLoc0
BoyLoc0 collected $2.50 from pot
BoyLoc0: doesn't show hand 
*** SUMMARY ***
Total pot $2.50 | Rake $0 
Seat 1: Rudi19800 folded before Flop (didn't bet)
Seat 2: VahTang_89 folded before Flop (didn't bet)
Seat 3: BoyLoc0 collected ($2.50)
Seat 4: Evelexy1 (button) folded before Flop (didn't bet)
Seat 5: AlexEliseev7 (small blind) folded before Flop
Seat 6: MaRKiToScoK (big blind) folded before Flop



PokerStars Hand #254578760088:  Hold'em No Limit ($0.50/$1.00 USD) - 2025/01/27 14:18:14 WET [2025/01/27 9:18:14 ET]
Table 'Elektra V' 6-max Seat #5 is the button
Seat 1: Rudi19800 ($70.19 in chips) 
Seat 2: VahTang_89 ($100 in chips) 
Seat 3: BoyLoc0 ($128.82 in chips) 
Seat 4: Evelexy1 ($100 in chips) 
Seat 5: AlexEliseev7 ($128.35 in chips) 
Seat 6: MaRKiToScoK ($119.87 in chips) 
MaRKiToScoK: posts small blind $0.50
Rudi19800: posts big blind $1
*** HOLE CARDS ***
VahTang_89: folds 
BoyLoc0: folds 
Evelexy1: folds 
AlexEliseev7: raises $1.50 to $2.50
MaRKiToScoK: calls $2
Rudi19800: folds 
*** FLOP *** [4c Ad 3h]
MaRKiToScoK: checks 
AlexEliseev7: checks 
*** TURN *** [4c Ad 3h] [5d]
MaRKiToScoK: checks 
AlexEliseev7: checks 
*** RIVER *** [4c Ad 3h 5d] [5s]
MaRKiToScoK: bets $1.50
AlexEliseev7: raises $6.79 to $8.29
MaRKiToScoK: folds 
Uncalled bet ($6.79) returned to AlexEliseev7
AlexEliseev7 collected $8.55 from pot
AlexEliseev7: doesn't show hand 
*** SUMMARY ***
Total pot $9 | Rake $0.45 
Board [4c Ad 3h 5d 5s]
Seat 1: Rudi19800 (big blind) folded before Flop
Seat 2: VahTang_89 folded before Flop (didn't bet)
Seat 3: BoyLoc0 folded before Flop (didn't bet)
Seat 4: Evelexy1 folded before Flop (didn't bet)
Seat 5: AlexEliseev7 (button) collected ($8.55)
Seat 6: MaRKiToScoK (small blind) folded on the River



PokerStars Hand #254578771169:  Hold'em No Limit ($0.50/$1.00 USD) - 2025/01/27 14:19:17 WET [2025/01/27 9:19:17 ET]
Table 'Elektra V' 6-max Seat #6 is the button
Seat 1: Rudi19800 ($69.19 in chips) 
Seat 2: VahTang_89 ($100 in chips) 
Seat 3: BoyLoc0 ($128.82 in chips) 
Seat 4: Evelexy1 ($100 in chips) 
Seat 5: AlexEliseev7 ($132.90 in chips) 
Seat 6: MaRKiToScoK ($115.87 in chips) 
Rudi19800: posts small blind $0.50
VahTang_89: posts big blind $1
*** HOLE CARDS ***
BoyLoc0: raises $1.50 to $2.50
Evelexy1: folds 
AlexEliseev7: folds 
MaRKiToScoK: folds 
Rudi19800: folds 
VahTang_89: folds 
Uncalled bet ($1.50) returned to BoyLoc0
BoyLoc0 collected $2.50 from pot
BoyLoc0: doesn't show hand 
*** SUMMARY ***
Total pot $2.50 | Rake $0 
Seat 1: Rudi19800 (small blind) folded before Flop
Seat 2: VahTang_89 (big blind) folded before Flop
Seat 3: BoyLoc0 collected ($2.50)
Seat 4: Evelexy1 folded before Flop (didn't bet)
Seat 5: AlexEliseev7 folded before Flop (didn't bet)
Seat 6: MaRKiToScoK (button) folded before Flop (didn't bet)



PokerStars Hand #254578774459:  Hold'em No Limit ($0.50/$1.00 USD) - 2025/01/27 14:19:35 WET [2025/01/27 9:19:35 ET]
Table 'Elektra V' 6-max Seat #1 is the button
Seat 1: Rudi19800 ($68.69 in chips) 
Seat 2: VahTang_89 ($100 in chips) 
Seat 3: BoyLoc0 ($130.32 in chips) 
Seat 4: Evelexy1 ($100 in chips) 
Seat 5: AlexEliseev7 ($132.90 in chips) 
Seat 6: MaRKiToScoK ($115.87 in chips) 
VahTang_89: posts small blind $0.50
BoyLoc0: posts big blind $1
*** HOLE CARDS ***
Evelexy1: folds 
AlexEliseev7: folds 
MaRKiToScoK: folds 
Rudi19800: folds 
VahTang_89: folds 
Uncalled bet ($0.50) returned to BoyLoc0
BoyLoc0 collected $1 from pot
BoyLoc0: doesn't show hand 
*** SUMMARY ***
Total pot $1 | Rake $0 
Seat 1: Rudi19800 (button) folded before Flop (didn't bet)
Seat 2: VahTang_89 (small blind) folded before Flop
Seat 3: BoyLoc0 (big blind) collected ($1)
Seat 4: Evelexy1 folded before Flop (didn't bet)
Seat 5: AlexEliseev7 folded before Flop (didn't bet)
Seat 6: MaRKiToScoK folded before Flop (didn't bet)



PokerStars Hand #254578777832:  Hold'em No Limit ($0.50/$1.00 USD) - 2025/01/27 14:19:54 WET [2025/01/27 9:19:54 ET]
Table 'Elektra V' 6-max Seat #2 is the button
Seat 1: Rudi19800 ($68.69 in chips) 
Seat 2: VahTang_89 ($100 in chips) 
Seat 3: BoyLoc0 ($130.82 in chips) 
Seat 4: Evelexy1 ($100 in chips) 
Seat 5: AlexEliseev7 ($132.90 in chips) 
Seat 6: MaRKiToScoK ($115.87 in chips) 
BoyLoc0: posts small blind $0.50
Evelexy1: posts big blind $1
*** HOLE CARDS ***
AlexEliseev7: folds 
MaRKiToScoK: folds 
Rudi19800: raises $1 to $2
VahTang_89: folds 
BoyLoc0: folds 
Evelexy1: raises $7.76 to $9.76
Rudi19800: folds 
Uncalled bet ($7.76) returned to Evelexy1
Evelexy1 collected $4.50 from pot
Evelexy1: doesn't show hand 
*** SUMMARY ***
Total pot $4.50 | Rake $0 
Seat 1: Rudi19800 folded before Flop
Seat 2: VahTang_89 (button) folded before Flop (didn't bet)
Seat 3: BoyLoc0 (small blind) folded before Flop
Seat 4: Evelexy1 (big blind) collected ($4.50)
Seat 5: AlexEliseev7 folded before Flop (didn't bet)
Seat 6: MaRKiToScoK folded before Flop (didn't bet)



PokerStars Hand #254578780689:  Hold'em No Limit ($0.50/$1.00 USD) - 2025/01/27 14:20:10 WET [2025/01/27 9:20:10 ET]
Table 'Elektra V' 6-max Seat #3 is the button
Seat 1: Rudi19800 ($66.69 in chips) 
Seat 2: VahTang_89 ($100 in chips) 
Seat 3: BoyLoc0 ($130.32 in chips) 
Seat 4: Evelexy1 ($102.50 in chips) 
Seat 5: AlexEliseev7 ($132.90 in chips) 
Seat 6: MaRKiToScoK ($115.87 in chips) 
Evelexy1: posts small blind $0.50
AlexEliseev7: posts big blind $1
*** HOLE CARDS ***
MaRKiToScoK: folds 
Rudi19800: calls $1
VahTang_89: raises $3.50 to $4.50
BoyLoc0: folds 
Evelexy1: folds 
AlexEliseev7: raises $9.50 to $14
Rudi19800: folds 
VahTang_89: folds 
Uncalled bet ($9.50) returned to AlexEliseev7
AlexEliseev7 collected $10.50 from pot
AlexEliseev7: doesn't show hand 
*** SUMMARY ***
Total pot $10.50 | Rake $0 
Seat 1: Rudi19800 folded before Flop
Seat 2: VahTang_89 folded before Flop
Seat 3: BoyLoc0 (button) folded before Flop (didn't bet)
Seat 4: Evelexy1 (small blind) folded before Flop
Seat 5: AlexEliseev7 (big blind) collected ($10.50)
Seat 6: MaRKiToScoK folded before Flop (didn't bet)



PokerStars Hand #254578787544:  Hold'em No Limit ($0.50/$1.00 USD) - 2025/01/27 14:20:49 WET [2025/01/27 9:20:49 ET]
Table 'Elektra V' 6-max Seat #4 is the button
Seat 1: Rudi19800 ($65.69 in chips) 
Seat 2: VahTang_89 ($100 in chips) 
Seat 3: BoyLoc0 ($130.32 in chips) 
Seat 4: Evelexy1 ($102 in chips) 
Seat 5: AlexEliseev7 ($138.90 in chips) 
Seat 6: MaRKiToScoK ($115.87 in chips) 
AlexEliseev7: posts small blind $0.50
MaRKiToScoK: posts big blind $1
*** HOLE CARDS ***
Rudi19800: calls $1
VahTang_89: folds 
BoyLoc0: raises $1.50 to $2.50
Evelexy1: folds 
AlexEliseev7: folds 
MaRKiToScoK: calls $1.50
Rudi19800: calls $1.50
*** FLOP *** [Js 3h Jd]
MaRKiToScoK: checks 
Rudi19800: checks 
BoyLoc0: bets $2.51
MaRKiToScoK: folds 
Rudi19800: calls $2.51
*** TURN *** [Js 3h Jd] [Qd]
Rudi19800: checks 
BoyLoc0: checks 
*** RIVER *** [Js 3h Jd Qd] [Kd]
Rudi19800: checks 
BoyLoc0: bets $7.19
Rudi19800: folds 
Uncalled bet ($7.19) returned to BoyLoc0
BoyLoc0 collected $12.37 from pot
BoyLoc0: doesn't show hand 
*** SUMMARY ***
Total pot $13.02 | Rake $0.65 
Board [Js 3h Jd Qd Kd]
Seat 1: Rudi19800 folded on the River
Seat 2: VahTang_89 folded before Flop (didn't bet)
Seat 3: BoyLoc0 collected ($12.37)
Seat 4: Evelexy1 (button) folded before Flop (didn't bet)
Seat 5: AlexEliseev7 (small blind) folded before Flop
Seat 6: MaRKiToScoK (big blind) folded on the Flop



PokerStars Hand #254578797569:  Hold'em No Limit ($0.50/$1.00 USD) - 2025/01/27 14:21:46 WET [2025/01/27 9:21:46 ET]
Table 'Elektra V' 6-max Seat #5 is the button
Seat 1: Rudi19800 ($60.68 in chips) 
Seat 2: VahTang_89 ($100 in chips) 
Seat 3: BoyLoc0 ($137.68 in chips) 
Seat 4: Evelexy1 ($102 in chips) 
Seat 5: AlexEliseev7 ($138.40 in chips) 
Seat 6: MaRKiToScoK ($113.37 in chips) 
MaRKiToScoK: posts small blind $0.50
Rudi19800: posts big blind $1
*** HOLE CARDS ***
VahTang_89: folds 
BoyLoc0: raises $1.50 to $2.50
Evelexy1: folds 
AlexEliseev7: folds 
MaRKiToScoK: folds 
Rudi19800: calls $1.50
*** FLOP *** [Tc Js 2s]
Rudi19800: checks 
BoyLoc0: bets $3.92
Rudi19800: folds 
Uncalled bet ($3.92) returned to BoyLoc0
BoyLoc0 collected $5.22 from pot
BoyLoc0: doesn't show hand 
*** SUMMARY ***
Total pot $5.50 | Rake $0.28 
Board [Tc Js 2s]
Seat 1: Rudi19800 (big blind) folded on the Flop
Seat 2: VahTang_89 folded before Flop (didn't bet)
Seat 3: BoyLoc0 collected ($5.22)
Seat 4: Evelexy1 folded before Flop (didn't bet)
Seat 5: AlexEliseev7 (button) folded before Flop (didn't bet)
Seat 6: MaRKiToScoK (small blind) folded before Flop



PokerStars Hand #254578803467:  Hold'em No Limit ($0.50/$1.00 USD) - 2025/01/27 14:22:18 WET [2025/01/27 9:22:18 ET]
Table 'Elektra V' 6-max Seat #6 is the button
Seat 2: VahTang_89 ($100 in chips) is sitting out
Seat 1: Rudi19800 ($58.18 in chips) 
Seat 3: BoyLoc0 ($140.40 in chips) 
Seat 4: Evelexy1 ($102 in chips) 
Seat 5: AlexEliseev7 ($138.40 in chips) 
Seat 6: MaRKiToScoK ($112.87 in chips) 
Rudi19800: posts small blind $0.50
VahTang_89: is sitting out 
BoyLoc0: posts big blind $1
*** HOLE CARDS ***
Evelexy1: folds 
AlexEliseev7: raises $1.50 to $2.50
MaRKiToScoK: folds 
Rudi19800: calls $2
BoyLoc0: folds 
*** FLOP *** [8s Ac Qs]
Rudi19800: checks 
AlexEliseev7: checks 
*** TURN *** [8s Ac Qs] [Kh]
Rudi19800: bets $2.85
AlexEliseev7: calls $2.85
*** RIVER *** [8s Ac Qs Kh] [4d]
Rudi19800: checks 
AlexEliseev7: checks 
*** SHOW DOWN ***
Rudi19800: shows [7h Ah] (a pair of Aces)
AlexEliseev7: mucks hand 
Rudi19800 collected $11.12 from pot
*** SUMMARY ***
Total pot $11.70 | Rake $0.58 
Board [8s Ac Qs Kh 4d]
Seat 2: VahTang_89
Seat 1: Rudi19800 (small blind) showed [7h Ah] and won ($11.12) with a pair of Aces
Seat 3: BoyLoc0 (big blind) folded before Flop
Seat 4: Evelexy1 folded before Flop (didn't bet)
Seat 5: AlexEliseev7 mucked
Seat 6: MaRKiToScoK (button) folded before Flop (didn't bet)



PokerStars Hand #254578810846:  Hold'em No Limit ($0.50/$1.00 USD) - 2025/01/27 14:23:00 WET [2025/01/27 9:23:00 ET]
Table 'Elektra V' 6-max Seat #1 is the button
Seat 2: VahTang_89 ($100 in chips) is sitting out
Seat 1: Rudi19800 ($63.95 in chips) 
Seat 3: BoyLoc0 ($139.40 in chips) 
Seat 4: Evelexy1 ($102 in chips) 
Seat 5: AlexEliseev7 ($133.05 in chips) 
Seat 6: MaRKiToScoK ($112.87 in chips) 
BoyLoc0: posts small blind $0.50
Evelexy1: posts big blind $1
*** HOLE CARDS ***
VahTang_89 leaves the table
AlexEliseev7: raises $1.50 to $2.50
janarr5 joins the table at seat #2 
MaRKiToScoK: folds 
Rudi19800: raises $6.50 to $9
BoyLoc0: folds 
Evelexy1: folds 
AlexEliseev7: folds 
Uncalled bet ($6.50) returned to Rudi19800
Rudi19800 collected $6.50 from pot
Rudi19800: doesn't show hand 
*** SUMMARY ***
Total pot $6.50 | Rake $0 
Seat 2: VahTang_89
Seat 1: Rudi19800 (button) collected ($6.50)
Seat 3: BoyLoc0 (small blind) folded before Flop
Seat 4: Evelexy1 (big blind) folded before Flop
Seat 5: AlexEliseev7 folded before Flop
Seat 6: MaRKiToScoK folded before Flop (didn't bet)



PokerStars Hand #254578814229:  Hold'em No Limit ($0.50/$1.00 USD) - 2025/01/27 14:23:19 WET [2025/01/27 9:23:19 ET]
Table 'Elektra V' 6-max Seat #3 is the button
Seat 2: janarr5 ($100 in chips) is sitting out
Seat 1: Rudi19800 ($67.95 in chips) 
Seat 3: BoyLoc0 ($138.90 in chips) 
Seat 4: Evelexy1 ($101 in chips) 
Seat 5: AlexEliseev7 ($130.55 in chips) 
Seat 6: MaRKiToScoK ($112.87 in chips) 
Evelexy1: posts small blind $0.50
AlexEliseev7: posts big blind $1
janarr5: sits out 
*** HOLE CARDS ***
MaRKiToScoK: folds 
Rudi19800: folds 
BoyLoc0: raises $1.50 to $2.50
Evelexy1: folds 
AlexEliseev7: folds 
Uncalled bet ($1.50) returned to BoyLoc0
BoyLoc0 collected $2.50 from pot
BoyLoc0: doesn't show hand 
*** SUMMARY ***
Total pot $2.50 | Rake $0 
Seat 2: janarr5
Seat 1: Rudi19800 folded before Flop (didn't bet)
Seat 3: BoyLoc0 (button) collected ($2.50)
Seat 4: Evelexy1 (small blind) folded before Flop
Seat 5: AlexEliseev7 (big blind) folded before Flop
Seat 6: MaRKiToScoK folded before Flop (didn't bet)



PokerStars Hand #254578817142:  Hold'em No Limit ($0.50/$1.00 USD) - 2025/01/27 14:23:35 WET [2025/01/27 9:23:35 ET]
Table 'Elektra V' 6-max Seat #4 is the button
Seat 2: janarr5 ($100 in chips) is sitting out
Seat 1: Rudi19800 ($67.95 in chips) 
Seat 3: BoyLoc0 ($140.40 in chips) 
Seat 4: Evelexy1 ($100.50 in chips) 
Seat 5: AlexEliseev7 ($129.55 in chips) 
Seat 6: MaRKiToScoK ($112.87 in chips) 
AlexEliseev7: posts small blind $0.50
MaRKiToScoK: posts big blind $1
janarr5: sits out 
*** HOLE CARDS ***
Rudi19800: folds 
BoyLoc0: raises $1.50 to $2.50
Evelexy1: folds 
AlexEliseev7: folds 
MaRKiToScoK: calls $1.50
*** FLOP *** [5s 8d Js]
MaRKiToScoK: checks 
BoyLoc0: bets $1.72
MaRKiToScoK: raises $6.28 to $8
BoyLoc0: folds 
Uncalled bet ($6.28) returned to MaRKiToScoK
MaRKiToScoK collected $8.49 from pot
*** SUMMARY ***
Total pot $8.94 | Rake $0.45 
Board [5s 8d Js]
Seat 2: janarr5
Seat 1: Rudi19800 folded before Flop (didn't bet)
Seat 3: BoyLoc0 folded on the Flop
Seat 4: Evelexy1 (button) folded before Flop (didn't bet)
Seat 5: AlexEliseev7 (small blind) folded before Flop
Seat 6: MaRKiToScoK (big blind) collected ($8.49)



PokerStars Hand #254578823906:  Hold'em No Limit ($0.50/$1.00 USD) - 2025/01/27 14:24:13 WET [2025/01/27 9:24:13 ET]
Table 'Elektra V' 6-max Seat #5 is the button
Seat 2: janarr5 ($100 in chips) is sitting out
Seat 1: Rudi19800 ($67.95 in chips) 
Seat 3: BoyLoc0 ($136.18 in chips) 
Seat 4: Evelexy1 ($100.50 in chips) 
Seat 5: AlexEliseev7 ($129.05 in chips) 
Seat 6: MaRKiToScoK ($117.14 in chips) 
MaRKiToScoK: posts small blind $0.50
Rudi19800: posts big blind $1
janarr5: sits out 
*** HOLE CARDS ***
BoyLoc0: folds 
Evelexy1: raises $1.50 to $2.50
AlexEliseev7: folds 
MaRKiToScoK: folds 
Rudi19800: calls $1.50
*** FLOP *** [7h 8c 3d]
Rudi19800: checks 
Evelexy1: checks 
*** TURN *** [7h 8c 3d] [7d]
Rudi19800: bets $2.61
Evelexy1: folds 
Uncalled bet ($2.61) returned to Rudi19800
Rudi19800 collected $5.22 from pot
Rudi19800: doesn't show hand 
*** SUMMARY ***
Total pot $5.50 | Rake $0.28 
Board [7h 8c 3d 7d]
Seat 2: janarr5
Seat 1: Rudi19800 (big blind) collected ($5.22)
Seat 3: BoyLoc0 folded before Flop (didn't bet)
Seat 4: Evelexy1 folded on the Turn
Seat 5: AlexEliseev7 (button) folded before Flop (didn't bet)
Seat 6: MaRKiToScoK (small blind) folded before Flop



PokerStars Hand #254578830278:  Hold'em No Limit ($0.50/$1.00 USD) - 2025/01/27 14:24:50 WET [2025/01/27 9:24:50 ET]
Table 'Elektra V' 6-max Seat #6 is the button
Seat 1: Rudi19800 ($70.67 in chips) 
Seat 2: janarr5 ($100 in chips) 
Seat 3: BoyLoc0 ($136.18 in chips) 
Seat 4: Evelexy1 ($100 in chips) 
Seat 5: AlexEliseev7 ($129.05 in chips) 
Seat 6: MaRKiToScoK ($116.64 in chips) 
Rudi19800: posts small blind $0.50
janarr5: posts big blind $1
*** HOLE CARDS ***
BoyLoc0: folds 
Evelexy1: folds 
AlexEliseev7: folds 
MaRKiToScoK: raises $1.50 to $2.50
Rudi19800: calls $2
janarr5: folds 
*** FLOP *** [Qc As 9d]
Rudi19800: checks 
MaRKiToScoK: bets $1.50
Rudi19800: calls $1.50
*** TURN *** [Qc As 9d] [7h]
Rudi19800: checks 
MaRKiToScoK: checks 
*** RIVER *** [Qc As 9d 7h] [4h]
Rudi19800: bets $8.55
MaRKiToScoK: folds 
Uncalled bet ($8.55) returned to Rudi19800
Rudi19800 collected $8.55 from pot
Rudi19800: doesn't show hand 
*** SUMMARY ***
Total pot $9 | Rake $0.45 
Board [Qc As 9d 7h 4h]
Seat 1: Rudi19800 (small blind) collected ($8.55)
Seat 2: janarr5 (big blind) folded before Flop
Seat 3: BoyLoc0 folded before Flop (didn't bet)
Seat 4: Evelexy1 folded before Flop (didn't bet)
Seat 5: AlexEliseev7 folded before Flop (didn't bet)
Seat 6: MaRKiToScoK (button) folded on the River



PokerStars Hand #254578840006:  Hold'em No Limit ($0.50/$1.00 USD) - 2025/01/27 14:25:44 WET [2025/01/27 9:25:44 ET]
Table 'Elektra V' 6-max Seat #1 is the button
Seat 1: Rudi19800 ($75.22 in chips) 
Seat 2: janarr5 ($100 in chips) 
Seat 3: BoyLoc0 ($136.18 in chips) 
Seat 4: Evelexy1 ($100 in chips) 
Seat 5: AlexEliseev7 ($129.05 in chips) 
Seat 6: MaRKiToScoK ($112.64 in chips) 
janarr5: posts small blind $0.50
BoyLoc0: posts big blind $1
*** HOLE CARDS ***
Evelexy1: folds 
AlexEliseev7: folds 
MaRKiToScoK: folds 
Rudi19800: raises $1 to $2
janarr5: folds 
BoyLoc0: raises $8 to $10
Rudi19800: folds 
Uncalled bet ($8) returned to BoyLoc0
BoyLoc0 collected $4.50 from pot
BoyLoc0: doesn't show hand 
*** SUMMARY ***
Total pot $4.50 | Rake $0 
Seat 1: Rudi19800 (button) folded before Flop
Seat 2: janarr5 (small blind) folded before Flop
Seat 3: BoyLoc0 (big blind) collected ($4.50)
Seat 4: Evelexy1 folded before Flop (didn't bet)
Seat 5: AlexEliseev7 folded before Flop (didn't bet)
Seat 6: MaRKiToScoK folded before Flop (didn't bet)



PokerStars Hand #254578846765:  Hold'em No Limit ($0.50/$1.00 USD) - 2025/01/27 14:26:21 WET [2025/01/27 9:26:21 ET]
Table 'Elektra V' 6-max Seat #2 is the button
Seat 1: Rudi19800 ($73.22 in chips) 
Seat 2: janarr5 ($100 in chips) 
Seat 3: BoyLoc0 ($138.68 in chips) 
Seat 4: Evelexy1 ($100 in chips) 
Seat 5: AlexEliseev7 ($129.05 in chips) 
Seat 6: MaRKiToScoK ($112.64 in chips) 
BoyLoc0: posts small blind $0.50
Evelexy1: posts big blind $1
*** HOLE CARDS ***
AlexEliseev7: folds 
MaRKiToScoK: raises $1 to $2
Rudi19800: raises $4 to $6
janarr5: folds 
BoyLoc0: folds 
Evelexy1: folds 
MaRKiToScoK: calls $4
*** FLOP *** [2d 9h 3s]
MaRKiToScoK: checks 
Rudi19800: bets $12.82
MaRKiToScoK: folds 
Uncalled bet ($12.82) returned to Rudi19800
Rudi19800 collected $12.82 from pot
Rudi19800: doesn't show hand 
*** SUMMARY ***
Total pot $13.50 | Rake $0.68 
Board [2d 9h 3s]
Seat 1: Rudi19800 collected ($12.82)
Seat 2: janarr5 (button) folded before Flop (didn't bet)
Seat 3: BoyLoc0 (small blind) folded before Flop
Seat 4: Evelexy1 (big blind) folded before Flop
Seat 5: AlexEliseev7 folded before Flop (didn't bet)
Seat 6: MaRKiToScoK folded on the Flop



PokerStars Hand #254578850971:  Hold'em No Limit ($0.50/$1.00 USD) - 2025/01/27 14:26:44 WET [2025/01/27 9:26:44 ET]
Table 'Elektra V' 6-max Seat #3 is the button
Seat 1: Rudi19800 ($80.04 in chips) 
Seat 2: janarr5 ($100 in chips) 
Seat 3: BoyLoc0 ($138.18 in chips) 
Seat 4: Evelexy1 ($100 in chips) 
Seat 5: AlexEliseev7 ($129.05 in chips) 
Seat 6: MaRKiToScoK ($106.64 in chips) 
Evelexy1: posts small blind $0.50
AlexEliseev7: posts big blind $1
*** HOLE CARDS ***
MaRKiToScoK: folds 
Rudi19800: folds 
janarr5: folds 
BoyLoc0: folds 
Evelexy1: raises $1.50 to $2.50
AlexEliseev7: folds 
Uncalled bet ($1.50) returned to Evelexy1
Evelexy1 collected $2 from pot
Evelexy1: doesn't show hand 
*** SUMMARY ***
Total pot $2 | Rake $0 
Seat 1: Rudi19800 folded before Flop (didn't bet)
Seat 2: janarr5 folded before Flop (didn't bet)
Seat 3: BoyLoc0 (button) folded before Flop (didn't bet)
Seat 4: Evelexy1 (small blind) collected ($2)
Seat 5: AlexEliseev7 (big blind) folded before Flop
Seat 6: MaRKiToScoK folded before Flop (didn't bet)



PokerStars Hand #254578854341:  Hold'em No Limit ($0.50/$1.00 USD) - 2025/01/27 14:27:03 WET [2025/01/27 9:27:03 ET]
Table 'Elektra V' 6-max Seat #4 is the button
Seat 1: Rudi19800 ($80.04 in chips) 
Seat 2: janarr5 ($100 in chips) 
Seat 3: BoyLoc0 ($138.18 in chips) 
Seat 4: Evelexy1 ($101 in chips) 
Seat 5: AlexEliseev7 ($128.05 in chips) 
Seat 6: MaRKiToScoK ($106.64 in chips) 
AlexEliseev7: posts small blind $0.50
MaRKiToScoK: posts big blind $1
*** HOLE CARDS ***
Rudi19800: folds 
janarr5: raises $1.25 to $2.25
BoyLoc0: folds 
Evelexy1: folds 
AlexEliseev7: folds 
MaRKiToScoK: folds 
Uncalled bet ($1.25) returned to janarr5
janarr5 collected $2.50 from pot
janarr5: doesn't show hand 
*** SUMMARY ***
Total pot $2.50 | Rake $0 
Seat 1: Rudi19800 folded before Flop (didn't bet)
Seat 2: janarr5 collected ($2.50)
Seat 3: BoyLoc0 folded before Flop (didn't bet)
Seat 4: Evelexy1 (button) folded before Flop (didn't bet)
Seat 5: AlexEliseev7 (small blind) folded before Flop
Seat 6: MaRKiToScoK (big blind) folded before Flop



PokerStars Hand #254578857062:  Hold'em No Limit ($0.50/$1.00 USD) - 2025/01/27 14:27:18 WET [2025/01/27 9:27:18 ET]
Table 'Elektra V' 6-max Seat #5 is the button
Seat 1: Rudi19800 ($80.04 in chips) 
Seat 2: janarr5 ($101.50 in chips) 
Seat 3: BoyLoc0 ($138.18 in chips) 
Seat 4: Evelexy1 ($101 in chips) 
Seat 5: AlexEliseev7 ($127.55 in chips) 
Seat 6: MaRKiToScoK ($105.64 in chips) 
MaRKiToScoK: posts small blind $0.50
Rudi19800: posts big blind $1
*** HOLE CARDS ***
janarr5: folds 
BoyLoc0: folds 
Evelexy1: folds 
AlexEliseev7: folds 
MaRKiToScoK: raises $2 to $3
Rudi19800: calls $2
*** FLOP *** [2s Ks As]
MaRKiToScoK: bets $1.50
Rudi19800: calls $1.50
*** TURN *** [2s Ks As] [Ad]
MaRKiToScoK: checks 
Rudi19800: checks 
*** RIVER *** [2s Ks As Ad] [Kd]
MaRKiToScoK: bets $2.50
Rudi19800: folds 
Uncalled bet ($2.50) returned to MaRKiToScoK
MaRKiToScoK collected $8.55 from pot
*** SUMMARY ***
Total pot $9 | Rake $0.45 
Board [2s Ks As Ad Kd]
Seat 1: Rudi19800 (big blind) folded on the River
Seat 2: janarr5 folded before Flop (didn't bet)
Seat 3: BoyLoc0 folded before Flop (didn't bet)
Seat 4: Evelexy1 folded before Flop (didn't bet)
Seat 5: AlexEliseev7 (button) folded before Flop (didn't bet)
Seat 6: MaRKiToScoK (small blind) collected ($8.55)



PokerStars Hand #254578863963:  Hold'em No Limit ($0.50/$1.00 USD) - 2025/01/27 14:27:56 WET [2025/01/27 9:27:56 ET]
Table 'Elektra V' 6-max Seat #6 is the button
Seat 1: Rudi19800 ($75.54 in chips) 
Seat 2: janarr5 ($101.50 in chips) 
Seat 3: BoyLoc0 ($138.18 in chips) 
Seat 4: Evelexy1 ($101 in chips) 
Seat 5: AlexEliseev7 ($127.55 in chips) 
Seat 6: MaRKiToScoK ($109.69 in chips) 
Rudi19800: posts small blind $0.50
janarr5: posts big blind $1
*** HOLE CARDS ***
BoyLoc0: folds 
Evelexy1: raises $1 to $2
AlexEliseev7: folds 
MaRKiToScoK: calls $2
Rudi19800: folds 
janarr5: raises $11 to $13
Evelexy1: folds 
MaRKiToScoK: folds 
Uncalled bet ($11) returned to janarr5
janarr5 collected $6.50 from pot
janarr5: doesn't show hand 
*** SUMMARY ***
Total pot $6.50 | Rake $0 
Seat 1: Rudi19800 (small blind) folded before Flop
Seat 2: janarr5 (big blind) collected ($6.50)
Seat 3: BoyLoc0 folded before Flop (didn't bet)
Seat 4: Evelexy1 folded before Flop
Seat 5: AlexEliseev7 folded before Flop (didn't bet)
Seat 6: MaRKiToScoK (button) folded before Flop



PokerStars Hand #254578869481:  Hold'em No Limit ($0.50/$1.00 USD) - 2025/01/27 14:28:27 WET [2025/01/27 9:28:27 ET]
Table 'Elektra V' 6-max Seat #1 is the button
Seat 1: Rudi19800 ($75.04 in chips) 
Seat 2: janarr5 ($106 in chips) 
Seat 3: BoyLoc0 ($138.18 in chips) 
Seat 4: Evelexy1 ($100 in chips) 
Seat 5: AlexEliseev7 ($127.55 in chips) 
Seat 6: MaRKiToScoK ($107.69 in chips) 
janarr5: posts small blind $0.50
BoyLoc0: posts big blind $1
*** HOLE CARDS ***
Evelexy1: folds 
AlexEliseev7: raises $1.50 to $2.50
MaRKiToScoK: folds 
Rudi19800: folds 
janarr5: folds 
BoyLoc0: folds 
Uncalled bet ($1.50) returned to AlexEliseev7
AlexEliseev7 collected $2.50 from pot
AlexEliseev7: doesn't show hand 
*** SUMMARY ***
Total pot $2.50 | Rake $0 
Seat 1: Rudi19800 (button) folded before Flop (didn't bet)
Seat 2: janarr5 (small blind) folded before Flop
Seat 3: BoyLoc0 (big blind) folded before Flop
Seat 4: Evelexy1 folded before Flop (didn't bet)
Seat 5: AlexEliseev7 collected ($2.50)
Seat 6: MaRKiToScoK folded before Flop (didn't bet)



PokerStars Hand #254578871850:  Hold'em No Limit ($0.50/$1.00 USD) - 2025/01/27 14:28:40 WET [2025/01/27 9:28:40 ET]
Table 'Elektra V' 6-max Seat #2 is the button
Seat 1: Rudi19800 ($75.04 in chips) 
Seat 2: janarr5 ($105.50 in chips) 
Seat 3: BoyLoc0 ($137.18 in chips) 
Seat 4: Evelexy1 ($100 in chips) 
Seat 5: AlexEliseev7 ($129.05 in chips) 
Seat 6: MaRKiToScoK ($107.69 in chips) 
BoyLoc0: posts small blind $0.50
Evelexy1: posts big blind $1
*** HOLE CARDS ***
AlexEliseev7: raises $1.50 to $2.50
MaRKiToScoK: folds 
Rudi19800: folds 
janarr5: folds 
BoyLoc0: folds 
Evelexy1: folds 
Uncalled bet ($1.50) returned to AlexEliseev7
AlexEliseev7 collected $2.50 from pot
AlexEliseev7: doesn't show hand 
*** SUMMARY ***
Total pot $2.50 | Rake $0 
Seat 1: Rudi19800 folded before Flop (didn't bet)
Seat 2: janarr5 (button) folded before Flop (didn't bet)
Seat 3: BoyLoc0 (small blind) folded before Flop
Seat 4: Evelexy1 (big blind) folded before Flop
Seat 5: AlexEliseev7 collected ($2.50)
Seat 6: MaRKiToScoK folded before Flop (didn't bet)



PokerStars Hand #254578874980:  Hold'em No Limit ($0.50/$1.00 USD) - 2025/01/27 14:28:57 WET [2025/01/27 9:28:57 ET]
Table 'Elektra V' 6-max Seat #3 is the button
Seat 1: Rudi19800 ($75.04 in chips) 
Seat 2: janarr5 ($105.50 in chips) 
Seat 3: BoyLoc0 ($136.68 in chips) 
Seat 4: Evelexy1 ($100 in chips) 
Seat 5: AlexEliseev7 ($130.55 in chips) 
Seat 6: MaRKiToScoK ($107.69 in chips) 
Evelexy1: posts small blind $0.50
AlexEliseev7: posts big blind $1
*** HOLE CARDS ***
MaRKiToScoK: folds 
Rudi19800: folds 
janarr5: folds 
BoyLoc0: folds 
Evelexy1: folds 
Uncalled bet ($0.50) returned to AlexEliseev7
AlexEliseev7 collected $1 from pot
AlexEliseev7: doesn't show hand 
*** SUMMARY ***
Total pot $1 | Rake $0 
Seat 1: Rudi19800 folded before Flop (didn't bet)
Seat 2: janarr5 folded before Flop (didn't bet)
Seat 3: BoyLoc0 (button) folded before Flop (didn't bet)
Seat 4: Evelexy1 (small blind) folded before Flop
Seat 5: AlexEliseev7 (big blind) collected ($1)
Seat 6: MaRKiToScoK folded before Flop (didn't bet)



PokerStars Hand #254578877575:  Hold'em No Limit ($0.50/$1.00 USD) - 2025/01/27 14:29:11 WET [2025/01/27 9:29:11 ET]
Table 'Elektra V' 6-max Seat #4 is the button
Seat 1: Rudi19800 ($75.04 in chips) 
Seat 2: janarr5 ($105.50 in chips) 
Seat 3: BoyLoc0 ($136.68 in chips) 
Seat 4: Evelexy1 ($100 in chips) 
Seat 5: AlexEliseev7 ($131.05 in chips) 
Seat 6: MaRKiToScoK ($107.69 in chips) 
AlexEliseev7: posts small blind $0.50
MaRKiToScoK: posts big blind $1
*** HOLE CARDS ***
Rudi19800: folds 
janarr5: folds 
BoyLoc0: folds 
Evelexy1: folds 
AlexEliseev7: folds 
Uncalled bet ($0.50) returned to MaRKiToScoK
MaRKiToScoK collected $1 from pot
*** SUMMARY ***
Total pot $1 | Rake $0 
Seat 1: Rudi19800 folded before Flop (didn't bet)
Seat 2: janarr5 folded before Flop (didn't bet)
Seat 3: BoyLoc0 folded before Flop (didn't bet)
Seat 4: Evelexy1 (button) folded before Flop (didn't bet)
Seat 5: AlexEliseev7 (small blind) folded before Flop
Seat 6: MaRKiToScoK (big blind) collected ($1)



PokerStars Hand #254578879875:  Hold'em No Limit ($0.50/$1.00 USD) - 2025/01/27 14:29:24 WET [2025/01/27 9:29:24 ET]
Table 'Elektra V' 6-max Seat #5 is the button
Seat 1: Rudi19800 ($75.04 in chips) 
Seat 2: janarr5 ($105.50 in chips) 
Seat 3: BoyLoc0 ($136.68 in chips) 
Seat 4: Evelexy1 ($100 in chips) 
Seat 5: AlexEliseev7 ($130.55 in chips) 
Seat 6: MaRKiToScoK ($108.19 in chips) 
MaRKiToScoK: posts small blind $0.50
Rudi19800: posts big blind $1
*** HOLE CARDS ***
janarr5: raises $1.25 to $2.25
BoyLoc0: folds 
Evelexy1: folds 
AlexEliseev7: calls $2.25
MaRKiToScoK: calls $1.75
Rudi19800: calls $1.25
*** FLOP *** [7h Th Ah]
MaRKiToScoK: checks 
Rudi19800: checks 
janarr5: checks 
AlexEliseev7: checks 
*** TURN *** [7h Th Ah] [2s]
MaRKiToScoK: checks 
Rudi19800: checks 
janarr5: checks 
AlexEliseev7: checks 
*** RIVER *** [7h Th Ah 2s] [3h]
MaRKiToScoK: checks 
Rudi19800: checks 
janarr5: checks 
AlexEliseev7: checks 
*** SHOW DOWN ***
MaRKiToScoK: shows [7s Ks] (a pair of Sevens)
Rudi19800: shows [Qs 9h] (a flush, Ace high)
janarr5: mucks hand 
AlexEliseev7: mucks hand 
Rudi19800 collected $8.55 from pot
*** SUMMARY ***
Total pot $9 | Rake $0.45 
Board [7h Th Ah 2s 3h]
Seat 1: Rudi19800 (big blind) showed [Qs 9h] and won ($8.55) with a flush, Ace high
Seat 2: janarr5 mucked
Seat 3: BoyLoc0 folded before Flop (didn't bet)
Seat 4: Evelexy1 folded before Flop (didn't bet)
Seat 5: AlexEliseev7 (button) mucked
Seat 6: MaRKiToScoK (small blind) showed [7s Ks] and lost with a pair of Sevens



PokerStars Hand #254578892649:  Hold'em No Limit ($0.50/$1.00 USD) - 2025/01/27 14:30:35 WET [2025/01/27 9:30:35 ET]
Table 'Elektra V' 6-max Seat #6 is the button
Seat 1: Rudi19800 ($81.34 in chips) 
Seat 2: janarr5 ($103.25 in chips) 
Seat 3: BoyLoc0 ($136.68 in chips) 
Seat 4: Evelexy1 ($100 in chips) 
Seat 5: AlexEliseev7 ($128.30 in chips) 
Seat 6: MaRKiToScoK ($105.94 in chips) 
Rudi19800: posts small blind $0.50
janarr5: posts big blind $1
*** HOLE CARDS ***
BoyLoc0: raises $1.50 to $2.50
Evelexy1: folds 
AlexEliseev7: folds 
MaRKiToScoK: raises $5 to $7.50
Rudi19800: folds 
janarr5: folds 
BoyLoc0: raises $12.50 to $20
MaRKiToScoK: raises $85.94 to $105.94 and is all-in
BoyLoc0: folds 
Uncalled bet ($85.94) returned to MaRKiToScoK
MaRKiToScoK collected $41.50 from pot
*** SUMMARY ***
Total pot $41.50 | Rake $0 
Seat 1: Rudi19800 (small blind) folded before Flop
Seat 2: janarr5 (big blind) folded before Flop
Seat 3: BoyLoc0 folded before Flop
Seat 4: Evelexy1 folded before Flop (didn't bet)
Seat 5: AlexEliseev7 folded before Flop (didn't bet)
Seat 6: MaRKiToScoK (button) collected ($41.50)



PokerStars Hand #254578898480:  Hold'em No Limit ($0.50/$1.00 USD) - 2025/01/27 14:31:07 WET [2025/01/27 9:31:07 ET]
Table 'Elektra V' 6-max Seat #1 is the button
Seat 1: Rudi19800 ($80.84 in chips) 
Seat 2: janarr5 ($102.25 in chips) 
Seat 3: BoyLoc0 ($116.68 in chips) 
Seat 4: Evelexy1 ($100 in chips) 
Seat 5: AlexEliseev7 ($128.30 in chips) 
Seat 6: MaRKiToScoK ($127.44 in chips) 
janarr5: posts small blind $0.50
BoyLoc0: posts big blind $1
*** HOLE CARDS ***
Evelexy1: folds 
AlexEliseev7: folds 
MaRKiToScoK: raises $1.25 to $2.25
Rudi19800: calls $2.25
janarr5: folds 
BoyLoc0: calls $1.25
*** FLOP *** [Jc 5h Ah]
BoyLoc0: checks 
MaRKiToScoK: bets $2.27
Rudi19800: calls $2.27
BoyLoc0: folds 
*** TURN *** [Jc 5h Ah] [7h]
MaRKiToScoK: checks 
Rudi19800: bets $5.60
MaRKiToScoK: calls $5.60
*** RIVER *** [Jc 5h Ah 7h] [5d]
MaRKiToScoK: checks 
Rudi19800: bets $21.84
MaRKiToScoK: calls $21.84
*** SHOW DOWN ***
Rudi19800: shows [Kh 4h] (a flush, Ace high)
MaRKiToScoK: mucks hand 
Rudi19800 collected $64.17 from pot
*** SUMMARY ***
Total pot $66.67 | Rake $2.50 
Board [Jc 5h Ah 7h 5d]
Seat 1: Rudi19800 (button) showed [Kh 4h] and won ($64.17) with a flush, Ace high
Seat 2: janarr5 (small blind) folded before Flop
Seat 3: BoyLoc0 (big blind) folded on the Flop
Seat 4: Evelexy1 folded before Flop (didn't bet)
Seat 5: AlexEliseev7 folded before Flop (didn't bet)
Seat 6: MaRKiToScoK mucked



PokerStars Hand #254578913421:  Hold'em No Limit ($0.50/$1.00 USD) - 2025/01/27 14:32:28 WET [2025/01/27 9:32:28 ET]
Table 'Elektra V' 6-max Seat #2 is the button
Seat 1: Rudi19800 ($113.05 in chips) 
Seat 2: janarr5 ($101.75 in chips) 
Seat 3: BoyLoc0 ($114.43 in chips) 
Seat 4: Evelexy1 ($100 in chips) 
Seat 5: AlexEliseev7 ($128.30 in chips) 
Seat 6: MaRKiToScoK ($100 in chips) 
BoyLoc0: posts small blind $0.50
Evelexy1: posts big blind $1
*** HOLE CARDS ***
AlexEliseev7: folds 
MaRKiToScoK: raises $1 to $2
Rudi19800: folds 
janarr5: folds 
BoyLoc0: folds 
Evelexy1: calls $1
*** FLOP *** [6h 5d 7d]
Evelexy1: bets $1.07
MaRKiToScoK: calls $1.07
*** TURN *** [6h 5d 7d] [Js]
Evelexy1: bets $2.10
MaRKiToScoK: raises $13.14 to $15.24
Evelexy1: raises $14.76 to $30
MaRKiToScoK: calls $14.76
*** RIVER *** [6h 5d 7d Js] [5s]
Evelexy1: bets $66.93 and is all-in
MaRKiToScoK: calls $66.93 and is all-in
*** SHOW DOWN ***
Evelexy1: shows [8h 9d] (a straight, Five to Nine)
MaRKiToScoK: shows [Jh Jc] (a full house, Jacks full of Fives)
MaRKiToScoK collected $198 from pot
*** SUMMARY ***
Total pot $200.50 | Rake $2.50 
Board [6h 5d 7d Js 5s]
Seat 1: Rudi19800 folded before Flop (didn't bet)
Seat 2: janarr5 (button) folded before Flop (didn't bet)
Seat 3: BoyLoc0 (small blind) folded before Flop
Seat 4: Evelexy1 (big blind) showed [8h 9d] and lost with a straight, Five to Nine
Seat 5: AlexEliseev7 folded before Flop (didn't bet)
Seat 6: MaRKiToScoK showed [Jh Jc] and won ($198) with a full house, Jacks full of Fives



PokerStars Hand #254578923184:  Hold'em No Limit ($0.50/$1.00 USD) - 2025/01/27 14:33:21 WET [2025/01/27 9:33:21 ET]
Table 'Elektra V' 6-max Seat #3 is the button
Seat 1: Rudi19800 ($113.05 in chips) 
Seat 2: janarr5 ($101.75 in chips) 
Seat 3: BoyLoc0 ($113.93 in chips) 
Seat 4: Evelexy1 ($100 in chips) 
Seat 5: AlexEliseev7 ($128.30 in chips) 
Seat 6: MaRKiToScoK ($198 in chips) 
Evelexy1: posts small blind $0.50
AlexEliseev7: posts big blind $1
*** HOLE CARDS ***
MaRKiToScoK: folds 
Rudi19800: folds 
janarr5: folds 
BoyLoc0: raises $1.50 to $2.50
Evelexy1: folds 
AlexEliseev7: folds 
Uncalled bet ($1.50) returned to BoyLoc0
BoyLoc0 collected $2.50 from pot
BoyLoc0: doesn't show hand 
*** SUMMARY ***
Total pot $2.50 | Rake $0 
Seat 1: Rudi19800 folded before Flop (didn't bet)
Seat 2: janarr5 folded before Flop (didn't bet)
Seat 3: BoyLoc0 (button) collected ($2.50)
Seat 4: Evelexy1 (small blind) folded before Flop
Seat 5: AlexEliseev7 (big blind) folded before Flop
Seat 6: MaRKiToScoK folded before Flop (didn't bet)



PokerStars Hand #254578927412:  Hold'em No Limit ($0.50/$1.00 USD) - 2025/01/27 14:33:43 WET [2025/01/27 9:33:43 ET]
Table 'Elektra V' 6-max Seat #4 is the button
Seat 1: Rudi19800 ($113.05 in chips) 
Seat 2: janarr5 ($101.75 in chips) 
Seat 3: BoyLoc0 ($115.43 in chips) 
Seat 4: Evelexy1 ($100 in chips) 
Seat 5: AlexEliseev7 ($127.30 in chips) 
Seat 6: MaRKiToScoK ($198 in chips) 
AlexEliseev7: posts small blind $0.50
MaRKiToScoK: posts big blind $1
*** HOLE CARDS ***
Rudi19800: folds 
janarr5: folds 
BoyLoc0: folds 
Evelexy1: raises $1.50 to $2.50
AlexEliseev7: folds 
MaRKiToScoK: folds 
Uncalled bet ($1.50) returned to Evelexy1
Evelexy1 collected $2.50 from pot
Evelexy1: doesn't show hand 
*** SUMMARY ***
Total pot $2.50 | Rake $0 
Seat 1: Rudi19800 folded before Flop (didn't bet)
Seat 2: janarr5 folded before Flop (didn't bet)
Seat 3: BoyLoc0 folded before Flop (didn't bet)
Seat 4: Evelexy1 (button) collected ($2.50)
Seat 5: AlexEliseev7 (small blind) folded before Flop
Seat 6: MaRKiToScoK (big blind) folded before Flop



PokerStars Hand #254578930388:  Hold'em No Limit ($0.50/$1.00 USD) - 2025/01/27 14:33:59 WET [2025/01/27 9:33:59 ET]
Table 'Elektra V' 6-max Seat #5 is the button
Seat 1: Rudi19800 ($113.05 in chips) 
Seat 2: janarr5 ($101.75 in chips) 
Seat 3: BoyLoc0 ($115.43 in chips) 
Seat 4: Evelexy1 ($101.50 in chips) 
Seat 5: AlexEliseev7 ($126.80 in chips) 
Seat 6: MaRKiToScoK ($197 in chips) 
MaRKiToScoK: posts small blind $0.50
Rudi19800: posts big blind $1
*** HOLE CARDS ***
janarr5: raises $1.25 to $2.25
BoyLoc0: folds 
Evelexy1: folds 
AlexEliseev7: folds 
MaRKiToScoK: folds 
Rudi19800: folds 
Uncalled bet ($1.25) returned to janarr5
janarr5 collected $2.50 from pot
janarr5: doesn't show hand 
*** SUMMARY ***
Total pot $2.50 | Rake $0 
Seat 1: Rudi19800 (big blind) folded before Flop
Seat 2: janarr5 collected ($2.50)
Seat 3: BoyLoc0 folded before Flop (didn't bet)
Seat 4: Evelexy1 folded before Flop (didn't bet)
Seat 5: AlexEliseev7 (button) folded before Flop (didn't bet)
Seat 6: MaRKiToScoK (small blind) folded before Flop



PokerStars Hand #254578933939:  Hold'em No Limit ($0.50/$1.00 USD) - 2025/01/27 14:34:19 WET [2025/01/27 9:34:19 ET]
Table 'Elektra V' 6-max Seat #6 is the button
Seat 1: Rudi19800 ($112.05 in chips) 
Seat 2: janarr5 ($103.25 in chips) 
Seat 3: BoyLoc0 ($115.43 in chips) 
Seat 4: Evelexy1 ($101.50 in chips) 
Seat 5: AlexEliseev7 ($126.80 in chips) 
Seat 6: MaRKiToScoK ($196.50 in chips) 
Rudi19800: posts small blind $0.50
janarr5: posts big blind $1
*** HOLE CARDS ***
BoyLoc0: folds 
Evelexy1: folds 
AlexEliseev7: raises $1.50 to $2.50
MaRKiToScoK: calls $2.50
Rudi19800: calls $2
janarr5: folds 
*** FLOP *** [Qh Jh 3d]
Rudi19800: checks 
AlexEliseev7: bets $2.67
MaRKiToScoK: folds 
Rudi19800: calls $2.67
*** TURN *** [Qh Jh 3d] [3s]
Rudi19800: checks 
AlexEliseev7: bets $13.50
Rudi19800: calls $13.50
*** RIVER *** [Qh Jh 3d 3s] [2s]
Rudi19800: checks 
AlexEliseev7: checks 
*** SHOW DOWN ***
Rudi19800: shows [Qd 8d] (two pair, Queens and Threes)
AlexEliseev7: mucks hand 
Rudi19800 collected $38.80 from pot
*** SUMMARY ***
Total pot $40.84 | Rake $2.04 
Board [Qh Jh 3d 3s 2s]
Seat 1: Rudi19800 (small blind) showed [Qd 8d] and won ($38.80) with two pair, Queens and Threes
Seat 2: janarr5 (big blind) folded before Flop
Seat 3: BoyLoc0 folded before Flop (didn't bet)
Seat 4: Evelexy1 folded before Flop (didn't bet)
Seat 5: AlexEliseev7 mucked
Seat 6: MaRKiToScoK (button) folded on the Flop



PokerStars Hand #254578944723:  Hold'em No Limit ($0.50/$1.00 USD) - 2025/01/27 14:35:17 WET [2025/01/27 9:35:17 ET]
Table 'Elektra V' 6-max Seat #1 is the button
Seat 1: Rudi19800 ($132.18 in chips) 
Seat 2: janarr5 ($102.25 in chips) 
Seat 3: BoyLoc0 ($115.43 in chips) 
Seat 4: Evelexy1 ($101.50 in chips) 
Seat 5: AlexEliseev7 ($108.13 in chips) 
Seat 6: MaRKiToScoK ($194 in chips) 
janarr5: posts small blind $0.50
BoyLoc0: posts big blind $1
*** HOLE CARDS ***
Evelexy1: folds 
AlexEliseev7: folds 
MaRKiToScoK: folds 
Rudi19800: raises $1 to $2
janarr5: folds 
BoyLoc0: calls $1
*** FLOP *** [5c 4s 7s]
BoyLoc0: checks 
Rudi19800: bets $4.28
BoyLoc0: folds 
Uncalled bet ($4.28) returned to Rudi19800
Rudi19800 collected $4.28 from pot
Rudi19800: doesn't show hand 
*** SUMMARY ***
Total pot $4.50 | Rake $0.22 
Board [5c 4s 7s]
Seat 1: Rudi19800 (button) collected ($4.28)
Seat 2: janarr5 (small blind) folded before Flop
Seat 3: BoyLoc0 (big blind) folded on the Flop
Seat 4: Evelexy1 folded before Flop (didn't bet)
Seat 5: AlexEliseev7 folded before Flop (didn't bet)
Seat 6: MaRKiToScoK folded before Flop (didn't bet)



PokerStars Hand #254578949698:  Hold'em No Limit ($0.50/$1.00 USD) - 2025/01/27 14:35:44 WET [2025/01/27 9:35:44 ET]
Table 'Elektra V' 6-max Seat #2 is the button
Seat 1: Rudi19800 ($134.46 in chips) 
Seat 2: janarr5 ($101.75 in chips) 
Seat 3: BoyLoc0 ($113.43 in chips) 
Seat 4: Evelexy1 ($101.50 in chips) 
Seat 5: AlexEliseev7 ($108.13 in chips) 
Seat 6: MaRKiToScoK ($194 in chips) 
BoyLoc0: posts small blind $0.50
Evelexy1: posts big blind $1
*** HOLE CARDS ***
AlexEliseev7: folds 
MaRKiToScoK: raises $1 to $2
Rudi19800: folds 
janarr5: folds 
BoyLoc0: folds 
Evelexy1: folds 
Uncalled bet ($1) returned to MaRKiToScoK
MaRKiToScoK collected $2.50 from pot
*** SUMMARY ***
Total pot $2.50 | Rake $0 
Seat 1: Rudi19800 folded before Flop (didn't bet)
Seat 2: janarr5 (button) folded before Flop (didn't bet)
Seat 3: BoyLoc0 (small blind) folded before Flop
Seat 4: Evelexy1 (big blind) folded before Flop
Seat 5: AlexEliseev7 folded before Flop (didn't bet)
Seat 6: MaRKiToScoK collected ($2.50)



PokerStars Hand #254578953288:  Hold'em No Limit ($0.50/$1.00 USD) - 2025/01/27 14:36:03 WET [2025/01/27 9:36:03 ET]
Table 'Elektra V' 6-max Seat #3 is the button
Seat 1: Rudi19800 ($134.46 in chips) 
Seat 2: janarr5 ($101.75 in chips) 
Seat 3: BoyLoc0 ($112.93 in chips) 
Seat 4: Evelexy1 ($100.50 in chips) 
Seat 5: AlexEliseev7 ($108.13 in chips) 
Seat 6: MaRKiToScoK ($195.50 in chips) 
Evelexy1: posts small blind $0.50
AlexEliseev7: posts big blind $1
*** HOLE CARDS ***
MaRKiToScoK: folds 
Rudi19800: raises $1 to $2
janarr5: folds 
BoyLoc0: folds 
Evelexy1: raises $7.76 to $9.76
AlexEliseev7: folds 
Rudi19800: folds 
Uncalled bet ($7.76) returned to Evelexy1
Evelexy1 collected $5 from pot
Evelexy1: doesn't show hand 
*** SUMMARY ***
Total pot $5 | Rake $0 
Seat 1: Rudi19800 folded before Flop
Seat 2: janarr5 folded before Flop (didn't bet)
Seat 3: BoyLoc0 (button) folded before Flop (didn't bet)
Seat 4: Evelexy1 (small blind) collected ($5)
Seat 5: AlexEliseev7 (big blind) folded before Flop
Seat 6: MaRKiToScoK folded before Flop (didn't bet)



PokerStars Hand #254578958415:  Hold'em No Limit ($0.50/$1.00 USD) - 2025/01/27 14:36:31 WET [2025/01/27 9:36:31 ET]
Table 'Elektra V' 6-max Seat #4 is the button
Seat 1: Rudi19800 ($132.46 in chips) 
Seat 2: janarr5 ($101.75 in chips) 
Seat 3: BoyLoc0 ($112.93 in chips) 
Seat 4: Evelexy1 ($103.50 in chips) 
Seat 5: AlexEliseev7 ($107.13 in chips) 
Seat 6: MaRKiToScoK ($195.50 in chips) 
AlexEliseev7: posts small blind $0.50
MaRKiToScoK: posts big blind $1
*** HOLE CARDS ***
Rudi19800: raises $1 to $2
janarr5: folds 
BoyLoc0: folds 
Evelexy1: raises $7 to $9
AlexEliseev7: folds 
MaRKiToScoK: folds 
Rudi19800: calls $7
*** FLOP *** [3s 4s Js]
Rudi19800: checks 
Evelexy1: bets $6.17
Rudi19800: raises $15.43 to $21.60
Evelexy1: calls $15.43
*** TURN *** [3s 4s Js] [8d]
Rudi19800: bets $101.86 and is all-in
Evelexy1: folds 
Uncalled bet ($101.86) returned to Rudi19800
Rudi19800 collected $60.20 from pot
Rudi19800: doesn't show hand 
*** SUMMARY ***
Total pot $62.70 | Rake $2.50 
Board [3s 4s Js 8d]
Seat 1: Rudi19800 collected ($60.20)
Seat 2: janarr5 folded before Flop (didn't bet)
Seat 3: BoyLoc0 folded before Flop (didn't bet)
Seat 4: Evelexy1 (button) folded on the Turn
Seat 5: AlexEliseev7 (small blind) folded before Flop
Seat 6: MaRKiToScoK (big blind) folded before Flop



PokerStars Hand #254578967887:  Hold'em No Limit ($0.50/$1.00 USD) - 2025/01/27 14:37:22 WET [2025/01/27 9:37:22 ET]
Table 'Elektra V' 6-max Seat #5 is the button
Seat 1: Rudi19800 ($162.06 in chips) 
Seat 2: janarr5 ($101.75 in chips) 
Seat 3: BoyLoc0 ($112.93 in chips) 
Seat 4: Evelexy1 ($100 in chips) 
Seat 5: AlexEliseev7 ($106.63 in chips) 
Seat 6: MaRKiToScoK ($194.50 in chips) 
MaRKiToScoK: posts small blind $0.50
Rudi19800: posts big blind $1
*** HOLE CARDS ***
janarr5: folds 
BoyLoc0: folds 
Evelexy1: raises $2 to $3
AlexEliseev7: folds 
MaRKiToScoK: folds 
Rudi19800: calls $2
*** FLOP *** [Qh 8h Ks]
Rudi19800: checks 
Evelexy1: checks 
*** TURN *** [Qh 8h Ks] [Ts]
Rudi19800: checks 
Evelexy1: bets $4.64
Rudi19800: folds 
Uncalled bet ($4.64) returned to Evelexy1
Evelexy1 collected $6.18 from pot
Evelexy1: doesn't show hand 
*** SUMMARY ***
Total pot $6.50 | Rake $0.32 
Board [Qh 8h Ks Ts]
Seat 1: Rudi19800 (big blind) folded on the Turn
Seat 2: janarr5 folded before Flop (didn't bet)
Seat 3: BoyLoc0 folded before Flop (didn't bet)
Seat 4: Evelexy1 collected ($6.18)
Seat 5: AlexEliseev7 (button) folded before Flop (didn't bet)
Seat 6: MaRKiToScoK (small blind) folded before Flop



PokerStars Hand #254578972842:  Hold'em No Limit ($0.50/$1.00 USD) - 2025/01/27 14:37:48 WET [2025/01/27 9:37:48 ET]
Table 'Elektra V' 6-max Seat #6 is the button
Seat 1: Rudi19800 ($159.06 in chips) 
Seat 2: janarr5 ($101.75 in chips) 
Seat 3: BoyLoc0 ($112.93 in chips) 
Seat 4: Evelexy1 ($103.18 in chips) 
Seat 5: AlexEliseev7 ($106.63 in chips) 
Seat 6: MaRKiToScoK ($194 in chips) 
Rudi19800: posts small blind $0.50
janarr5: posts big blind $1
*** HOLE CARDS ***
BoyLoc0: raises $1.50 to $2.50
Evelexy1: folds 
AlexEliseev7: folds 
MaRKiToScoK: folds 
Rudi19800: folds 
janarr5: folds 
Uncalled bet ($1.50) returned to BoyLoc0
BoyLoc0 collected $2.50 from pot
BoyLoc0: doesn't show hand 
*** SUMMARY ***
Total pot $2.50 | Rake $0 
Seat 1: Rudi19800 (small blind) folded before Flop
Seat 2: janarr5 (big blind) folded before Flop
Seat 3: BoyLoc0 collected ($2.50)
Seat 4: Evelexy1 folded before Flop (didn't bet)
Seat 5: AlexEliseev7 folded before Flop (didn't bet)
Seat 6: MaRKiToScoK (button) folded before Flop (didn't bet)



PokerStars Hand #254578976296:  Hold'em No Limit ($0.50/$1.00 USD) - 2025/01/27 14:38:07 WET [2025/01/27 9:38:07 ET]
Table 'Elektra V' 6-max Seat #1 is the button
Seat 1: Rudi19800 ($158.56 in chips) 
Seat 2: janarr5 ($100.75 in chips) 
Seat 3: BoyLoc0 ($114.43 in chips) 
Seat 4: Evelexy1 ($103.18 in chips) 
Seat 5: AlexEliseev7 ($106.63 in chips) 
Seat 6: MaRKiToScoK ($194 in chips) 
janarr5: posts small blind $0.50
BoyLoc0: posts big blind $1
*** HOLE CARDS ***
Evelexy1: folds 
AlexEliseev7: raises $1.50 to $2.50
MaRKiToScoK: calls $2.50
Rudi19800: folds 
janarr5: folds 
BoyLoc0: folds 
*** FLOP *** [Kc 6c 7d]
AlexEliseev7: bets $2.04
MaRKiToScoK: calls $2.04
*** TURN *** [Kc 6c 7d] [7s]
AlexEliseev7: checks 
MaRKiToScoK: bets $3.32
AlexEliseev7: calls $3.32
*** RIVER *** [Kc 6c 7d 7s] [8d]
AlexEliseev7: checks 
MaRKiToScoK: bets $8.18
AlexEliseev7: calls $8.18
*** SHOW DOWN ***
MaRKiToScoK: shows [Qc Kd] (two pair, Kings and Sevens)
AlexEliseev7: shows [Kh Qd] (two pair, Kings and Sevens)
AlexEliseev7 collected $15.95 from pot
MaRKiToScoK collected $15.95 from pot
*** SUMMARY ***
Total pot $33.58 | Rake $1.68 
Board [Kc 6c 7d 7s 8d]
Seat 1: Rudi19800 (button) folded before Flop (didn't bet)
Seat 2: janarr5 (small blind) folded before Flop
Seat 3: BoyLoc0 (big blind) folded before Flop
Seat 4: Evelexy1 folded before Flop (didn't bet)
Seat 5: AlexEliseev7 showed [Kh Qd] and won ($15.95) with two pair, Kings and Sevens
Seat 6: MaRKiToScoK showed [Qc Kd] and won ($15.95) with two pair, Kings and Sevens



PokerStars Hand #254578987293:  Hold'em No Limit ($0.50/$1.00 USD) - 2025/01/27 14:39:06 WET [2025/01/27 9:39:06 ET]
Table 'Elektra V' 6-max Seat #2 is the button
Seat 1: Rudi19800 ($158.56 in chips) 
Seat 2: janarr5 ($100.25 in chips) 
Seat 3: BoyLoc0 ($113.43 in chips) 
Seat 4: Evelexy1 ($103.18 in chips) 
Seat 5: AlexEliseev7 ($106.54 in chips) 
Seat 6: MaRKiToScoK ($193.91 in chips) 
BoyLoc0: posts small blind $0.50
Evelexy1: posts big blind $1
*** HOLE CARDS ***
AlexEliseev7: folds 
MaRKiToScoK: folds 
Rudi19800: folds 
janarr5: folds 
BoyLoc0: raises $2 to $3
Evelexy1: folds 
Uncalled bet ($2) returned to BoyLoc0
BoyLoc0 collected $2 from pot
BoyLoc0: doesn't show hand 
*** SUMMARY ***
Total pot $2 | Rake $0 
Seat 1: Rudi19800 folded before Flop (didn't bet)
Seat 2: janarr5 (button) folded before Flop (didn't bet)
Seat 3: BoyLoc0 (small blind) collected ($2)
Seat 4: Evelexy1 (big blind) folded before Flop
Seat 5: AlexEliseev7 folded before Flop (didn't bet)
Seat 6: MaRKiToScoK folded before Flop (didn't bet)



PokerStars Hand #254578991172:  Hold'em No Limit ($0.50/$1.00 USD) - 2025/01/27 14:39:28 WET [2025/01/27 9:39:28 ET]
Table 'Elektra V' 6-max Seat #3 is the button
Seat 4: Evelexy1 ($102.18 in chips) is sitting out
Seat 1: Rudi19800 ($158.56 in chips) 
Seat 2: janarr5 ($100.25 in chips) 
Seat 3: BoyLoc0 ($114.43 in chips) 
Seat 5: AlexEliseev7 ($106.54 in chips) 
Seat 6: MaRKiToScoK ($193.91 in chips) 
AlexEliseev7: posts small blind $0.50
MaRKiToScoK: posts big blind $1
*** HOLE CARDS ***
Rudi19800: folds 
janarr5: folds 
BoyLoc0: raises $1.50 to $2.50
AlexEliseev7: folds 
MaRKiToScoK: folds 
Uncalled bet ($1.50) returned to BoyLoc0
BoyLoc0 collected $2.50 from pot
BoyLoc0: doesn't show hand 
*** SUMMARY ***
Total pot $2.50 | Rake $0 
Seat 4: Evelexy1
Seat 1: Rudi19800 folded before Flop (didn't bet)
Seat 2: janarr5 folded before Flop (didn't bet)
Seat 3: BoyLoc0 (button) collected ($2.50)
Seat 5: AlexEliseev7 (small blind) folded before Flop
Seat 6: MaRKiToScoK (big blind) folded before Flop



PokerStars Hand #254578995283:  Hold'em No Limit ($0.50/$1.00 USD) - 2025/01/27 14:39:50 WET [2025/01/27 9:39:50 ET]
Table 'Elektra V' 6-max Seat #5 is the button
Seat 4: Evelexy1 ($102.18 in chips) is sitting out
Seat 1: Rudi19800 ($158.56 in chips) 
Seat 2: janarr5 ($100.25 in chips) 
Seat 3: BoyLoc0 ($115.93 in chips) 
Seat 5: AlexEliseev7 ($106.04 in chips) 
Seat 6: MaRKiToScoK ($192.91 in chips) 
MaRKiToScoK: posts small blind $0.50
Rudi19800: posts big blind $1
*** HOLE CARDS ***
janarr5: folds 
BoyLoc0: raises $1.50 to $2.50
AlexEliseev7: folds 
MaRKiToScoK: folds 
Rudi19800: calls $1.50
*** FLOP *** [9d 7s 6s]
Rudi19800: checks 
BoyLoc0: checks 
*** TURN *** [9d 7s 6s] [9h]
Rudi19800: checks 
BoyLoc0: checks 
*** RIVER *** [9d 7s 6s 9h] [4h]
Rudi19800: checks 
BoyLoc0: checks 
*** SHOW DOWN ***
Rudi19800: shows [4c Ks] (two pair, Nines and Fours)
BoyLoc0: mucks hand 
Rudi19800 collected $5.22 from pot
*** SUMMARY ***
Total pot $5.50 | Rake $0.28 
Board [9d 7s 6s 9h 4h]
Seat 4: Evelexy1
Seat 1: Rudi19800 (big blind) showed [4c Ks] and won ($5.22) with two pair, Nines and Fours
Seat 2: janarr5 folded before Flop (didn't bet)
Seat 3: BoyLoc0 mucked
Seat 5: AlexEliseev7 (button) folded before Flop (didn't bet)
Seat 6: MaRKiToScoK (small blind) folded before Flop



PokerStars Hand #254579005051:  Hold'em No Limit ($0.50/$1.00 USD) - 2025/01/27 14:40:42 WET [2025/01/27 9:40:42 ET]
Table 'Elektra V' 6-max Seat #6 is the button
Seat 4: Evelexy1 ($102.18 in chips) is sitting out
Seat 1: Rudi19800 ($161.28 in chips) 
Seat 2: janarr5 ($100.25 in chips) 
Seat 3: BoyLoc0 ($113.43 in chips) 
Seat 5: AlexEliseev7 ($106.04 in chips) 
Seat 6: MaRKiToScoK ($192.41 in chips) 
Rudi19800: posts small blind $0.50
janarr5: posts big blind $1
Evelexy1: sits out 
*** HOLE CARDS ***
BoyLoc0: folds 
AlexEliseev7: raises $1.50 to $2.50
MaRKiToScoK: folds 
Rudi19800: folds 
janarr5: folds 
Uncalled bet ($1.50) returned to AlexEliseev7
AlexEliseev7 collected $2.50 from pot
AlexEliseev7: doesn't show hand 
*** SUMMARY ***
Total pot $2.50 | Rake $0 
Seat 4: Evelexy1
Seat 1: Rudi19800 (small blind) folded before Flop
Seat 2: janarr5 (big blind) folded before Flop
Seat 3: BoyLoc0 folded before Flop (didn't bet)
Seat 5: AlexEliseev7 collected ($2.50)
Seat 6: MaRKiToScoK (button) folded before Flop (didn't bet)



PokerStars Hand #254579008502:  Hold'em No Limit ($0.50/$1.00 USD) - 2025/01/27 14:41:01 WET [2025/01/27 9:41:01 ET]
Table 'Elektra V' 6-max Seat #1 is the button
Seat 4: Evelexy1 ($102.18 in chips) is sitting out
Seat 1: Rudi19800 ($160.78 in chips) 
Seat 2: janarr5 ($100 in chips) 
Seat 3: BoyLoc0 ($113.43 in chips) 
Seat 5: AlexEliseev7 ($107.54 in chips) 
Seat 6: MaRKiToScoK ($192.41 in chips) 
janarr5: posts small blind $0.50
BoyLoc0: posts big blind $1
Evelexy1: sits out 
*** HOLE CARDS ***
AlexEliseev7: folds 
MaRKiToScoK: folds 
Rudi19800: folds 
janarr5: folds 
Uncalled bet ($0.50) returned to BoyLoc0
BoyLoc0 collected $1 from pot
BoyLoc0: doesn't show hand 
*** SUMMARY ***
Total pot $1 | Rake $0 
Seat 4: Evelexy1
Seat 1: Rudi19800 (button) folded before Flop (didn't bet)
Seat 2: janarr5 (small blind) folded before Flop
Seat 3: BoyLoc0 (big blind) collected ($1)
Seat 5: AlexEliseev7 folded before Flop (didn't bet)
Seat 6: MaRKiToScoK folded before Flop (didn't bet)



PokerStars Hand #254579010185:  Hold'em No Limit ($0.50/$1.00 USD) - 2025/01/27 14:41:10 WET [2025/01/27 9:41:10 ET]
Table 'Elektra V' 6-max Seat #2 is the button
Seat 1: Rudi19800 ($160.78 in chips) 
Seat 2: janarr5 ($100 in chips) 
Seat 3: BoyLoc0 ($113.93 in chips) 
Seat 4: Evelexy1 ($102.18 in chips) 
Seat 5: AlexEliseev7 ($107.54 in chips) 
Seat 6: MaRKiToScoK ($192.41 in chips) 
BoyLoc0: posts small blind $0.50
Evelexy1: posts big blind $1
*** HOLE CARDS ***
AlexEliseev7: folds 
MaRKiToScoK: folds 
Rudi19800: folds 
janarr5: folds 
BoyLoc0: raises $2 to $3
Evelexy1: calls $2
*** FLOP *** [2c 3d 4c]
BoyLoc0: checks 
Evelexy1: checks 
*** TURN *** [2c 3d 4c] [Kd]
BoyLoc0: bets $4.28
Evelexy1: folds 
Uncalled bet ($4.28) returned to BoyLoc0
BoyLoc0 collected $5.70 from pot
BoyLoc0: doesn't show hand 
*** SUMMARY ***
Total pot $6 | Rake $0.30 
Board [2c 3d 4c Kd]
Seat 1: Rudi19800 folded before Flop (didn't bet)
Seat 2: janarr5 (button) folded before Flop (didn't bet)
Seat 3: BoyLoc0 (small blind) collected ($5.70)
Seat 4: Evelexy1 (big blind) folded on the Turn
Seat 5: AlexEliseev7 folded before Flop (didn't bet)
Seat 6: MaRKiToScoK folded before Flop (didn't bet)



PokerStars Hand #254579017918:  Hold'em No Limit ($0.50/$1.00 USD) - 2025/01/27 14:41:52 WET [2025/01/27 9:41:52 ET]
Table 'Elektra V' 6-max Seat #3 is the button
Seat 1: Rudi19800 ($160.78 in chips) 
Seat 2: janarr5 ($100 in chips) 
Seat 3: BoyLoc0 ($116.63 in chips) 
Seat 4: Evelexy1 ($100 in chips) 
Seat 5: AlexEliseev7 ($107.54 in chips) 
Seat 6: MaRKiToScoK ($192.41 in chips) 
Evelexy1: posts small blind $0.50
AlexEliseev7: posts big blind $1
*** HOLE CARDS ***
MaRKiToScoK: folds 
Rudi19800: folds 
janarr5: raises $1.25 to $2.25
BoyLoc0: folds 
Evelexy1: folds 
AlexEliseev7: folds 
Uncalled bet ($1.25) returned to janarr5
janarr5 collected $2.50 from pot
janarr5: doesn't show hand 
*** SUMMARY ***
Total pot $2.50 | Rake $0 
Seat 1: Rudi19800 folded before Flop (didn't bet)
Seat 2: janarr5 collected ($2.50)
Seat 3: BoyLoc0 (button) folded before Flop (didn't bet)
Seat 4: Evelexy1 (small blind) folded before Flop
Seat 5: AlexEliseev7 (big blind) folded before Flop
Seat 6: MaRKiToScoK folded before Flop (didn't bet)



PokerStars Hand #254579023826:  Hold'em No Limit ($0.50/$1.00 USD) - 2025/01/27 14:42:23 WET [2025/01/27 9:42:23 ET]
Table 'Elektra V' 6-max Seat #4 is the button
Seat 1: Rudi19800 ($160.78 in chips) 
Seat 2: janarr5 ($101.50 in chips) 
Seat 3: BoyLoc0 ($116.63 in chips) 
Seat 4: Evelexy1 ($100 in chips) 
Seat 5: AlexEliseev7 ($106.54 in chips) 
Seat 6: MaRKiToScoK ($192.41 in chips) 
AlexEliseev7: posts small blind $0.50
MaRKiToScoK: posts big blind $1
*** HOLE CARDS ***
Rudi19800: folds 
janarr5: folds 
BoyLoc0: folds 
Evelexy1: folds 
AlexEliseev7: raises $2 to $3
MaRKiToScoK: calls $2
*** FLOP *** [Kc Th Jd]
AlexEliseev7: bets $1.88
MaRKiToScoK: calls $1.88
*** TURN *** [Kc Th Jd] [3d]
AlexEliseev7: bets $7.23
MaRKiToScoK: calls $7.23
*** RIVER *** [Kc Th Jd 3d] [Jc]
AlexEliseev7: bets $17.95
MaRKiToScoK: calls $17.95
*** SHOW DOWN ***
AlexEliseev7: shows [Jh Kd] (a full house, Jacks full of Kings)
MaRKiToScoK: mucks hand 
AlexEliseev7 collected $57.62 from pot
*** SUMMARY ***
Total pot $60.12 | Rake $2.50 
Board [Kc Th Jd 3d Jc]
Seat 1: Rudi19800 folded before Flop (didn't bet)
Seat 2: janarr5 folded before Flop (didn't bet)
Seat 3: BoyLoc0 folded before Flop (didn't bet)
Seat 4: Evelexy1 (button) folded before Flop (didn't bet)
Seat 5: AlexEliseev7 (small blind) showed [Jh Kd] and won ($57.62) with a full house, Jacks full of Kings
Seat 6: MaRKiToScoK (big blind) mucked



PokerStars Hand #254579037679:  Hold'em No Limit ($0.50/$1.00 USD) - 2025/01/27 14:43:36 WET [2025/01/27 9:43:36 ET]
Table 'Elektra V' 6-max Seat #5 is the button
Seat 1: Rudi19800 ($160.78 in chips) 
Seat 2: janarr5 ($101.50 in chips) 
Seat 3: BoyLoc0 ($116.63 in chips) 
Seat 4: Evelexy1 ($100 in chips) 
Seat 5: AlexEliseev7 ($134.10 in chips) 
Seat 6: MaRKiToScoK ($162.35 in chips) 
MaRKiToScoK: posts small blind $0.50
Rudi19800: posts big blind $1
*** HOLE CARDS ***
janarr5: folds 
BoyLoc0: folds 
Evelexy1: raises $1.50 to $2.50
AlexEliseev7: folds 
MaRKiToScoK: folds 
Rudi19800: calls $1.50
*** FLOP *** [Jd 8d 3c]
Rudi19800: checks 
Evelexy1: checks 
*** TURN *** [Jd 8d 3c] [Qh]
Rudi19800: checks 
Evelexy1: checks 
*** RIVER *** [Jd 8d 3c Qh] [Td]
Rudi19800: checks 
Evelexy1: bets $13.05
Rudi19800: folds 
Uncalled bet ($13.05) returned to Evelexy1
Evelexy1 collected $5.22 from pot
Evelexy1: doesn't show hand 
*** SUMMARY ***
Total pot $5.50 | Rake $0.28 
Board [Jd 8d 3c Qh Td]
Seat 1: Rudi19800 (big blind) folded on the River
Seat 2: janarr5 folded before Flop (didn't bet)
Seat 3: BoyLoc0 folded before Flop (didn't bet)
Seat 4: Evelexy1 collected ($5.22)
Seat 5: AlexEliseev7 (button) folded before Flop (didn't bet)
Seat 6: MaRKiToScoK (small blind) folded before Flop



PokerStars Hand #254579047418:  Hold'em No Limit ($0.50/$1.00 USD) - 2025/01/27 14:44:28 WET [2025/01/27 9:44:28 ET]
Table 'Elektra V' 6-max Seat #6 is the button
Seat 1: Rudi19800 ($158.28 in chips) 
Seat 2: janarr5 ($101.50 in chips) 
Seat 3: BoyLoc0 ($116.63 in chips) 
Seat 4: Evelexy1 ($102.72 in chips) 
Seat 5: AlexEliseev7 ($134.10 in chips) 
Seat 6: MaRKiToScoK ($161.85 in chips) 
Rudi19800: posts small blind $0.50
janarr5: posts big blind $1
*** HOLE CARDS ***
BoyLoc0: folds 
Evelexy1: folds 
AlexEliseev7: folds 
MaRKiToScoK: folds 
Rudi19800: raises $2 to $3
janarr5: raises $6 to $9
Rudi19800: calls $6
*** FLOP *** [4d 8d Qd]
Rudi19800: checks 
janarr5: checks 
*** TURN *** [4d 8d Qd] [Kc]
Rudi19800: checks 
janarr5: bets $8.55
Rudi19800: folds 
Uncalled bet ($8.55) returned to janarr5
janarr5 collected $17.10 from pot
janarr5: doesn't show hand 
*** SUMMARY ***
Total pot $18 | Rake $0.90 
Board [4d 8d Qd Kc]
Seat 1: Rudi19800 (small blind) folded on the Turn
Seat 2: janarr5 (big blind) collected ($17.10)
Seat 3: BoyLoc0 folded before Flop (didn't bet)
Seat 4: Evelexy1 folded before Flop (didn't bet)
Seat 5: AlexEliseev7 folded before Flop (didn't bet)
Seat 6: MaRKiToScoK (button) folded before Flop (didn't bet)



PokerStars Hand #254579056948:  Hold'em No Limit ($0.50/$1.00 USD) - 2025/01/27 14:45:17 WET [2025/01/27 9:45:17 ET]
Table 'Elektra V' 6-max Seat #1 is the button
Seat 1: Rudi19800 ($149.28 in chips) 
Seat 2: janarr5 ($109.60 in chips) 
Seat 3: BoyLoc0 ($116.63 in chips) 
Seat 4: Evelexy1 ($102.72 in chips) 
Seat 5: AlexEliseev7 ($134.10 in chips) 
Seat 6: MaRKiToScoK ($161.85 in chips) 
janarr5: posts small blind $0.50
BoyLoc0: posts big blind $1
*** HOLE CARDS ***
Evelexy1: folds 
AlexEliseev7: folds 
MaRKiToScoK: folds 
Rudi19800: folds 
Rudi19800 leaves the table
janarr5: folds 
Uncalled bet ($0.50) returned to BoyLoc0
BoyLoc0 collected $1 from pot
franco232315 joins the table at seat #1 
BoyLoc0: doesn't show hand 
*** SUMMARY ***
Total pot $1 | Rake $0 
Seat 1: Rudi19800 (button) folded before Flop (didn't bet)
Seat 2: janarr5 (small blind) folded before Flop
Seat 3: BoyLoc0 (big blind) collected ($1)
Seat 4: Evelexy1 folded before Flop (didn't bet)
Seat 5: AlexEliseev7 folded before Flop (didn't bet)
Seat 6: MaRKiToScoK folded before Flop (didn't bet)



PokerStars Hand #254579059824:  Hold'em No Limit ($0.50/$1.00 USD) - 2025/01/27 14:45:32 WET [2025/01/27 9:45:32 ET]
Table 'Elektra V' 6-max Seat #2 is the button
Seat 1: franco232315 ($80 in chips) is sitting out
Seat 4: Evelexy1 ($102.72 in chips) is sitting out
Seat 2: janarr5 ($109.10 in chips) 
Seat 3: BoyLoc0 ($117.13 in chips) 
Seat 5: AlexEliseev7 ($134.10 in chips) 
Seat 6: MaRKiToScoK ($161.85 in chips) 
BoyLoc0: posts small blind $0.50
Evelexy1: is sitting out 
Evelexy1 leaves the table
AlexEliseev7: posts big blind $1
franco232315: sits out 
*** HOLE CARDS ***
franco232315 leaves the table
MaRKiToScoK: folds 
janarr5: folds 
BoyLoc0: raises $2 to $3
AlexEliseev7: folds 
Uncalled bet ($2) returned to BoyLoc0
BoyLoc0 collected $2 from pot
BoyLoc0: doesn't show hand 
*** SUMMARY ***
Total pot $2 | Rake $0 
Seat 1: franco232315
Seat 4: Evelexy1
Seat 2: janarr5 (button) folded before Flop (didn't bet)
Seat 3: BoyLoc0 (small blind) collected ($2)
Seat 5: AlexEliseev7 (big blind) folded before Flop
Seat 6: MaRKiToScoK folded before Flop (didn't bet)



PokerStars Hand #254579062121:  Hold'em No Limit ($0.50/$1.00 USD) - 2025/01/27 14:45:44 WET [2025/01/27 9:45:44 ET]
Table 'Elektra V' 6-max Seat #3 is the button
Seat 2: janarr5 ($109.10 in chips) 
Seat 3: BoyLoc0 ($118.13 in chips) 
Seat 5: AlexEliseev7 ($133.10 in chips) 
Seat 6: MaRKiToScoK ($161.85 in chips) 
AlexEliseev7: posts small blind $0.50
MaRKiToScoK: posts big blind $1
*** HOLE CARDS ***
janarr5: folds 
BoyLoc0: folds 
AlexEliseev7: folds 
Uncalled bet ($0.50) returned to MaRKiToScoK
MaRKiToScoK collected $1 from pot
*** SUMMARY ***
Total pot $1 | Rake $0 
Seat 2: janarr5 folded before Flop (didn't bet)
Seat 3: BoyLoc0 (button) folded before Flop (didn't bet)
Seat 5: AlexEliseev7 (small blind) folded before Flop
Seat 6: MaRKiToScoK (big blind) collected ($1)



PokerStars Hand #254579064049:  Hold'em No Limit ($0.50/$1.00 USD) - 2025/01/27 14:45:54 WET [2025/01/27 9:45:54 ET]
Table 'Elektra V' 6-max Seat #5 is the button
Seat 2: janarr5 ($109.10 in chips) 
Seat 3: BoyLoc0 ($118.13 in chips) 
Seat 5: AlexEliseev7 ($132.60 in chips) 
Seat 6: MaRKiToScoK ($162.35 in chips) 
MaRKiToScoK: posts small blind $0.50
janarr5: posts big blind $1
*** HOLE CARDS ***
BoyLoc0: raises $1.50 to $2.50
AlexEliseev7: folds 
MaRKiToScoK: raises $8.50 to $11
janarr5: folds 
BoyLoc0: calls $8.50
*** FLOP *** [7d Tc 8h]
MaRKiToScoK: checks 
BoyLoc0: bets $7.26
MaRKiToScoK: folds 
Uncalled bet ($7.26) returned to BoyLoc0
BoyLoc0 collected $22 from pot
BoyLoc0: doesn't show hand 
*** SUMMARY ***
Total pot $23 | Rake $1 
Board [7d Tc 8h]
Seat 2: janarr5 (big blind) folded before Flop
Seat 3: BoyLoc0 collected ($22)
Seat 5: AlexEliseev7 (button) folded before Flop (didn't bet)
Seat 6: MaRKiToScoK (small blind) folded on the Flop



PokerStars Hand #254579072115:  Hold'em No Limit ($0.50/$1.00 USD) - 2025/01/27 14:46:38 WET [2025/01/27 9:46:38 ET]
Table 'Elektra V' 6-max Seat #6 is the button
Seat 2: janarr5 ($108.10 in chips) 
Seat 3: BoyLoc0 ($129.13 in chips) 
Seat 5: AlexEliseev7 ($132.60 in chips) 
Seat 6: MaRKiToScoK ($151.35 in chips) 
janarr5: posts small blind $0.50
BoyLoc0: posts big blind $1
*** HOLE CARDS ***
AlexEliseev7: raises $1.50 to $2.50
MaRKiToScoK: folds 
janarr5: folds 
BoyLoc0: folds 
Uncalled bet ($1.50) returned to AlexEliseev7
AlexEliseev7 collected $2.50 from pot
AlexEliseev7: doesn't show hand 
*** SUMMARY ***
Total pot $2.50 | Rake $0 
Seat 2: janarr5 (small blind) folded before Flop
Seat 3: BoyLoc0 (big blind) folded before Flop
Seat 5: AlexEliseev7 collected ($2.50)
Seat 6: MaRKiToScoK (button) folded before Flop (didn't bet)



PokerStars Hand #254579074770:  Hold'em No Limit ($0.50/$1.00 USD) - 2025/01/27 14:46:52 WET [2025/01/27 9:46:52 ET]
Table 'Elektra V' 6-max Seat #2 is the button
Seat 2: janarr5 ($107.60 in chips) 
Seat 3: BoyLoc0 ($128.13 in chips) 
Seat 5: AlexEliseev7 ($134.10 in chips) 
Seat 6: MaRKiToScoK ($151.35 in chips) 
BoyLoc0: posts small blind $0.50
AlexEliseev7: posts big blind $1
*** HOLE CARDS ***
MaRKiToScoK: folds 
janarr5: raises $1.50 to $2.50
MaRKiToScoK leaves the table
BoyLoc0: folds 
AlexEliseev7: folds 
Uncalled bet ($1.50) returned to janarr5
janarr5 collected $2.50 from pot
janarr5: doesn't show hand 
*** SUMMARY ***
Total pot $2.50 | Rake $0 
Seat 2: janarr5 (button) collected ($2.50)
Seat 3: BoyLoc0 (small blind) folded before Flop
Seat 5: AlexEliseev7 (big blind) folded before Flop
Seat 6: MaRKiToScoK folded before Flop (didn't bet)



PokerStars Hand #254579076814:  Hold'em No Limit ($0.50/$1.00 USD) - 2025/01/27 14:47:02 WET [2025/01/27 9:47:02 ET]
Table 'Elektra V' 6-max Seat #3 is the button
Seat 2: janarr5 ($109.10 in chips) 
Seat 3: BoyLoc0 ($127.63 in chips) 
Seat 5: AlexEliseev7 ($133.10 in chips) 
AlexEliseev7: posts small blind $0.50
janarr5: posts big blind $1
*** HOLE CARDS ***
BoyLoc0: raises $1.50 to $2.50
AlexEliseev7: folds 
janarr5: folds 
Uncalled bet ($1.50) returned to BoyLoc0
BoyLoc0 collected $2.50 from pot
BoyLoc0: doesn't show hand 
janarr5 leaves the table
*** SUMMARY ***
Total pot $2.50 | Rake $0 
Seat 2: janarr5 (big blind) folded before Flop
Seat 3: BoyLoc0 (button) collected ($2.50)
Seat 5: AlexEliseev7 (small blind) folded before Flop



PokerStars Hand #254579078498:  Hold'em No Limit ($0.50/$1.00 USD) - 2025/01/27 14:47:11 WET [2025/01/27 9:47:11 ET]
Table 'Elektra V' 6-max Seat #5 is the button
Seat 3: BoyLoc0 ($129.13 in chips) 
Seat 5: AlexEliseev7 ($132.60 in chips) 
AlexEliseev7: posts small blind $0.50
BoyLoc0: posts big blind $1
*** HOLE CARDS ***
AlexEliseev7: folds 
Uncalled bet ($0.50) returned to BoyLoc0
BoyLoc0 collected $1 from pot
BoyLoc0: doesn't show hand 
*** SUMMARY ***
Total pot $1 | Rake $0 
Seat 3: BoyLoc0 (big blind) collected ($1)
Seat 5: AlexEliseev7 (button) (small blind) folded before Flop



PokerStars Hand #254579079813:  Hold'em No Limit ($0.50/$1.00 USD) - 2025/01/27 14:47:18 WET [2025/01/27 9:47:18 ET]
Table 'Elektra V' 6-max Seat #3 is the button
Seat 3: BoyLoc0 ($129.63 in chips) 
Seat 5: AlexEliseev7 ($132.10 in chips) 
BoyLoc0: posts small blind $0.50
AlexEliseev7: posts big blind $1
*** HOLE CARDS ***
BoyLoc0: raises $1.50 to $2.50
AlexEliseev7: folds 
Uncalled bet ($1.50) returned to BoyLoc0
AlexEliseev7 leaves the table
BoyLoc0 collected $2 from pot
BoyLoc0: doesn't show hand 
*** SUMMARY ***
Total pot $2 | Rake $0 
Seat 3: BoyLoc0 (button) (small blind) collected ($2)
Seat 5: AlexEliseev7 (big blind) folded before Flop



PokerStars Hand #254579179190:  Hold'em No Limit ($0.50/$1.00 USD) - 2025/01/27 14:56:13 WET [2025/01/27 9:56:13 ET]
Table 'Elektra V' 6-max Seat #5 is the button
Seat 3: BoyLoc0 ($130.63 in chips) 
Seat 5: RAidakCo ($100 in chips) 
RAidakCo: posts small blind $0.50
BoyLoc0: posts big blind $1
*** HOLE CARDS ***
RAidakCo: folds 
Uncalled bet ($0.50) returned to BoyLoc0
BoyLoc0 collected $1 from pot
BoyLoc0: doesn't show hand 
*** SUMMARY ***
Total pot $1 | Rake $0 
Seat 3: BoyLoc0 (big blind) collected ($1)
Seat 5: RAidakCo (button) (small blind) folded before Flop



PokerStars Hand #254579184805:  Hold'em No Limit ($0.50/$1.00 USD) - 2025/01/27 14:56:50 WET [2025/01/27 9:56:50 ET]
Table 'Elektra V' 6-max Seat #2 is the button
Seat 2: BoyLoc0 ($131.13 in chips) 
Seat 5: RAidakCo ($100 in chips) 
BoyLoc0: posts small blind $0.50
RAidakCo: posts big blind $1
*** HOLE CARDS ***
BoyLoc0: raises $1.50 to $2.50
RAidakCo: folds 
Uncalled bet ($1.50) returned to BoyLoc0
BoyLoc0 collected $2 from pot
BoyLoc0: doesn't show hand 
*** SUMMARY ***
Total pot $2 | Rake $0 
Seat 2: BoyLoc0 (button) (small blind) collected ($2)
Seat 5: RAidakCo (big blind) folded before Flop



