PokerStars Hand #254586703670:  Hold'em No Limit ($0.50/$1.00 USD) - 2025/01/27 22:46:17 WET [2025/01/27 17:46:17 ET]
Table 'Saskia IV' 6-max Seat #2 is the button
Seat 1: SorinS28 ($100 in chips) 
Seat 2: blackclan7 ($100 in chips) 
Seat 3: Manifestorr ($100 in chips) 
Seat 4: CallMeeeCraig ($100 in chips) 
Seat 5: andutu34 ($100 in chips) 
Seat 6: shopper456 ($38.39 in chips) 
Manifestorr: posts small blind $0.50
CallMeeeCraig: posts big blind $1
*** HOLE CARDS ***
andutu34: folds 
shopper456: raises $1 to $2
SorinS28: folds 
blackclan7: folds 
Manifestorr: folds 
CallMeeeCraig: folds 
Uncalled bet ($1) returned to shopper456
shopper456 collected $2.50 from pot
*** SUMMARY ***
Total pot $2.50 | Rake $0 
Seat 1: SorinS28 folded before Flop (didn't bet)
Seat 2: blackclan7 (button) folded before Flop (didn't bet)
Seat 3: Manifestorr (small blind) folded before Flop
Seat 4: CallMeeeCraig (big blind) folded before Flop
Seat 5: andutu34 folded before Flop (didn't bet)
Seat 6: shopper456 collected ($2.50)



PokerStars Hand #254586709705:  Hold'em No Limit ($0.50/$1.00 USD) - 2025/01/27 22:46:38 WET [2025/01/27 17:46:38 ET]
Table 'Saskia IV' 6-max Seat #3 is the button
Seat 1: SorinS28 ($100 in chips) 
Seat 2: blackclan7 ($100 in chips) 
Seat 3: Manifestorr ($100 in chips) 
Seat 4: CallMeeeCraig ($100 in chips) 
Seat 5: andutu34 ($100 in chips) 
Seat 6: shopper456 ($39.89 in chips) 
CallMeeeCraig: posts small blind $0.50
andutu34: posts big blind $1
*** HOLE CARDS ***
shopper456: folds 
SorinS28: folds 
blackclan7: folds 
Manifestorr: folds 
CallMeeeCraig: folds 
Uncalled bet ($0.50) returned to andutu34
andutu34 collected $1 from pot
andutu34: doesn't show hand 
*** SUMMARY ***
Total pot $1 | Rake $0 
Seat 1: SorinS28 folded before Flop (didn't bet)
Seat 2: blackclan7 folded before Flop (didn't bet)
Seat 3: Manifestorr (button) folded before Flop (didn't bet)
Seat 4: CallMeeeCraig (small blind) folded before Flop
Seat 5: andutu34 (big blind) collected ($1)
Seat 6: shopper456 folded before Flop (didn't bet)



PokerStars Hand #254586714962:  Hold'em No Limit ($0.50/$1.00 USD) - 2025/01/27 22:46:57 WET [2025/01/27 17:46:57 ET]
Table 'Saskia IV' 6-max Seat #4 is the button
Seat 1: SorinS28 ($100 in chips) 
Seat 2: blackclan7 ($100 in chips) 
Seat 3: Manifestorr ($100 in chips) 
Seat 4: CallMeeeCraig ($100 in chips) 
Seat 5: andutu34 ($100.50 in chips) 
Seat 6: shopper456 ($39.89 in chips) 
andutu34: posts small blind $0.50
shopper456: posts big blind $1
*** HOLE CARDS ***
SorinS28: folds 
blackclan7: folds 
Manifestorr: raises $1.20 to $2.20
CallMeeeCraig: folds 
andutu34: folds 
shopper456: calls $1.20
*** FLOP *** [Tc 5c 9c]
shopper456: checks 
Manifestorr: checks 
*** TURN *** [Tc 5c 9c] [Qd]
shopper456: bets $5.33
Manifestorr: calls $5.33
*** RIVER *** [Tc 5c 9c Qd] [3c]
shopper456: checks 
Manifestorr: checks 
*** SHOW DOWN ***
shopper456: shows [8s Jd] (a straight, Eight to Queen)
Manifestorr: mucks hand 
shopper456 collected $14.78 from pot
*** SUMMARY ***
Total pot $15.56 | Rake $0.78 
Board [Tc 5c 9c Qd 3c]
Seat 1: SorinS28 folded before Flop (didn't bet)
Seat 2: blackclan7 folded before Flop (didn't bet)
Seat 3: Manifestorr mucked
Seat 4: CallMeeeCraig (button) folded before Flop (didn't bet)
Seat 5: andutu34 (small blind) folded before Flop
Seat 6: shopper456 (big blind) showed [8s Jd] and won ($14.78) with a straight, Eight to Queen



PokerStars Hand #254586726744:  Hold'em No Limit ($0.50/$1.00 USD) - 2025/01/27 22:47:40 WET [2025/01/27 17:47:40 ET]
Table 'Saskia IV' 6-max Seat #5 is the button
Seat 1: SorinS28 ($100 in chips) 
Seat 2: blackclan7 ($100 in chips) 
Seat 3: Manifestorr ($100 in chips) 
Seat 4: CallMeeeCraig ($100 in chips) 
Seat 5: andutu34 ($100 in chips) 
Seat 6: shopper456 ($47.14 in chips) 
shopper456: posts small blind $0.50
SorinS28: posts big blind $1
*** HOLE CARDS ***
blackclan7: raises $1 to $2
Manifestorr: folds 
CallMeeeCraig: folds 
andutu34: folds 
shopper456: calls $1.50
SorinS28: calls $1
*** FLOP *** [7c Ad Qh]
shopper456: checks 
SorinS28: checks 
blackclan7: bets $1.88
shopper456: calls $1.88
SorinS28: folds 
*** TURN *** [7c Ad Qh] [6s]
shopper456: checks 
blackclan7: bets $6.12
shopper456: calls $6.12
*** RIVER *** [7c Ad Qh 6s] [3h]
shopper456: checks 
blackclan7: bets $13.79
shopper456: calls $13.79
*** SHOW DOWN ***
blackclan7: shows [Ac Jc] (a pair of Aces)
shopper456: mucks hand 
blackclan7 collected $47.10 from pot
*** SUMMARY ***
Total pot $49.58 | Rake $2.48 
Board [7c Ad Qh 6s 3h]
Seat 1: SorinS28 (big blind) folded on the Flop
Seat 2: blackclan7 showed [Ac Jc] and won ($47.10) with a pair of Aces
Seat 3: Manifestorr folded before Flop (didn't bet)
Seat 4: CallMeeeCraig folded before Flop (didn't bet)
Seat 5: andutu34 (button) folded before Flop (didn't bet)
Seat 6: shopper456 (small blind) mucked



PokerStars Hand #254586745937:  Hold'em No Limit ($0.50/$1.00 USD) - 2025/01/27 22:48:50 WET [2025/01/27 17:48:50 ET]
Table 'Saskia IV' 6-max Seat #6 is the button
Seat 1: SorinS28 ($100 in chips) 
Seat 2: blackclan7 ($123.31 in chips) 
Seat 3: Manifestorr ($100 in chips) 
Seat 4: CallMeeeCraig ($100 in chips) 
Seat 5: andutu34 ($100 in chips) 
Seat 6: shopper456 ($23.35 in chips) 
SorinS28: posts small blind $0.50
blackclan7: posts big blind $1
*** HOLE CARDS ***
Manifestorr: folds 
CallMeeeCraig: folds 
andutu34: folds 
shopper456: folds 
SorinS28: raises $2 to $3
blackclan7: calls $2
*** FLOP *** [3c 2c 4d]
SorinS28: checks 
blackclan7: checks 
*** TURN *** [3c 2c 4d] [Tc]
SorinS28: checks 
blackclan7: bets $1.88
SorinS28: calls $1.88
*** RIVER *** [3c 2c 4d Tc] [9h]
SorinS28: checks 
blackclan7: checks 
*** SHOW DOWN ***
SorinS28: shows [As Qd] (high card Ace)
blackclan7: shows [Td Qh] (a pair of Tens)
blackclan7 collected $9.27 from pot
*** SUMMARY ***
Total pot $9.76 | Rake $0.49 
Board [3c 2c 4d Tc 9h]
Seat 1: SorinS28 (small blind) showed [As Qd] and lost with high card Ace
Seat 2: blackclan7 (big blind) showed [Td Qh] and won ($9.27) with a pair of Tens
Seat 3: Manifestorr folded before Flop (didn't bet)
Seat 4: CallMeeeCraig folded before Flop (didn't bet)
Seat 5: andutu34 folded before Flop (didn't bet)
Seat 6: shopper456 (button) folded before Flop (didn't bet)



PokerStars Hand #254586765785:  Hold'em No Limit ($0.50/$1.00 USD) - 2025/01/27 22:50:00 WET [2025/01/27 17:50:00 ET]
Table 'Saskia IV' 6-max Seat #1 is the button
Seat 1: SorinS28 ($100 in chips) 
Seat 2: blackclan7 ($127.70 in chips) 
Seat 3: Manifestorr ($100 in chips) 
Seat 4: CallMeeeCraig ($100 in chips) 
Seat 5: andutu34 ($100 in chips) 
Seat 6: shopper456 ($23.35 in chips) 
blackclan7: posts small blind $0.50
Manifestorr: posts big blind $1
*** HOLE CARDS ***
CallMeeeCraig: folds 
andutu34: folds 
shopper456: folds 
SorinS28: raises $1.50 to $2.50
blackclan7: folds 
Manifestorr: calls $1.50
*** FLOP *** [6h Qd 8h]
Manifestorr: checks 
SorinS28: bets $1.46
Manifestorr: folds 
Uncalled bet ($1.46) returned to SorinS28
SorinS28 collected $5.22 from pot
SorinS28: doesn't show hand 
*** SUMMARY ***
Total pot $5.50 | Rake $0.28 
Board [6h Qd 8h]
Seat 1: SorinS28 (button) collected ($5.22)
Seat 2: blackclan7 (small blind) folded before Flop
Seat 3: Manifestorr (big blind) folded on the Flop
Seat 4: CallMeeeCraig folded before Flop (didn't bet)
Seat 5: andutu34 folded before Flop (didn't bet)
Seat 6: shopper456 folded before Flop (didn't bet)



PokerStars Hand #254586773245:  Hold'em No Limit ($0.50/$1.00 USD) - 2025/01/27 22:50:28 WET [2025/01/27 17:50:28 ET]
Table 'Saskia IV' 6-max Seat #2 is the button
Seat 1: SorinS28 ($102.72 in chips) 
Seat 2: blackclan7 ($127.20 in chips) 
Seat 3: Manifestorr ($100 in chips) 
Seat 4: CallMeeeCraig ($100 in chips) 
Seat 5: andutu34 ($100 in chips) 
Seat 6: shopper456 ($23.35 in chips) 
Manifestorr: posts small blind $0.50
CallMeeeCraig: posts big blind $1
*** HOLE CARDS ***
andutu34: raises $1 to $2
shopper456: folds 
SorinS28: folds 
blackclan7: folds 
Manifestorr: folds 
CallMeeeCraig: raises $8 to $10
andutu34: folds 
Uncalled bet ($8) returned to CallMeeeCraig
CallMeeeCraig collected $4.50 from pot
CallMeeeCraig: doesn't show hand 
*** SUMMARY ***
Total pot $4.50 | Rake $0 
Seat 1: SorinS28 folded before Flop (didn't bet)
Seat 2: blackclan7 (button) folded before Flop (didn't bet)
Seat 3: Manifestorr (small blind) folded before Flop
Seat 4: CallMeeeCraig (big blind) collected ($4.50)
Seat 5: andutu34 folded before Flop
Seat 6: shopper456 folded before Flop (didn't bet)



PokerStars Hand #254586781858:  Hold'em No Limit ($0.50/$1.00 USD) - 2025/01/27 22:50:58 WET [2025/01/27 17:50:58 ET]
Table 'Saskia IV' 6-max Seat #3 is the button
Seat 1: SorinS28 ($102.72 in chips) 
Seat 2: blackclan7 ($127.20 in chips) 
Seat 3: Manifestorr ($100 in chips) 
Seat 4: CallMeeeCraig ($102.50 in chips) 
Seat 5: andutu34 ($100 in chips) 
Seat 6: shopper456 ($23.35 in chips) 
CallMeeeCraig: posts small blind $0.50
andutu34: posts big blind $1
*** HOLE CARDS ***
shopper456: raises $1 to $2
SorinS28: folds 
blackclan7: raises $4.13 to $6.13
Manifestorr: folds 
CallMeeeCraig: folds 
andutu34: folds 
shopper456: raises $17.22 to $23.35 and is all-in
blackclan7: calls $17.22
*** FLOP *** [5h 7s 3c]
*** TURN *** [5h 7s 3c] [5s]
*** RIVER *** [5h 7s 3c 5s] [2c]
*** SHOW DOWN ***
shopper456: shows [Jc Ac] (a pair of Fives)
blackclan7: shows [Qc Kd] (a pair of Fives - lower kicker)
shopper456 collected $45.79 from pot
blackclan7 cashed out the hand for $17.26 | Cash Out Fee $0.35
*** SUMMARY ***
Total pot $48.20 | Rake $2.41 
Board [5h 7s 3c 5s 2c]
Seat 1: SorinS28 folded before Flop (didn't bet)
Seat 2: blackclan7 showed [Qc Kd] and lost with a pair of Fives (cashed out).
Seat 3: Manifestorr (button) folded before Flop (didn't bet)
Seat 4: CallMeeeCraig (small blind) folded before Flop
Seat 5: andutu34 (big blind) folded before Flop
Seat 6: shopper456 showed [Jc Ac] and won ($45.79) with a pair of Fives



PokerStars Hand #254586794428:  Hold'em No Limit ($0.50/$1.00 USD) - 2025/01/27 22:51:43 WET [2025/01/27 17:51:43 ET]
Table 'Saskia IV' 6-max Seat #4 is the button
Seat 1: SorinS28 ($102.72 in chips) 
Seat 2: blackclan7 ($121.11 in chips) 
Seat 3: Manifestorr ($100 in chips) 
Seat 4: CallMeeeCraig ($102 in chips) 
Seat 5: andutu34 ($100 in chips) 
Seat 6: shopper456 ($45.79 in chips) 
andutu34: posts small blind $0.50
shopper456: posts big blind $1
*** HOLE CARDS ***
SorinS28: folds 
blackclan7: folds 
Manifestorr: folds 
CallMeeeCraig: raises $1.20 to $2.20
andutu34: raises $7.83 to $10.03
shopper456: folds 
CallMeeeCraig: raises $11.97 to $22
andutu34: calls $11.97
*** FLOP *** [7s 3h 6h]
andutu34: checks 
CallMeeeCraig: bets $11
andutu34: folds 
Uncalled bet ($11) returned to CallMeeeCraig
CallMeeeCraig collected $42.75 from pot
CallMeeeCraig: doesn't show hand 
*** SUMMARY ***
Total pot $45 | Rake $2.25 
Board [7s 3h 6h]
Seat 1: SorinS28 folded before Flop (didn't bet)
Seat 2: blackclan7 folded before Flop (didn't bet)
Seat 3: Manifestorr folded before Flop (didn't bet)
Seat 4: CallMeeeCraig (button) collected ($42.75)
Seat 5: andutu34 (small blind) folded on the Flop
Seat 6: shopper456 (big blind) folded before Flop



PokerStars Hand #254586814487:  Hold'em No Limit ($0.50/$1.00 USD) - 2025/01/27 22:52:56 WET [2025/01/27 17:52:56 ET]
Table 'Saskia IV' 6-max Seat #5 is the button
Seat 1: SorinS28 ($102.72 in chips) 
Seat 2: blackclan7 ($121.11 in chips) 
Seat 3: Manifestorr ($100 in chips) 
Seat 4: CallMeeeCraig ($122.75 in chips) 
Seat 5: andutu34 ($100 in chips) 
Seat 6: shopper456 ($44.79 in chips) 
shopper456: posts small blind $0.50
SorinS28: posts big blind $1
*** HOLE CARDS ***
blackclan7: folds 
blackclan7 leaves the table
Manifestorr: folds 
CallMeeeCraig: folds 
andutu34: folds 
shopper456: folds 
Uncalled bet ($0.50) returned to SorinS28
SorinS28 collected $1 from pot
SorinS28: doesn't show hand 
*** SUMMARY ***
Total pot $1 | Rake $0 
Seat 1: SorinS28 (big blind) collected ($1)
Seat 2: blackclan7 folded before Flop (didn't bet)
Seat 3: Manifestorr folded before Flop (didn't bet)
Seat 4: CallMeeeCraig folded before Flop (didn't bet)
Seat 5: andutu34 (button) folded before Flop (didn't bet)
Seat 6: shopper456 (small blind) folded before Flop



PokerStars Hand #254586817780:  Hold'em No Limit ($0.50/$1.00 USD) - 2025/01/27 22:53:08 WET [2025/01/27 17:53:08 ET]
Table 'Saskia IV' 6-max Seat #6 is the button
Seat 1: SorinS28 ($103.22 in chips) 
Seat 3: Manifestorr ($100 in chips) 
Seat 4: CallMeeeCraig ($122.75 in chips) 
Seat 5: andutu34 ($100 in chips) 
Seat 6: shopper456 ($44.29 in chips) 
SorinS28: posts small blind $0.50
Manifestorr: posts big blind $1
*** HOLE CARDS ***
CallMeeeCraig: folds 
andutu34: raises $1.30 to $2.30
shopper456: calls $2.30
CallMeeeCraig leaves the table
m0nTTu joins the table at seat #2 
SorinS28: raises $11.85 to $14.15
Seavus10 joins the table at seat #4 
Manifestorr: raises $11.85 to $26
andutu34: folds 
shopper456: folds 
SorinS28: calls $11.85
*** FLOP *** [Qd 7h As]
SorinS28: checks 
Manifestorr: checks 
*** TURN *** [Qd 7h As] [5h]
SorinS28: checks 
Manifestorr: checks 
*** RIVER *** [Qd 7h As 5h] [Ks]
SorinS28: checks 
Manifestorr: checks 
*** SHOW DOWN ***
SorinS28: shows [9c 9s] (a pair of Nines)
Manifestorr: shows [Js Jc] (a pair of Jacks)
Manifestorr collected $54.10 from pot
*** SUMMARY ***
Total pot $56.60 | Rake $2.50 
Board [Qd 7h As 5h Ks]
Seat 1: SorinS28 (small blind) showed [9c 9s] and lost with a pair of Nines
Seat 3: Manifestorr (big blind) showed [Js Jc] and won ($54.10) with a pair of Jacks
Seat 4: CallMeeeCraig folded before Flop (didn't bet)
Seat 5: andutu34 folded before Flop
Seat 6: shopper456 (button) folded before Flop



PokerStars Hand #254586844128:  Hold'em No Limit ($0.50/$1.00 USD) - 2025/01/27 22:54:44 WET [2025/01/27 17:54:44 ET]
Table 'Saskia IV' 6-max Seat #1 is the button
Seat 2: m0nTTu ($10 in chips) is sitting out
Seat 1: SorinS28 ($100 in chips) 
Seat 3: Manifestorr ($128.10 in chips) 
Seat 4: Seavus10 ($100 in chips) 
Seat 5: andutu34 ($100 in chips) 
Seat 6: shopper456 ($41.99 in chips) 
Manifestorr: posts small blind $0.50
Seavus10: posts big blind $1
*** HOLE CARDS ***
andutu34: raises $1 to $2
shopper456: calls $2
SorinS28: folds 
Manifestorr: raises $10 to $12
Seavus10: folds 
andutu34: folds 
shopper456: folds 
Uncalled bet ($10) returned to Manifestorr
Manifestorr collected $7 from pot
*** SUMMARY ***
Total pot $7 | Rake $0 
Seat 2: m0nTTu
Seat 1: SorinS28 (button) folded before Flop (didn't bet)
Seat 3: Manifestorr (small blind) collected ($7)
Seat 4: Seavus10 (big blind) folded before Flop
Seat 5: andutu34 folded before Flop
Seat 6: shopper456 folded before Flop



PokerStars Hand #254586851808:  Hold'em No Limit ($0.50/$1.00 USD) - 2025/01/27 22:55:14 WET [2025/01/27 17:55:14 ET]
Table 'Saskia IV' 6-max Seat #3 is the button
Seat 2: m0nTTu ($10 in chips) is sitting out
Seat 1: SorinS28 ($100 in chips) 
Seat 3: Manifestorr ($133.10 in chips) 
Seat 4: Seavus10 ($100 in chips) 
Seat 5: andutu34 ($100 in chips) 
Seat 6: shopper456 ($39.99 in chips) 
Seavus10: posts small blind $0.50
andutu34: posts big blind $1
m0nTTu: sits out 
*** HOLE CARDS ***
shopper456: folds 
SorinS28: raises $1.30 to $2.30
Manifestorr: folds 
Seavus10: folds 
andutu34: calls $1.30
*** FLOP *** [7c 4s Js]
andutu34: checks 
SorinS28: bets $3.24
andutu34: calls $3.24
*** TURN *** [7c 4s Js] [2d]
andutu34: checks 
SorinS28: bets $13.75
andutu34: folds 
Uncalled bet ($13.75) returned to SorinS28
SorinS28 collected $11 from pot
SorinS28: doesn't show hand 
*** SUMMARY ***
Total pot $11.58 | Rake $0.58 
Board [7c 4s Js 2d]
Seat 2: m0nTTu
Seat 1: SorinS28 collected ($11)
Seat 3: Manifestorr (button) folded before Flop (didn't bet)
Seat 4: Seavus10 (small blind) folded before Flop
Seat 5: andutu34 (big blind) folded on the Turn
Seat 6: shopper456 folded before Flop (didn't bet)



PokerStars Hand #254586864956:  Hold'em No Limit ($0.50/$1.00 USD) - 2025/01/27 22:56:22 WET [2025/01/27 17:56:22 ET]
Table 'Saskia IV' 6-max Seat #4 is the button
Seat 2: m0nTTu ($10 in chips) is sitting out
Seat 1: SorinS28 ($105.46 in chips) 
Seat 3: Manifestorr ($133.10 in chips) 
Seat 4: Seavus10 ($100 in chips) 
Seat 5: andutu34 ($100 in chips) 
Seat 6: shopper456 ($39.99 in chips) 
andutu34: posts small blind $0.50
shopper456: posts big blind $1
m0nTTu: sits out 
*** HOLE CARDS ***
SorinS28: folds 
Manifestorr: folds 
Seavus10: raises $1.50 to $2.50
andutu34: folds 
shopper456: calls $1.50
*** FLOP *** [Tc Ad Ts]
shopper456: checks 
Seavus10: bets $1.31
shopper456: raises $3.31 to $4.62
Seavus10: folds 
Uncalled bet ($3.31) returned to shopper456
shopper456 collected $7.71 from pot
*** SUMMARY ***
Total pot $8.12 | Rake $0.41 
Board [Tc Ad Ts]
Seat 2: m0nTTu
Seat 1: SorinS28 folded before Flop (didn't bet)
Seat 3: Manifestorr folded before Flop (didn't bet)
Seat 4: Seavus10 (button) folded on the Flop
Seat 5: andutu34 (small blind) folded before Flop
Seat 6: shopper456 (big blind) collected ($7.71)



PokerStars Hand #254586872996:  Hold'em No Limit ($0.50/$1.00 USD) - 2025/01/27 22:57:02 WET [2025/01/27 17:57:02 ET]
Table 'Saskia IV' 6-max Seat #5 is the button
Seat 2: m0nTTu ($10 in chips) is sitting out
Seat 1: SorinS28 ($105.46 in chips) 
Seat 3: Manifestorr ($133.10 in chips) 
Seat 4: Seavus10 ($100 in chips) 
Seat 5: andutu34 ($100 in chips) 
Seat 6: shopper456 ($43.89 in chips) 
shopper456: posts small blind $0.50
SorinS28: posts big blind $1
m0nTTu: sits out 
*** HOLE CARDS ***
Manifestorr: folds 
Seavus10: folds 
andutu34: raises $1.49 to $2.49
shopper456: folds 
SorinS28: calls $1.49
*** FLOP *** [Tc Ks 8s]
SorinS28: checks 
andutu34: bets $1.72
SorinS28: folds 
Uncalled bet ($1.72) returned to andutu34
andutu34 collected $5.21 from pot
andutu34: doesn't show hand 
*** SUMMARY ***
Total pot $5.48 | Rake $0.27 
Board [Tc Ks 8s]
Seat 2: m0nTTu
Seat 1: SorinS28 (big blind) folded on the Flop
Seat 3: Manifestorr folded before Flop (didn't bet)
Seat 4: Seavus10 folded before Flop (didn't bet)
Seat 5: andutu34 (button) collected ($5.21)
Seat 6: shopper456 (small blind) folded before Flop



PokerStars Hand #254586882700:  Hold'em No Limit ($0.50/$1.00 USD) - 2025/01/27 22:57:52 WET [2025/01/27 17:57:52 ET]
Table 'Saskia IV' 6-max Seat #6 is the button
Seat 1: SorinS28 ($102.97 in chips) 
Seat 2: m0nTTu ($10 in chips) 
Seat 3: Manifestorr ($133.10 in chips) 
Seat 4: Seavus10 ($100 in chips) 
Seat 5: andutu34 ($102.72 in chips) 
Seat 6: shopper456 ($43.39 in chips) 
SorinS28: posts small blind $0.50
m0nTTu: posts big blind $1
*** HOLE CARDS ***
Manifestorr: raises $1.20 to $2.20
Seavus10: folds 
andutu34: folds 
shopper456: folds 
SorinS28: folds 
m0nTTu: folds 
Uncalled bet ($1.20) returned to Manifestorr
Manifestorr collected $2.50 from pot
*** SUMMARY ***
Total pot $2.50 | Rake $0 
Seat 1: SorinS28 (small blind) folded before Flop
Seat 2: m0nTTu (big blind) folded before Flop
Seat 3: Manifestorr collected ($2.50)
Seat 4: Seavus10 folded before Flop (didn't bet)
Seat 5: andutu34 folded before Flop (didn't bet)
Seat 6: shopper456 (button) folded before Flop (didn't bet)



PokerStars Hand #254586894209:  Hold'em No Limit ($0.50/$1.00 USD) - 2025/01/27 22:58:51 WET [2025/01/27 17:58:51 ET]
Table 'Saskia IV' 6-max Seat #1 is the button
Seat 1: SorinS28 ($102.47 in chips) 
Seat 2: m0nTTu ($10 in chips) 
Seat 3: Manifestorr ($134.60 in chips) 
Seat 4: Seavus10 ($100 in chips) 
Seat 5: andutu34 ($102.72 in chips) 
Seat 6: shopper456 ($43.39 in chips) 
m0nTTu: posts small blind $0.50
Manifestorr: posts big blind $1
*** HOLE CARDS ***
Seavus10: folds 
andutu34: folds 
shopper456: raises $1 to $2
SorinS28: folds 
m0nTTu: folds 
Manifestorr: folds 
Uncalled bet ($1) returned to shopper456
shopper456 collected $2.50 from pot
*** SUMMARY ***
Total pot $2.50 | Rake $0 
Seat 1: SorinS28 (button) folded before Flop (didn't bet)
Seat 2: m0nTTu (small blind) folded before Flop
Seat 3: Manifestorr (big blind) folded before Flop
Seat 4: Seavus10 folded before Flop (didn't bet)
Seat 5: andutu34 folded before Flop (didn't bet)
Seat 6: shopper456 collected ($2.50)



PokerStars Hand #254586897497:  Hold'em No Limit ($0.50/$1.00 USD) - 2025/01/27 22:59:08 WET [2025/01/27 17:59:08 ET]
Table 'Saskia IV' 6-max Seat #2 is the button
Seat 1: SorinS28 ($102.47 in chips) 
Seat 2: m0nTTu ($10 in chips) 
Seat 3: Manifestorr ($133.60 in chips) 
Seat 4: Seavus10 ($100 in chips) 
Seat 5: andutu34 ($102.72 in chips) 
Seat 6: shopper456 ($44.89 in chips) 
Manifestorr: posts small blind $0.50
Seavus10: posts big blind $1
*** HOLE CARDS ***
andutu34: raises $1 to $2
shopper456: folds 
SorinS28: folds 
m0nTTu: folds 
Manifestorr: calls $1.50
Seavus10: folds 
*** FLOP *** [Qh 4d 3c]
Manifestorr: checks 
andutu34: bets $1.57
Manifestorr: calls $1.57
*** TURN *** [Qh 4d 3c] [6c]
Manifestorr: checks 
andutu34: bets $5.80
Manifestorr: folds 
Uncalled bet ($5.80) returned to andutu34
andutu34 collected $7.73 from pot
andutu34: doesn't show hand 
*** SUMMARY ***
Total pot $8.14 | Rake $0.41 
Board [Qh 4d 3c 6c]
Seat 1: SorinS28 folded before Flop (didn't bet)
Seat 2: m0nTTu (button) folded before Flop (didn't bet)
Seat 3: Manifestorr (small blind) folded on the Turn
Seat 4: Seavus10 (big blind) folded before Flop
Seat 5: andutu34 collected ($7.73)
Seat 6: shopper456 folded before Flop (didn't bet)



