PokerStars Hand #254577938389:  Hold'em No Limit ($0.50/$1.00 USD) - 2025/01/27 12:51:51 WET [2025/01/27 7:51:51 ET]
Table 'Pherkard IV' 6-max Seat #2 is the button
Seat 2: AdinMa1191 ($51.14 in chips) 
Seat 3: Rdalonso ($100 in chips) 
Seat 4: mr.Jckpot ($100 in chips) 
Seat 5: VahTang_89 ($100 in chips) 
Rdalonso: posts small blind $0.50
mr.Jckpot: posts big blind $1
*** HOLE CARDS ***
VahTang_89: raises $1.20 to $2.20
AdinMa1191: calls $2.20
Rdalonso: folds 
mr.Jckpot: folds 
*** FLOP *** [2c Js 6c]
VahTang_89: bets $2.80
AdinMa1191: folds 
Uncalled bet ($2.80) returned to VahTang_89
Kreayshawn joins the table at seat #6 
VahTang_89 collected $5.60 from pot
VahTang_89: doesn't show hand 
*** SUMMARY ***
Total pot $5.90 | Rake $0.30 
Board [2c Js 6c]
Seat 2: AdinMa1191 (button) folded on the Flop
Seat 3: Rdalonso (small blind) folded before Flop
Seat 4: mr.Jckpot (big blind) folded before Flop
Seat 5: VahTang_89 collected ($5.60)



PokerStars Hand #254577941289:  Hold'em No Limit ($0.50/$1.00 USD) - 2025/01/27 12:52:11 WET [2025/01/27 7:52:11 ET]
Table 'Pherkard IV' 6-max Seat #3 is the button
Seat 6: Kreayshawn ($100 in chips) is sitting out
Seat 2: AdinMa1191 ($48.94 in chips) 
Seat 3: Rdalonso ($100 in chips) 
Seat 4: mr.Jckpot ($100 in chips) 
Seat 5: VahTang_89 ($103.40 in chips) 
mr.Jckpot: posts small blind $0.50
VahTang_89: posts big blind $1
Kreayshawn: sits out 
*** HOLE CARDS ***
Fold Your Cats joins the table at seat #1 
AdinMa1191: calls $1
Rdalonso: raises $4 to $5
mr.Jckpot: folds 
VahTang_89: folds 
AdinMa1191: folds 
Uncalled bet ($4) returned to Rdalonso
Rdalonso collected $3.50 from pot
Rdalonso: doesn't show hand 
*** SUMMARY ***
Total pot $3.50 | Rake $0 
Seat 6: Kreayshawn
Seat 2: AdinMa1191 folded before Flop
Seat 3: Rdalonso (button) collected ($3.50)
Seat 4: mr.Jckpot (small blind) folded before Flop
Seat 5: VahTang_89 (big blind) folded before Flop



PokerStars Hand #254577943756:  Hold'em No Limit ($0.50/$1.00 USD) - 2025/01/27 12:52:27 WET [2025/01/27 7:52:27 ET]
Table 'Pherkard IV' 6-max Seat #4 is the button
Seat 1: Fold Your Cats ($100 in chips) is sitting out
Seat 2: AdinMa1191 ($47.94 in chips) 
Seat 3: Rdalonso ($102.50 in chips) 
Seat 4: mr.Jckpot ($100 in chips) 
Seat 5: VahTang_89 ($102.40 in chips) 
Seat 6: Kreayshawn ($100 in chips) 
VahTang_89: posts small blind $0.50
Kreayshawn: posts big blind $1
Fold Your Cats: sits out 
*** HOLE CARDS ***
AdinMa1191: calls $1
Rdalonso: raises $4 to $5
mr.Jckpot: folds 
VahTang_89: folds 
Kreayshawn: calls $4
AdinMa1191: calls $4
*** FLOP *** [6s 2c 9h]
Kreayshawn: checks 
AdinMa1191: checks 
Rdalonso: checks 
*** TURN *** [6s 2c 9h] [5d]
Kreayshawn: bets $7.51
AdinMa1191: folds 
Rdalonso: folds 
Uncalled bet ($7.51) returned to Kreayshawn
Kreayshawn collected $14.72 from pot
*** SUMMARY ***
Total pot $15.50 | Rake $0.78 
Board [6s 2c 9h 5d]
Seat 1: Fold Your Cats
Seat 2: AdinMa1191 folded on the Turn
Seat 3: Rdalonso folded on the Turn
Seat 4: mr.Jckpot (button) folded before Flop (didn't bet)
Seat 5: VahTang_89 (small blind) folded before Flop
Seat 6: Kreayshawn (big blind) collected ($14.72)



PokerStars Hand #254577952152:  Hold'em No Limit ($0.50/$1.00 USD) - 2025/01/27 12:53:23 WET [2025/01/27 7:53:23 ET]
Table 'Pherkard IV' 6-max Seat #5 is the button
Seat 1: Fold Your Cats ($100 in chips) 
Seat 2: AdinMa1191 ($42.94 in chips) 
Seat 3: Rdalonso ($100 in chips) 
Seat 4: mr.Jckpot ($100 in chips) 
Seat 5: VahTang_89 ($101.90 in chips) 
Seat 6: Kreayshawn ($109.72 in chips) 
Kreayshawn: posts small blind $0.50
Fold Your Cats: posts big blind $1
*** HOLE CARDS ***
AdinMa1191: folds 
Rdalonso: folds 
mr.Jckpot: folds 
VahTang_89: raises $1.20 to $2.20
Kreayshawn: folds 
Fold Your Cats: raises $8.80 to $11
VahTang_89: folds 
Uncalled bet ($8.80) returned to Fold Your Cats
Fold Your Cats collected $4.90 from pot
Fold Your Cats: doesn't show hand 
*** SUMMARY ***
Total pot $4.90 | Rake $0 
Seat 1: Fold Your Cats (big blind) collected ($4.90)
Seat 2: AdinMa1191 folded before Flop (didn't bet)
Seat 3: Rdalonso folded before Flop (didn't bet)
Seat 4: mr.Jckpot folded before Flop (didn't bet)
Seat 5: VahTang_89 (button) folded before Flop
Seat 6: Kreayshawn (small blind) folded before Flop



PokerStars Hand #254577955826:  Hold'em No Limit ($0.50/$1.00 USD) - 2025/01/27 12:53:47 WET [2025/01/27 7:53:47 ET]
Table 'Pherkard IV' 6-max Seat #6 is the button
Seat 1: Fold Your Cats ($102.70 in chips) 
Seat 2: AdinMa1191 ($42.94 in chips) 
Seat 3: Rdalonso ($100 in chips) 
Seat 4: mr.Jckpot ($100 in chips) 
Seat 5: VahTang_89 ($100 in chips) 
Seat 6: Kreayshawn ($109.22 in chips) 
Fold Your Cats: posts small blind $0.50
AdinMa1191: posts big blind $1
*** HOLE CARDS ***
Rdalonso: folds 
mr.Jckpot: folds 
VahTang_89: folds 
Kreayshawn: folds 
Fold Your Cats: folds 
Uncalled bet ($0.50) returned to AdinMa1191
AdinMa1191 collected $1 from pot
*** SUMMARY ***
Total pot $1 | Rake $0 
Seat 1: Fold Your Cats (small blind) folded before Flop
Seat 2: AdinMa1191 (big blind) collected ($1)
Seat 3: Rdalonso folded before Flop (didn't bet)
Seat 4: mr.Jckpot folded before Flop (didn't bet)
Seat 5: VahTang_89 folded before Flop (didn't bet)
Seat 6: Kreayshawn (button) folded before Flop (didn't bet)



PokerStars Hand #254577958377:  Hold'em No Limit ($0.50/$1.00 USD) - 2025/01/27 12:54:04 WET [2025/01/27 7:54:04 ET]
Table 'Pherkard IV' 6-max Seat #1 is the button
Seat 1: Fold Your Cats ($102.20 in chips) 
Seat 2: AdinMa1191 ($43.44 in chips) 
Seat 3: Rdalonso ($100 in chips) 
Seat 4: mr.Jckpot ($100 in chips) 
Seat 5: VahTang_89 ($100 in chips) 
Seat 6: Kreayshawn ($109.22 in chips) 
AdinMa1191: posts small blind $0.50
Rdalonso: posts big blind $1
*** HOLE CARDS ***
mr.Jckpot: folds 
VahTang_89: folds 
Kreayshawn: folds 
Fold Your Cats: folds 
AdinMa1191: calls $0.50
Rdalonso: checks 
*** FLOP *** [4h 6d Th]
AdinMa1191: checks 
Rdalonso: bets $1.43
AdinMa1191: calls $1.43
*** TURN *** [4h 6d Th] [7d]
AdinMa1191: checks 
Rdalonso: checks 
*** RIVER *** [4h 6d Th 7d] [6c]
AdinMa1191: bets $1
Rdalonso: raises $12.34 to $13.34
AdinMa1191: folds 
Uncalled bet ($12.34) returned to Rdalonso
Rdalonso collected $6.52 from pot
Rdalonso: doesn't show hand 
*** SUMMARY ***
Total pot $6.86 | Rake $0.34 
Board [4h 6d Th 7d 6c]
Seat 1: Fold Your Cats (button) folded before Flop (didn't bet)
Seat 2: AdinMa1191 (small blind) folded on the River
Seat 3: Rdalonso (big blind) collected ($6.52)
Seat 4: mr.Jckpot folded before Flop (didn't bet)
Seat 5: VahTang_89 folded before Flop (didn't bet)
Seat 6: Kreayshawn folded before Flop (didn't bet)



PokerStars Hand #254577970715:  Hold'em No Limit ($0.50/$1.00 USD) - 2025/01/27 12:55:31 WET [2025/01/27 7:55:31 ET]
Table 'Pherkard IV' 6-max Seat #2 is the button
Seat 1: Fold Your Cats ($102.20 in chips) 
Seat 2: AdinMa1191 ($40.01 in chips) 
Seat 3: Rdalonso ($103.09 in chips) 
Seat 4: mr.Jckpot ($100 in chips) 
Seat 5: VahTang_89 ($100 in chips) 
Seat 6: Kreayshawn ($109.22 in chips) 
Rdalonso: posts small blind $0.50
mr.Jckpot: posts big blind $1
*** HOLE CARDS ***
VahTang_89: folds 
Kreayshawn has timed out
Kreayshawn: folds 
Fold Your Cats: folds 
AdinMa1191: folds 
Rdalonso: raises $2 to $3
mr.Jckpot: raises $6 to $9
Rdalonso: folds 
Uncalled bet ($6) returned to mr.Jckpot
mr.Jckpot collected $6 from pot
mr.Jckpot: doesn't show hand 
*** SUMMARY ***
Total pot $6 | Rake $0 
Seat 1: Fold Your Cats folded before Flop (didn't bet)
Seat 2: AdinMa1191 (button) folded before Flop (didn't bet)
Seat 3: Rdalonso (small blind) folded before Flop
Seat 4: mr.Jckpot (big blind) collected ($6)
Seat 5: VahTang_89 folded before Flop (didn't bet)
Seat 6: Kreayshawn folded before Flop (didn't bet)



PokerStars Hand #254577977410:  Hold'em No Limit ($0.50/$1.00 USD) - 2025/01/27 12:56:27 WET [2025/01/27 7:56:27 ET]
Table 'Pherkard IV' 6-max Seat #3 is the button
Seat 6: Kreayshawn ($109.22 in chips) is sitting out
Seat 1: Fold Your Cats ($102.20 in chips) 
Seat 2: AdinMa1191 ($40.01 in chips) 
Seat 3: Rdalonso ($100.09 in chips) 
Seat 4: mr.Jckpot ($103 in chips) 
Seat 5: VahTang_89 ($100 in chips) 
mr.Jckpot: posts small blind $0.50
VahTang_89: posts big blind $1
*** HOLE CARDS ***
Fold Your Cats: folds 
AdinMa1191: folds 
Rdalonso: folds 
mr.Jckpot: folds 
Uncalled bet ($0.50) returned to VahTang_89
VahTang_89 collected $1 from pot
VahTang_89: doesn't show hand 
*** SUMMARY ***
Total pot $1 | Rake $0 
Seat 6: Kreayshawn
Seat 1: Fold Your Cats folded before Flop (didn't bet)
Seat 2: AdinMa1191 folded before Flop (didn't bet)
Seat 3: Rdalonso (button) folded before Flop (didn't bet)
Seat 4: mr.Jckpot (small blind) folded before Flop
Seat 5: VahTang_89 (big blind) collected ($1)



PokerStars Hand #254577979094:  Hold'em No Limit ($0.50/$1.00 USD) - 2025/01/27 12:56:41 WET [2025/01/27 7:56:41 ET]
Table 'Pherkard IV' 6-max Seat #4 is the button
Seat 1: Fold Your Cats ($102.20 in chips) 
Seat 2: AdinMa1191 ($40.01 in chips) 
Seat 3: Rdalonso ($100.09 in chips) 
Seat 4: mr.Jckpot ($102.50 in chips) 
Seat 5: VahTang_89 ($100.50 in chips) 
Seat 6: Kreayshawn ($109.22 in chips) 
VahTang_89: posts small blind $0.50
Kreayshawn: posts big blind $1
*** HOLE CARDS ***
Fold Your Cats: folds 
AdinMa1191: calls $1
Rdalonso: folds 
mr.Jckpot: folds 
VahTang_89: folds 
Kreayshawn: checks 
*** FLOP *** [Jd 3h Ks]
Kreayshawn: checks 
AdinMa1191: checks 
*** TURN *** [Jd 3h Ks] [Tc]
Kreayshawn: checks 
AdinMa1191: bets $1
Kreayshawn: folds 
Uncalled bet ($1) returned to AdinMa1191
AdinMa1191 collected $2.35 from pot
*** SUMMARY ***
Total pot $2.50 | Rake $0.15 
Board [Jd 3h Ks Tc]
Seat 1: Fold Your Cats folded before Flop (didn't bet)
Seat 2: AdinMa1191 collected ($2.35)
Seat 3: Rdalonso folded before Flop (didn't bet)
Seat 4: mr.Jckpot (button) folded before Flop (didn't bet)
Seat 5: VahTang_89 (small blind) folded before Flop
Seat 6: Kreayshawn (big blind) folded on the Turn



PokerStars Hand #254577985123:  Hold'em No Limit ($0.50/$1.00 USD) - 2025/01/27 12:57:31 WET [2025/01/27 7:57:31 ET]
Table 'Pherkard IV' 6-max Seat #5 is the button
Seat 1: Fold Your Cats ($102.20 in chips) 
Seat 2: AdinMa1191 ($41.36 in chips) 
Seat 3: Rdalonso ($100.09 in chips) 
Seat 4: mr.Jckpot ($102.50 in chips) 
Seat 5: VahTang_89 ($100 in chips) 
Seat 6: Kreayshawn ($108.22 in chips) 
Kreayshawn: posts small blind $0.50
Fold Your Cats: posts big blind $1
*** HOLE CARDS ***
AdinMa1191: calls $1
Rdalonso: raises $4 to $5
mr.Jckpot: folds 
VahTang_89: folds 
Kreayshawn: folds 
Fold Your Cats: folds 
AdinMa1191: folds 
Uncalled bet ($4) returned to Rdalonso
Rdalonso collected $3.50 from pot
Rdalonso: doesn't show hand 
*** SUMMARY ***
Total pot $3.50 | Rake $0 
Seat 1: Fold Your Cats (big blind) folded before Flop
Seat 2: AdinMa1191 folded before Flop
Seat 3: Rdalonso collected ($3.50)
Seat 4: mr.Jckpot folded before Flop (didn't bet)
Seat 5: VahTang_89 (button) folded before Flop (didn't bet)
Seat 6: Kreayshawn (small blind) folded before Flop



PokerStars Hand #254577988401:  Hold'em No Limit ($0.50/$1.00 USD) - 2025/01/27 12:57:58 WET [2025/01/27 7:57:58 ET]
Table 'Pherkard IV' 6-max Seat #6 is the button
Seat 1: Fold Your Cats ($101.20 in chips) 
Seat 2: AdinMa1191 ($40.36 in chips) 
Seat 3: Rdalonso ($102.59 in chips) 
Seat 4: mr.Jckpot ($102.50 in chips) 
Seat 5: VahTang_89 ($100 in chips) 
Seat 6: Kreayshawn ($107.72 in chips) 
Fold Your Cats: posts small blind $0.50
AdinMa1191: posts big blind $1
*** HOLE CARDS ***
Rdalonso: folds 
mr.Jckpot: folds 
VahTang_89: folds 
Kreayshawn: folds 
Fold Your Cats: folds 
Uncalled bet ($0.50) returned to AdinMa1191
AdinMa1191 collected $1 from pot
*** SUMMARY ***
Total pot $1 | Rake $0 
Seat 1: Fold Your Cats (small blind) folded before Flop
Seat 2: AdinMa1191 (big blind) collected ($1)
Seat 3: Rdalonso folded before Flop (didn't bet)
Seat 4: mr.Jckpot folded before Flop (didn't bet)
Seat 5: VahTang_89 folded before Flop (didn't bet)
Seat 6: Kreayshawn (button) folded before Flop (didn't bet)



PokerStars Hand #254577990247:  Hold'em No Limit ($0.50/$1.00 USD) - 2025/01/27 12:58:14 WET [2025/01/27 7:58:14 ET]
Table 'Pherkard IV' 6-max Seat #1 is the button
Seat 1: Fold Your Cats ($100.70 in chips) 
Seat 2: AdinMa1191 ($40.86 in chips) 
Seat 3: Rdalonso ($102.59 in chips) 
Seat 4: mr.Jckpot ($102.50 in chips) 
Seat 5: VahTang_89 ($100 in chips) 
Seat 6: Kreayshawn ($107.72 in chips) 
AdinMa1191: posts small blind $0.50
Rdalonso: posts big blind $1
*** HOLE CARDS ***
mr.Jckpot: folds 
VahTang_89: folds 
Kreayshawn has timed out
Kreayshawn: folds 
Fold Your Cats: folds 
AdinMa1191: folds 
Uncalled bet ($0.50) returned to Rdalonso
Rdalonso collected $1 from pot
Rdalonso: doesn't show hand 
*** SUMMARY ***
Total pot $1 | Rake $0 
Seat 1: Fold Your Cats (button) folded before Flop (didn't bet)
Seat 2: AdinMa1191 (small blind) folded before Flop
Seat 3: Rdalonso (big blind) collected ($1)
Seat 4: mr.Jckpot folded before Flop (didn't bet)
Seat 5: VahTang_89 folded before Flop (didn't bet)
Seat 6: Kreayshawn folded before Flop (didn't bet)



PokerStars Hand #254577993256:  Hold'em No Limit ($0.50/$1.00 USD) - 2025/01/27 12:58:39 WET [2025/01/27 7:58:39 ET]
Table 'Pherkard IV' 6-max Seat #2 is the button
Seat 1: Fold Your Cats ($100.70 in chips) 
Seat 2: AdinMa1191 ($40.36 in chips) 
Seat 3: Rdalonso ($103.09 in chips) 
Seat 4: mr.Jckpot ($102.50 in chips) 
Seat 5: VahTang_89 ($100 in chips) 
Seat 6: Kreayshawn ($107.72 in chips) 
Rdalonso: posts small blind $0.50
mr.Jckpot: posts big blind $1
*** HOLE CARDS ***
VahTang_89: folds 
Kreayshawn: folds 
Fold Your Cats: folds 
AdinMa1191: folds 
Rdalonso: raises $2 to $3
mr.Jckpot: calls $2
*** FLOP *** [4d 6s 9c]
Rdalonso: checks 
mr.Jckpot: bets $1.88
Rdalonso: calls $1.88
*** TURN *** [4d 6s 9c] [8d]
Rdalonso: checks 
mr.Jckpot: checks 
*** RIVER *** [4d 6s 9c 8d] [7h]
Rdalonso: checks 
mr.Jckpot: checks 
*** SHOW DOWN ***
Rdalonso: shows [7s 9s] (two pair, Nines and Sevens)
mr.Jckpot: mucks hand 
Rdalonso collected $9.27 from pot
*** SUMMARY ***
Total pot $9.76 | Rake $0.49 
Board [4d 6s 9c 8d 7h]
Seat 1: Fold Your Cats folded before Flop (didn't bet)
Seat 2: AdinMa1191 (button) folded before Flop (didn't bet)
Seat 3: Rdalonso (small blind) showed [7s 9s] and won ($9.27) with two pair, Nines and Sevens
Seat 4: mr.Jckpot (big blind) mucked
Seat 5: VahTang_89 folded before Flop (didn't bet)
Seat 6: Kreayshawn folded before Flop (didn't bet)



PokerStars Hand #254578002060:  Hold'em No Limit ($0.50/$1.00 USD) - 2025/01/27 12:59:52 WET [2025/01/27 7:59:52 ET]
Table 'Pherkard IV' 6-max Seat #3 is the button
Seat 1: Fold Your Cats ($100.70 in chips) 
Seat 2: AdinMa1191 ($40.36 in chips) 
Seat 3: Rdalonso ($107.48 in chips) 
Seat 4: mr.Jckpot ($100 in chips) 
Seat 5: VahTang_89 ($100 in chips) 
Seat 6: Kreayshawn ($107.72 in chips) 
mr.Jckpot: posts small blind $0.50
VahTang_89: posts big blind $1
*** HOLE CARDS ***
Kreayshawn: folds 
Fold Your Cats: folds 
AdinMa1191: folds 
Rdalonso: folds 
mr.Jckpot: folds 
Uncalled bet ($0.50) returned to VahTang_89
VahTang_89 collected $1 from pot
VahTang_89: doesn't show hand 
*** SUMMARY ***
Total pot $1 | Rake $0 
Seat 1: Fold Your Cats folded before Flop (didn't bet)
Seat 2: AdinMa1191 folded before Flop (didn't bet)
Seat 3: Rdalonso (button) folded before Flop (didn't bet)
Seat 4: mr.Jckpot (small blind) folded before Flop
Seat 5: VahTang_89 (big blind) collected ($1)
Seat 6: Kreayshawn folded before Flop (didn't bet)



PokerStars Hand #254578004081:  Hold'em No Limit ($0.50/$1.00 USD) - 2025/01/27 13:00:09 WET [2025/01/27 8:00:09 ET]
Table 'Pherkard IV' 6-max Seat #4 is the button
Seat 1: Fold Your Cats ($100.70 in chips) 
Seat 2: AdinMa1191 ($40.36 in chips) 
Seat 3: Rdalonso ($107.48 in chips) 
Seat 4: mr.Jckpot ($100 in chips) 
Seat 5: VahTang_89 ($100.50 in chips) 
Seat 6: Kreayshawn ($107.72 in chips) 
VahTang_89: posts small blind $0.50
Kreayshawn: posts big blind $1
*** HOLE CARDS ***
Fold Your Cats: folds 
AdinMa1191: folds 
Rdalonso: raises $1.50 to $2.50
mr.Jckpot: raises $5 to $7.50
VahTang_89: folds 
Kreayshawn: folds 
Rdalonso: calls $5
*** FLOP *** [6d Ts 3c]
Rdalonso: checks 
mr.Jckpot: bets $5.17
Rdalonso: calls $5.17
*** TURN *** [6d Ts 3c] [4c]
Rdalonso: checks 
mr.Jckpot: checks 
*** RIVER *** [6d Ts 3c 4c] [8c]
Rdalonso: checks 
mr.Jckpot: checks 
*** SHOW DOWN ***
Rdalonso: shows [7h 7s] (a pair of Sevens)
mr.Jckpot: mucks hand 
Rdalonso collected $25.50 from pot
*** SUMMARY ***
Total pot $26.84 | Rake $1.34 
Board [6d Ts 3c 4c 8c]
Seat 1: Fold Your Cats folded before Flop (didn't bet)
Seat 2: AdinMa1191 folded before Flop (didn't bet)
Seat 3: Rdalonso showed [7h 7s] and won ($25.50) with a pair of Sevens
Seat 4: mr.Jckpot (button) mucked
Seat 5: VahTang_89 (small blind) folded before Flop
Seat 6: Kreayshawn (big blind) folded before Flop



PokerStars Hand #254578012925:  Hold'em No Limit ($0.50/$1.00 USD) - 2025/01/27 13:01:16 WET [2025/01/27 8:01:16 ET]
Table 'Pherkard IV' 6-max Seat #5 is the button
Seat 1: Fold Your Cats ($100.70 in chips) 
Seat 2: AdinMa1191 ($40.36 in chips) 
Seat 3: Rdalonso ($120.31 in chips) 
Seat 4: mr.Jckpot ($100 in chips) 
Seat 5: VahTang_89 ($100 in chips) 
Seat 6: Kreayshawn ($106.72 in chips) 
Kreayshawn: posts small blind $0.50
Fold Your Cats: posts big blind $1
*** HOLE CARDS ***
AdinMa1191: folds 
Rdalonso: raises $1.50 to $2.50
mr.Jckpot: folds 
VahTang_89: raises $5 to $7.50
Kreayshawn: folds 
Fold Your Cats: folds 
Rdalonso: folds 
Uncalled bet ($5) returned to VahTang_89
VahTang_89 collected $6.50 from pot
VahTang_89: doesn't show hand 
*** SUMMARY ***
Total pot $6.50 | Rake $0 
Seat 1: Fold Your Cats (big blind) folded before Flop
Seat 2: AdinMa1191 folded before Flop (didn't bet)
Seat 3: Rdalonso folded before Flop
Seat 4: mr.Jckpot folded before Flop (didn't bet)
Seat 5: VahTang_89 (button) collected ($6.50)
Seat 6: Kreayshawn (small blind) folded before Flop



PokerStars Hand #254578015852:  Hold'em No Limit ($0.50/$1.00 USD) - 2025/01/27 13:01:35 WET [2025/01/27 8:01:35 ET]
Table 'Pherkard IV' 6-max Seat #6 is the button
Seat 1: Fold Your Cats ($100 in chips) 
Seat 2: AdinMa1191 ($40.36 in chips) 
Seat 3: Rdalonso ($117.81 in chips) 
Seat 4: mr.Jckpot ($100 in chips) 
Seat 5: VahTang_89 ($104 in chips) 
Seat 6: Kreayshawn ($106.22 in chips) 
Fold Your Cats: posts small blind $0.50
AdinMa1191: posts big blind $1
*** HOLE CARDS ***
Rdalonso: folds 
mr.Jckpot: folds 
VahTang_89: folds 
Kreayshawn has timed out
Kreayshawn: folds 
Fold Your Cats: raises $2 to $3
AdinMa1191: folds 
Uncalled bet ($2) returned to Fold Your Cats
Fold Your Cats collected $2 from pot
Fold Your Cats: doesn't show hand 
*** SUMMARY ***
Total pot $2 | Rake $0 
Seat 1: Fold Your Cats (small blind) collected ($2)
Seat 2: AdinMa1191 (big blind) folded before Flop
Seat 3: Rdalonso folded before Flop (didn't bet)
Seat 4: mr.Jckpot folded before Flop (didn't bet)
Seat 5: VahTang_89 folded before Flop (didn't bet)
Seat 6: Kreayshawn (button) folded before Flop (didn't bet)



PokerStars Hand #254578019532:  Hold'em No Limit ($0.50/$1.00 USD) - 2025/01/27 13:02:00 WET [2025/01/27 8:02:00 ET]
Table 'Pherkard IV' 6-max Seat #1 is the button
Seat 1: Fold Your Cats ($101 in chips) 
Seat 2: AdinMa1191 ($39.36 in chips) 
Seat 3: Rdalonso ($117.81 in chips) 
Seat 4: mr.Jckpot ($100 in chips) 
Seat 5: VahTang_89 ($104 in chips) 
Seat 6: Kreayshawn ($106.22 in chips) 
AdinMa1191: posts small blind $0.50
Rdalonso: posts big blind $1
*** HOLE CARDS ***
mr.Jckpot: folds 
VahTang_89: folds 
Kreayshawn: folds 
Fold Your Cats: folds 
AdinMa1191: calls $0.50
Rdalonso: checks 
*** FLOP *** [7d 6c 9c]
AdinMa1191: checks 
Rdalonso: checks 
*** TURN *** [7d 6c 9c] [As]
AdinMa1191: bets $1
Rdalonso: calls $1
*** RIVER *** [7d 6c 9c As] [Ts]
AdinMa1191: bets $4
Rdalonso: folds 
Uncalled bet ($4) returned to AdinMa1191
AdinMa1191 collected $3.75 from pot
*** SUMMARY ***
Total pot $4 | Rake $0.25 
Board [7d 6c 9c As Ts]
Seat 1: Fold Your Cats (button) folded before Flop (didn't bet)
Seat 2: AdinMa1191 (small blind) collected ($3.75)
Seat 3: Rdalonso (big blind) folded on the River
Seat 4: mr.Jckpot folded before Flop (didn't bet)
Seat 5: VahTang_89 folded before Flop (didn't bet)
Seat 6: Kreayshawn folded before Flop (didn't bet)



PokerStars Hand #254578028976:  Hold'em No Limit ($0.50/$1.00 USD) - 2025/01/27 13:03:02 WET [2025/01/27 8:03:02 ET]
Table 'Pherkard IV' 6-max Seat #2 is the button
Seat 1: Fold Your Cats ($101 in chips) 
Seat 2: AdinMa1191 ($41.11 in chips) 
Seat 3: Rdalonso ($115.81 in chips) 
Seat 4: mr.Jckpot ($100 in chips) 
Seat 5: VahTang_89 ($104 in chips) 
Seat 6: Kreayshawn ($106.22 in chips) 
Rdalonso: posts small blind $0.50
mr.Jckpot: posts big blind $1
*** HOLE CARDS ***
VahTang_89: raises $1.20 to $2.20
Kreayshawn: folds 
Fold Your Cats: folds 
AdinMa1191: folds 
Rdalonso: folds 
mr.Jckpot: folds 
Uncalled bet ($1.20) returned to VahTang_89
VahTang_89 collected $2.50 from pot
VahTang_89: doesn't show hand 
*** SUMMARY ***
Total pot $2.50 | Rake $0 
Seat 1: Fold Your Cats folded before Flop (didn't bet)
Seat 2: AdinMa1191 (button) folded before Flop (didn't bet)
Seat 3: Rdalonso (small blind) folded before Flop
Seat 4: mr.Jckpot (big blind) folded before Flop
Seat 5: VahTang_89 collected ($2.50)
Seat 6: Kreayshawn folded before Flop (didn't bet)



PokerStars Hand #254578033840:  Hold'em No Limit ($0.50/$1.00 USD) - 2025/01/27 13:03:34 WET [2025/01/27 8:03:34 ET]
Table 'Pherkard IV' 6-max Seat #3 is the button
Seat 1: Fold Your Cats ($101 in chips) 
Seat 2: AdinMa1191 ($41.11 in chips) 
Seat 3: Rdalonso ($115.31 in chips) 
Seat 4: mr.Jckpot ($100 in chips) 
Seat 5: VahTang_89 ($105.50 in chips) 
Seat 6: Kreayshawn ($106.22 in chips) 
mr.Jckpot: posts small blind $0.50
VahTang_89: posts big blind $1
*** HOLE CARDS ***
Kreayshawn has timed out
Kreayshawn: folds 
Fold Your Cats: folds 
AdinMa1191: calls $1
Rdalonso: folds 
mr.Jckpot: folds 
VahTang_89: checks 
*** FLOP *** [Kc 5d 5h]
VahTang_89: checks 
AdinMa1191: bets $2
VahTang_89: folds 
Uncalled bet ($2) returned to AdinMa1191
AdinMa1191 collected $2.35 from pot
*** SUMMARY ***
Total pot $2.50 | Rake $0.15 
Board [Kc 5d 5h]
Seat 1: Fold Your Cats folded before Flop (didn't bet)
Seat 2: AdinMa1191 collected ($2.35)
Seat 3: Rdalonso (button) folded before Flop (didn't bet)
Seat 4: mr.Jckpot (small blind) folded before Flop
Seat 5: VahTang_89 (big blind) folded on the Flop
Seat 6: Kreayshawn folded before Flop (didn't bet)



PokerStars Hand #254578038573:  Hold'em No Limit ($0.50/$1.00 USD) - 2025/01/27 13:04:05 WET [2025/01/27 8:04:05 ET]
Table 'Pherkard IV' 6-max Seat #4 is the button
Seat 1: Fold Your Cats ($101 in chips) is sitting out
Seat 6: Kreayshawn ($106.22 in chips) is sitting out
Seat 2: AdinMa1191 ($42.46 in chips) 
Seat 3: Rdalonso ($115.31 in chips) 
Seat 4: mr.Jckpot ($100 in chips) 
Seat 5: VahTang_89 ($104.50 in chips) 
VahTang_89: posts small blind $0.50
Fold Your Cats: is sitting out 
AdinMa1191: posts big blind $1
*** HOLE CARDS ***
Rdalonso: folds 
mr.Jckpot: folds 
VahTang_89: folds 
Uncalled bet ($0.50) returned to AdinMa1191
AdinMa1191 collected $1 from pot
Fold Your Cats leaves the table
*** SUMMARY ***
Total pot $1 | Rake $0 
Seat 1: Fold Your Cats
Seat 6: Kreayshawn
Seat 2: AdinMa1191 (big blind) collected ($1)
Seat 3: Rdalonso folded before Flop (didn't bet)
Seat 4: mr.Jckpot (button) folded before Flop (didn't bet)
Seat 5: VahTang_89 (small blind) folded before Flop



PokerStars Hand #254578039567:  Hold'em No Limit ($0.50/$1.00 USD) - 2025/01/27 13:04:12 WET [2025/01/27 8:04:12 ET]
Table 'Pherkard IV' 6-max Seat #5 is the button
Seat 6: Kreayshawn ($106.22 in chips) is sitting out
Seat 2: AdinMa1191 ($42.96 in chips) 
Seat 3: Rdalonso ($115.31 in chips) 
Seat 4: mr.Jckpot ($100 in chips) 
Seat 5: VahTang_89 ($104 in chips) 
AdinMa1191: posts small blind $0.50
Rdalonso: posts big blind $1
*** HOLE CARDS ***
mr.Jckpot: folds 
VahTang_89: folds 
AdinMa1191: calls $0.50
Rdalonso: raises $3 to $4
AdinMa1191: calls $3
*** FLOP *** [7c 8d Ad]
AdinMa1191: checks 
Pon4uk.ua joins the table at seat #1 
Rdalonso: bets $2.51
AdinMa1191: folds 
Uncalled bet ($2.51) returned to Rdalonso
Rdalonso collected $7.60 from pot
Rdalonso: doesn't show hand 
*** SUMMARY ***
Total pot $8 | Rake $0.40 
Board [7c 8d Ad]
Seat 6: Kreayshawn
Seat 2: AdinMa1191 (small blind) folded on the Flop
Seat 3: Rdalonso (big blind) collected ($7.60)
Seat 4: mr.Jckpot folded before Flop (didn't bet)
Seat 5: VahTang_89 (button) folded before Flop (didn't bet)



PokerStars Hand #254578043376:  Hold'em No Limit ($0.50/$1.00 USD) - 2025/01/27 13:04:37 WET [2025/01/27 8:04:37 ET]
Table 'Pherkard IV' 6-max Seat #2 is the button
Seat 1: Pon4uk.ua ($100 in chips) is sitting out
Seat 6: Kreayshawn ($106.22 in chips) is sitting out
Seat 2: AdinMa1191 ($38.96 in chips) 
Seat 3: Rdalonso ($118.91 in chips) 
Seat 4: mr.Jckpot ($100 in chips) 
Seat 5: VahTang_89 ($104 in chips) 
Rdalonso: posts small blind $0.50
mr.Jckpot: posts big blind $1
Kreayshawn: sits out 
Pon4uk.ua: sits out 
*** HOLE CARDS ***
VahTang_89: raises $1.20 to $2.20
AdinMa1191: calls $2.20
Rdalonso: folds 
mr.Jckpot: calls $1.20
*** FLOP *** [9s 8d 9h]
mr.Jckpot: checks 
VahTang_89: checks 
AdinMa1191: checks 
*** TURN *** [9s 8d 9h] [Kd]
mr.Jckpot: checks 
VahTang_89: bets $3.37
AdinMa1191: folds 
mr.Jckpot: calls $3.37
*** RIVER *** [9s 8d 9h Kd] [4s]
mr.Jckpot: checks 
VahTang_89: bets $19.73
mr.Jckpot: folds 
Uncalled bet ($19.73) returned to VahTang_89
VahTang_89 collected $13.15 from pot
VahTang_89: doesn't show hand 
*** SUMMARY ***
Total pot $13.84 | Rake $0.69 
Board [9s 8d 9h Kd 4s]
Seat 1: Pon4uk.ua
Seat 6: Kreayshawn
Seat 2: AdinMa1191 (button) folded on the Turn
Seat 3: Rdalonso (small blind) folded before Flop
Seat 4: mr.Jckpot (big blind) folded on the River
Seat 5: VahTang_89 collected ($13.15)



PokerStars Hand #254578049240:  Hold'em No Limit ($0.50/$1.00 USD) - 2025/01/27 13:05:15 WET [2025/01/27 8:05:15 ET]
Table 'Pherkard IV' 6-max Seat #3 is the button
Seat 1: Pon4uk.ua ($100 in chips) is sitting out
Seat 6: Kreayshawn ($106.22 in chips) is sitting out
Seat 2: AdinMa1191 ($36.76 in chips) 
Seat 3: Rdalonso ($118.41 in chips) 
Seat 4: mr.Jckpot ($100 in chips) 
Seat 5: VahTang_89 ($111.58 in chips) 
mr.Jckpot: posts small blind $0.50
VahTang_89: posts big blind $1
Kreayshawn: sits out 
Pon4uk.ua: sits out 
*** HOLE CARDS ***
AdinMa1191: folds 
Rdalonso: folds 
mr.Jckpot: folds 
Uncalled bet ($0.50) returned to VahTang_89
VahTang_89 collected $1 from pot
VahTang_89: doesn't show hand 
*** SUMMARY ***
Total pot $1 | Rake $0 
Seat 1: Pon4uk.ua
Seat 6: Kreayshawn
Seat 2: AdinMa1191 folded before Flop (didn't bet)
Seat 3: Rdalonso (button) folded before Flop (didn't bet)
Seat 4: mr.Jckpot (small blind) folded before Flop
Seat 5: VahTang_89 (big blind) collected ($1)



PokerStars Hand #254578050419:  Hold'em No Limit ($0.50/$1.00 USD) - 2025/01/27 13:05:22 WET [2025/01/27 8:05:22 ET]
Table 'Pherkard IV' 6-max Seat #4 is the button
Seat 1: Pon4uk.ua ($100 in chips) is sitting out
Seat 2: AdinMa1191 ($36.76 in chips) 
Seat 3: Rdalonso ($118.41 in chips) 
Seat 4: mr.Jckpot ($100 in chips) 
Seat 5: VahTang_89 ($112.08 in chips) 
Seat 6: Kreayshawn ($106.22 in chips) 
VahTang_89: posts small blind $0.50
Kreayshawn: posts big blind $1
Pon4uk.ua: sits out 
*** HOLE CARDS ***
AdinMa1191: folds 
Rdalonso: folds 
mr.Jckpot: raises $1.50 to $2.50
VahTang_89: folds 
Kreayshawn: folds 
Uncalled bet ($1.50) returned to mr.Jckpot
mr.Jckpot collected $2.50 from pot
mr.Jckpot: doesn't show hand 
*** SUMMARY ***
Total pot $2.50 | Rake $0 
Seat 1: Pon4uk.ua
Seat 2: AdinMa1191 folded before Flop (didn't bet)
Seat 3: Rdalonso folded before Flop (didn't bet)
Seat 4: mr.Jckpot (button) collected ($2.50)
Seat 5: VahTang_89 (small blind) folded before Flop
Seat 6: Kreayshawn (big blind) folded before Flop



PokerStars Hand #254578053126:  Hold'em No Limit ($0.50/$1.00 USD) - 2025/01/27 13:05:40 WET [2025/01/27 8:05:40 ET]
Table 'Pherkard IV' 6-max Seat #5 is the button
Seat 1: Pon4uk.ua ($100 in chips) 
Seat 2: AdinMa1191 ($36.76 in chips) 
Seat 3: Rdalonso ($118.41 in chips) 
Seat 4: mr.Jckpot ($101.50 in chips) 
Seat 5: VahTang_89 ($111.58 in chips) 
Seat 6: Kreayshawn ($105.22 in chips) 
Kreayshawn: posts small blind $0.50
Pon4uk.ua: posts big blind $1
*** HOLE CARDS ***
AdinMa1191: calls $1
Rdalonso: raises $4 to $5
mr.Jckpot: folds 
VahTang_89: raises $10 to $15
Kreayshawn: folds 
Pon4uk.ua: folds 
AdinMa1191: folds 
Rdalonso: folds 
Uncalled bet ($10) returned to VahTang_89
VahTang_89 collected $12.50 from pot
VahTang_89: doesn't show hand 
*** SUMMARY ***
Total pot $12.50 | Rake $0 
Seat 1: Pon4uk.ua (big blind) folded before Flop
Seat 2: AdinMa1191 folded before Flop
Seat 3: Rdalonso folded before Flop
Seat 4: mr.Jckpot folded before Flop (didn't bet)
Seat 5: VahTang_89 (button) collected ($12.50)
Seat 6: Kreayshawn (small blind) folded before Flop



PokerStars Hand #254578058255:  Hold'em No Limit ($0.50/$1.00 USD) - 2025/01/27 13:06:13 WET [2025/01/27 8:06:13 ET]
Table 'Pherkard IV' 6-max Seat #6 is the button
Seat 1: Pon4uk.ua ($100 in chips) 
Seat 2: AdinMa1191 ($35.76 in chips) 
Seat 3: Rdalonso ($113.41 in chips) 
Seat 4: mr.Jckpot ($101.50 in chips) 
Seat 5: VahTang_89 ($119.08 in chips) 
Seat 6: Kreayshawn ($104.72 in chips) 
Pon4uk.ua: posts small blind $0.50
AdinMa1191: posts big blind $1
*** HOLE CARDS ***
Rdalonso: raises $1.50 to $2.50
mr.Jckpot: folds 
VahTang_89: raises $5 to $7.50
Kreayshawn: folds 
Pon4uk.ua: folds 
AdinMa1191: calls $6.50
Rdalonso: folds 
*** FLOP *** [Qc 7c 5c]
AdinMa1191: bets $5
VahTang_89: raises $26.83 to $31.83
AdinMa1191: calls $23.26 and is all-in
Uncalled bet ($3.57) returned to VahTang_89
*** TURN *** [Qc 7c 5c] [2h]
*** RIVER *** [Qc 7c 5c 2h] [9d]
*** SHOW DOWN ***
AdinMa1191: shows [Ac 3c] (a flush, Ace high)
VahTang_89: shows [Qh Ah] (a pair of Queens)
AdinMa1191 cashed out the hand for $68.87 | Cash Out Fee $1.41
*** SUMMARY ***
Total pot $74.52 | Rake $2.50 
Board [Qc 7c 5c 2h 9d]
Seat 1: Pon4uk.ua (small blind) folded before Flop
Seat 2: AdinMa1191 (big blind) showed [Ac 3c] and won ($72.02) with a flush, Ace high (pot not awarded as player cashed out)
Seat 3: Rdalonso folded before Flop
Seat 4: mr.Jckpot folded before Flop (didn't bet)
Seat 5: VahTang_89 showed [Qh Ah] and lost with a pair of Queens
Seat 6: Kreayshawn (button) folded before Flop (didn't bet)



PokerStars Hand #254578065750:  Hold'em No Limit ($0.50/$1.00 USD) - 2025/01/27 13:07:01 WET [2025/01/27 8:07:01 ET]
Table 'Pherkard IV' 6-max Seat #1 is the button
Seat 1: Pon4uk.ua ($100 in chips) 
Seat 2: AdinMa1191 ($68.87 in chips) 
Seat 3: Rdalonso ($110.91 in chips) 
Seat 4: mr.Jckpot ($101.50 in chips) 
Seat 5: VahTang_89 ($100 in chips) 
Seat 6: Kreayshawn ($104.72 in chips) 
AdinMa1191: posts small blind $0.50
Rdalonso: posts big blind $1
*** HOLE CARDS ***
mr.Jckpot: folds 
VahTang_89: folds 
Kreayshawn: folds 
Pon4uk.ua: raises $1.50 to $2.50
AdinMa1191: folds 
Rdalonso: folds 
Uncalled bet ($1.50) returned to Pon4uk.ua
Pon4uk.ua collected $2.50 from pot
Pon4uk.ua: doesn't show hand 
*** SUMMARY ***
Total pot $2.50 | Rake $0 
Seat 1: Pon4uk.ua (button) collected ($2.50)
Seat 2: AdinMa1191 (small blind) folded before Flop
Seat 3: Rdalonso (big blind) folded before Flop
Seat 4: mr.Jckpot folded before Flop (didn't bet)
Seat 5: VahTang_89 folded before Flop (didn't bet)
Seat 6: Kreayshawn folded before Flop (didn't bet)



PokerStars Hand #254578068392:  Hold'em No Limit ($0.50/$1.00 USD) - 2025/01/27 13:07:18 WET [2025/01/27 8:07:18 ET]
Table 'Pherkard IV' 6-max Seat #2 is the button
Seat 1: Pon4uk.ua ($101.50 in chips) 
Seat 2: AdinMa1191 ($68.37 in chips) 
Seat 3: Rdalonso ($109.91 in chips) 
Seat 4: mr.Jckpot ($101.50 in chips) 
Seat 5: VahTang_89 ($100 in chips) 
Seat 6: Kreayshawn ($104.72 in chips) 
Rdalonso: posts small blind $0.50
mr.Jckpot: posts big blind $1
*** HOLE CARDS ***
VahTang_89: folds 
Kreayshawn: folds 
Pon4uk.ua: folds 
AdinMa1191: folds 
Rdalonso: folds 
Uncalled bet ($0.50) returned to mr.Jckpot
mr.Jckpot collected $1 from pot
mr.Jckpot: doesn't show hand 
*** SUMMARY ***
Total pot $1 | Rake $0 
Seat 1: Pon4uk.ua folded before Flop (didn't bet)
Seat 2: AdinMa1191 (button) folded before Flop (didn't bet)
Seat 3: Rdalonso (small blind) folded before Flop
Seat 4: mr.Jckpot (big blind) collected ($1)
Seat 5: VahTang_89 folded before Flop (didn't bet)
Seat 6: Kreayshawn folded before Flop (didn't bet)



PokerStars Hand #254578070204:  Hold'em No Limit ($0.50/$1.00 USD) - 2025/01/27 13:07:30 WET [2025/01/27 8:07:30 ET]
Table 'Pherkard IV' 6-max Seat #3 is the button
Seat 1: Pon4uk.ua ($101.50 in chips) 
Seat 2: AdinMa1191 ($68.37 in chips) 
Seat 3: Rdalonso ($109.41 in chips) 
Seat 4: mr.Jckpot ($102 in chips) 
Seat 5: VahTang_89 ($100 in chips) 
Seat 6: Kreayshawn ($104.72 in chips) 
mr.Jckpot: posts small blind $0.50
VahTang_89: posts big blind $1
*** HOLE CARDS ***
Kreayshawn: folds 
Pon4uk.ua: folds 
AdinMa1191: calls $1
Rdalonso: folds 
mr.Jckpot: raises $3 to $4
VahTang_89: calls $3
AdinMa1191: calls $3
*** FLOP *** [Ts Ad Tc]
mr.Jckpot: bets $3.76
VahTang_89: calls $3.76
AdinMa1191: calls $3.76
*** TURN *** [Ts Ad Tc] [5c]
mr.Jckpot: bets $7.30
VahTang_89: calls $7.30
AdinMa1191: folds 
*** RIVER *** [Ts Ad Tc 5c] [Kd]
mr.Jckpot: checks 
VahTang_89: checks 
*** SHOW DOWN ***
mr.Jckpot: shows [9h Ah] (two pair, Aces and Tens)
VahTang_89: shows [Jd As] (two pair, Aces and Tens)
mr.Jckpot collected $18 from pot
VahTang_89 collected $17.99 from pot
*** SUMMARY ***
Total pot $37.88 | Rake $1.89 
Board [Ts Ad Tc 5c Kd]
Seat 1: Pon4uk.ua folded before Flop (didn't bet)
Seat 2: AdinMa1191 folded on the Turn
Seat 3: Rdalonso (button) folded before Flop (didn't bet)
Seat 4: mr.Jckpot (small blind) showed [9h Ah] and won ($18) with two pair, Aces and Tens
Seat 5: VahTang_89 (big blind) showed [Jd As] and won ($17.99) with two pair, Aces and Tens
Seat 6: Kreayshawn folded before Flop (didn't bet)



PokerStars Hand #254578076528:  Hold'em No Limit ($0.50/$1.00 USD) - 2025/01/27 13:08:12 WET [2025/01/27 8:08:12 ET]
Table 'Pherkard IV' 6-max Seat #4 is the button
Seat 1: Pon4uk.ua ($101.50 in chips) 
Seat 2: AdinMa1191 ($60.61 in chips) 
Seat 3: Rdalonso ($109.41 in chips) 
Seat 4: mr.Jckpot ($104.94 in chips) 
Seat 5: VahTang_89 ($102.93 in chips) 
Seat 6: Kreayshawn ($104.72 in chips) 
VahTang_89: posts small blind $0.50
Kreayshawn: posts big blind $1
*** HOLE CARDS ***
Pon4uk.ua: folds 
AdinMa1191: folds 
Rdalonso: folds 
mr.Jckpot: raises $1.50 to $2.50
VahTang_89: folds 
Kreayshawn: calls $1.50
*** FLOP *** [3s 5c Qs]
Kreayshawn: checks 
mr.Jckpot: bets $2.87
Kreayshawn: folds 
Uncalled bet ($2.87) returned to mr.Jckpot
mr.Jckpot collected $5.22 from pot
mr.Jckpot: doesn't show hand 
*** SUMMARY ***
Total pot $5.50 | Rake $0.28 
Board [3s 5c Qs]
Seat 1: Pon4uk.ua folded before Flop (didn't bet)
Seat 2: AdinMa1191 folded before Flop (didn't bet)
Seat 3: Rdalonso folded before Flop (didn't bet)
Seat 4: mr.Jckpot (button) collected ($5.22)
Seat 5: VahTang_89 (small blind) folded before Flop
Seat 6: Kreayshawn (big blind) folded on the Flop



PokerStars Hand #254578081302:  Hold'em No Limit ($0.50/$1.00 USD) - 2025/01/27 13:08:43 WET [2025/01/27 8:08:43 ET]
Table 'Pherkard IV' 6-max Seat #5 is the button
Seat 1: Pon4uk.ua ($101.50 in chips) 
Seat 2: AdinMa1191 ($60.61 in chips) 
Seat 3: Rdalonso ($109.41 in chips) 
Seat 4: mr.Jckpot ($107.66 in chips) 
Seat 5: VahTang_89 ($102.43 in chips) 
Seat 6: Kreayshawn ($102.22 in chips) 
Kreayshawn: posts small blind $0.50
Pon4uk.ua: posts big blind $1
*** HOLE CARDS ***
AdinMa1191: calls $1
Rdalonso: folds 
mr.Jckpot: folds 
VahTang_89: folds 
Kreayshawn: folds 
Pon4uk.ua: checks 
*** FLOP *** [6d Ks 4c]
Pon4uk.ua: checks 
AdinMa1191: bets $1
Pon4uk.ua: folds 
Uncalled bet ($1) returned to AdinMa1191
AdinMa1191 collected $2.35 from pot
*** SUMMARY ***
Total pot $2.50 | Rake $0.15 
Board [6d Ks 4c]
Seat 1: Pon4uk.ua (big blind) folded on the Flop
Seat 2: AdinMa1191 collected ($2.35)
Seat 3: Rdalonso folded before Flop (didn't bet)
Seat 4: mr.Jckpot folded before Flop (didn't bet)
Seat 5: VahTang_89 (button) folded before Flop (didn't bet)
Seat 6: Kreayshawn (small blind) folded before Flop



PokerStars Hand #254578086527:  Hold'em No Limit ($0.50/$1.00 USD) - 2025/01/27 13:09:18 WET [2025/01/27 8:09:18 ET]
Table 'Pherkard IV' 6-max Seat #6 is the button
Seat 1: Pon4uk.ua ($100.50 in chips) 
Seat 2: AdinMa1191 ($61.96 in chips) 
Seat 3: Rdalonso ($109.41 in chips) 
Seat 4: mr.Jckpot ($107.66 in chips) 
Seat 5: VahTang_89 ($102.43 in chips) 
Seat 6: Kreayshawn ($101.72 in chips) 
Pon4uk.ua: posts small blind $0.50
AdinMa1191: posts big blind $1
*** HOLE CARDS ***
Rdalonso: folds 
mr.Jckpot: folds 
VahTang_89: folds 
Kreayshawn: folds 
Pon4uk.ua: raises $1.75 to $2.75
AdinMa1191: calls $1.75
*** FLOP *** [2s As Ad]
Pon4uk.ua: bets $1.72
AdinMa1191: folds 
Uncalled bet ($1.72) returned to Pon4uk.ua
Pon4uk.ua collected $5.22 from pot
Pon4uk.ua: doesn't show hand 
*** SUMMARY ***
Total pot $5.50 | Rake $0.28 
Board [2s As Ad]
Seat 1: Pon4uk.ua (small blind) collected ($5.22)
Seat 2: AdinMa1191 (big blind) folded on the Flop
Seat 3: Rdalonso folded before Flop (didn't bet)
Seat 4: mr.Jckpot folded before Flop (didn't bet)
Seat 5: VahTang_89 folded before Flop (didn't bet)
Seat 6: Kreayshawn (button) folded before Flop (didn't bet)



PokerStars Hand #254578089917:  Hold'em No Limit ($0.50/$1.00 USD) - 2025/01/27 13:09:40 WET [2025/01/27 8:09:40 ET]
Table 'Pherkard IV' 6-max Seat #1 is the button
Seat 1: Pon4uk.ua ($102.97 in chips) 
Seat 2: AdinMa1191 ($59.21 in chips) 
Seat 3: Rdalonso ($109.41 in chips) 
Seat 4: mr.Jckpot ($107.66 in chips) 
Seat 5: VahTang_89 ($102.43 in chips) 
Seat 6: Kreayshawn ($101.72 in chips) 
AdinMa1191: posts small blind $0.50
Rdalonso: posts big blind $1
*** HOLE CARDS ***
mr.Jckpot: folds 
VahTang_89: folds 
Kreayshawn: folds 
Pon4uk.ua: raises $1.50 to $2.50
AdinMa1191: folds 
Rdalonso: calls $1.50
*** FLOP *** [3s 8h As]
Rdalonso: checks 
Pon4uk.ua: bets $1.72
Rdalonso: calls $1.72
*** TURN *** [3s 8h As] [5s]
Rdalonso: checks 
Pon4uk.ua: checks 
*** RIVER *** [3s 8h As 5s] [Qs]
Rdalonso: bets $10.78
Pon4uk.ua: folds 
Uncalled bet ($10.78) returned to Rdalonso
Rdalonso collected $8.49 from pot
Rdalonso: doesn't show hand 
*** SUMMARY ***
Total pot $8.94 | Rake $0.45 
Board [3s 8h As 5s Qs]
Seat 1: Pon4uk.ua (button) folded on the River
Seat 2: AdinMa1191 (small blind) folded before Flop
Seat 3: Rdalonso (big blind) collected ($8.49)
Seat 4: mr.Jckpot folded before Flop (didn't bet)
Seat 5: VahTang_89 folded before Flop (didn't bet)
Seat 6: Kreayshawn folded before Flop (didn't bet)



PokerStars Hand #254578101047:  Hold'em No Limit ($0.50/$1.00 USD) - 2025/01/27 13:10:53 WET [2025/01/27 8:10:53 ET]
Table 'Pherkard IV' 6-max Seat #2 is the button
Seat 1: Pon4uk.ua ($100 in chips) 
Seat 2: AdinMa1191 ($58.71 in chips) 
Seat 3: Rdalonso ($113.68 in chips) 
Seat 4: mr.Jckpot ($107.66 in chips) 
Seat 5: VahTang_89 ($102.43 in chips) 
Seat 6: Kreayshawn ($101.72 in chips) 
Rdalonso: posts small blind $0.50
mr.Jckpot: posts big blind $1
*** HOLE CARDS ***
VahTang_89: folds 
Kreayshawn: folds 
Pon4uk.ua: raises $1.50 to $2.50
AdinMa1191: calls $2.50
Rdalonso: folds 
mr.Jckpot: folds 
*** FLOP *** [4d Jd 3c]
Pon4uk.ua: bets $3.09
AdinMa1191: calls $3.09
*** TURN *** [4d Jd 3c] [2s]
Pon4uk.ua: bets $12
AdinMa1191: calls $12
*** RIVER *** [4d Jd 3c 2s] [7h]
Pon4uk.ua: checks 
AdinMa1191: bets $1
Pon4uk.ua: calls $1
*** SHOW DOWN ***
AdinMa1191: shows [Jc Ad] (a pair of Jacks)
Pon4uk.ua: mucks hand 
AdinMa1191 collected $36.27 from pot
*** SUMMARY ***
Total pot $38.68 | Rake $2.41 
Board [4d Jd 3c 2s 7h]
Seat 1: Pon4uk.ua mucked
Seat 2: AdinMa1191 (button) showed [Jc Ad] and won ($36.27) with a pair of Jacks
Seat 3: Rdalonso (small blind) folded before Flop
Seat 4: mr.Jckpot (big blind) folded before Flop
Seat 5: VahTang_89 folded before Flop (didn't bet)
Seat 6: Kreayshawn folded before Flop (didn't bet)



PokerStars Hand #254578109672:  Hold'em No Limit ($0.50/$1.00 USD) - 2025/01/27 13:11:50 WET [2025/01/27 8:11:50 ET]
Table 'Pherkard IV' 6-max Seat #3 is the button
Seat 1: Pon4uk.ua ($100 in chips) 
Seat 2: AdinMa1191 ($76.39 in chips) 
Seat 3: Rdalonso ($113.18 in chips) 
Seat 4: mr.Jckpot ($106.66 in chips) 
Seat 5: VahTang_89 ($102.43 in chips) 
Seat 6: Kreayshawn ($101.72 in chips) 
mr.Jckpot: posts small blind $0.50
VahTang_89: posts big blind $1
*** HOLE CARDS ***
Kreayshawn: raises $1.50 to $2.50
Pon4uk.ua: folds 
AdinMa1191: calls $2.50
Rdalonso: calls $2.50
mr.Jckpot: folds 
VahTang_89: calls $1.50
*** FLOP *** [2h 5h 4c]
VahTang_89: checks 
Kreayshawn: checks 
AdinMa1191: bets $3
Rdalonso: calls $3
VahTang_89: folds 
Kreayshawn: folds 
*** TURN *** [2h 5h 4c] [8d]
AdinMa1191: bets $5
Rdalonso: calls $5
*** RIVER *** [2h 5h 4c 8d] [Jd]
AdinMa1191: bets $15
Rdalonso: folds 
Uncalled bet ($15) returned to AdinMa1191
AdinMa1191 collected $24.85 from pot
*** SUMMARY ***
Total pot $26.50 | Rake $1.65 
Board [2h 5h 4c 8d Jd]
Seat 1: Pon4uk.ua folded before Flop (didn't bet)
Seat 2: AdinMa1191 collected ($24.85)
Seat 3: Rdalonso (button) folded on the River
Seat 4: mr.Jckpot (small blind) folded before Flop
Seat 5: VahTang_89 (big blind) folded on the Flop
Seat 6: Kreayshawn folded on the Flop



PokerStars Hand #254578122147:  Hold'em No Limit ($0.50/$1.00 USD) - 2025/01/27 13:13:11 WET [2025/01/27 8:13:11 ET]
Table 'Pherkard IV' 6-max Seat #4 is the button
Seat 1: Pon4uk.ua ($100 in chips) 
Seat 2: AdinMa1191 ($90.74 in chips) 
Seat 3: Rdalonso ($102.68 in chips) 
Seat 4: mr.Jckpot ($106.16 in chips) 
Seat 5: VahTang_89 ($100 in chips) 
Seat 6: Kreayshawn ($100 in chips) 
VahTang_89: posts small blind $0.50
Kreayshawn: posts big blind $1
*** HOLE CARDS ***
Pon4uk.ua: folds 
AdinMa1191: folds 
Rdalonso: raises $1.50 to $2.50
mr.Jckpot: folds 
VahTang_89: folds 
Kreayshawn: folds 
Uncalled bet ($1.50) returned to Rdalonso
Rdalonso collected $2.50 from pot
Rdalonso: doesn't show hand 
*** SUMMARY ***
Total pot $2.50 | Rake $0 
Seat 1: Pon4uk.ua folded before Flop (didn't bet)
Seat 2: AdinMa1191 folded before Flop (didn't bet)
Seat 3: Rdalonso collected ($2.50)
Seat 4: mr.Jckpot (button) folded before Flop (didn't bet)
Seat 5: VahTang_89 (small blind) folded before Flop
Seat 6: Kreayshawn (big blind) folded before Flop



PokerStars Hand #254578124322:  Hold'em No Limit ($0.50/$1.00 USD) - 2025/01/27 13:13:25 WET [2025/01/27 8:13:25 ET]
Table 'Pherkard IV' 6-max Seat #5 is the button
Seat 1: Pon4uk.ua ($100 in chips) 
Seat 2: AdinMa1191 ($90.74 in chips) 
Seat 3: Rdalonso ($104.18 in chips) 
Seat 4: mr.Jckpot ($106.16 in chips) 
Seat 5: VahTang_89 ($100 in chips) 
Seat 6: Kreayshawn ($100 in chips) 
Kreayshawn: posts small blind $0.50
Pon4uk.ua: posts big blind $1
*** HOLE CARDS ***
AdinMa1191: calls $1
Rdalonso: folds 
mr.Jckpot: raises $2.50 to $3.50
VahTang_89: folds 
Kreayshawn: folds 
Pon4uk.ua: folds 
AdinMa1191: calls $2.50
*** FLOP *** [Tc 4h Js]
AdinMa1191: checks 
mr.Jckpot: bets $5.25
AdinMa1191: folds 
Uncalled bet ($5.25) returned to mr.Jckpot
mr.Jckpot collected $8.08 from pot
mr.Jckpot: doesn't show hand 
*** SUMMARY ***
Total pot $8.50 | Rake $0.42 
Board [Tc 4h Js]
Seat 1: Pon4uk.ua (big blind) folded before Flop
Seat 2: AdinMa1191 folded on the Flop
Seat 3: Rdalonso folded before Flop (didn't bet)
Seat 4: mr.Jckpot collected ($8.08)
Seat 5: VahTang_89 (button) folded before Flop (didn't bet)
Seat 6: Kreayshawn (small blind) folded before Flop



PokerStars Hand #254578128208:  Hold'em No Limit ($0.50/$1.00 USD) - 2025/01/27 13:13:50 WET [2025/01/27 8:13:50 ET]
Table 'Pherkard IV' 6-max Seat #6 is the button
Seat 1: Pon4uk.ua ($100 in chips) 
Seat 2: AdinMa1191 ($87.24 in chips) 
Seat 3: Rdalonso ($104.18 in chips) 
Seat 4: mr.Jckpot ($110.74 in chips) 
Seat 5: VahTang_89 ($100 in chips) 
Seat 6: Kreayshawn ($100 in chips) 
Pon4uk.ua: posts small blind $0.50
AdinMa1191: posts big blind $1
*** HOLE CARDS ***
Rdalonso: folds 
mr.Jckpot: folds 
VahTang_89: folds 
Kreayshawn: raises $1.50 to $2.50
Pon4uk.ua: folds 
AdinMa1191: folds 
Uncalled bet ($1.50) returned to Kreayshawn
Kreayshawn collected $2.50 from pot
*** SUMMARY ***
Total pot $2.50 | Rake $0 
Seat 1: Pon4uk.ua (small blind) folded before Flop
Seat 2: AdinMa1191 (big blind) folded before Flop
Seat 3: Rdalonso folded before Flop (didn't bet)
Seat 4: mr.Jckpot folded before Flop (didn't bet)
Seat 5: VahTang_89 folded before Flop (didn't bet)
Seat 6: Kreayshawn (button) collected ($2.50)



PokerStars Hand #254578131077:  Hold'em No Limit ($0.50/$1.00 USD) - 2025/01/27 13:14:09 WET [2025/01/27 8:14:09 ET]
Table 'Pherkard IV' 6-max Seat #1 is the button
Seat 1: Pon4uk.ua ($100 in chips) 
Seat 2: AdinMa1191 ($86.24 in chips) 
Seat 3: Rdalonso ($104.18 in chips) 
Seat 4: mr.Jckpot ($110.74 in chips) 
Seat 5: VahTang_89 ($100 in chips) 
Seat 6: Kreayshawn ($101.50 in chips) 
AdinMa1191: posts small blind $0.50
Rdalonso: posts big blind $1
*** HOLE CARDS ***
mr.Jckpot: raises $1.50 to $2.50
VahTang_89: folds 
Kreayshawn: folds 
Pon4uk.ua: folds 
AdinMa1191: calls $2
Rdalonso: folds 
*** FLOP *** [Kc 7h 6d]
AdinMa1191: checks 
mr.Jckpot: bets $3.76
AdinMa1191: folds 
Uncalled bet ($3.76) returned to mr.Jckpot
mr.Jckpot collected $5.70 from pot
mr.Jckpot: doesn't show hand 
*** SUMMARY ***
Total pot $6 | Rake $0.30 
Board [Kc 7h 6d]
Seat 1: Pon4uk.ua (button) folded before Flop (didn't bet)
Seat 2: AdinMa1191 (small blind) folded on the Flop
Seat 3: Rdalonso (big blind) folded before Flop
Seat 4: mr.Jckpot collected ($5.70)
Seat 5: VahTang_89 folded before Flop (didn't bet)
Seat 6: Kreayshawn folded before Flop (didn't bet)



PokerStars Hand #254578135718:  Hold'em No Limit ($0.50/$1.00 USD) - 2025/01/27 13:14:39 WET [2025/01/27 8:14:39 ET]
Table 'Pherkard IV' 6-max Seat #2 is the button
Seat 1: Pon4uk.ua ($100 in chips) 
Seat 2: AdinMa1191 ($83.74 in chips) 
Seat 3: Rdalonso ($103.18 in chips) 
Seat 4: mr.Jckpot ($113.94 in chips) 
Seat 5: VahTang_89 ($100 in chips) 
Seat 6: Kreayshawn ($101.50 in chips) 
Rdalonso: posts small blind $0.50
mr.Jckpot: posts big blind $1
*** HOLE CARDS ***
VahTang_89: folds 
Kreayshawn: folds 
Pon4uk.ua: folds 
AdinMa1191: folds 
Rdalonso: folds 
Uncalled bet ($0.50) returned to mr.Jckpot
mr.Jckpot collected $1 from pot
mr.Jckpot: doesn't show hand 
*** SUMMARY ***
Total pot $1 | Rake $0 
Seat 1: Pon4uk.ua folded before Flop (didn't bet)
Seat 2: AdinMa1191 (button) folded before Flop (didn't bet)
Seat 3: Rdalonso (small blind) folded before Flop
Seat 4: mr.Jckpot (big blind) collected ($1)
Seat 5: VahTang_89 folded before Flop (didn't bet)
Seat 6: Kreayshawn folded before Flop (didn't bet)



PokerStars Hand #254578158229:  Hold'em No Limit ($0.50/$1.00 USD) - 2025/01/27 13:17:03 WET [2025/01/27 8:17:03 ET]
Table 'Pherkard IV' 6-max Seat #1 is the button
Seat 1: Pon4uk.ua ($100 in chips) 
Seat 2: AdinMa1191 ($79.54 in chips) 
Seat 3: Rdalonso ($102.68 in chips) 
Seat 4: mr.Jckpot ($115.44 in chips) 
Seat 5: VahTang_89 ($100 in chips) 
Seat 6: Kreayshawn ($110.49 in chips) 
AdinMa1191: posts small blind $0.50
Rdalonso: posts big blind $1
*** HOLE CARDS ***
mr.Jckpot: folds 
VahTang_89: folds 
Kreayshawn: raises $1.50 to $2.50
Pon4uk.ua: folds 
AdinMa1191: folds 
Rdalonso: folds 
Uncalled bet ($1.50) returned to Kreayshawn
Kreayshawn collected $2.50 from pot
*** SUMMARY ***
Total pot $2.50 | Rake $0 
Seat 1: Pon4uk.ua (button) folded before Flop (didn't bet)
Seat 2: AdinMa1191 (small blind) folded before Flop
Seat 3: Rdalonso (big blind) folded before Flop
Seat 4: mr.Jckpot folded before Flop (didn't bet)
Seat 5: VahTang_89 folded before Flop (didn't bet)
Seat 6: Kreayshawn collected ($2.50)



PokerStars Hand #254578161793:  Hold'em No Limit ($0.50/$1.00 USD) - 2025/01/27 13:17:25 WET [2025/01/27 8:17:25 ET]
Table 'Pherkard IV' 6-max Seat #2 is the button
Seat 1: Pon4uk.ua ($100 in chips) 
Seat 2: AdinMa1191 ($79.04 in chips) 
Seat 3: Rdalonso ($101.68 in chips) 
Seat 4: mr.Jckpot ($115.44 in chips) 
Seat 5: VahTang_89 ($100 in chips) 
Seat 6: Kreayshawn ($111.99 in chips) 
Rdalonso: posts small blind $0.50
mr.Jckpot: posts big blind $1
*** HOLE CARDS ***
VahTang_89: folds 
Kreayshawn: folds 
Pon4uk.ua: folds 
AdinMa1191: calls $1
Rdalonso: folds 
mr.Jckpot: raises $2.50 to $3.50
AdinMa1191: calls $2.50
*** FLOP *** [6s 4d 2h]
mr.Jckpot: bets $2.35
AdinMa1191: calls $2.35
*** TURN *** [6s 4d 2h] [3c]
mr.Jckpot: checks 
AdinMa1191: bets $5
mr.Jckpot: folds 
Uncalled bet ($5) returned to AdinMa1191
AdinMa1191 collected $11.44 from pot
*** SUMMARY ***
Total pot $12.20 | Rake $0.76 
Board [6s 4d 2h 3c]
Seat 1: Pon4uk.ua folded before Flop (didn't bet)
Seat 2: AdinMa1191 (button) collected ($11.44)
Seat 3: Rdalonso (small blind) folded before Flop
Seat 4: mr.Jckpot (big blind) folded on the Turn
Seat 5: VahTang_89 folded before Flop (didn't bet)
Seat 6: Kreayshawn folded before Flop (didn't bet)



PokerStars Hand #254578168637:  Hold'em No Limit ($0.50/$1.00 USD) - 2025/01/27 13:18:09 WET [2025/01/27 8:18:09 ET]
Table 'Pherkard IV' 6-max Seat #3 is the button
Seat 1: Pon4uk.ua ($100 in chips) 
Seat 2: AdinMa1191 ($84.63 in chips) 
Seat 3: Rdalonso ($101.18 in chips) 
Seat 4: mr.Jckpot ($109.59 in chips) 
Seat 5: VahTang_89 ($100 in chips) 
Seat 6: Kreayshawn ($111.99 in chips) 
mr.Jckpot: posts small blind $0.50
VahTang_89: posts big blind $1
*** HOLE CARDS ***
Kreayshawn: folds 
Pon4uk.ua: folds 
AdinMa1191: folds 
Rdalonso: folds 
mr.Jckpot: folds 
Uncalled bet ($0.50) returned to VahTang_89
VahTang_89 collected $1 from pot
VahTang_89: doesn't show hand 
*** SUMMARY ***
Total pot $1 | Rake $0 
Seat 1: Pon4uk.ua folded before Flop (didn't bet)
Seat 2: AdinMa1191 folded before Flop (didn't bet)
Seat 3: Rdalonso (button) folded before Flop (didn't bet)
Seat 4: mr.Jckpot (small blind) folded before Flop
Seat 5: VahTang_89 (big blind) collected ($1)
Seat 6: Kreayshawn folded before Flop (didn't bet)



PokerStars Hand #254578170545:  Hold'em No Limit ($0.50/$1.00 USD) - 2025/01/27 13:18:20 WET [2025/01/27 8:18:20 ET]
Table 'Pherkard IV' 6-max Seat #4 is the button
Seat 1: Pon4uk.ua ($100 in chips) 
Seat 2: AdinMa1191 ($84.63 in chips) 
Seat 3: Rdalonso ($101.18 in chips) 
Seat 4: mr.Jckpot ($109.09 in chips) 
Seat 5: VahTang_89 ($100.50 in chips) 
Seat 6: Kreayshawn ($111.99 in chips) 
VahTang_89: posts small blind $0.50
Kreayshawn: posts big blind $1
*** HOLE CARDS ***
Pon4uk.ua: folds 
AdinMa1191: calls $1
Rdalonso: raises $4 to $5
mr.Jckpot: folds 
VahTang_89: folds 
Kreayshawn: folds 
AdinMa1191: calls $4
*** FLOP *** [4d 4c 3s]
AdinMa1191: checks 
Rdalonso: bets $3.60
AdinMa1191: folds 
Uncalled bet ($3.60) returned to Rdalonso
Rdalonso collected $10.92 from pot
Rdalonso: doesn't show hand 
*** SUMMARY ***
Total pot $11.50 | Rake $0.58 
Board [4d 4c 3s]
Seat 1: Pon4uk.ua folded before Flop (didn't bet)
Seat 2: AdinMa1191 folded on the Flop
Seat 3: Rdalonso collected ($10.92)
Seat 4: mr.Jckpot (button) folded before Flop (didn't bet)
Seat 5: VahTang_89 (small blind) folded before Flop
Seat 6: Kreayshawn (big blind) folded before Flop



PokerStars Hand #254578174571:  Hold'em No Limit ($0.50/$1.00 USD) - 2025/01/27 13:18:46 WET [2025/01/27 8:18:46 ET]
Table 'Pherkard IV' 6-max Seat #5 is the button
Seat 1: Pon4uk.ua ($100 in chips) 
Seat 2: AdinMa1191 ($79.63 in chips) 
Seat 3: Rdalonso ($107.10 in chips) 
Seat 4: mr.Jckpot ($109.09 in chips) 
Seat 5: VahTang_89 ($100 in chips) 
Seat 6: Kreayshawn ($110.99 in chips) 
Kreayshawn: posts small blind $0.50
Pon4uk.ua: posts big blind $1
*** HOLE CARDS ***
AdinMa1191: folds 
Rdalonso: raises $1.50 to $2.50
mr.Jckpot: folds 
VahTang_89: folds 
Kreayshawn: folds 
Pon4uk.ua: calls $1.50
*** FLOP *** [8d 2d As]
Pon4uk.ua: checks 
Rdalonso: bets $1.72
Pon4uk.ua: folds 
Uncalled bet ($1.72) returned to Rdalonso
Rdalonso collected $5.22 from pot
Rdalonso: doesn't show hand 
*** SUMMARY ***
Total pot $5.50 | Rake $0.28 
Board [8d 2d As]
Seat 1: Pon4uk.ua (big blind) folded on the Flop
Seat 2: AdinMa1191 folded before Flop (didn't bet)
Seat 3: Rdalonso collected ($5.22)
Seat 4: mr.Jckpot folded before Flop (didn't bet)
Seat 5: VahTang_89 (button) folded before Flop (didn't bet)
Seat 6: Kreayshawn (small blind) folded before Flop



PokerStars Hand #254578178281:  Hold'em No Limit ($0.50/$1.00 USD) - 2025/01/27 13:19:09 WET [2025/01/27 8:19:09 ET]
Table 'Pherkard IV' 6-max Seat #6 is the button
Seat 1: Pon4uk.ua ($100 in chips) 
Seat 2: AdinMa1191 ($79.63 in chips) 
Seat 3: Rdalonso ($109.82 in chips) 
Seat 4: mr.Jckpot ($109.09 in chips) 
Seat 5: VahTang_89 ($100 in chips) 
Seat 6: Kreayshawn ($110.49 in chips) 
Pon4uk.ua: posts small blind $0.50
AdinMa1191: posts big blind $1
*** HOLE CARDS ***
Rdalonso: folds 
mr.Jckpot: folds 
VahTang_89: folds 
Kreayshawn: raises $1.50 to $2.50
Pon4uk.ua: folds 
AdinMa1191: folds 
Uncalled bet ($1.50) returned to Kreayshawn
Kreayshawn collected $2.50 from pot
*** SUMMARY ***
Total pot $2.50 | Rake $0 
Seat 1: Pon4uk.ua (small blind) folded before Flop
Seat 2: AdinMa1191 (big blind) folded before Flop
Seat 3: Rdalonso folded before Flop (didn't bet)
Seat 4: mr.Jckpot folded before Flop (didn't bet)
Seat 5: VahTang_89 folded before Flop (didn't bet)
Seat 6: Kreayshawn (button) collected ($2.50)



PokerStars Hand #254578182002:  Hold'em No Limit ($0.50/$1.00 USD) - 2025/01/27 13:19:32 WET [2025/01/27 8:19:32 ET]
Table 'Pherkard IV' 6-max Seat #1 is the button
Seat 1: Pon4uk.ua ($100 in chips) 
Seat 2: AdinMa1191 ($78.63 in chips) 
Seat 3: Rdalonso ($109.82 in chips) 
Seat 4: mr.Jckpot ($109.09 in chips) 
Seat 5: VahTang_89 ($100 in chips) 
Seat 6: Kreayshawn ($111.99 in chips) 
AdinMa1191: posts small blind $0.50
Rdalonso: posts big blind $1
*** HOLE CARDS ***
mr.Jckpot: folds 
VahTang_89: folds 
Kreayshawn: folds 
Pon4uk.ua: raises $1.50 to $2.50
AdinMa1191: folds 
Rdalonso: calls $1.50
*** FLOP *** [5h Td 8c]
Rdalonso: checks 
Pon4uk.ua: bets $1.72
Rdalonso: raises $4.33 to $6.05
Pon4uk.ua: folds 
Uncalled bet ($4.33) returned to Rdalonso
Rdalonso collected $8.49 from pot
Rdalonso: doesn't show hand 
*** SUMMARY ***
Total pot $8.94 | Rake $0.45 
Board [5h Td 8c]
Seat 1: Pon4uk.ua (button) folded on the Flop
Seat 2: AdinMa1191 (small blind) folded before Flop
Seat 3: Rdalonso (big blind) collected ($8.49)
Seat 4: mr.Jckpot folded before Flop (didn't bet)
Seat 5: VahTang_89 folded before Flop (didn't bet)
Seat 6: Kreayshawn folded before Flop (didn't bet)



PokerStars Hand #254578188757:  Hold'em No Limit ($0.50/$1.00 USD) - 2025/01/27 13:20:14 WET [2025/01/27 8:20:14 ET]
Table 'Pherkard IV' 6-max Seat #2 is the button
Seat 1: Pon4uk.ua ($100 in chips) 
Seat 2: AdinMa1191 ($78.13 in chips) 
Seat 3: Rdalonso ($114.09 in chips) 
Seat 4: mr.Jckpot ($109.09 in chips) 
Seat 5: VahTang_89 ($100 in chips) 
Seat 6: Kreayshawn ($111.99 in chips) 
Rdalonso: posts small blind $0.50
mr.Jckpot: posts big blind $1
*** HOLE CARDS ***
VahTang_89: raises $1.20 to $2.20
Kreayshawn: folds 
Pon4uk.ua: folds 
AdinMa1191: calls $2.20
Rdalonso: folds 
mr.Jckpot: calls $1.20
*** FLOP *** [5h 5c Ts]
mr.Jckpot: checks 
VahTang_89: bets $2.22
AdinMa1191: calls $2.22
mr.Jckpot: calls $2.22
*** TURN *** [5h 5c Ts] [Ad]
mr.Jckpot: checks 
VahTang_89: bets $4.31
AdinMa1191: calls $4.31
mr.Jckpot: folds 
*** RIVER *** [5h 5c Ts Ad] [4c]
VahTang_89: bets $10.63
AdinMa1191: calls $10.63
*** SHOW DOWN ***
VahTang_89: shows [Ah Qd] (two pair, Aces and Fives)
AdinMa1191: mucks hand 
VahTang_89 collected $41.46 from pot
*** SUMMARY ***
Total pot $43.64 | Rake $2.18 
Board [5h 5c Ts Ad 4c]
Seat 1: Pon4uk.ua folded before Flop (didn't bet)
Seat 2: AdinMa1191 (button) mucked
Seat 3: Rdalonso (small blind) folded before Flop
Seat 4: mr.Jckpot (big blind) folded on the Turn
Seat 5: VahTang_89 showed [Ah Qd] and won ($41.46) with two pair, Aces and Fives
Seat 6: Kreayshawn folded before Flop (didn't bet)



PokerStars Hand #254578195932:  Hold'em No Limit ($0.50/$1.00 USD) - 2025/01/27 13:20:59 WET [2025/01/27 8:20:59 ET]
Table 'Pherkard IV' 6-max Seat #3 is the button
Seat 1: Pon4uk.ua ($100 in chips) 
Seat 2: AdinMa1191 ($58.77 in chips) 
Seat 3: Rdalonso ($113.59 in chips) 
Seat 4: mr.Jckpot ($104.67 in chips) 
Seat 5: VahTang_89 ($122.10 in chips) 
Seat 6: Kreayshawn ($111.99 in chips) 
mr.Jckpot: posts small blind $0.50
VahTang_89: posts big blind $1
*** HOLE CARDS ***
Kreayshawn: folds 
Pon4uk.ua: folds 
AdinMa1191: calls $1
Rdalonso: raises $4 to $5
mr.Jckpot: raises $9 to $14
VahTang_89: folds 
AdinMa1191: calls $13
Rdalonso: folds 
*** FLOP *** [5s Kh 4d]
mr.Jckpot: checks 
AdinMa1191: checks 
*** TURN *** [5s Kh 4d] [3s]
mr.Jckpot: bets $19.50
AdinMa1191: raises $19.50 to $39
mr.Jckpot: raises $19.50 to $58.50
AdinMa1191: calls $5.77 and is all-in
Uncalled bet ($13.73) returned to mr.Jckpot
*** RIVER *** [5s Kh 4d 3s] [2h]
*** SHOW DOWN ***
mr.Jckpot: shows [Ad Kd] (a straight, Ace to Five)
AdinMa1191: shows [7s As] (a straight, Ace to Five)
mr.Jckpot collected $60.52 from pot
AdinMa1191 cashed out the hand for $36.39 | Cash Out Fee $0.74
*** SUMMARY ***
Total pot $123.54 | Rake $2.50 
Board [5s Kh 4d 3s 2h]
Seat 1: Pon4uk.ua folded before Flop (didn't bet)
Seat 2: AdinMa1191 showed [7s As] and won ($60.52) with a straight, Ace to Five (pot not awarded as player cashed out)
Seat 3: Rdalonso (button) folded before Flop
Seat 4: mr.Jckpot (small blind) showed [Ad Kd] and won ($60.52) with a straight, Ace to Five
Seat 5: VahTang_89 (big blind) folded before Flop
Seat 6: Kreayshawn folded before Flop (didn't bet)



PokerStars Hand #254578204436:  Hold'em No Limit ($0.50/$1.00 USD) - 2025/01/27 13:21:52 WET [2025/01/27 8:21:52 ET]
Table 'Pherkard IV' 6-max Seat #4 is the button
Seat 1: Pon4uk.ua ($100 in chips) 
Seat 2: AdinMa1191 ($36.39 in chips) 
Seat 3: Rdalonso ($108.59 in chips) 
Seat 4: mr.Jckpot ($106.42 in chips) 
Seat 5: VahTang_89 ($121.10 in chips) 
Seat 6: Kreayshawn ($111.99 in chips) 
VahTang_89: posts small blind $0.50
Kreayshawn: posts big blind $1
*** HOLE CARDS ***
Pon4uk.ua: folds 
AdinMa1191: folds 
Rdalonso: folds 
mr.Jckpot: folds 
VahTang_89: folds 
Uncalled bet ($0.50) returned to Kreayshawn
Kreayshawn collected $1 from pot
*** SUMMARY ***
Total pot $1 | Rake $0 
Seat 1: Pon4uk.ua folded before Flop (didn't bet)
Seat 2: AdinMa1191 folded before Flop (didn't bet)
Seat 3: Rdalonso folded before Flop (didn't bet)
Seat 4: mr.Jckpot (button) folded before Flop (didn't bet)
Seat 5: VahTang_89 (small blind) folded before Flop
Seat 6: Kreayshawn (big blind) collected ($1)



PokerStars Hand #254578206709:  Hold'em No Limit ($0.50/$1.00 USD) - 2025/01/27 13:22:06 WET [2025/01/27 8:22:06 ET]
Table 'Pherkard IV' 6-max Seat #5 is the button
Seat 1: Pon4uk.ua ($100 in chips) 
Seat 2: AdinMa1191 ($36.39 in chips) 
Seat 3: Rdalonso ($108.59 in chips) 
Seat 4: mr.Jckpot ($106.42 in chips) 
Seat 5: VahTang_89 ($120.60 in chips) 
Seat 6: Kreayshawn ($112.49 in chips) 
Kreayshawn: posts small blind $0.50
Pon4uk.ua: posts big blind $1
*** HOLE CARDS ***
AdinMa1191: folds 
Rdalonso: folds 
mr.Jckpot: folds 
VahTang_89: raises $1.20 to $2.20
Kreayshawn: folds 
Pon4uk.ua: folds 
Uncalled bet ($1.20) returned to VahTang_89
VahTang_89 collected $2.50 from pot
VahTang_89: doesn't show hand 
*** SUMMARY ***
Total pot $2.50 | Rake $0 
Seat 1: Pon4uk.ua (big blind) folded before Flop
Seat 2: AdinMa1191 folded before Flop (didn't bet)
Seat 3: Rdalonso folded before Flop (didn't bet)
Seat 4: mr.Jckpot folded before Flop (didn't bet)
Seat 5: VahTang_89 (button) collected ($2.50)
Seat 6: Kreayshawn (small blind) folded before Flop



PokerStars Hand #254578212229:  Hold'em No Limit ($0.50/$1.00 USD) - 2025/01/27 13:22:41 WET [2025/01/27 8:22:41 ET]
Table 'Pherkard IV' 6-max Seat #6 is the button
Seat 1: Pon4uk.ua ($100 in chips) 
Seat 2: AdinMa1191 ($36.39 in chips) 
Seat 3: Rdalonso ($108.59 in chips) 
Seat 4: mr.Jckpot ($106.42 in chips) 
Seat 5: VahTang_89 ($122.10 in chips) 
Seat 6: Kreayshawn ($111.99 in chips) 
Pon4uk.ua: posts small blind $0.50
AdinMa1191: posts big blind $1
*** HOLE CARDS ***
Rdalonso: folds 
mr.Jckpot: folds 
VahTang_89: folds 
Kreayshawn: raises $1.50 to $2.50
Pon4uk.ua: folds 
AdinMa1191: folds 
Uncalled bet ($1.50) returned to Kreayshawn
Kreayshawn collected $2.50 from pot
*** SUMMARY ***
Total pot $2.50 | Rake $0 
Seat 1: Pon4uk.ua (small blind) folded before Flop
Seat 2: AdinMa1191 (big blind) folded before Flop
Seat 3: Rdalonso folded before Flop (didn't bet)
Seat 4: mr.Jckpot folded before Flop (didn't bet)
Seat 5: VahTang_89 folded before Flop (didn't bet)
Seat 6: Kreayshawn (button) collected ($2.50)



PokerStars Hand #254578213822:  Hold'em No Limit ($0.50/$1.00 USD) - 2025/01/27 13:22:51 WET [2025/01/27 8:22:51 ET]
Table 'Pherkard IV' 6-max Seat #1 is the button
Seat 1: Pon4uk.ua ($100 in chips) 
Seat 2: AdinMa1191 ($35.39 in chips) 
Seat 3: Rdalonso ($108.59 in chips) 
Seat 4: mr.Jckpot ($106.42 in chips) 
Seat 5: VahTang_89 ($122.10 in chips) 
Seat 6: Kreayshawn ($113.49 in chips) 
AdinMa1191: posts small blind $0.50
Rdalonso: posts big blind $1
*** HOLE CARDS ***
mr.Jckpot: folds 
VahTang_89: raises $1.20 to $2.20
Kreayshawn: folds 
Pon4uk.ua: folds 
AdinMa1191: calls $1.70
Rdalonso: folds 
*** FLOP *** [3c 4d 6s]
AdinMa1191: checks 
VahTang_89: checks 
*** TURN *** [3c 4d 6s] [Ts]
AdinMa1191: checks 
VahTang_89: checks 
*** RIVER *** [3c 4d 6s Ts] [6c]
AdinMa1191: checks 
VahTang_89: checks 
*** SHOW DOWN ***
AdinMa1191: shows [4c Jc] (two pair, Sixes and Fours)
VahTang_89: mucks hand 
AdinMa1191 collected $5.06 from pot
*** SUMMARY ***
Total pot $5.40 | Rake $0.34 
Board [3c 4d 6s Ts 6c]
Seat 1: Pon4uk.ua (button) folded before Flop (didn't bet)
Seat 2: AdinMa1191 (small blind) showed [4c Jc] and won ($5.06) with two pair, Sixes and Fours
Seat 3: Rdalonso (big blind) folded before Flop
Seat 4: mr.Jckpot folded before Flop (didn't bet)
Seat 5: VahTang_89 mucked
Seat 6: Kreayshawn folded before Flop (didn't bet)



PokerStars Hand #254578220192:  Hold'em No Limit ($0.50/$1.00 USD) - 2025/01/27 13:23:32 WET [2025/01/27 8:23:32 ET]
Table 'Pherkard IV' 6-max Seat #2 is the button
Seat 1: Pon4uk.ua ($100 in chips) 
Seat 2: AdinMa1191 ($38.25 in chips) 
Seat 3: Rdalonso ($107.59 in chips) 
Seat 4: mr.Jckpot ($106.42 in chips) 
Seat 5: VahTang_89 ($119.90 in chips) 
Seat 6: Kreayshawn ($113.49 in chips) 
Rdalonso: posts small blind $0.50
mr.Jckpot: posts big blind $1
*** HOLE CARDS ***
VahTang_89: folds 
Kreayshawn: raises $1.50 to $2.50
Pon4uk.ua: folds 
AdinMa1191: folds 
Rdalonso: folds 
mr.Jckpot: folds 
Uncalled bet ($1.50) returned to Kreayshawn
Kreayshawn collected $2.50 from pot
*** SUMMARY ***
Total pot $2.50 | Rake $0 
Seat 1: Pon4uk.ua folded before Flop (didn't bet)
Seat 2: AdinMa1191 (button) folded before Flop (didn't bet)
Seat 3: Rdalonso (small blind) folded before Flop
Seat 4: mr.Jckpot (big blind) folded before Flop
Seat 5: VahTang_89 folded before Flop (didn't bet)
Seat 6: Kreayshawn collected ($2.50)



PokerStars Hand #254578224948:  Hold'em No Limit ($0.50/$1.00 USD) - 2025/01/27 13:24:02 WET [2025/01/27 8:24:02 ET]
Table 'Pherkard IV' 6-max Seat #3 is the button
Seat 1: Pon4uk.ua ($100 in chips) 
Seat 2: AdinMa1191 ($38.25 in chips) 
Seat 3: Rdalonso ($107.09 in chips) 
Seat 4: mr.Jckpot ($105.42 in chips) 
Seat 5: VahTang_89 ($119.90 in chips) 
Seat 6: Kreayshawn ($114.99 in chips) 
mr.Jckpot: posts small blind $0.50
VahTang_89: posts big blind $1
*** HOLE CARDS ***
Kreayshawn has timed out
Kreayshawn: folds 
Pon4uk.ua: folds 
AdinMa1191: calls $1
Rdalonso: raises $4 to $5
mr.Jckpot: folds 
VahTang_89: folds 
AdinMa1191: calls $4
*** FLOP *** [Ad 6d 7s]
AdinMa1191: checks 
Rdalonso: bets $3.60
AdinMa1191: calls $3.60
*** TURN *** [Ad 6d 7s] [Jh]
AdinMa1191: checks 
Rdalonso: checks 
*** RIVER *** [Ad 6d 7s Jh] [6h]
AdinMa1191: bets $1
Rdalonso: folds 
Uncalled bet ($1) returned to AdinMa1191
AdinMa1191 collected $17.52 from pot
*** SUMMARY ***
Total pot $18.70 | Rake $1.18 
Board [Ad 6d 7s Jh 6h]
Seat 1: Pon4uk.ua folded before Flop (didn't bet)
Seat 2: AdinMa1191 collected ($17.52)
Seat 3: Rdalonso (button) folded on the River
Seat 4: mr.Jckpot (small blind) folded before Flop
Seat 5: VahTang_89 (big blind) folded before Flop
Seat 6: Kreayshawn folded before Flop (didn't bet)



PokerStars Hand #254578236076:  Hold'em No Limit ($0.50/$1.00 USD) - 2025/01/27 13:25:13 WET [2025/01/27 8:25:13 ET]
Table 'Pherkard IV' 6-max Seat #4 is the button
Seat 1: Pon4uk.ua ($100 in chips) 
Seat 2: AdinMa1191 ($47.17 in chips) 
Seat 3: Rdalonso ($100 in chips) 
Seat 4: mr.Jckpot ($104.92 in chips) 
Seat 5: VahTang_89 ($118.90 in chips) 
Seat 6: Kreayshawn ($114.99 in chips) 
VahTang_89: posts small blind $0.50
Kreayshawn: posts big blind $1
*** HOLE CARDS ***
Pon4uk.ua: folds 
AdinMa1191: calls $1
Rdalonso: folds 
mr.Jckpot: folds 
VahTang_89: raises $3.50 to $4.50
Kreayshawn: folds 
AdinMa1191: calls $3.50
*** FLOP *** [2c 2h Js]
VahTang_89: checks 
AdinMa1191: bets $1
VahTang_89: calls $1
*** TURN *** [2c 2h Js] [Qh]
VahTang_89: bets $5.70
AdinMa1191: raises $5.70 to $11.40
VahTang_89: calls $5.70
*** RIVER *** [2c 2h Js Qh] [4s]
VahTang_89: checks 
AdinMa1191: bets $10
VahTang_89: calls $10
*** SHOW DOWN ***
AdinMa1191: shows [Ks 2s] (three of a kind, Deuces)
VahTang_89: mucks hand 
AdinMa1191 collected $51.68 from pot
*** SUMMARY ***
Total pot $54.80 | Rake $3.12 
Board [2c 2h Js Qh 4s]
Seat 1: Pon4uk.ua folded before Flop (didn't bet)
Seat 2: AdinMa1191 showed [Ks 2s] and won ($51.68) with three of a kind, Deuces
Seat 3: Rdalonso folded before Flop (didn't bet)
Seat 4: mr.Jckpot (button) folded before Flop (didn't bet)
Seat 5: VahTang_89 (small blind) mucked
Seat 6: Kreayshawn (big blind) folded before Flop



PokerStars Hand #254578245075:  Hold'em No Limit ($0.50/$1.00 USD) - 2025/01/27 13:26:10 WET [2025/01/27 8:26:10 ET]
Table 'Pherkard IV' 6-max Seat #5 is the button
Seat 1: Pon4uk.ua ($100 in chips) 
Seat 2: AdinMa1191 ($71.95 in chips) 
Seat 3: Rdalonso ($100 in chips) 
Seat 4: mr.Jckpot ($104.92 in chips) 
Seat 5: VahTang_89 ($100 in chips) 
Seat 6: Kreayshawn ($113.99 in chips) 
Kreayshawn: posts small blind $0.50
Pon4uk.ua: posts big blind $1
*** HOLE CARDS ***
AdinMa1191: calls $1
Rdalonso: folds 
mr.Jckpot: folds 
VahTang_89: folds 
Kreayshawn has timed out
Kreayshawn: folds 
Pon4uk.ua: checks 
*** FLOP *** [6h 3h 5h]
Pon4uk.ua: bets $1.19
AdinMa1191: raises $1.19 to $2.38
Pon4uk.ua: calls $1.19
*** TURN *** [6h 3h 5h] [4d]
Pon4uk.ua: bets $3.45
AdinMa1191: raises $3.45 to $6.90
Pon4uk.ua: calls $3.45
*** RIVER *** [6h 3h 5h 4d] [6s]
Pon4uk.ua: checks 
AdinMa1191: checks 
*** SHOW DOWN ***
Pon4uk.ua: shows [7s Jh] (a straight, Three to Seven)
AdinMa1191: mucks hand 
Pon4uk.ua collected $20.01 from pot
*** SUMMARY ***
Total pot $21.06 | Rake $1.05 
Board [6h 3h 5h 4d 6s]
Seat 1: Pon4uk.ua (big blind) showed [7s Jh] and won ($20.01) with a straight, Three to Seven
Seat 2: AdinMa1191 mucked
Seat 3: Rdalonso folded before Flop (didn't bet)
Seat 4: mr.Jckpot folded before Flop (didn't bet)
Seat 5: VahTang_89 (button) folded before Flop (didn't bet)
Seat 6: Kreayshawn (small blind) folded before Flop



PokerStars Hand #254578254076:  Hold'em No Limit ($0.50/$1.00 USD) - 2025/01/27 13:27:06 WET [2025/01/27 8:27:06 ET]
Table 'Pherkard IV' 6-max Seat #6 is the button
Seat 1: Pon4uk.ua ($109.73 in chips) 
Seat 2: AdinMa1191 ($61.67 in chips) 
Seat 3: Rdalonso ($100 in chips) 
Seat 4: mr.Jckpot ($104.92 in chips) 
Seat 5: VahTang_89 ($100 in chips) 
Seat 6: Kreayshawn ($113.49 in chips) 
Pon4uk.ua: posts small blind $0.50
AdinMa1191: posts big blind $1
*** HOLE CARDS ***
Rdalonso: raises $1.50 to $2.50
mr.Jckpot: folds 
VahTang_89: folds 
Kreayshawn: folds 
Pon4uk.ua: calls $2
AdinMa1191: calls $1.50
*** FLOP *** [Tc 8h 7h]
Pon4uk.ua: checks 
AdinMa1191: checks 
Rdalonso: checks 
*** TURN *** [Tc 8h 7h] [Qc]
Pon4uk.ua: bets $3.56
AdinMa1191: folds 
Rdalonso: calls $3.56
*** RIVER *** [Tc 8h 7h Qc] [Ac]
Pon4uk.ua: bets $4.58
Rdalonso: raises $16.12 to $20.70
Pon4uk.ua: calls $16.12
*** SHOW DOWN ***
Rdalonso: shows [Js Kd] (a straight, Ten to Ace)
Pon4uk.ua: shows [6c 7c] (a flush, Ace high)
Pon4uk.ua collected $53.52 from pot
*** SUMMARY ***
Total pot $56.02 | Rake $2.50 
Board [Tc 8h 7h Qc Ac]
Seat 1: Pon4uk.ua (small blind) showed [6c 7c] and won ($53.52) with a flush, Ace high
Seat 2: AdinMa1191 (big blind) folded on the Turn
Seat 3: Rdalonso showed [Js Kd] and lost with a straight, Ten to Ace
Seat 4: mr.Jckpot folded before Flop (didn't bet)
Seat 5: VahTang_89 folded before Flop (didn't bet)
Seat 6: Kreayshawn (button) folded before Flop (didn't bet)



PokerStars Hand #254578266982:  Hold'em No Limit ($0.50/$1.00 USD) - 2025/01/27 13:28:29 WET [2025/01/27 8:28:29 ET]
Table 'Pherkard IV' 6-max Seat #1 is the button
Seat 1: Pon4uk.ua ($136.49 in chips) 
Seat 2: AdinMa1191 ($59.17 in chips) 
Seat 3: Rdalonso ($100 in chips) 
Seat 4: mr.Jckpot ($104.92 in chips) 
Seat 5: VahTang_89 ($100 in chips) 
Seat 6: Kreayshawn ($113.49 in chips) 
AdinMa1191: posts small blind $0.50
Rdalonso: posts big blind $1
*** HOLE CARDS ***
mr.Jckpot: raises $1.50 to $2.50
VahTang_89: folds 
Kreayshawn: folds 
Pon4uk.ua: folds 
AdinMa1191: calls $2
Rdalonso: folds 
*** FLOP *** [2h 6h 6d]
AdinMa1191: checks 
mr.Jckpot: bets $3
AdinMa1191: folds 
Uncalled bet ($3) returned to mr.Jckpot
mr.Jckpot collected $5.70 from pot
mr.Jckpot: doesn't show hand 
*** SUMMARY ***
Total pot $6 | Rake $0.30 
Board [2h 6h 6d]
Seat 1: Pon4uk.ua (button) folded before Flop (didn't bet)
Seat 2: AdinMa1191 (small blind) folded on the Flop
Seat 3: Rdalonso (big blind) folded before Flop
Seat 4: mr.Jckpot collected ($5.70)
Seat 5: VahTang_89 folded before Flop (didn't bet)
Seat 6: Kreayshawn folded before Flop (didn't bet)



PokerStars Hand #254578271740:  Hold'em No Limit ($0.50/$1.00 USD) - 2025/01/27 13:28:59 WET [2025/01/27 8:28:59 ET]
Table 'Pherkard IV' 6-max Seat #2 is the button
Seat 1: Pon4uk.ua ($136.49 in chips) 
Seat 2: AdinMa1191 ($56.67 in chips) 
Seat 3: Rdalonso ($100 in chips) 
Seat 4: mr.Jckpot ($108.12 in chips) 
Seat 5: VahTang_89 ($100 in chips) 
Seat 6: Kreayshawn ($113.49 in chips) 
Rdalonso: posts small blind $0.50
mr.Jckpot: posts big blind $1
*** HOLE CARDS ***
VahTang_89: folds 
Kreayshawn has timed out
Kreayshawn: folds 
Pon4uk.ua: raises $1.50 to $2.50
AdinMa1191: folds 
Rdalonso: folds 
mr.Jckpot: folds 
Uncalled bet ($1.50) returned to Pon4uk.ua
Pon4uk.ua collected $2.50 from pot
Pon4uk.ua: doesn't show hand 
*** SUMMARY ***
Total pot $2.50 | Rake $0 
Seat 1: Pon4uk.ua collected ($2.50)
Seat 2: AdinMa1191 (button) folded before Flop (didn't bet)
Seat 3: Rdalonso (small blind) folded before Flop
Seat 4: mr.Jckpot (big blind) folded before Flop
Seat 5: VahTang_89 folded before Flop (didn't bet)
Seat 6: Kreayshawn folded before Flop (didn't bet)



PokerStars Hand #254578275142:  Hold'em No Limit ($0.50/$1.00 USD) - 2025/01/27 13:29:21 WET [2025/01/27 8:29:21 ET]
Table 'Pherkard IV' 6-max Seat #3 is the button
Seat 1: Pon4uk.ua ($137.99 in chips) 
Seat 2: AdinMa1191 ($56.67 in chips) 
Seat 3: Rdalonso ($100 in chips) 
Seat 4: mr.Jckpot ($107.12 in chips) 
Seat 5: VahTang_89 ($100 in chips) 
Seat 6: Kreayshawn ($113.49 in chips) 
mr.Jckpot: posts small blind $0.50
VahTang_89: posts big blind $1
*** HOLE CARDS ***
Kreayshawn has timed out
Kreayshawn: folds 
Pon4uk.ua: folds 
AdinMa1191: calls $1
Rdalonso: folds 
mr.Jckpot: folds 
VahTang_89: raises $3.50 to $4.50
AdinMa1191: calls $3.50
*** FLOP *** [Ts Kh 9c]
VahTang_89: checks 
AdinMa1191: checks 
*** TURN *** [Ts Kh 9c] [6h]
VahTang_89: checks 
AdinMa1191: checks 
*** RIVER *** [Ts Kh 9c 6h] [4s]
VahTang_89: checks 
AdinMa1191: checks 
*** SHOW DOWN ***
VahTang_89: shows [As 7s] (high card Ace)
AdinMa1191: mucks hand 
VahTang_89 collected $9.02 from pot
*** SUMMARY ***
Total pot $9.50 | Rake $0.48 
Board [Ts Kh 9c 6h 4s]
Seat 1: Pon4uk.ua folded before Flop (didn't bet)
Seat 2: AdinMa1191 mucked
Seat 3: Rdalonso (button) folded before Flop (didn't bet)
Seat 4: mr.Jckpot (small blind) folded before Flop
Seat 5: VahTang_89 (big blind) showed [As 7s] and won ($9.02) with high card Ace
Seat 6: Kreayshawn folded before Flop (didn't bet)



PokerStars Hand #254578282115:  Hold'em No Limit ($0.50/$1.00 USD) - 2025/01/27 13:30:05 WET [2025/01/27 8:30:05 ET]
Table 'Pherkard IV' 6-max Seat #4 is the button
Seat 6: Kreayshawn ($113.49 in chips) is sitting out
Seat 1: Pon4uk.ua ($137.99 in chips) 
Seat 2: AdinMa1191 ($52.17 in chips) 
Seat 3: Rdalonso ($100 in chips) 
Seat 4: mr.Jckpot ($106.62 in chips) 
Seat 5: VahTang_89 ($104.52 in chips) 
VahTang_89: posts small blind $0.50
Pon4uk.ua: posts big blind $1
*** HOLE CARDS ***
AdinMa1191: folds 
Rdalonso: folds 
mr.Jckpot: raises $1.50 to $2.50
VahTang_89: folds 
Pon4uk.ua: folds 
Uncalled bet ($1.50) returned to mr.Jckpot
mr.Jckpot collected $2.50 from pot
mr.Jckpot: doesn't show hand 
*** SUMMARY ***
Total pot $2.50 | Rake $0 
Seat 6: Kreayshawn
Seat 1: Pon4uk.ua (big blind) folded before Flop
Seat 2: AdinMa1191 folded before Flop (didn't bet)
Seat 3: Rdalonso folded before Flop (didn't bet)
Seat 4: mr.Jckpot (button) collected ($2.50)
Seat 5: VahTang_89 (small blind) folded before Flop



PokerStars Hand #254578284424:  Hold'em No Limit ($0.50/$1.00 USD) - 2025/01/27 13:30:19 WET [2025/01/27 8:30:19 ET]
Table 'Pherkard IV' 6-max Seat #5 is the button
Seat 6: Kreayshawn ($113.49 in chips) is sitting out
Seat 1: Pon4uk.ua ($136.99 in chips) 
Seat 2: AdinMa1191 ($52.17 in chips) 
Seat 3: Rdalonso ($100 in chips) 
Seat 4: mr.Jckpot ($108.12 in chips) 
Seat 5: VahTang_89 ($104.02 in chips) 
Pon4uk.ua: posts small blind $0.50
AdinMa1191: posts big blind $1
*** HOLE CARDS ***
Rdalonso: folds 
mr.Jckpot: folds 
VahTang_89: raises $1.20 to $2.20
Pon4uk.ua: folds 
AdinMa1191: folds 
Uncalled bet ($1.20) returned to VahTang_89
VahTang_89 collected $2.50 from pot
VahTang_89: doesn't show hand 
*** SUMMARY ***
Total pot $2.50 | Rake $0 
Seat 6: Kreayshawn
Seat 1: Pon4uk.ua (small blind) folded before Flop
Seat 2: AdinMa1191 (big blind) folded before Flop
Seat 3: Rdalonso folded before Flop (didn't bet)
Seat 4: mr.Jckpot folded before Flop (didn't bet)
Seat 5: VahTang_89 (button) collected ($2.50)



PokerStars Hand #254578285979:  Hold'em No Limit ($0.50/$1.00 USD) - 2025/01/27 13:30:29 WET [2025/01/27 8:30:29 ET]
Table 'Pherkard IV' 6-max Seat #1 is the button
Seat 6: Kreayshawn ($113.49 in chips) is sitting out
Seat 1: Pon4uk.ua ($136.49 in chips) 
Seat 2: AdinMa1191 ($51.17 in chips) 
Seat 3: Rdalonso ($100 in chips) 
Seat 4: mr.Jckpot ($108.12 in chips) 
Seat 5: VahTang_89 ($105.52 in chips) 
AdinMa1191: posts small blind $0.50
Rdalonso: posts big blind $1
Kreayshawn: sits out 
*** HOLE CARDS ***
mr.Jckpot: raises $1.50 to $2.50
VahTang_89: raises $5 to $7.50
Pon4uk.ua: folds 
AdinMa1191: folds 
Rdalonso: folds 
mr.Jckpot: calls $5
*** FLOP *** [Kh Js Qc]
mr.Jckpot: checks 
VahTang_89: checks 
*** TURN *** [Kh Js Qc] [2d]
mr.Jckpot: checks 
VahTang_89: bets $7.84
mr.Jckpot: folds 
Uncalled bet ($7.84) returned to VahTang_89
VahTang_89 collected $15.68 from pot
VahTang_89: doesn't show hand 
*** SUMMARY ***
Total pot $16.50 | Rake $0.82 
Board [Kh Js Qc 2d]
Seat 6: Kreayshawn
Seat 1: Pon4uk.ua (button) folded before Flop (didn't bet)
Seat 2: AdinMa1191 (small blind) folded before Flop
Seat 3: Rdalonso (big blind) folded before Flop
Seat 4: mr.Jckpot folded on the Turn
Seat 5: VahTang_89 collected ($15.68)



PokerStars Hand #254578295382:  Hold'em No Limit ($0.50/$1.00 USD) - 2025/01/27 13:31:28 WET [2025/01/27 8:31:28 ET]
Table 'Pherkard IV' 6-max Seat #2 is the button
Seat 6: Kreayshawn ($113.49 in chips) is sitting out
Seat 1: Pon4uk.ua ($136.49 in chips) 
Seat 2: AdinMa1191 ($50.67 in chips) 
Seat 3: Rdalonso ($100 in chips) 
Seat 4: mr.Jckpot ($100.62 in chips) 
Seat 5: VahTang_89 ($113.70 in chips) 
Rdalonso: posts small blind $0.50
mr.Jckpot: posts big blind $1
Kreayshawn: sits out 
*** HOLE CARDS ***
VahTang_89: folds 
Pon4uk.ua: raises $1.50 to $2.50
AdinMa1191: calls $2.50
Rdalonso: folds 
mr.Jckpot: folds 
*** FLOP *** [8d 3d Td]
Pon4uk.ua: checks 
AdinMa1191: bets $1
Pon4uk.ua: folds 
Uncalled bet ($1) returned to AdinMa1191
AdinMa1191 collected $6.10 from pot
*** SUMMARY ***
Total pot $6.50 | Rake $0.40 
Board [8d 3d Td]
Seat 6: Kreayshawn
Seat 1: Pon4uk.ua folded on the Flop
Seat 2: AdinMa1191 (button) collected ($6.10)
Seat 3: Rdalonso (small blind) folded before Flop
Seat 4: mr.Jckpot (big blind) folded before Flop
Seat 5: VahTang_89 folded before Flop (didn't bet)



PokerStars Hand #254578299344:  Hold'em No Limit ($0.50/$1.00 USD) - 2025/01/27 13:31:51 WET [2025/01/27 8:31:51 ET]
Table 'Pherkard IV' 6-max Seat #3 is the button
Seat 6: Kreayshawn ($113.49 in chips) is sitting out
Seat 1: Pon4uk.ua ($133.99 in chips) 
Seat 2: AdinMa1191 ($54.27 in chips) 
Seat 3: Rdalonso ($100 in chips) 
Seat 4: mr.Jckpot ($100 in chips) 
Seat 5: VahTang_89 ($113.70 in chips) 
mr.Jckpot: posts small blind $0.50
VahTang_89: posts big blind $1
Kreayshawn: sits out 
*** HOLE CARDS ***
Pon4uk.ua: folds 
AdinMa1191: calls $1
Rdalonso: folds 
mr.Jckpot: folds 
VahTang_89: checks 
*** FLOP *** [Jc Jh Qc]
VahTang_89: checks 
AdinMa1191: checks 
*** TURN *** [Jc Jh Qc] [8h]
VahTang_89: bets $1
AdinMa1191: calls $1
*** RIVER *** [Jc Jh Qc 8h] [Qd]
VahTang_89: checks 
AdinMa1191: checks 
*** SHOW DOWN ***
VahTang_89: shows [Ts 8s] (two pair, Queens and Jacks)
AdinMa1191: mucks hand 
VahTang_89 collected $4.28 from pot
*** SUMMARY ***
Total pot $4.50 | Rake $0.22 
Board [Jc Jh Qc 8h Qd]
Seat 6: Kreayshawn
Seat 1: Pon4uk.ua folded before Flop (didn't bet)
Seat 2: AdinMa1191 mucked
Seat 3: Rdalonso (button) folded before Flop (didn't bet)
Seat 4: mr.Jckpot (small blind) folded before Flop
Seat 5: VahTang_89 (big blind) showed [Ts 8s] and won ($4.28) with two pair, Queens and Jacks



PokerStars Hand #254578306058:  Hold'em No Limit ($0.50/$1.00 USD) - 2025/01/27 13:32:31 WET [2025/01/27 8:32:31 ET]
Table 'Pherkard IV' 6-max Seat #5 is the button
Seat 4: mr.Jckpot ($100 in chips) is sitting out
Seat 6: Kreayshawn ($113.49 in chips) is sitting out
Seat 1: Pon4uk.ua ($133.99 in chips) 
Seat 2: AdinMa1191 ($52.27 in chips) 
Seat 3: Rdalonso ($100 in chips) 
Seat 5: VahTang_89 ($115.98 in chips) 
Pon4uk.ua: posts small blind $0.50
AdinMa1191: posts big blind $1
*** HOLE CARDS ***
Rdalonso: raises $1.50 to $2.50
VahTang_89: folds 
Pon4uk.ua: folds 
AdinMa1191: folds 
Uncalled bet ($1.50) returned to Rdalonso
Rdalonso collected $2.50 from pot
Rdalonso: doesn't show hand 
*** SUMMARY ***
Total pot $2.50 | Rake $0 
Seat 4: mr.Jckpot
Seat 6: Kreayshawn
Seat 1: Pon4uk.ua (small blind) folded before Flop
Seat 2: AdinMa1191 (big blind) folded before Flop
Seat 3: Rdalonso collected ($2.50)
Seat 5: VahTang_89 (button) folded before Flop (didn't bet)



PokerStars Hand #254578307580:  Hold'em No Limit ($0.50/$1.00 USD) - 2025/01/27 13:32:40 WET [2025/01/27 8:32:40 ET]
Table 'Pherkard IV' 6-max Seat #1 is the button
Seat 4: mr.Jckpot ($100 in chips) is sitting out
Seat 6: Kreayshawn ($113.49 in chips) is sitting out
Seat 1: Pon4uk.ua ($133.49 in chips) 
Seat 2: AdinMa1191 ($51.27 in chips) 
Seat 3: Rdalonso ($101.50 in chips) 
Seat 5: VahTang_89 ($115.98 in chips) 
AdinMa1191: posts small blind $0.50
Rdalonso: posts big blind $1
Kreayshawn: sits out 
*** HOLE CARDS ***
VahTang_89: folds 
Pon4uk.ua: folds 
AdinMa1191: calls $0.50
Rdalonso: checks 
*** FLOP *** [7d 6c 8c]
AdinMa1191: checks 
Rdalonso: checks 
*** TURN *** [7d 6c 8c] [Kh]
AdinMa1191: checks 
Rdalonso: checks 
*** RIVER *** [7d 6c 8c Kh] [Ac]
AdinMa1191: checks 
Rdalonso: bets $1.43
AdinMa1191: calls $1.43
*** SHOW DOWN ***
Rdalonso: shows [2s 4s] (high card Ace)
AdinMa1191: shows [9s 9h] (a pair of Nines)
AdinMa1191 collected $4.56 from pot
*** SUMMARY ***
Total pot $4.86 | Rake $0.30 
Board [7d 6c 8c Kh Ac]
Seat 4: mr.Jckpot
Seat 6: Kreayshawn
Seat 1: Pon4uk.ua (button) folded before Flop (didn't bet)
Seat 2: AdinMa1191 (small blind) showed [9s 9h] and won ($4.56) with a pair of Nines
Seat 3: Rdalonso (big blind) showed [2s 4s] and lost with high card Ace
Seat 5: VahTang_89 folded before Flop (didn't bet)



PokerStars Hand #254578315707:  Hold'em No Limit ($0.50/$1.00 USD) - 2025/01/27 13:33:29 WET [2025/01/27 8:33:29 ET]
Table 'Pherkard IV' 6-max Seat #2 is the button
Seat 6: Kreayshawn ($113.49 in chips) is sitting out
Seat 1: Pon4uk.ua ($133.49 in chips) 
Seat 2: AdinMa1191 ($53.40 in chips) 
Seat 3: Rdalonso ($100 in chips) 
Seat 4: mr.Jckpot ($100 in chips) 
Seat 5: VahTang_89 ($115.98 in chips) 
Rdalonso: posts small blind $0.50
mr.Jckpot: posts big blind $1
Kreayshawn: sits out 
*** HOLE CARDS ***
VahTang_89: folds 
Pon4uk.ua: raises $1.50 to $2.50
AdinMa1191: folds 
Rdalonso: raises $8.50 to $11
mr.Jckpot: folds 
Pon4uk.ua: calls $8.50
*** FLOP *** [Qd 9d 3c]
Rdalonso: bets $14.45
Pon4uk.ua: folds 
Uncalled bet ($14.45) returned to Rdalonso
Rdalonso collected $21.85 from pot
Rdalonso: doesn't show hand 
*** SUMMARY ***
Total pot $23 | Rake $1.15 
Board [Qd 9d 3c]
Seat 6: Kreayshawn
Seat 1: Pon4uk.ua folded on the Flop
Seat 2: AdinMa1191 (button) folded before Flop (didn't bet)
Seat 3: Rdalonso (small blind) collected ($21.85)
Seat 4: mr.Jckpot (big blind) folded before Flop
Seat 5: VahTang_89 folded before Flop (didn't bet)



PokerStars Hand #254578322013:  Hold'em No Limit ($0.50/$1.00 USD) - 2025/01/27 13:34:07 WET [2025/01/27 8:34:07 ET]
Table 'Pherkard IV' 6-max Seat #3 is the button
Seat 6: Kreayshawn ($113.49 in chips) is sitting out
Seat 1: Pon4uk.ua ($122.49 in chips) 
Seat 2: AdinMa1191 ($53.40 in chips) 
Seat 3: Rdalonso ($110.85 in chips) 
Seat 4: mr.Jckpot ($100 in chips) 
Seat 5: VahTang_89 ($115.98 in chips) 
mr.Jckpot: posts small blind $0.50
VahTang_89: posts big blind $1
Kreayshawn: sits out 
*** HOLE CARDS ***
Pon4uk.ua: folds 
AdinMa1191: folds 
Rdalonso: raises $1.50 to $2.50
mr.Jckpot: folds 
VahTang_89: calls $1.50
*** FLOP *** [8s 7c 2h]
VahTang_89: checks 
Rdalonso: bets $2.61
VahTang_89: calls $2.61
*** TURN *** [8s 7c 2h] [Td]
VahTang_89: checks 
Rdalonso: checks 
*** RIVER *** [8s 7c 2h Td] [Ks]
VahTang_89: bets $7.63
Rdalonso: calls $7.63
*** SHOW DOWN ***
VahTang_89: shows [Ac Jh] (high card Ace)
Rdalonso: shows [As 8d] (a pair of Eights)
Rdalonso collected $24.68 from pot
*** SUMMARY ***
Total pot $25.98 | Rake $1.30 
Board [8s 7c 2h Td Ks]
Seat 6: Kreayshawn
Seat 1: Pon4uk.ua folded before Flop (didn't bet)
Seat 2: AdinMa1191 folded before Flop (didn't bet)
Seat 3: Rdalonso (button) showed [As 8d] and won ($24.68) with a pair of Eights
Seat 4: mr.Jckpot (small blind) folded before Flop
Seat 5: VahTang_89 (big blind) showed [Ac Jh] and lost with high card Ace



PokerStars Hand #254578333667:  Hold'em No Limit ($0.50/$1.00 USD) - 2025/01/27 13:35:17 WET [2025/01/27 8:35:17 ET]
Table 'Pherkard IV' 6-max Seat #4 is the button
Seat 1: Pon4uk.ua ($122.49 in chips) 
Seat 2: AdinMa1191 ($53.40 in chips) 
Seat 3: Rdalonso ($122.79 in chips) 
Seat 4: mr.Jckpot ($100 in chips) 
Seat 5: VahTang_89 ($103.24 in chips) 
Seat 6: Kreayshawn ($113.49 in chips) 
VahTang_89: posts small blind $0.50
Kreayshawn: posts big blind $1
*** HOLE CARDS ***
Pon4uk.ua: folds 
AdinMa1191 is disconnected 
AdinMa1191 has timed out while disconnected
AdinMa1191: folds 
Rdalonso: folds 
mr.Jckpot: raises $1.50 to $2.50
VahTang_89: folds 
Kreayshawn: folds 
Uncalled bet ($1.50) returned to mr.Jckpot
mr.Jckpot collected $2.50 from pot
mr.Jckpot: doesn't show hand 
Kreayshawn leaves the table
*** SUMMARY ***
Total pot $2.50 | Rake $0 
Seat 1: Pon4uk.ua folded before Flop (didn't bet)
Seat 2: AdinMa1191 folded before Flop (didn't bet)
Seat 3: Rdalonso folded before Flop (didn't bet)
Seat 4: mr.Jckpot (button) collected ($2.50)
Seat 5: VahTang_89 (small blind) folded before Flop
Seat 6: Kreayshawn (big blind) folded before Flop



PokerStars Hand #254578342233:  Hold'em No Limit ($0.50/$1.00 USD) - 2025/01/27 13:36:08 WET [2025/01/27 8:36:08 ET]
Table 'Pherkard IV' 6-max Seat #5 is the button
Seat 2: AdinMa1191 ($53.40 in chips) is sitting out
Seat 1: Pon4uk.ua ($122.49 in chips) 
Seat 3: Rdalonso ($122.79 in chips) 
Seat 4: mr.Jckpot ($101.50 in chips) 
Seat 5: VahTang_89 ($102.74 in chips) 
Pon4uk.ua: posts small blind $0.50
Rdalonso: posts big blind $1
*** HOLE CARDS ***
mr.Jckpot: folds 
VahTang_89: folds 
Pon4uk.ua: raises $1.75 to $2.75
Rdalonso: raises $7.25 to $10
Pippa83 joins the table at seat #6 
Pon4uk.ua: folds 
Uncalled bet ($7.25) returned to Rdalonso
Rdalonso collected $5.50 from pot
Rdalonso: doesn't show hand 
*** SUMMARY ***
Total pot $5.50 | Rake $0 
Seat 2: AdinMa1191
Seat 1: Pon4uk.ua (small blind) folded before Flop
Seat 3: Rdalonso (big blind) collected ($5.50)
Seat 4: mr.Jckpot folded before Flop (didn't bet)
Seat 5: VahTang_89 (button) folded before Flop (didn't bet)



PokerStars Hand #254578346061:  Hold'em No Limit ($0.50/$1.00 USD) - 2025/01/27 13:36:31 WET [2025/01/27 8:36:31 ET]
Table 'Pherkard IV' 6-max Seat #1 is the button
Seat 2: AdinMa1191 ($53.40 in chips) is sitting out
Seat 4: mr.Jckpot ($101.50 in chips) is sitting out
Seat 5: VahTang_89 ($102.74 in chips) is sitting out
Seat 1: Pon4uk.ua ($119.74 in chips) 
Seat 3: Rdalonso ($125.54 in chips) 
Seat 6: Pippa83 ($100 in chips) 
Rdalonso: posts small blind $0.50
mr.Jckpot: is sitting out 
VahTang_89: is sitting out 
Pippa83: posts big blind $1
*** HOLE CARDS ***
mr.Jckpot leaves the table
VahTang_89 leaves the table
Pon4uk.ua: folds 
Rdalonso: raises $2 to $3
Pippa83: folds 
Uncalled bet ($2) returned to Rdalonso
Rdalonso collected $2 from pot
Rdalonso: doesn't show hand 
*** SUMMARY ***
Total pot $2 | Rake $0 
Seat 2: AdinMa1191
Seat 4: mr.Jckpot
Seat 5: VahTang_89
Seat 1: Pon4uk.ua (button) folded before Flop (didn't bet)
Seat 3: Rdalonso (small blind) collected ($2)
Seat 6: Pippa83 (big blind) folded before Flop



PokerStars Hand #254578349469:  Hold'em No Limit ($0.50/$1.00 USD) - 2025/01/27 13:36:51 WET [2025/01/27 8:36:51 ET]
Table 'Pherkard IV' 6-max Seat #3 is the button
Seat 2: AdinMa1191 ($53.40 in chips) is sitting out
Seat 1: Pon4uk.ua ($119.74 in chips) 
Seat 3: Rdalonso ($126.54 in chips) 
Seat 6: Pippa83 ($100 in chips) 
Pippa83: posts small blind $0.50
Pon4uk.ua: posts big blind $1
*** HOLE CARDS ***
Rdalonso: raises $1.50 to $2.50
Pippa83: folds 
Pon4uk.ua: calls $1.50
*** FLOP *** [Jh 7s 3c]
Pon4uk.ua: checks 
Rdalonso: bets $2.61
Pon4uk.ua: folds 
Uncalled bet ($2.61) returned to Rdalonso
Rdalonso collected $5.22 from pot
Rdalonso: doesn't show hand 
*** SUMMARY ***
Total pot $5.50 | Rake $0.28 
Board [Jh 7s 3c]
Seat 2: AdinMa1191
Seat 1: Pon4uk.ua (big blind) folded on the Flop
Seat 3: Rdalonso (button) collected ($5.22)
Seat 6: Pippa83 (small blind) folded before Flop



PokerStars Hand #254578353591:  Hold'em No Limit ($0.50/$1.00 USD) - 2025/01/27 13:37:16 WET [2025/01/27 8:37:16 ET]
Table 'Pherkard IV' 6-max Seat #6 is the button
Seat 2: AdinMa1191 ($53.40 in chips) is sitting out
Seat 1: Pon4uk.ua ($117.24 in chips) 
Seat 3: Rdalonso ($129.26 in chips) 
Seat 6: Pippa83 ($100 in chips) 
Pon4uk.ua: posts small blind $0.50
Rdalonso: posts big blind $1
*** HOLE CARDS ***
Pippa83: folds 
Pon4uk.ua: folds 
Uncalled bet ($0.50) returned to Rdalonso
Rdalonso collected $1 from pot
Rdalonso: doesn't show hand 
*** SUMMARY ***
Total pot $1 | Rake $0 
Seat 2: AdinMa1191
Seat 1: Pon4uk.ua (small blind) folded before Flop
Seat 3: Rdalonso (big blind) collected ($1)
Seat 6: Pippa83 (button) folded before Flop (didn't bet)



PokerStars Hand #254578354901:  Hold'em No Limit ($0.50/$1.00 USD) - 2025/01/27 13:37:24 WET [2025/01/27 8:37:24 ET]
Table 'Pherkard IV' 6-max Seat #1 is the button
Seat 2: AdinMa1191 ($53.40 in chips) is sitting out
Seat 1: Pon4uk.ua ($116.74 in chips) 
Seat 3: Rdalonso ($129.76 in chips) 
Seat 6: Pippa83 ($100 in chips) 
Rdalonso: posts small blind $0.50
Pippa83: posts big blind $1
*** HOLE CARDS ***
Pon4uk.ua: folds 
Rdalonso: raises $2 to $3
Pippa83: calls $2
*** FLOP *** [4s 6h 5d]
Rdalonso: checks 
Pippa83: bets $1.88
Rdalonso: folds 
Uncalled bet ($1.88) returned to Pippa83
Pippa83 collected $5.70 from pot
Pippa83: doesn't show hand 
*** SUMMARY ***
Total pot $6 | Rake $0.30 
Board [4s 6h 5d]
Seat 2: AdinMa1191
Seat 1: Pon4uk.ua (button) folded before Flop (didn't bet)
Seat 3: Rdalonso (small blind) folded on the Flop
Seat 6: Pippa83 (big blind) collected ($5.70)



PokerStars Hand #254578361339:  Hold'em No Limit ($0.50/$1.00 USD) - 2025/01/27 13:38:02 WET [2025/01/27 8:38:02 ET]
Table 'Pherkard IV' 6-max Seat #6 is the button
Seat 1: Pon4uk.ua ($116.74 in chips) is sitting out
Seat 2: AdinMa1191 ($53.40 in chips) is sitting out
Seat 3: Rdalonso ($126.76 in chips) 
Seat 6: Pippa83 ($102.70 in chips) 
Pippa83: posts small blind $0.50
Pon4uk.ua: is sitting out 
Rdalonso: posts big blind $1
*** HOLE CARDS ***
Pippa83: raises $1.50 to $2.50
Pon4uk.ua leaves the table
Rdalonso: folds 
Uncalled bet ($1.50) returned to Pippa83
Pippa83 collected $2 from pot
Pippa83: doesn't show hand 
*** SUMMARY ***
Total pot $2 | Rake $0 
Seat 1: Pon4uk.ua
Seat 2: AdinMa1191
Seat 3: Rdalonso (big blind) folded before Flop
Seat 6: Pippa83 (button) (small blind) collected ($2)



